<?xml version="1.0" encoding="UTF-8"?>
<!DOCTYPE html PUBLIC "-//W3C//DTD XHTML 1.0 Transitional//EN"
    "http://www.w3.org/TR/xhtml1/DTD/xhtml1-transitional.dtd">
<html xmlns="http://www.w3.org/1999/xhtml" xml:lang="en" lang="en">
 <head>
  <title>
</title>
<meta http-equiv="Content-Type" content="text/html;charset=utf-8" />
  <meta name='ocr-system' content='tesseract 3.04.00' />
  <meta name='ocr-capabilities' content='ocr_page ocr_carea ocr_par ocr_line ocrx_word'/>
</head>
<body>
  <div class='ocr_page' id='page_1' title='image "./robertistephanil01esti_0719.png"; bbox 0 0 2600 4177; ppageno 0'>
   <div class='ocr_carea' id='block_1_1' title="bbox 0 2882 13 3244">
    <p class='ocr_par' dir='ltr' id='par_1_1' title="bbox 0 2882 13 3244">
     <span class='ocr_line' id='line_1_1' title="bbox 0 2882 13 3244; baseline 0 933"><span class='ocrx_word' id='word_1_1' title='bbox 0 2882 13 3244; x_wconf 95' lang='lat' dir='ltr'> </span> 
     </span>
    </p>
   </div>
   <div class='ocr_carea' id='block_1_2' title="bbox 7 3196 15 3719">
    <p class='ocr_par' dir='ltr' id='par_1_2' title="bbox 7 3196 15 3719">
     <span class='ocr_line' id='line_1_2' title="bbox 7 3196 15 3719; baseline 0 0"><span class='ocrx_word' id='word_1_2' title='bbox 7 3196 15 3719; x_wconf 95' lang='lat' dir='ltr'> </span> 
     </span>
    </p>
   </div>
   <div class='ocr_carea' id='block_1_3' title="bbox 3 3891 8 3907">
    <p class='ocr_par' dir='ltr' id='par_1_3' title="bbox 3 3891 8 3907">
     <span class='ocr_line' id='line_1_3' title="bbox 3 3891 8 3907; baseline 0 0"><span class='ocrx_word' id='word_1_3' title='bbox 3 3891 8 3907; x_wconf 74' lang='grc' dir='ltr'>ι’</span> 
     </span>
    </p>
   </div>
   <div class='ocr_carea' id='block_1_4' title="bbox 482 123 777 160">
    <p class='ocr_par' dir='ltr' id='par_1_4' title="bbox 482 123 777 160">
     <span class='ocr_line' id='line_1_4' title="bbox 482 123 777 160; baseline 0.007 -2"><span class='ocrx_word' id='word_1_4' title='bbox 482 123 512 158; x_wconf 90' lang='lat' dir='ltr'>C</span> <span class='ocrx_word' id='word_1_5' title='bbox 608 126 643 160; x_wconf 95' lang='lat' dir='ltr'>O</span> <span class='ocrx_word' id='word_1_6' title='bbox 742 123 777 159; x_wconf 85' lang='lat' dir='ltr'>N</span> 
     </span>
    </p>
   </div>
   <div class='ocr_carea' id='block_1_5' title="bbox 103 201 1237 1640">
    <p class='ocr_par' dir='ltr' id='par_1_5' title="bbox 103 201 614 243">
     <span class='ocr_line' id='line_1_5' title="bbox 103 201 614 243; baseline 0.006 -11"><span class='ocrx_word' id='word_1_7' title='bbox 103 201 134 233; x_wconf 79' lang='lat' dir='ltr'>ln</span> <span class='ocrx_word' id='word_1_8' title='bbox 144 204 229 241; x_wconf 78' lang='lat' dir='ltr'>pedes</span> <span class='ocrx_word' id='word_1_9' title='bbox 240 211 273 233; x_wconf 74' lang='lat' dir='ltr'>le.</span> <span class='ocrx_word' id='word_1_10' title='bbox 298 204 361 235; x_wconf 80' lang='lat' dir='ltr'>Ter.</span> <span class='ocrx_word' id='word_1_11' title='bbox 371 205 482 235; x_wconf 79' lang='lat' dir='ltr'>Phorm.</span> <span class='ocrx_word' id='word_1_12' title='bbox 495 214 518 235; x_wconf 89' lang='lat'>1.</span> <span class='ocrx_word' id='word_1_13' title='bbox 529 214 556 240; x_wconf 83' lang='grc'>4.</span> <span class='ocrx_word' id='word_1_14' title='bbox 572 214 614 243; x_wconf 79' lang='lat'>13.</span> 
     </span>
    </p>

    <p class='ocr_par' dir='ltr' id='par_1_6' title="bbox 103 240 1228 354">
     <span class='ocr_line' id='line_1_6' title="bbox 183 240 1204 281; baseline 0.001 -11"><span class='ocrx_word' id='word_1_15' title='bbox 183 241 292 279; x_wconf 77' lang='lat' dir='ltr'>Aliquid</span> <span class='ocrx_word' id='word_1_16' title='bbox 303 243 485 272; x_wconf 76' lang='lat' dir='ltr'>convasalsem</span> <span class='ocrx_word' id='word_1_17' title='bbox 496 266 504 278; x_wconf 83' lang='lat'>‚</span> <span class='ocrx_word' id='word_1_18' title='bbox 526 249 609 280; x_wconf 86' lang='lat' dir='ltr'>atque</span> <span class='ocrx_word' id='word_1_19' title='bbox 619 244 686 273; x_wconf 87' lang='lat' dir='ltr'>hinc</span> <span class='ocrx_word' id='word_1_20' title='bbox 696 252 740 273; x_wconf 89' lang='lat' dir='ltr'>me</span> <span class='ocrx_word' id='word_1_21' title='bbox 751 243 921 279; x_wconf 77' lang='lat' dir='ltr'><strong>conjicerem</strong></span> <span class='ocrx_word' id='word_1_22' title='bbox 932 243 1059 281; x_wconf 82' lang='lat' dir='ltr'>protinus</span> <span class='ocrx_word' id='word_1_23' title='bbox 1068 241 1095 271; x_wconf 89' lang='lat' dir='ltr'>in</span> <span class='ocrx_word' id='word_1_24' title='bbox 1107 240 1204 280; x_wconf 84' lang='lat' dir='ltr'>pedes.</span> 
     </span>
     <span class='ocr_line' id='line_1_7' title="bbox 103 277 1228 321; baseline 0 -13"><span class='ocrx_word' id='word_1_25' title='bbox 103 277 143 321; x_wconf 42' lang='lat' dir='ltr'>ln·</span> <span class='ocrx_word' id='word_1_26' title='bbox 154 280 376 321; x_wconf 62' lang='lat' dir='ltr'>perturbationes</span> <span class='ocrx_word' id='word_1_27' title='bbox 385 291 471 318; x_wconf 89' lang='lat' dir='ltr'>remp.</span> <span class='ocrx_word' id='word_1_28' title='bbox 508 281 566 310; x_wconf 87' lang='lat' dir='ltr'>Cic.</span> <span class='ocrx_word' id='word_1_29' title='bbox 582 291 622 310; x_wconf 88' lang='lat'>12.</span> <span class='ocrx_word' id='word_1_30' title='bbox 636 281 708 311; x_wconf 85' lang='lat' dir='ltr'>Fam.</span> <span class='ocrx_word' id='word_1_31' title='bbox 724 291 748 311; x_wconf 86' lang='lat'>1.</span> <span class='ocrx_word' id='word_1_32' title='bbox 775 281 858 320; x_wconf 89' lang='lat' dir='ltr'>Resp.</span> <span class='ocrx_word' id='word_1_33' title='bbox 879 282 968 317; x_wconf 83' lang='lat' dir='ltr'>jaceat</span> <span class='ocrx_word' id='word_1_34' title='bbox 979 281 1008 310; x_wconf 89' lang='lat' dir='ltr'>in</span> <span class='ocrx_word' id='word_1_35' title='bbox 1022 281 1064 310; x_wconf 90' lang='lat' dir='ltr'>his</span> <span class='ocrx_word' id='word_1_36' title='bbox 1082 279 1228 318; x_wconf 85' lang='lat' dir='ltr'>perturba-</span> 
     </span>
     <span class='ocr_line' id='line_1_8' title="bbox 124 317 664 354; baseline 0.007 -11"><span class='ocrx_word' id='word_1_37' title='bbox 124 317 262 348; x_wconf 78' lang='lat' dir='ltr'>tionibus.</span> <span class='ocrx_word' id='word_1_38' title='bbox 284 318 312 346; x_wconf 92' lang='lat' dir='ltr'>in</span> <span class='ocrx_word' id='word_1_39' title='bbox 324 328 389 354; x_wconf 84' lang='lat' dir='ltr'>quas</span> <span class='ocrx_word' id='word_1_40' title='bbox 400 317 517 348; x_wconf 85' lang='lat' dir='ltr'>camille</span> <span class='ocrx_word' id='word_1_41' title='bbox 530 319 664 354; x_wconf 86' lang='lat' dir='ltr'>conjecit.</span> 
     </span>
    </p>

    <p class='ocr_par' dir='ltr' id='par_1_7' title="bbox 104 350 1227 432">
     <span class='ocr_line' id='line_1_9' title="bbox 104 350 1227 394; baseline -0.001 -10"><span class='ocrx_word' id='word_1_42' title='bbox 104 350 138 384; x_wconf 80' lang='lat' dir='ltr'>ln</span> <span class='ocrx_word' id='word_1_43' title='bbox 154 353 247 390; x_wconf 70' lang='lat' dir='ltr'>plagas</span> <span class='ocrx_word' id='word_1_44' title='bbox 258 354 369 385; x_wconf 81' lang='lat' dir='ltr'>alterius</span> <span class='ocrx_word' id='word_1_45' title='bbox 379 356 442 391; x_wconf 84' lang='lat' dir='ltr'>aliq.</span> <span class='ocrx_word' id='word_1_46' title='bbox 483 355 541 384; x_wconf 86' lang='lat' dir='ltr'>Cic.</span> <span class='ocrx_word' id='word_1_47' title='bbox 557 364 597 385; x_wconf 88' lang='lat'>12.</span> <span class='ocrx_word' id='word_1_48' title='bbox 614 356 687 385; x_wconf 88' lang='lat' dir='ltr'>Fam.</span> <span class='ocrx_word' id='word_1_49' title='bbox 703 365 749 391; x_wconf 66' lang='grc' dir='ltr'>ας.</span> <span class='ocrx_word' id='word_1_50' title='bbox 771 356 864 394; x_wconf 86' lang='lat' dir='ltr'><strong>Quem</strong></span> <span class='ocrx_word' id='word_1_51' title='bbox 880 366 932 394; x_wconf 82' lang='lat' dir='ltr'>ego</span> <span class='ocrx_word' id='word_1_52' title='bbox 954 357 1111 385; x_wconf 70' lang='lat' dir='ltr'>ructantem</span> <span class='ocrx_word' id='word_1_53' title='bbox 1123 356 1227 385; x_wconf 85' lang='lat' dir='ltr'>&amp;nau-</span> 
     </span>
     <span class='ocr_line' id='line_1_10' title="bbox 125 389 1028 432; baseline 0.003 -13"><span class='ocrx_word' id='word_1_54' title='bbox 125 389 248 421; x_wconf 81' lang='lat' dir='ltr'>seantem</span> <span class='ocrx_word' id='word_1_55' title='bbox 259 393 366 427; x_wconf 88' lang='lat' dir='ltr'>conjeci</span> <span class='ocrx_word' id='word_1_56' title='bbox 379 394 407 422; x_wconf 92' lang='lat' dir='ltr'>in</span> <span class='ocrx_word' id='word_1_57' title='bbox 419 392 530 422; x_wconf 79' lang='lat' dir='ltr'>Caesaris</span> <span class='ocrx_word' id='word_1_58' title='bbox 543 393 688 423; x_wconf 70' lang='lat' dir='ltr'>Ostaviani</span> <span class='ocrx_word' id='word_1_59' title='bbox 698 394 801 432; x_wconf 80' lang='lat' dir='ltr'>plagas.</span> <span class='ocrx_word' id='word_1_60' title='bbox 842 394 884 424; x_wconf 88' lang='lat' dir='ltr'>De</span> <span class='ocrx_word' id='word_1_61' title='bbox 897 394 1028 424; x_wconf 83' lang='lat' dir='ltr'>Antonio.</span> 
     </span>
    </p>

    <p class='ocr_par' dir='ltr' id='par_1_8' title="bbox 106 427 765 469">
     <span class='ocr_line' id='line_1_11' title="bbox 106 427 765 469; baseline 0.008 -13"><span class='ocrx_word' id='word_1_62' title='bbox 106 427 140 457; x_wconf 84' lang='lat' dir='ltr'>In</span> <span class='ocrx_word' id='word_1_63' title='bbox 152 428 301 466; x_wconf 84' lang='lat' dir='ltr'>plaustrum</span> <span class='ocrx_word' id='word_1_64' title='bbox 316 430 428 466; x_wconf 89' lang='lat' dir='ltr'>aliquid.</span> <span class='ocrx_word' id='word_1_65' title='bbox 453 430 509 459; x_wconf 91' lang='lat' dir='ltr'>Cic.</span> <span class='ocrx_word' id='word_1_66' title='bbox 528 440 550 459; x_wconf 86' lang='lat'>1.</span> <span class='ocrx_word' id='word_1_67' title='bbox 569 430 604 460; x_wconf 85' lang='lat' dir='ltr'>de</span> <span class='ocrx_word' id='word_1_68' title='bbox 614 431 706 461; x_wconf 89' lang='lat' dir='ltr'>Divin.</span> <span class='ocrx_word' id='word_1_69' title='bbox 722 442 765 469; x_wconf 81' lang='lat'>57.</span> 
     </span>
    </p>

    <p class='ocr_par' dir='ltr' id='par_1_9' title="bbox 104 465 1227 541">
     <span class='ocr_line' id='line_1_12' title="bbox 104 465 1227 507; baseline 0 -12"><span class='ocrx_word' id='word_1_70' title='bbox 104 465 138 495; x_wconf 90' lang='lat' dir='ltr'>In</span> <span class='ocrx_word' id='word_1_71' title='bbox 151 467 326 503; x_wconf 85' lang='lat' dir='ltr'>provinciam</span> <span class='ocrx_word' id='word_1_72' title='bbox 336 468 464 497; x_wconf 85' lang='lat' dir='ltr'>ultimam</span> <span class='ocrx_word' id='word_1_73' title='bbox 474 468 500 496; x_wconf 86' lang='lat' dir='ltr'>se</span> <span class='ocrx_word' id='word_1_74' title='bbox 513 469 662 505; x_wconf 82' lang='lat' dir='ltr'>conjicere.</span> <span class='ocrx_word' id='word_1_75' title='bbox 684 470 744 500; x_wconf 91' lang='lat' dir='ltr'>Cic.</span> <span class='ocrx_word' id='word_1_76' title='bbox 758 478 782 506; x_wconf 85' lang='grc' dir='ltr'>ς.</span> <span class='ocrx_word' id='word_1_77' title='bbox 797 469 851 500; x_wconf 85' lang='lat' dir='ltr'>Att.</span> <span class='ocrx_word' id='word_1_78' title='bbox 867 472 910 500; x_wconf 88' lang='lat'>16.</span> <span class='ocrx_word' id='word_1_79' title='bbox 932 468 1038 507; x_wconf 87' lang='lat' dir='ltr'>Appius</span> <span class='ocrx_word' id='word_1_80' title='bbox 1058 467 1087 497; x_wconf 87' lang='lat' dir='ltr'>in</span> <span class='ocrx_word' id='word_1_81' title='bbox 1098 466 1227 496; x_wconf 84' lang='lat' dir='ltr'>ultimam</span> 
     </span>
     <span class='ocr_line' id='line_1_13' title="bbox 124 504 549 541; baseline 0.009 -9"><span class='ocrx_word' id='word_1_82' title='bbox 124 504 296 541; x_wconf 84' lang='lat' dir='ltr'>provinciam</span> <span class='ocrx_word' id='word_1_83' title='bbox 308 504 334 533; x_wconf 88' lang='lat' dir='ltr'>se</span> <span class='ocrx_word' id='word_1_84' title='bbox 342 506 466 540; x_wconf 82' lang='lat' dir='ltr'>conjecit</span> <span class='ocrx_word' id='word_1_85' title='bbox 476 527 483 537; x_wconf 76' lang='lat'>.</span> <span class='ocrx_word' id='word_1_86' title='bbox 496 507 549 536; x_wconf 62' lang='lat' dir='ltr'>Sec.</span> 
     </span>
    </p>

    <p class='ocr_par' dir='ltr' id='par_1_10' title="bbox 106 538 657 580">
     <span class='ocr_line' id='line_1_14' title="bbox 106 538 657 580; baseline 0.007 -10"><span class='ocrx_word' id='word_1_87' title='bbox 106 538 139 571; x_wconf 87' lang='lat' dir='ltr'>In</span> <span class='ocrx_word' id='word_1_88' title='bbox 150 541 270 579; x_wconf 84' lang='lat' dir='ltr'>saginam</span> <span class='ocrx_word' id='word_1_89' title='bbox 286 542 320 571; x_wconf 89' lang='lat' dir='ltr'>se.</span> <span class='ocrx_word' id='word_1_90' title='bbox 342 542 427 572; x_wconf 89' lang='lat' dir='ltr'>Plaut.</span> <span class='ocrx_word' id='word_1_91' title='bbox 442 543 520 573; x_wconf 90' lang='lat' dir='ltr'>Trin.</span> <span class='ocrx_word' id='word_1_92' title='bbox 540 553 600 579; x_wconf 86' lang='lat'>3·²-</span> <span class='ocrx_word' id='word_1_93' title='bbox 613 548 657 580; x_wconf 87' lang='lat'>96.</span> 
     </span>
    </p>

    <p class='ocr_par' dir='ltr' id='par_1_11' title="bbox 126 577 1231 691">
     <span class='ocr_line' id='line_1_15' title="bbox 200 577 1066 620; baseline 0.003 -13"><span class='ocrx_word' id='word_1_94' title='bbox 200 581 253 608; x_wconf 82' lang='lat' dir='ltr'>Aut</span> <span class='ocrx_word' id='word_1_95' title='bbox 263 577 384 616; x_wconf 80' lang='lat' dir='ltr'>aliquem</span> <span class='ocrx_word' id='word_1_96' title='bbox 395 581 430 610; x_wconf 86' lang='lat' dir='ltr'>ad</span> <span class='ocrx_word' id='word_1_97' title='bbox 441 591 534 619; x_wconf 87' lang='lat' dir='ltr'>regem</span> <span class='ocrx_word' id='word_1_98' title='bbox 545 582 575 611; x_wconf 89' lang='lat' dir='ltr'>in</span> <span class='ocrx_word' id='word_1_99' title='bbox 588 581 708 620; x_wconf 82' lang='lat' dir='ltr'>saginam</span> <span class='ocrx_word' id='word_1_100' title='bbox 719 581 802 611; x_wconf 87' lang='lat' dir='ltr'>herus</span> <span class='ocrx_word' id='word_1_101' title='bbox 809 579 835 611; x_wconf 91' lang='lat' dir='ltr'>se</span> <span class='ocrx_word' id='word_1_102' title='bbox 846 581 968 617; x_wconf 80' lang='lat' dir='ltr'>coniecit</span> <span class='ocrx_word' id='word_1_103' title='bbox 978 590 1066 610; x_wconf 79' lang='lat' dir='ltr'>meus.</span> 
     </span>
     <span class='ocr_line' id='line_1_16' title="bbox 126 616 1231 659; baseline 0 -14"><span class='ocrx_word' id='word_1_104' title='bbox 126 617 168 647; x_wconf 77' lang='lat' dir='ltr'>An</span> <span class='ocrx_word' id='word_1_105' title='bbox 179 617 334 653; x_wconf 80' lang='lat' dir='ltr'>Sagenam‘?</span> <span class='ocrx_word' id='word_1_106' title='bbox 357 618 391 648; x_wconf 88' lang='lat' dir='ltr'>H.</span> <span class='ocrx_word' id='word_1_107' title='bbox 402 619 441 649; x_wconf 88' lang='lat' dir='ltr'>St.</span> <span class='ocrx_word' id='word_1_108' title='bbox 485 619 549 649; x_wconf 91' lang='lat' dir='ltr'>Non</span> <span class='ocrx_word' id='word_1_109' title='bbox 561 619 705 659; x_wconf 69' lang='lat' dir='ltr'>inspecto,</span> <span class='ocrx_word' id='word_1_110' title='bbox 727 620 845 657; x_wconf 87' lang='lat' dir='ltr'>opinor,</span> <span class='ocrx_word' id='word_1_111' title='bbox 865 620 948 655; x_wconf 85' lang='lat' dir='ltr'>loco,</span> <span class='ocrx_word' id='word_1_112' title='bbox 968 619 1016 655; x_wconf 89' lang='lat' dir='ltr'>qui</span> <span class='ocrx_word' id='word_1_113' title='bbox 1029 619 1059 647; x_wconf 92' lang='lat' dir='ltr'>in</span> <span class='ocrx_word' id='word_1_114' title='bbox 1072 616 1231 655; x_wconf 86' lang='lat' dir='ltr'>Lugd.ple-</span> 
     </span>
     <span class='ocr_line' id='line_1_17' title="bbox 126 653 490 691; baseline 0.014 -9"><span class='ocrx_word' id='word_1_115' title='bbox 126 661 164 683; x_wconf 83' lang='lat' dir='ltr'>ne</span> <span class='ocrx_word' id='word_1_116' title='bbox 177 653 316 691; x_wconf 76' lang='lat' dir='ltr'>expressus</span> <span class='ocrx_word' id='word_1_117' title='bbox 324 665 381 685; x_wconf 89' lang='lat' dir='ltr'>non</span> <span class='ocrx_word' id='word_1_118' title='bbox 392 657 490 687; x_wconf 83' lang='lat' dir='ltr'>fuerat.</span> 
     </span>
    </p>

    <p class='ocr_par' dir='ltr' id='par_1_12' title="bbox 107 689 712 736">
     <span class='ocr_line' id='line_1_18' title="bbox 107 689 712 736; baseline 0.003 -14"><span class='ocrx_word' id='word_1_119' title='bbox 107 689 140 722; x_wconf 80' lang='lat' dir='ltr'>In</span> <span class='ocrx_word' id='word_1_120' title='bbox 150 692 232 735; x_wconf 77' lang='lat' dir='ltr'>tricas</span> <span class='ocrx_word' id='word_1_121' title='bbox 245 691 376 736; x_wconf 73' lang='lat' dir='ltr'>aliquem.</span> <span class='ocrx_word' id='word_1_122' title='bbox 399 694 485 724; x_wconf 86' lang='lat' dir='ltr'>Plaut.</span> <span class='ocrx_word' id='word_1_123' title='bbox 499 694 567 724; x_wconf 89' lang='lat' dir='ltr'>Pers.</span> <span class='ocrx_word' id='word_1_124' title='bbox 587 705 611 730; x_wconf 83' lang='grc' dir='ltr'>ς.</span> <span class='ocrx_word' id='word_1_125' title='bbox 627 703 653 724; x_wconf 89' lang='lat'>2.</span> <span class='ocrx_word' id='word_1_126' title='bbox 668 700 712 729; x_wconf 83' lang='lat'>18.</span> 
     </span>
    </p>

    <p class='ocr_par' dir='ltr' id='par_1_13' title="bbox 165 728 1229 808">
     <span class='ocr_line' id='line_1_19' title="bbox 165 728 1229 769; baseline 0.001 -12"><span class='ocrx_word' id='word_1_127' title='bbox 165 729 243 766; x_wconf 81' lang='lat' dir='ltr'>Quid</span> <span class='ocrx_word' id='word_1_128' title='bbox 254 740 293 759; x_wconf 79' lang='lat' dir='ltr'>ais</span> <span class='ocrx_word' id='word_1_129' title='bbox 307 753 315 766; x_wconf 86' lang='lat'>‚</span> <span class='ocrx_word' id='word_1_130' title='bbox 336 741 422 767; x_wconf 74' lang='lat' dir='ltr'>crux,</span> <span class='ocrx_word' id='word_1_131' title='bbox 444 733 618 762; x_wconf 89' lang='lat' dir='ltr'>stimulorum</span> <span class='ocrx_word' id='word_1_132' title='bbox 632 732 734 762; x_wconf 73' lang='lat' dir='ltr'>tritor?</span> <span class='ocrx_word' id='word_1_133' title='bbox 755 731 900 769; x_wconf 90' lang='lat' dir='ltr'>quomodo</span> <span class='ocrx_word' id='word_1_134' title='bbox 916 742 962 762; x_wconf 87' lang='lat' dir='ltr'>me</span> <span class='ocrx_word' id='word_1_135' title='bbox 971 731 1059 761; x_wconf 85' lang='lat' dir='ltr'>hodie</span> <span class='ocrx_word' id='word_1_136' title='bbox 1068 728 1204 761; x_wconf 78' lang='lat' dir='ltr'>versavisti</span> <span class='ocrx_word' id='word_1_137' title='bbox 1214 730 1229 758; x_wconf 62' lang='grc' dir='ltr'>ἱ)</span> 
     </span>
     <span class='ocr_line' id='line_1_20' title="bbox 165 767 569 808; baseline 0.012 -12"><span class='ocrx_word' id='word_1_138' title='bbox 165 767 202 796; x_wconf 88' lang='lat' dir='ltr'>Ut</span> <span class='ocrx_word' id='word_1_139' title='bbox 212 776 257 797; x_wconf 90' lang='lat' dir='ltr'>me</span> <span class='ocrx_word' id='word_1_140' title='bbox 269 768 297 797; x_wconf 94' lang='lat' dir='ltr'>in</span> <span class='ocrx_word' id='word_1_141' title='bbox 311 770 391 800; x_wconf 86' lang='lat' dir='ltr'>tricas</span> <span class='ocrx_word' id='word_1_142' title='bbox 406 771 569 808; x_wconf 70' lang='lat' dir='ltr'>conjecisti?</span> 
     </span>
    </p>

    <p class='ocr_par' dir='ltr' id='par_1_14' title="bbox 107 803 1232 948">
     <span class='ocr_line' id='line_1_21' title="bbox 107 803 1232 848; baseline -0.002 -12"><span class='ocrx_word' id='word_1_143' title='bbox 107 803 141 836; x_wconf 76' lang='lat' dir='ltr'>In</span> <span class='ocrx_word' id='word_1_144' title='bbox 152 804 313 848; x_wconf 85' lang='lat' dir='ltr'>tumultum.</span> <span class='ocrx_word' id='word_1_145' title='bbox 336 807 392 838; x_wconf 90' lang='lat' dir='ltr'>Liv.</span> <span class='ocrx_word' id='word_1_146' title='bbox 407 818 450 845; x_wconf 84' lang='lat'>34.</span> <span class='ocrx_word' id='word_1_147' title='bbox 462 815 506 842; x_wconf 80' lang='lat'>28.</span> <span class='ocrx_word' id='word_1_148' title='bbox 520 819 560 846; x_wconf 87' lang='lat' dir='ltr'>pr.</span> <span class='ocrx_word' id='word_1_149' title='bbox 582 807 635 837; x_wconf 90' lang='lat' dir='ltr'>Ubi</span> <span class='ocrx_word' id='word_1_150' title='bbox 645 807 729 838; x_wconf 87' lang='lat' dir='ltr'>castra</span> <span class='ocrx_word' id='word_1_151' title='bbox 741 812 876 836; x_wconf 79' lang='lat' dir='ltr'>metantes</span> <span class='ocrx_word' id='word_1_152' title='bbox 888 804 1048 841; x_wconf 83' lang='lat' dir='ltr'>Romanos,</span> <span class='ocrx_word' id='word_1_153' title='bbox 1071 806 1232 843; x_wconf 85' lang='lat' dir='ltr'>Quintium-</span> 
     </span>
     <span class='ocr_line' id='line_1_22' title="bbox 125 843 1232 884; baseline -0.005 -6"><span class='ocrx_word' id='word_1_154' title='bbox 125 852 182 879; x_wconf 78' lang='lat' dir='ltr'>que</span> <span class='ocrx_word' id='word_1_155' title='bbox 193 843 283 880; x_wconf 78' lang='lat' dir='ltr'>¹l³sum</span> <span class='ocrx_word' id='word_1_156' title='bbox 296 867 304 879; x_wconf 89' lang='lat'>‚</span> <span class='ocrx_word' id='word_1_157' title='bbox 326 855 390 876; x_wconf 89' lang='lat' dir='ltr'>cum</span> <span class='ocrx_word' id='word_1_158' title='bbox 403 847 543 884; x_wconf 88' lang='lat' dir='ltr'>equitibus</span> <span class='ocrx_word' id='word_1_159' title='bbox 565 853 647 883; x_wconf 90' lang='lat' dir='ltr'>atque</span> <span class='ocrx_word' id='word_1_160' title='bbox 660 845 799 884; x_wconf 86' lang='lat' dir='ltr'>expeditis</span> <span class='ocrx_word' id='word_1_161' title='bbox 813 844 988 882; x_wconf 75' lang='lat' dir='ltr'>praegress&#39;um</span> <span class='ocrx_word' id='word_1_162' title='bbox 999 866 1007 878; x_wconf 85' lang='lat'>,</span> <span class='ocrx_word' id='word_1_163' title='bbox 1028 845 1176 873; x_wconf 79' lang='lat' dir='ltr'>auxiliares</span> <span class='ocrx_word' id='word_1_164' title='bbox 1190 850 1232 880; x_wconf 77' lang='lat' dir='ltr'>ty-</span> 
     </span>
     <span class='ocr_line' id='line_1_23' title="bbox 127 881 1232 948; baseline 0 -38"><span class='ocrx_word' id='word_1_165' title='bbox 127 882 209 948; x_wconf 50' lang='lat' dir='ltr'>}ttrnni</span> <span class='ocrx_word' id='word_1_166' title='bbox 221 881 328 920; x_wconf 86' lang='lat' dir='ltr'>adorti,</span> <span class='ocrx_word' id='word_1_167' title='bbox 348 885 378 913; x_wconf 91' lang='lat' dir='ltr'>in</span> <span class='ocrx_word' id='word_1_168' title='bbox 392 891 526 914; x_wconf 87' lang='lat' dir='ltr'>terrorem</span> <span class='ocrx_word' id='word_1_169' title='bbox 537 894 570 914; x_wconf 88' lang='lat' dir='ltr'>ac</span> <span class='ocrx_word' id='word_1_170' title='bbox 590 883 743 914; x_wconf 83' lang='lat' dir='ltr'>tumultum</span> <span class='ocrx_word' id='word_1_171' title='bbox 764 883 962 920; x_wconf 85' lang='lat' dir='ltr'>conjecerunt,</span> <span class='ocrx_word' id='word_1_172' title='bbox 985 881 1057 912; x_wconf 83' lang='lat' dir='ltr'>nihil</span> <span class='ocrx_word' id='word_1_173' title='bbox 1073 881 1130 912; x_wconf 86' lang='lat' dir='ltr'>tale</span> <span class='ocrx_word' id='word_1_174' title='bbox 1147 890 1232 919; x_wconf 84' lang='lat' dir='ltr'>expe-</span> 
     </span>
    </p>

    <p class='ocr_par' dir='ltr' id='par_1_15' title="bbox 158 927 245 949">
     <span class='ocr_line' id='line_1_24' title="bbox 158 927 245 949; baseline 0.023 -2"><span class='ocrx_word' id='word_1_175' title='bbox 158 927 245 949; x_wconf 89' lang='lat' dir='ltr'>antes.</span> 
     </span>
    </p>

    <p class='ocr_par' dir='ltr' id='par_1_16' title="bbox 107 954 898 998">
     <span class='ocr_line' id='line_1_25' title="bbox 107 954 898 998; baseline 0 -11"><span class='ocrx_word' id='word_1_176' title='bbox 107 954 140 987; x_wconf 91' lang='lat' dir='ltr'>In</span> <span class='ocrx_word' id='word_1_177' title='bbox 153 957 262 988; x_wconf 79' lang='lat' dir='ltr'>turbam</span> <span class='ocrx_word' id='word_1_178' title='bbox 273 958 308 988; x_wconf 84' lang='lat' dir='ltr'>se.</span> <span class='ocrx_word' id='word_1_179' title='bbox 340 959 399 990; x_wconf 88' lang='lat' dir='ltr'>Cic.</span> <span class='ocrx_word' id='word_1_180' title='bbox 415 963 442 990; x_wconf 87' lang='lat'>6.</span> <span class='ocrx_word' id='word_1_181' title='bbox 462 959 584 998; x_wconf 86' lang='lat' dir='ltr'>Philipp.</span> <span class='ocrx_word' id='word_1_182' title='bbox 601 969 644 988; x_wconf 88' lang='lat'>10.</span> <span class='ocrx_word' id='word_1_183' title='bbox 664 957 712 988; x_wconf 87' lang='lat' dir='ltr'>ubi</span> <span class='ocrx_word' id='word_1_184' title='bbox 733 957 766 987; x_wconf 89' lang='lat' dir='ltr'>V.</span> <span class='ocrx_word' id='word_1_185' title='bbox 789 957 898 988; x_wconf 87' lang='lat' dir='ltr'>Camer.</span> 
     </span>
    </p>

    <p class='ocr_par' dir='ltr' id='par_1_17' title="bbox 107 995 924 1035">
     <span class='ocr_line' id='line_1_26' title="bbox 107 995 924 1035; baseline 0.002 -10"><span class='ocrx_word' id='word_1_186' title='bbox 107 995 140 1025; x_wconf 85' lang='lat' dir='ltr'>ln</span> <span class='ocrx_word' id='word_1_187' title='bbox 149 996 270 1025; x_wconf 84' lang='lat' dir='ltr'>vincula.</span> <span class='ocrx_word' id='word_1_188' title='bbox 293 996 351 1027; x_wconf 91' lang='lat' dir='ltr'>Cic.</span> <span class='ocrx_word' id='word_1_189' title='bbox 363 1007 390 1034; x_wconf 88' lang='lat'>7.</span> <span class='ocrx_word' id='word_1_190' title='bbox 403 998 477 1027; x_wconf 84' lang='lat' dir='ltr'>Verr.</span> <span class='ocrx_word' id='word_1_191' title='bbox 492 1007 535 1035; x_wconf 84' lang='lat'>17·</span> <span class='ocrx_word' id='word_1_192' title='bbox 567 997 596 1026; x_wconf 93' lang='lat' dir='ltr'>V.</span> <span class='ocrx_word' id='word_1_193' title='bbox 619 996 698 1035; x_wconf 84' lang='lat' dir='ltr'>supra</span> <span class='ocrx_word' id='word_1_194' title='bbox 707 995 740 1026; x_wconf 88' lang='lat' dir='ltr'>In</span> <span class='ocrx_word' id='word_1_195' title='bbox 749 1001 860 1026; x_wconf 84' lang='lat' dir='ltr'>catenas</span> <span class='ocrx_word' id='word_1_196' title='bbox 871 997 924 1027; x_wconf 84' lang='lat' dir='ltr'>&amp;c.</span> 
     </span>
    </p>

    <p class='ocr_par' dir='ltr' id='par_1_18' title="bbox 106 1032 728 1076">
     <span class='ocr_line' id='line_1_27' title="bbox 106 1032 728 1076; baseline 0.003 -15"><span class='ocrx_word' id='word_1_197' title='bbox 106 1032 216 1076; x_wconf 77' lang='lat' dir='ltr'>Oculos</span> <span class='ocrx_word' id='word_1_198' title='bbox 227 1034 255 1062; x_wconf 89' lang='lat' dir='ltr'>in</span> <span class='ocrx_word' id='word_1_199' title='bbox 266 1034 396 1072; x_wconf 87' lang='lat' dir='ltr'>aliquem.</span> <span class='ocrx_word' id='word_1_200' title='bbox 421 1036 479 1065; x_wconf 91' lang='lat' dir='ltr'>Cic.</span> <span class='ocrx_word' id='word_1_201' title='bbox 493 1045 543 1073; x_wconf 88' lang='lat' dir='ltr'>pro</span> <span class='ocrx_word' id='word_1_202' title='bbox 558 1035 669 1065; x_wconf 89' lang='lat' dir='ltr'>Cluent.</span> <span class='ocrx_word' id='word_1_203' title='bbox 684 1044 728 1070; x_wconf 68' lang='lat'>5⁴.</span> 
     </span>
    </p>

    <p class='ocr_par' dir='ltr' id='par_1_19' title="bbox 106 1069 946 1106">
     <span class='ocr_line' id='line_1_28' title="bbox 106 1069 946 1106; baseline 0.001 -6"><span class='ocrx_word' id='word_1_204' title='bbox 106 1070 339 1106; x_wconf 73' lang='lat' dir='ltr'>conjiciebantur</span> <span class='ocrx_word' id='word_1_205' title='bbox 350 1074 476 1103; x_wconf 88' lang='lat' dir='ltr'>omnium</span> <span class='ocrx_word' id='word_1_206' title='bbox 486 1073 561 1103; x_wconf 89' lang='lat' dir='ltr'>oculi</span> <span class='ocrx_word' id='word_1_207' title='bbox 571 1074 600 1102; x_wconf 87' lang='lat' dir='ltr'>in</span> <span class='ocrx_word' id='word_1_208' title='bbox 610 1082 686 1102; x_wconf 89' lang='lat' dir='ltr'>eum.</span> <span class='ocrx_word' id='word_1_209' title='bbox 706 1071 765 1102; x_wconf 91' lang='lat' dir='ltr'>Cic.</span> <span class='ocrx_word' id='word_1_210' title='bbox 778 1080 804 1101; x_wconf 88' lang='lat'>2.</span> <span class='ocrx_word' id='word_1_211' title='bbox 824 1069 882 1102; x_wconf 84' lang='lat' dir='ltr'>off.</span> <span class='ocrx_word' id='word_1_212' title='bbox 901 1073 946 1101; x_wconf 83' lang='lat'>60.</span> 
     </span>
    </p>

    <p class='ocr_par' dir='ltr' id='par_1_20' title="bbox 107 1107 1235 1260">
     <span class='ocr_line' id='line_1_29' title="bbox 107 1107 1231 1149; baseline 0 -11"><span class='ocrx_word' id='word_1_213' title='bbox 107 1107 205 1138; x_wconf 88' lang='lat' dir='ltr'>Omen</span> <span class='ocrx_word' id='word_1_214' title='bbox 216 1109 245 1137; x_wconf 89' lang='lat' dir='ltr'>in</span> <span class='ocrx_word' id='word_1_215' title='bbox 253 1109 375 1147; x_wconf 87' lang='lat' dir='ltr'>aliquam</span> <span class='ocrx_word' id='word_1_216' title='bbox 384 1112 566 1149; x_wconf 87' lang='lat' dir='ltr'>provinciam.</span> <span class='ocrx_word' id='word_1_217' title='bbox 605 1110 664 1140; x_wconf 86' lang='lat' dir='ltr'>Cic.</span> <span class='ocrx_word' id='word_1_218' title='bbox 675 1121 701 1146; x_wconf 85' lang='lat'>4.</span> <span class='ocrx_word' id='word_1_219' title='bbox 715 1109 791 1139; x_wconf 89' lang='lat' dir='ltr'>Verr.</span> <span class='ocrx_word' id='word_1_220' title='bbox 808 1115 869 1143; x_wconf 85' lang='lat'>1¹8·</span> <span class='ocrx_word' id='word_1_221' title='bbox 892 1109 918 1139; x_wconf 93' lang='lat' dir='ltr'>O</span> <span class='ocrx_word' id='word_1_222' title='bbox 930 1108 1059 1147; x_wconf 85' lang='lat' dir='ltr'>praeclare</span> <span class='ocrx_word' id='word_1_223' title='bbox 1069 1109 1231 1145; x_wconf 60' lang='lat' dir='ltr'>coniectum</span> 
     </span>
     <span class='ocr_line' id='line_1_30' title="bbox 128 1146 1232 1187; baseline 0 -11"><span class='ocrx_word' id='word_1_224' title='bbox 128 1156 144 1176; x_wconf 86' lang='lat' dir='ltr'>a</span> <span class='ocrx_word' id='word_1_225' title='bbox 159 1146 243 1184; x_wconf 80' lang='lat' dir='ltr'>vulgo</span> <span class='ocrx_word' id='word_1_226' title='bbox 264 1148 292 1176; x_wconf 91' lang='lat' dir='ltr'>in</span> <span class='ocrx_word' id='word_1_227' title='bbox 311 1148 388 1178; x_wconf 90' lang='lat' dir='ltr'>illam</span> <span class='ocrx_word' id='word_1_228' title='bbox 402 1150 576 1187; x_wconf 86' lang='lat' dir='ltr'>provinciam</span> <span class='ocrx_word' id='word_1_229' title='bbox 598 1158 684 1178; x_wconf 88' lang='lat' dir='ltr'>omen</span> <span class='ocrx_word' id='word_1_230' title='bbox 700 1147 860 1177; x_wconf 90' lang='lat' dir='ltr'>communis</span> <span class='ocrx_word' id='word_1_231' title='bbox 877 1147 958 1177; x_wconf 66' lang='lat' dir='ltr'>famae</span> <span class='ocrx_word' id='word_1_232' title='bbox 976 1154 1059 1184; x_wconf 79' lang='lat' dir='ltr'>atque</span> <span class='ocrx_word' id='word_1_233' title='bbox 1080 1146 1232 1183; x_wconf 86' lang='lat' dir='ltr'>sermonis,</span> 
     </span>
     <span class='ocr_line' id='line_1_31' title="bbox 128 1185 1235 1253; baseline 0.002 -41"><span class='ocrx_word' id='word_1_234' title='bbox 128 1193 215 1220; x_wconf 88' lang='lat' dir='ltr'>quum</span> <span class='ocrx_word' id='word_1_235' title='bbox 225 1194 260 1215; x_wconf 83' lang='lat' dir='ltr'>ex</span> <span class='ocrx_word' id='word_1_236' title='bbox 270 1188 386 1253; x_wconf 52' lang='lat' dir='ltr'>ngmine</span> <span class='ocrx_word' id='word_1_237' title='bbox 398 1187 474 1217; x_wconf 89' lang='lat' dir='ltr'>istius</span> <span class='ocrx_word' id='word_1_238' title='bbox 484 1209 492 1224; x_wconf 93' lang='lat'>,</span> <span class='ocrx_word' id='word_1_239' title='bbox 513 1187 582 1226; x_wconf 88' lang='lat' dir='ltr'>quid</span> <span class='ocrx_word' id='word_1_240' title='bbox 591 1187 621 1216; x_wconf 89' lang='lat' dir='ltr'>in</span> <span class='ocrx_word' id='word_1_241' title='bbox 630 1185 776 1225; x_wconf 85' lang='lat' dir='ltr'>provincia</span> <span class='ocrx_word' id='word_1_242' title='bbox 784 1185 904 1216; x_wconf 65' lang='lat' dir='ltr'>facturus</span> <span class='ocrx_word' id='word_1_243' title='bbox 912 1185 979 1216; x_wconf 82' lang='lat' dir='ltr'>esset</span> <span class='ocrx_word' id='word_1_244' title='bbox 990 1207 998 1221; x_wconf 94' lang='lat'>,</span> <span class='ocrx_word' id='word_1_245' title='bbox 1018 1185 1132 1215; x_wconf 85' lang='lat' dir='ltr'>ridiculi</span> <span class='ocrx_word' id='word_1_246' title='bbox 1143 1185 1235 1214; x_wconf 86' lang='lat' dir='ltr'>homi-</span> 
     </span>
     <span class='ocr_line' id='line_1_32' title="bbox 128 1231 401 1260; baseline 0.018 -10"><span class='ocrx_word' id='word_1_247' title='bbox 128 1231 178 1251; x_wconf 88' lang='lat' dir='ltr'>nes</span> <span class='ocrx_word' id='word_1_248' title='bbox 189 1232 292 1260; x_wconf 83' lang='lat' dir='ltr'>augura</span> <span class='ocrx_word' id='word_1_249' title='bbox 314 1232 401 1255; x_wconf 83' lang='lat' dir='ltr'>antur.</span> 
     </span>
    </p>

    <p class='ocr_par' dir='ltr' id='par_1_21' title="bbox 109 1258 1234 1376">
     <span class='ocr_line' id='line_1_33' title="bbox 109 1258 1234 1298; baseline 0 -8"><span class='ocrx_word' id='word_1_250' title='bbox 109 1258 260 1291; x_wconf 78' lang='lat' dir='ltr'>Pecuniam</span> <span class='ocrx_word' id='word_1_251' title='bbox 270 1263 299 1291; x_wconf 91' lang='lat' dir='ltr'>in</span> <span class='ocrx_word' id='word_1_252' title='bbox 315 1263 474 1293; x_wconf 81' lang='lat' dir='ltr'>aedificium.</span> <span class='ocrx_word' id='word_1_253' title='bbox 514 1262 573 1292; x_wconf 92' lang='lat' dir='ltr'>Cic.</span> <span class='ocrx_word' id='word_1_254' title='bbox 584 1271 611 1292; x_wconf 87' lang='lat'>2.</span> <span class='ocrx_word' id='word_1_255' title='bbox 628 1261 744 1292; x_wconf 82' lang='lat' dir='ltr'>Off.60.</span> <span class='ocrx_word' id='word_1_256' title='bbox 765 1261 800 1291; x_wconf 88' lang='lat' dir='ltr'>Et</span> <span class='ocrx_word' id='word_1_257' title='bbox 812 1260 967 1291; x_wconf 87' lang='lat' dir='ltr'>Phaleraeus</span> <span class='ocrx_word' id='word_1_258' title='bbox 988 1259 1164 1295; x_wconf 87' lang='lat' dir='ltr'>Demetrius,</span> <span class='ocrx_word' id='word_1_259' title='bbox 1186 1259 1234 1298; x_wconf 82' lang='lat' dir='ltr'>qui</span> 
     </span>
     <span class='ocr_line' id='line_1_34' title="bbox 129 1297 1234 1338; baseline 0.001 -11"><span class='ocrx_word' id='word_1_260' title='bbox 129 1297 264 1329; x_wconf 87' lang='lat' dir='ltr'>Periclem</span> <span class='ocrx_word' id='word_1_261' title='bbox 276 1301 433 1338; x_wconf 83' lang='lat' dir='ltr'>principem</span> <span class='ocrx_word' id='word_1_262' title='bbox 447 1301 559 1330; x_wconf 83' lang='lat' dir='ltr'>Graeciae</span> <span class='ocrx_word' id='word_1_263' title='bbox 574 1301 712 1338; x_wconf 82' lang='lat' dir='ltr'>vituperat</span> <span class='ocrx_word' id='word_1_264' title='bbox 724 1321 733 1336; x_wconf 90' lang='lat'>,</span> <span class='ocrx_word' id='word_1_265' title='bbox 755 1300 832 1338; x_wconf 92' lang='lat' dir='ltr'>quod</span> <span class='ocrx_word' id='word_1_266' title='bbox 844 1306 950 1330; x_wconf 84' lang='lat' dir='ltr'>tantam</span> <span class='ocrx_word' id='word_1_267' title='bbox 960 1299 1111 1338; x_wconf 89' lang='lat' dir='ltr'>pecuniam</span> <span class='ocrx_word' id='word_1_268' title='bbox 1124 1299 1155 1328; x_wconf 91' lang='lat' dir='ltr'>in</span> <span class='ocrx_word' id='word_1_269' title='bbox 1164 1307 1234 1337; x_wconf 88' lang='lat' dir='ltr'>prae-</span> 
     </span>
     <span class='ocr_line' id='line_1_35' title="bbox 129 1335 581 1376; baseline 0.009 -12"><span class='ocrx_word' id='word_1_270' title='bbox 129 1335 204 1365; x_wconf 86' lang='lat' dir='ltr'>clara</span> <span class='ocrx_word' id='word_1_271' title='bbox 214 1337 260 1367; x_wconf 88' lang='lat' dir='ltr'>illa</span> <span class='ocrx_word' id='word_1_272' title='bbox 273 1338 410 1376; x_wconf 84' lang='lat' dir='ltr'>Propylaea</span> <span class='ocrx_word' id='word_1_273' title='bbox 422 1339 581 1373; x_wconf 82' lang='lat' dir='ltr'>conjecerit.</span> 
     </span>
    </p>

    <p class='ocr_par' dir='ltr' id='par_1_22' title="bbox 109 1373 627 1411">
     <span class='ocr_line' id='line_1_36' title="bbox 109 1373 627 1411; baseline 0.006 -8"><span class='ocrx_word' id='word_1_274' title='bbox 109 1373 247 1410; x_wconf 82' lang='lat' dir='ltr'>Querelas</span> <span class='ocrx_word' id='word_1_275' title='bbox 259 1375 372 1406; x_wconf 86' lang='lat' dir='ltr'>absenti.</span> <span class='ocrx_word' id='word_1_276' title='bbox 390 1375 486 1406; x_wconf 89' lang='lat' dir='ltr'>Tibul.</span> <span class='ocrx_word' id='word_1_277' title='bbox 505 1386 528 1406; x_wconf 83' lang='lat'>1.</span> <span class='ocrx_word' id='word_1_278' title='bbox 544 1382 569 1411; x_wconf 85' lang='lat'>8.</span> <span class='ocrx_word' id='word_1_279' title='bbox 584 1386 627 1411; x_wconf 80' lang='grc' dir='ltr'>ς4.</span> 
     </span>
    </p>

    <p class='ocr_par' dir='ltr' id='par_1_23' title="bbox 108 1411 1235 1523">
     <span class='ocr_line' id='line_1_37' title="bbox 108 1411 1234 1452; baseline -0.001 -11"><span class='ocrx_word' id='word_1_280' title='bbox 108 1412 203 1443; x_wconf 83' lang='lat' dir='ltr'>Sortes</span> <span class='ocrx_word' id='word_1_281' title='bbox 215 1414 244 1442; x_wconf 93' lang='lat' dir='ltr'>in</span> <span class='ocrx_word' id='word_1_282' title='bbox 257 1414 394 1452; x_wconf 80' lang='lat' dir='ltr'>hydriam.</span> <span class='ocrx_word' id='word_1_283' title='bbox 435 1414 494 1444; x_wconf 87' lang='lat' dir='ltr'>Cic.</span> <span class='ocrx_word' id='word_1_284' title='bbox 504 1425 530 1450; x_wconf 83' lang='lat'>4.</span> <span class='ocrx_word' id='word_1_285' title='bbox 543 1415 617 1444; x_wconf 82' lang='lat' dir='ltr'>Verr.</span> <span class='ocrx_word' id='word_1_286' title='bbox 632 1423 691 1451; x_wconf 83' lang='lat'>127.</span> <span class='ocrx_word' id='word_1_287' title='bbox 712 1413 799 1450; x_wconf 79' lang='lat' dir='ltr'>Jubet</span> <span class='ocrx_word' id='word_1_288' title='bbox 809 1413 857 1443; x_wconf 88' lang='lat' dir='ltr'>ille</span> <span class='ocrx_word' id='word_1_289' title='bbox 867 1413 914 1443; x_wconf 82' lang='lat' dir='ltr'>sibi</span> <span class='ocrx_word' id='word_1_290' title='bbox 931 1413 1023 1451; x_wconf 88' lang='lat' dir='ltr'>legem</span> <span class='ocrx_word' id='word_1_291' title='bbox 1039 1411 1112 1450; x_wconf 89' lang='lat' dir='ltr'>legi:</span> <span class='ocrx_word' id='word_1_292' title='bbox 1135 1412 1234 1442; x_wconf 87' lang='lat' dir='ltr'>recita-</span> 
     </span>
     <span class='ocr_line' id='line_1_38' title="bbox 128 1449 1235 1494; baseline 0 -15"><span class='ocrx_word' id='word_1_293' title='bbox 128 1455 188 1480; x_wconf 89' lang='lat' dir='ltr'>tur:</span> <span class='ocrx_word' id='word_1_294' title='bbox 211 1452 305 1494; x_wconf 86' lang='lat' dir='ltr'>inqua</span> <span class='ocrx_word' id='word_1_295' title='bbox 314 1452 529 1491; x_wconf 86' lang='lat' dir='ltr'>scriptumerat,</span> <span class='ocrx_word' id='word_1_296' title='bbox 550 1451 753 1490; x_wconf 82' lang='lat' dir='ltr'>utquoteffent</span> <span class='ocrx_word' id='word_1_297' title='bbox 762 1453 930 1488; x_wconf 83' lang='lat' dir='ltr'>renuntiati,</span> <span class='ocrx_word' id='word_1_298' title='bbox 950 1458 993 1482; x_wconf 90' lang='lat' dir='ltr'>tot</span> <span class='ocrx_word' id='word_1_299' title='bbox 1003 1453 1033 1480; x_wconf 90' lang='lat' dir='ltr'>in</span> <span class='ocrx_word' id='word_1_300' title='bbox 1046 1451 1172 1489; x_wconf 83' lang='lat' dir='ltr'>hydriam</span> <span class='ocrx_word' id='word_1_301' title='bbox 1181 1449 1235 1479; x_wconf 90' lang='lat' dir='ltr'>sor-</span> 
     </span>
     <span class='ocr_line' id='line_1_39' title="bbox 128 1491 393 1523; baseline 0.011 -6"><span class='ocrx_word' id='word_1_302' title='bbox 128 1493 171 1518; x_wconf 78' lang='lat' dir='ltr'>tes</span> <span class='ocrx_word' id='word_1_303' title='bbox 181 1491 393 1523; x_wconf 64' lang='lat' dir='ltr'>conficerentur.</span> 
     </span>
    </p>

    <p class='ocr_par' dir='ltr' id='par_1_24' title="bbox 111 1525 1237 1640">
     <span class='ocr_line' id='line_1_40' title="bbox 111 1525 1234 1567; baseline -0.001 -12"><span class='ocrx_word' id='word_1_304' title='bbox 111 1525 200 1556; x_wconf 88' lang='lat' dir='ltr'>Verba</span> <span class='ocrx_word' id='word_1_305' title='bbox 210 1527 239 1556; x_wconf 93' lang='lat' dir='ltr'>in</span> <span class='ocrx_word' id='word_1_306' title='bbox 250 1528 441 1558; x_wconf 71' lang='lat' dir='ltr'>interdictum.</span> <span class='ocrx_word' id='word_1_307' title='bbox 482 1528 541 1558; x_wconf 89' lang='lat' dir='ltr'>Cic.</span> <span class='ocrx_word' id='word_1_308' title='bbox 556 1538 609 1567; x_wconf 90' lang='lat' dir='ltr'>pro</span> <span class='ocrx_word' id='word_1_309' title='bbox 620 1528 724 1558; x_wconf 85' lang='lat' dir='ltr'>Caecin.</span> <span class='ocrx_word' id='word_1_310' title='bbox 738 1536 783 1565; x_wconf 78' lang='lat'>35.</span> <span class='ocrx_word' id='word_1_311' title='bbox 815 1527 917 1557; x_wconf 90' lang='lat' dir='ltr'>Verum</span> <span class='ocrx_word' id='word_1_312' title='bbox 942 1528 971 1557; x_wconf 90' lang='lat' dir='ltr'>in</span> <span class='ocrx_word' id='word_1_313' title='bbox 987 1528 1031 1557; x_wconf 87' lang='lat' dir='ltr'>his</span> <span class='ocrx_word' id='word_1_314' title='bbox 1047 1526 1150 1563; x_wconf 81' lang='lat' dir='ltr'>causis,</span> <span class='ocrx_word' id='word_1_315' title='bbox 1174 1534 1234 1555; x_wconf 86' lang='lat' dir='ltr'>non</span> 
     </span>
     <span class='ocr_line' id='line_1_41' title="bbox 130 1564 1237 1603; baseline 0 -10"><span class='ocrx_word' id='word_1_316' title='bbox 130 1564 214 1594; x_wconf 90' lang='lat' dir='ltr'>verba</span> <span class='ocrx_word' id='word_1_317' title='bbox 227 1566 344 1596; x_wconf 88' lang='lat' dir='ltr'>veniunt</span> <span class='ocrx_word' id='word_1_318' title='bbox 352 1567 380 1596; x_wconf 92' lang='lat' dir='ltr'>in</span> <span class='ocrx_word' id='word_1_319' title='bbox 392 1566 530 1602; x_wconf 86' lang='lat' dir='ltr'>judicium</span> <span class='ocrx_word' id='word_1_320' title='bbox 542 1589 550 1603; x_wconf 98' lang='lat'>,</span> <span class='ocrx_word' id='word_1_321' title='bbox 570 1567 617 1597; x_wconf 90' lang='lat' dir='ltr'>sed</span> <span class='ocrx_word' id='word_1_322' title='bbox 628 1576 727 1602; x_wconf 87' lang='lat' dir='ltr'>cares,</span> <span class='ocrx_word' id='word_1_323' title='bbox 749 1565 830 1601; x_wconf 82' lang='lat' dir='ltr'>cujus</span> <span class='ocrx_word' id='word_1_324' title='bbox 841 1566 920 1596; x_wconf 86' lang='lat' dir='ltr'>causa</span> <span class='ocrx_word' id='word_1_325' title='bbox 937 1565 1020 1596; x_wconf 92' lang='lat' dir='ltr'>verba</span> <span class='ocrx_word' id='word_1_326' title='bbox 1037 1565 1096 1595; x_wconf 84' lang='lat' dir='ltr'>haec</span> <span class='ocrx_word' id='word_1_327' title='bbox 1113 1565 1143 1594; x_wconf 90' lang='lat' dir='ltr'>in</span> <span class='ocrx_word' id='word_1_328' title='bbox 1153 1564 1237 1594; x_wconf 88' lang='lat' dir='ltr'>inter-</span> 
     </span>
     <span class='ocr_line' id='line_1_42' title="bbox 129 1602 459 1640; baseline 0.009 -9"><span class='ocrx_word' id='word_1_329' title='bbox 129 1602 238 1632; x_wconf 73' lang='lat' dir='ltr'>dit‘lum</span> <span class='ocrx_word' id='word_1_330' title='bbox 248 1605 378 1640; x_wconf 68' lang='lat' dir='ltr'>conjecta</span> <span class='ocrx_word' id='word_1_331' title='bbox 388 1604 459 1634; x_wconf 91' lang='lat' dir='ltr'>sunt.</span> 
     </span>
    </p>
   </div>
   <div class='ocr_carea' id='block_1_6' title="bbox 85 1639 1237 1682">
    <p class='ocr_par' dir='ltr' id='par_1_25' title="bbox 85 1639 1237 1682">
     <span class='ocr_line' id='line_1_43' title="bbox 85 1639 1237 1682; baseline 0.001 -13"><span class='ocrx_word' id='word_1_332' title='bbox 85 1653 91 1662; x_wconf 62' lang='grc' dir='ltr'>ι</span> <span class='ocrx_word' id='word_1_333' title='bbox 110 1639 218 1670; x_wconf 88' lang='lat' dir='ltr'>Vocem</span> <span class='ocrx_word' id='word_1_334' title='bbox 228 1641 304 1671; x_wconf 87' lang='lat' dir='ltr'>illam</span> <span class='ocrx_word' id='word_1_335' title='bbox 317 1643 346 1671; x_wconf 92' lang='lat' dir='ltr'>in</span> <span class='ocrx_word' id='word_1_336' title='bbox 356 1643 524 1682; x_wconf 88' lang='lat' dir='ltr'>disputando</span> <span class='ocrx_word' id='word_1_337' title='bbox 534 1642 657 1679; x_wconf 87' lang='lat' dir='ltr'>conjecit</span> <span class='ocrx_word' id='word_1_338' title='bbox 665 1641 718 1672; x_wconf 90' lang='lat' dir='ltr'>Cn.</span> <span class='ocrx_word' id='word_1_339' title='bbox 733 1641 884 1680; x_wconf 87' lang='lat' dir='ltr'>Pompeius</span> <span class='ocrx_word' id='word_1_340' title='bbox 893 1664 901 1678; x_wconf 96' lang='lat'>,</span> <span class='ocrx_word' id='word_1_341' title='bbox 924 1641 1032 1672; x_wconf 87' lang='lat' dir='ltr'>Omnes</span> <span class='ocrx_word' id='word_1_342' title='bbox 1047 1646 1177 1679; x_wconf 84' lang='lat' dir='ltr'>oportere</span> <span class='ocrx_word' id='word_1_343' title='bbox 1189 1639 1237 1670; x_wconf 83' lang='lat' dir='ltr'>Se-</span> 
     </span>
    </p>
   </div>
   <div class='ocr_carea' id='block_1_7' title="bbox 111 1679 1241 2708">
    <p class='ocr_par' dir='ltr' id='par_1_26' title="bbox 130 1679 778 1716">
     <span class='ocr_line' id='line_1_44' title="bbox 130 1679 778 1716; baseline 0.003 -9"><span class='ocrx_word' id='word_1_344' title='bbox 130 1679 207 1708; x_wconf 89' lang='lat' dir='ltr'>natui</span> <span class='ocrx_word' id='word_1_345' title='bbox 218 1679 294 1709; x_wconf 67' lang='lat' dir='ltr'>dicto</span> <span class='ocrx_word' id='word_1_346' title='bbox 309 1680 457 1711; x_wconf 83' lang='lat' dir='ltr'>audientes</span> <span class='ocrx_word' id='word_1_347' title='bbox 467 1679 531 1710; x_wconf 83' lang='lat' dir='ltr'>effe.</span> <span class='ocrx_word' id='word_1_348' title='bbox 554 1680 613 1711; x_wconf 86' lang='lat' dir='ltr'>Cic.</span> <span class='ocrx_word' id='word_1_349' title='bbox 623 1686 649 1714; x_wconf 86' lang='lat'>8.</span> <span class='ocrx_word' id='word_1_350' title='bbox 662 1680 737 1710; x_wconf 83' lang='lat' dir='ltr'>Fam.</span> <span class='ocrx_word' id='word_1_351' title='bbox 750 1691 778 1716; x_wconf 87' lang='lat'>4.</span> 
     </span>
    </p>

    <p class='ocr_par' dir='ltr' id='par_1_27' title="bbox 111 1715 1238 1792">
     <span class='ocr_line' id='line_1_45' title="bbox 111 1715 1238 1761; baseline 0 -16"><span class='ocrx_word' id='word_1_352' title='bbox 111 1715 260 1761; x_wconf 77' lang='lat' dir='ltr'>Conjicere</span> <span class='ocrx_word' id='word_1_353' title='bbox 271 1718 381 1749; x_wconf 88' lang='lat' dir='ltr'>causam</span> <span class='ocrx_word' id='word_1_354' title='bbox 392 1720 421 1749; x_wconf 92' lang='lat' dir='ltr'>in</span> <span class='ocrx_word' id='word_1_355' title='bbox 433 1717 563 1756; x_wconf 83' lang='lat' dir='ltr'>aliquem.</span> <span class='ocrx_word' id='word_1_356' title='bbox 604 1719 706 1748; x_wconf 68' lang='lat' dir='ltr'>Austor</span> <span class='ocrx_word' id='word_1_357' title='bbox 714 1717 782 1748; x_wconf 88' lang='lat' dir='ltr'>Bell.</span> <span class='ocrx_word' id='word_1_358' title='bbox 799 1717 875 1747; x_wconf 83' lang='lat' dir='ltr'>Alex.</span> <span class='ocrx_word' id='word_1_359' title='bbox 884 1727 931 1754; x_wconf 84' lang='lat'>49.</span> <span class='ocrx_word' id='word_1_360' title='bbox 951 1717 985 1748; x_wconf 85' lang='lat' dir='ltr'>In</span> <span class='ocrx_word' id='word_1_361' title='bbox 993 1715 1238 1756; x_wconf 81' lang='lat' dir='ltr'>gregemlocuple-</span> 
     </span>
     <span class='ocr_line' id='line_1_46' title="bbox 129 1754 828 1792; baseline 0.001 -8"><span class='ocrx_word' id='word_1_362' title='bbox 129 1761 202 1784; x_wconf 84' lang='grc'><strong>1111111</strong></span> <span class='ocrx_word' id='word_1_363' title='bbox 213 1754 380 1787; x_wconf 75' lang='lat' dir='ltr'>simultatum</span> <span class='ocrx_word' id='word_1_364' title='bbox 387 1757 474 1788; x_wconf 87' lang='lat' dir='ltr'>causae</span> <span class='ocrx_word' id='word_1_365' title='bbox 487 1763 585 1787; x_wconf 90' lang='lat' dir='ltr'>tenues</span> <span class='ocrx_word' id='word_1_366' title='bbox 597 1756 828 1792; x_wconf 86' lang='lat' dir='ltr'>conjiciebantur.</span> 
     </span>
    </p>

    <p class='ocr_par' dir='ltr' id='par_1_28' title="bbox 111 1791 1200 1829">
     <span class='ocr_line' id='line_1_47' title="bbox 111 1791 1200 1829; baseline -0.001 -7"><span class='ocrx_word' id='word_1_367' title='bbox 111 1792 228 1823; x_wconf 86' lang='lat' dir='ltr'>Causam</span> <span class='ocrx_word' id='word_1_368' title='bbox 237 1794 265 1824; x_wconf 90' lang='lat' dir='ltr'>in</span> <span class='ocrx_word' id='word_1_369' title='bbox 276 1794 363 1825; x_wconf 87' lang='lat' dir='ltr'>locos.</span> <span class='ocrx_word' id='word_1_370' title='bbox 386 1795 443 1826; x_wconf 91' lang='lat' dir='ltr'>Cic.</span> <span class='ocrx_word' id='word_1_371' title='bbox 476 1805 506 1825; x_wconf 88' lang='lat' dir='ltr'>ro</span> <span class='ocrx_word' id='word_1_372' title='bbox 518 1795 611 1825; x_wconf 88' lang='lat' dir='ltr'>Plane.</span> <span class='ocrx_word' id='word_1_373' title='bbox 622 1801 668 1829; x_wconf 83' lang='lat'>83.</span> <span class='ocrx_word' id='word_1_374' title='bbox 702 1795 720 1824; x_wconf 87' lang='lat' dir='ltr'>i.</span> <span class='ocrx_word' id='word_1_375' title='bbox 734 1804 758 1824; x_wconf 92' lang='lat' dir='ltr'>e.</span> <span class='ocrx_word' id='word_1_376' title='bbox 782 1793 922 1823; x_wconf 83' lang='lat' dir='ltr'>Dividere.</span> <span class='ocrx_word' id='word_1_377' title='bbox 943 1793 975 1823; x_wconf 90' lang='lat' dir='ltr'>V.</span> <span class='ocrx_word' id='word_1_378' title='bbox 994 1802 1062 1822; x_wconf 82' lang='lat' dir='ltr'>mox</span> <span class='ocrx_word' id='word_1_379' title='bbox 1071 1792 1103 1822; x_wconf 88' lang='lat' dir='ltr'>ln</span> <span class='ocrx_word' id='word_1_380' title='bbox 1113 1791 1200 1822; x_wconf 88' lang='lat' dir='ltr'>locos.</span> 
     </span>
    </p>

    <p class='ocr_par' dir='ltr' id='par_1_29' title="bbox 111 1806 1238 1907">
     <span class='ocr_line' id='line_1_48' title="bbox 111 1806 1238 1870; baseline -0.001 -10"><span class='ocrx_word' id='word_1_381' title='bbox 111 1830 225 1861; x_wconf 81' lang='lat' dir='ltr'>Crimen</span> <span class='ocrx_word' id='word_1_382' title='bbox 237 1833 267 1862; x_wconf 89' lang='lat' dir='ltr'>in</span> <span class='ocrx_word' id='word_1_383' title='bbox 280 1838 415 1870; x_wconf 83' lang='lat' dir='ltr'>tempora.</span> <span class='ocrx_word' id='word_1_384' title='bbox 455 1806 515 1864; x_wconf 65' lang='lat' dir='ltr'>Eiv.</span> <span class='ocrx_word' id='word_1_385' title='bbox 528 1842 553 1870; x_wconf 86' lang='lat'>3.</span> <span class='ocrx_word' id='word_1_386' title='bbox 568 1842 613 1868; x_wconf 83' lang='lat'>24.</span> <span class='ocrx_word' id='word_1_387' title='bbox 635 1832 697 1862; x_wconf 89' lang='lat' dir='ltr'>Nec</span> <span class='ocrx_word' id='word_1_388' title='bbox 707 1832 750 1862; x_wconf 89' lang='lat' dir='ltr'>his</span> <span class='ocrx_word' id='word_1_389' title='bbox 764 1831 938 1870; x_wconf 85' lang='lat' dir='ltr'>temporibus</span> <span class='ocrx_word' id='word_1_390' title='bbox 948 1853 957 1867; x_wconf 93' lang='lat'>,</span> <span class='ocrx_word' id='word_1_391' title='bbox 981 1832 1011 1860; x_wconf 90' lang='lat' dir='ltr'>in</span> <span class='ocrx_word' id='word_1_392' title='bbox 1028 1841 1088 1869; x_wconf 87' lang='lat' dir='ltr'>quae</span> <span class='ocrx_word' id='word_1_393' title='bbox 1102 1830 1176 1861; x_wconf 85' lang='lat' dir='ltr'>testis</span> <span class='ocrx_word' id='word_1_394' title='bbox 1186 1829 1238 1860; x_wconf 82' lang='lat' dir='ltr'>cri·</span> 
     </span>
     <span class='ocr_line' id='line_1_49' title="bbox 131 1870 772 1907; baseline 0.003 -9"><span class='ocrx_word' id='word_1_395' title='bbox 131 1878 199 1899; x_wconf 90' lang='lat' dir='ltr'>men</span> <span class='ocrx_word' id='word_1_396' title='bbox 211 1871 390 1907; x_wconf 75' lang='lat' dir='ltr'>conjecisset,</span> <span class='ocrx_word' id='word_1_397' title='bbox 413 1871 556 1901; x_wconf 83' lang='lat' dir='ltr'>Caesonem</span> <span class='ocrx_word' id='word_1_398' title='bbox 568 1871 665 1901; x_wconf 86' lang='lat' dir='ltr'>Romae</span> <span class='ocrx_word' id='word_1_399' title='bbox 675 1870 772 1901; x_wconf 85' lang='lat' dir='ltr'>visum.</span> 
     </span>
    </p>

    <p class='ocr_par' dir='ltr' id='par_1_30' title="bbox 111 1906 1237 1985">
     <span class='ocr_line' id='line_1_50' title="bbox 111 1906 1237 1947; baseline -0.002 -10"><span class='ocrx_word' id='word_1_400' title='bbox 111 1906 233 1946; x_wconf 86' lang='lat' dir='ltr'>Culpam</span> <span class='ocrx_word' id='word_1_401' title='bbox 242 1910 271 1938; x_wconf 93' lang='lat' dir='ltr'>in</span> <span class='ocrx_word' id='word_1_402' title='bbox 280 1909 410 1947; x_wconf 87' lang='lat' dir='ltr'>aliquem.</span> <span class='ocrx_word' id='word_1_403' title='bbox 433 1909 498 1939; x_wconf 88' lang='lat' dir='ltr'>Caes.</span> <span class='ocrx_word' id='word_1_404' title='bbox 510 1921 537 1944; x_wconf 83' lang='lat'>4·</span> <span class='ocrx_word' id='word_1_405' title='bbox 549 1909 618 1939; x_wconf 91' lang='lat' dir='ltr'>Bell.</span> <span class='ocrx_word' id='word_1_406' title='bbox 631 1908 702 1939; x_wconf 87' lang='lat' dir='ltr'>Gall.</span> <span class='ocrx_word' id='word_1_407' title='bbox 716 1918 758 1939; x_wconf 86' lang='lat'>12.</span> <span class='ocrx_word' id='word_1_408' title='bbox 780 1908 863 1938; x_wconf 92' lang='lat' dir='ltr'>Tunc</span> <span class='ocrx_word' id='word_1_409' title='bbox 871 1907 944 1937; x_wconf 70' lang='lat' dir='ltr'>facto</span> <span class='ocrx_word' id='word_1_410' title='bbox 955 1906 1053 1945; x_wconf 87' lang='lat' dir='ltr'>praelio</span> <span class='ocrx_word' id='word_1_411' title='bbox 1064 1906 1237 1942; x_wconf 77' lang='lat' dir='ltr'>remiserunt,</span> 
     </span>
     <span class='ocr_line' id='line_1_51' title="bbox 132 1945 1113 1985; baseline -0.002 -10"><span class='ocrx_word' id='word_1_412' title='bbox 132 1947 158 1975; x_wconf 68' lang='lat' dir='ltr'>Sc</span> <span class='ocrx_word' id='word_1_413' title='bbox 166 1947 195 1976; x_wconf 92' lang='lat' dir='ltr'>in</span> <span class='ocrx_word' id='word_1_414' title='bbox 206 1948 332 1984; x_wconf 88' lang='lat' dir='ltr'>petenda</span> <span class='ocrx_word' id='word_1_415' title='bbox 342 1957 410 1985; x_wconf 91' lang='lat' dir='ltr'>pace</span> <span class='ocrx_word' id='word_1_416' title='bbox 422 1949 481 1984; x_wconf 72' lang='lat' dir='ltr'>eius</span> <span class='ocrx_word' id='word_1_417' title='bbox 490 1948 529 1977; x_wconf 89' lang='lat' dir='ltr'>rei</span> <span class='ocrx_word' id='word_1_418' title='bbox 540 1947 652 1985; x_wconf 89' lang='lat' dir='ltr'>culpam</span> <span class='ocrx_word' id='word_1_419' title='bbox 662 1948 690 1976; x_wconf 92' lang='lat' dir='ltr'>in</span> <span class='ocrx_word' id='word_1_420' title='bbox 700 1946 913 1977; x_wconf 87' lang='lat' dir='ltr'>multitudinem</span> <span class='ocrx_word' id='word_1_421' title='bbox 921 1945 1113 1981; x_wconf 74' lang='lat' dir='ltr'>coniecerunt.</span> 
     </span>
    </p>

    <p class='ocr_par' dir='ltr' id='par_1_31' title="bbox 112 1980 1238 2099">
     <span class='ocr_line' id='line_1_52' title="bbox 112 1980 1234 2024; baseline -0.003 -10"><span class='ocrx_word' id='word_1_422' title='bbox 112 1983 268 2015; x_wconf 83' lang='lat' dir='ltr'>Flammam</span> <span class='ocrx_word' id='word_1_423' title='bbox 281 1986 393 2017; x_wconf 89' lang='lat' dir='ltr'>illorum</span> <span class='ocrx_word' id='word_1_424' title='bbox 401 1994 559 2024; x_wconf 90' lang='lat' dir='ltr'>temporum</span> <span class='ocrx_word' id='word_1_425' title='bbox 569 1986 709 2021; x_wconf 87' lang='lat' dir='ltr'>conjicere</span> <span class='ocrx_word' id='word_1_426' title='bbox 717 1985 747 2014; x_wconf 88' lang='lat' dir='ltr'>in</span> <span class='ocrx_word' id='word_1_427' title='bbox 758 1985 889 2022; x_wconf 90' lang='lat' dir='ltr'>aliquem.</span> <span class='ocrx_word' id='word_1_428' title='bbox 929 1983 988 2013; x_wconf 86' lang='lat' dir='ltr'>Cic.</span> <span class='ocrx_word' id='word_1_429' title='bbox 1001 1983 1036 2012; x_wconf 91' lang='lat' dir='ltr'>de</span> <span class='ocrx_word' id='word_1_430' title='bbox 1048 1982 1140 2020; x_wconf 85' lang='lat' dir='ltr'>Arusp.</span> <span class='ocrx_word' id='word_1_431' title='bbox 1151 1980 1234 2019; x_wconf 87' lang='lat' dir='ltr'>Resp.</span> 
     </span>
     <span class='ocr_line' id='line_1_53' title="bbox 132 2021 1238 2062; baseline -0.002 -10"><span class='ocrx_word' id='word_1_432' title='bbox 132 2033 179 2058; x_wconf 80' lang='lat'>45.</span> <span class='ocrx_word' id='word_1_433' title='bbox 219 2023 287 2053; x_wconf 87' lang='lat' dir='ltr'>Haec</span> <span class='ocrx_word' id='word_1_434' title='bbox 304 2024 381 2054; x_wconf 92' lang='lat' dir='ltr'>enirn</span> <span class='ocrx_word' id='word_1_435' title='bbox 405 2031 479 2053; x_wconf 88' lang='lat' dir='ltr'>certe</span> <span class='ocrx_word' id='word_1_436' title='bbox 496 2022 665 2062; x_wconf 86' lang='lat' dir='ltr'>petebantur</span> <span class='ocrx_word' id='word_1_437' title='bbox 674 2045 683 2059; x_wconf 87' lang='lat'><em>‚</em></span> <span class='ocrx_word' id='word_1_438' title='bbox 717 2033 804 2060; x_wconf 89' lang='lat' dir='ltr'>quum</span> <span class='ocrx_word' id='word_1_439' title='bbox 822 2023 851 2052; x_wconf 89' lang='lat' dir='ltr'>in</span> <span class='ocrx_word' id='word_1_440' title='bbox 877 2031 921 2051; x_wconf 86' lang='lat' dir='ltr'>me</span> <span class='ocrx_word' id='word_1_441' title='bbox 943 2021 1120 2059; x_wconf 86' lang='lat' dir='ltr'>cognitorem</span> <span class='ocrx_word' id='word_1_442' title='bbox 1137 2021 1238 2051; x_wconf 81' lang='lat' dir='ltr'>harum</span> 
     </span>
     <span class='ocr_line' id='line_1_54' title="bbox 130 2059 1082 2099; baseline -0.001 -9"><span class='ocrx_word' id='word_1_443' title='bbox 130 2060 259 2090; x_wconf 88' lang='lat' dir='ltr'>omnium</span> <span class='ocrx_word' id='word_1_444' title='bbox 268 2072 360 2092; x_wconf 89' lang='lat' dir='ltr'>rerum</span> <span class='ocrx_word' id='word_1_445' title='bbox 368 2084 376 2098; x_wconf 90' lang='lat'>,</span> <span class='ocrx_word' id='word_1_446' title='bbox 397 2061 445 2092; x_wconf 89' lang='lat' dir='ltr'>illa</span> <span class='ocrx_word' id='word_1_447' title='bbox 455 2062 567 2091; x_wconf 82' lang='lat' dir='ltr'>flamma</span> <span class='ocrx_word' id='word_1_448' title='bbox 577 2060 691 2091; x_wconf 92' lang='lat' dir='ltr'>illorum</span> <span class='ocrx_word' id='word_1_449' title='bbox 701 2067 860 2099; x_wconf 90' lang='lat' dir='ltr'>temporum</span> <span class='ocrx_word' id='word_1_450' title='bbox 868 2059 1082 2097; x_wconf 74' lang='lat' dir='ltr'>conjiciebatur.</span> 
     </span>
    </p>

    <p class='ocr_par' dir='ltr' id='par_1_32' title="bbox 111 2097 847 2137">
     <span class='ocr_line' id='line_1_55' title="bbox 111 2097 847 2137; baseline 0 -9"><span class='ocrx_word' id='word_1_451' title='bbox 111 2097 268 2130; x_wconf 71' lang='lat' dir='ltr'>Maledicta</span> <span class='ocrx_word' id='word_1_452' title='bbox 280 2101 310 2129; x_wconf 92' lang='lat' dir='ltr'>in</span> <span class='ocrx_word' id='word_1_453' title='bbox 323 2100 441 2136; x_wconf 78' lang='lat' dir='ltr'>alicuius</span> <span class='ocrx_word' id='word_1_454' title='bbox 452 2101 548 2130; x_wconf 89' lang='lat' dir='ltr'>vitam.</span> <span class='ocrx_word' id='word_1_455' title='bbox 574 2099 632 2129; x_wconf 85' lang='lat' dir='ltr'>Cic.</span> <span class='ocrx_word' id='word_1_456' title='bbox 642 2108 692 2137; x_wconf 89' lang='lat' dir='ltr'>pro</span> <span class='ocrx_word' id='word_1_457' title='bbox 701 2099 792 2130; x_wconf 82' lang='lat' dir='ltr'>Plane.</span> <span class='ocrx_word' id='word_1_458' title='bbox 803 2108 847 2136; x_wconf 87' lang='lat'>30.</span> 
     </span>
    </p>

    <p class='ocr_par' dir='ltr' id='par_1_33' title="bbox 112 2136 770 2175">
     <span class='ocr_line' id='line_1_56' title="bbox 112 2136 770 2175; baseline 0 -8"><span class='ocrx_word' id='word_1_459' title='bbox 112 2136 146 2167; x_wconf 88' lang='lat' dir='ltr'>In</span> <span class='ocrx_word' id='word_1_460' title='bbox 156 2137 302 2175; x_wconf 88' lang='lat' dir='ltr'>epistolam</span> <span class='ocrx_word' id='word_1_461' title='bbox 310 2137 447 2168; x_wconf 89' lang='lat' dir='ltr'>libellum.</span> <span class='ocrx_word' id='word_1_462' title='bbox 469 2138 526 2168; x_wconf 88' lang='lat' dir='ltr'>Cic.</span> <span class='ocrx_word' id='word_1_463' title='bbox 539 2148 564 2173; x_wconf 86' lang='lat'>9.</span> <span class='ocrx_word' id='word_1_464' title='bbox 578 2138 629 2167; x_wconf 80' lang='lat' dir='ltr'>Att.</span> <span class='ocrx_word' id='word_1_465' title='bbox 642 2146 681 2173; x_wconf 85' lang='lat'>13.</span> <span class='ocrx_word' id='word_1_466' title='bbox 701 2143 770 2167; x_wconf 85' lang='lat' dir='ltr'>extr.</span> 
     </span>
    </p>

    <p class='ocr_par' dir='ltr' id='par_1_34' title="bbox 111 2173 1097 2214">
     <span class='ocr_line' id='line_1_57' title="bbox 111 2173 1097 2214; baseline -0.002 -10"><span class='ocrx_word' id='word_1_467' title='bbox 111 2174 144 2205; x_wconf 87' lang='lat' dir='ltr'>In</span> <span class='ocrx_word' id='word_1_468' title='bbox 154 2174 274 2205; x_wconf 88' lang='lat' dir='ltr'>eandem</span> <span class='ocrx_word' id='word_1_469' title='bbox 284 2175 427 2214; x_wconf 88' lang='lat' dir='ltr'>epistolam</span> <span class='ocrx_word' id='word_1_470' title='bbox 438 2175 517 2214; x_wconf 90' lang='lat' dir='ltr'>plura</span> <span class='ocrx_word' id='word_1_471' title='bbox 551 2182 664 2205; x_wconf 83' lang='lat' dir='ltr'>raeterea</span> <span class='ocrx_word' id='word_1_472' title='bbox 678 2175 800 2212; x_wconf 84' lang='lat' dir='ltr'>conjeci.</span> <span class='ocrx_word' id='word_1_473' title='bbox 822 2173 880 2204; x_wconf 91' lang='lat' dir='ltr'>Cic.</span> <span class='ocrx_word' id='word_1_474' title='bbox 892 2181 919 2212; x_wconf 87' lang='lat'>7.</span> <span class='ocrx_word' id='word_1_475' title='bbox 931 2173 984 2203; x_wconf 87' lang='lat' dir='ltr'>Att.</span> <span class='ocrx_word' id='word_1_476' title='bbox 1001 2176 1043 2203; x_wconf 89' lang='lat'>16.</span> <span class='ocrx_word' id='word_1_477' title='bbox 1055 2181 1097 2211; x_wconf 85' lang='lat' dir='ltr'>pr.</span> 
     </span>
    </p>

    <p class='ocr_par' dir='ltr' id='par_1_35' title="bbox 111 2212 692 2244">
     <span class='ocr_line' id='line_1_58' title="bbox 111 2212 692 2244; baseline 0.002 -2"><span class='ocrx_word' id='word_1_478' title='bbox 111 2212 144 2243; x_wconf 85' lang='lat' dir='ltr'>In</span> <span class='ocrx_word' id='word_1_479' title='bbox 153 2213 315 2244; x_wconf 86' lang='lat' dir='ltr'>fasciculum</span> <span class='ocrx_word' id='word_1_480' title='bbox 326 2214 384 2244; x_wconf 90' lang='lat' dir='ltr'>suas</span> <span class='ocrx_word' id='word_1_481' title='bbox 393 2214 507 2244; x_wconf 84' lang='lat' dir='ltr'>litteras.</span> <span class='ocrx_word' id='word_1_482' title='bbox 553 2213 587 2244; x_wconf 89' lang='lat' dir='ltr'>ic.</span> <span class='ocrx_word' id='word_1_483' title='bbox 600 2223 626 2243; x_wconf 89' lang='lat'>2.</span> <span class='ocrx_word' id='word_1_484' title='bbox 639 2214 692 2243; x_wconf 72' lang='lat' dir='ltr'>Art.</span> 
     </span>
    </p>

    <p class='ocr_par' dir='ltr' id='par_1_36' title="bbox 112 2247 1239 2358">
     <span class='ocr_line' id='line_1_59' title="bbox 112 2247 1236 2288; baseline -0.004 -7"><span class='ocrx_word' id='word_1_485' title='bbox 112 2251 260 2288; x_wconf 85' lang='lat' dir='ltr'>Conjicere</span> <span class='ocrx_word' id='word_1_486' title='bbox 272 2252 302 2281; x_wconf 93' lang='lat' dir='ltr'>in</span> <span class='ocrx_word' id='word_1_487' title='bbox 312 2252 424 2282; x_wconf 91' lang='lat' dir='ltr'>librum.</span> <span class='ocrx_word' id='word_1_488' title='bbox 465 2252 523 2282; x_wconf 88' lang='lat' dir='ltr'>Cic.</span> <span class='ocrx_word' id='word_1_489' title='bbox 537 2255 580 2281; x_wconf 86' lang='grc'>16.</span> <span class='ocrx_word' id='word_1_490' title='bbox 593 2252 646 2281; x_wconf 86' lang='grc' dir='ltr'><strong>Α11.</strong></span> <span class='ocrx_word' id='word_1_491' title='bbox 660 2255 686 2281; x_wconf 90' lang='grc'>6.</span> <span class='ocrx_word' id='word_1_492' title='bbox 710 2251 806 2288; x_wconf 82' lang='lat' dir='ltr'>Itaque</span> <span class='ocrx_word' id='word_1_493' title='bbox 818 2249 913 2286; x_wconf 85' lang='lat' dir='ltr'>jamin</span> <span class='ocrx_word' id='word_1_494' title='bbox 923 2248 1082 2279; x_wconf 86' lang='lat' dir='ltr'>Tusculano</span> <span class='ocrx_word' id='word_1_495' title='bbox 1091 2271 1100 2284; x_wconf 89' lang='lat'><strong>‚</strong></span> <span class='ocrx_word' id='word_1_496' title='bbox 1121 2247 1168 2286; x_wconf 90' lang='lat' dir='ltr'>qui</span> <span class='ocrx_word' id='word_1_497' title='bbox 1178 2255 1236 2277; x_wconf 83' lang='lat' dir='ltr'>non</span> 
     </span>
     <span class='ocr_line' id='line_1_60' title="bbox 131 2287 1239 2357; baseline -0.003 -38"><span class='ocrx_word' id='word_1_498' title='bbox 131 2289 319 2357; x_wconf 57' lang='lat' dir='ltr'>mgminIiffem</span> <span class='ocrx_word' id='word_1_499' title='bbox 328 2299 374 2320; x_wconf 88' lang='lat' dir='ltr'>me</span> <span class='ocrx_word' id='word_1_500' title='bbox 389 2289 505 2321; x_wconf 87' lang='lat' dir='ltr'>abusum</span> <span class='ocrx_word' id='word_1_501' title='bbox 515 2290 566 2320; x_wconf 92' lang='lat' dir='ltr'>isto</span> <span class='ocrx_word' id='word_1_502' title='bbox 576 2289 730 2329; x_wconf 84' lang='lat' dir='ltr'>prooemio,</span> <span class='ocrx_word' id='word_1_503' title='bbox 741 2289 854 2325; x_wconf 84' lang='lat' dir='ltr'>conjeci</span> <span class='ocrx_word' id='word_1_504' title='bbox 863 2288 893 2317; x_wconf 91' lang='lat' dir='ltr'>id</span> <span class='ocrx_word' id='word_1_505' title='bbox 903 2288 933 2317; x_wconf 89' lang='lat' dir='ltr'>in</span> <span class='ocrx_word' id='word_1_506' title='bbox 944 2297 1010 2317; x_wconf 89' lang='lat' dir='ltr'>eum</span> <span class='ocrx_word' id='word_1_507' title='bbox 1022 2287 1136 2322; x_wconf 83' lang='lat' dir='ltr'>librum,</span> <span class='ocrx_word' id='word_1_508' title='bbox 1154 2295 1239 2324; x_wconf 83' lang='lat' dir='ltr'>quern</span> 
     </span>
     <span class='ocr_line' id='line_1_61' title="bbox 131 2329 261 2358; baseline 0.008 -1"><span class='ocrx_word' id='word_1_509' title='bbox 131 2329 151 2357; x_wconf 91' lang='lat' dir='ltr'>ti</span> <span class='ocrx_word' id='word_1_510' title='bbox 175 2329 232 2358; x_wconf 92' lang='lat' dir='ltr'>imi</span> <span class='ocrx_word' id='word_1_511' title='bbox 243 2339 261 2358; x_wconf 86' lang='grc'>1.</span> 
     </span>
    </p>

    <p class='ocr_par' dir='ltr' id='par_1_37' title="bbox 112 2363 1241 2477">
     <span class='ocr_line' id='line_1_62' title="bbox 112 2363 1241 2403; baseline -0.004 -7"><span class='ocrx_word' id='word_1_512' title='bbox 112 2365 145 2396; x_wconf 83' lang='lat' dir='ltr'>In</span> <span class='ocrx_word' id='word_1_513' title='bbox 156 2366 234 2396; x_wconf 86' lang='lat' dir='ltr'>locos</span> <span class='ocrx_word' id='word_1_514' title='bbox 246 2375 421 2396; x_wconf 84' lang='lat' dir='ltr'>communes.</span> <span class='ocrx_word' id='word_1_515' title='bbox 456 2365 513 2395; x_wconf 90' lang='lat' dir='ltr'>Cic.</span> <span class='ocrx_word' id='word_1_516' title='bbox 523 2365 553 2395; x_wconf 90' lang='lat' dir='ltr'>in</span> <span class='ocrx_word' id='word_1_517' title='bbox 562 2365 658 2395; x_wconf 88' lang='lat' dir='ltr'>Parad.</span> <span class='ocrx_word' id='word_1_518' title='bbox 670 2374 694 2394; x_wconf 89' lang='lat'>1.</span> <span class='ocrx_word' id='word_1_519' title='bbox 715 2364 774 2403; x_wconf 87' lang='lat' dir='ltr'>Ego</span> <span class='ocrx_word' id='word_1_520' title='bbox 786 2370 879 2394; x_wconf 88' lang='lat' dir='ltr'>autem</span> <span class='ocrx_word' id='word_1_521' title='bbox 893 2363 940 2393; x_wconf 88' lang='lat' dir='ltr'>illa</span> <span class='ocrx_word' id='word_1_522' title='bbox 949 2363 1007 2401; x_wconf 87' lang='lat' dir='ltr'>ipsa</span> <span class='ocrx_word' id='word_1_523' title='bbox 1016 2372 1076 2400; x_wconf 73' lang='lat' dir='ltr'>quae</span> <span class='ocrx_word' id='word_1_524' title='bbox 1088 2363 1136 2393; x_wconf 85' lang='lat' dir='ltr'>vix</span> <span class='ocrx_word' id='word_1_525' title='bbox 1151 2363 1180 2392; x_wconf 91' lang='lat' dir='ltr'>in</span> <span class='ocrx_word' id='word_1_526' title='bbox 1192 2372 1241 2400; x_wconf 82' lang='lat' dir='ltr'>gy-</span> 
     </span>
     <span class='ocr_line' id='line_1_63' title="bbox 132 2401 1218 2440; baseline -0.004 -6"><span class='ocrx_word' id='word_1_527' title='bbox 132 2404 242 2434; x_wconf 72' lang='lat' dir='ltr'>mnasiis</span> <span class='ocrx_word' id='word_1_528' title='bbox 252 2426 260 2440; x_wconf 80' lang='lat'><strong>‚</strong></span> <span class='ocrx_word' id='word_1_529' title='bbox 281 2406 308 2434; x_wconf 86' lang='lat'>&amp;</span> <span class='ocrx_word' id='word_1_530' title='bbox 316 2405 346 2433; x_wconf 88' lang='lat' dir='ltr'>in</span> <span class='ocrx_word' id='word_1_531' title='bbox 353 2404 412 2434; x_wconf 90' lang='lat' dir='ltr'>otio</span> <span class='ocrx_word' id='word_1_532' title='bbox 421 2404 508 2434; x_wconf 88' lang='lat' dir='ltr'>Stoici</span> <span class='ocrx_word' id='word_1_533' title='bbox 523 2404 644 2440; x_wconf 89' lang='lat' dir='ltr'>probant</span> <span class='ocrx_word' id='word_1_534' title='bbox 652 2424 661 2439; x_wconf 88' lang='lat'>‚</span> <span class='ocrx_word' id='word_1_535' title='bbox 682 2402 783 2432; x_wconf 88' lang='lat' dir='ltr'>ludens</span> <span class='ocrx_word' id='word_1_536' title='bbox 795 2403 904 2436; x_wconf 84' lang='lat' dir='ltr'>conieci</span> <span class='ocrx_word' id='word_1_537' title='bbox 916 2403 946 2431; x_wconf 89' lang='lat' dir='ltr'>in</span> <span class='ocrx_word' id='word_1_538' title='bbox 953 2410 1119 2431; x_wconf 88' lang='lat' dir='ltr'>communes</span> <span class='ocrx_word' id='word_1_539' title='bbox 1128 2401 1218 2431; x_wconf 80' lang='lat' dir='ltr'>locos.</span> 
     </span>
     <span class='ocr_line' id='line_1_64' title="bbox 113 2439 1238 2477; baseline -0.003 -5"><span class='ocrx_word' id='word_1_540' title='bbox 113 2441 146 2472; x_wconf 82' lang='lat' dir='ltr'>In</span> <span class='ocrx_word' id='word_1_541' title='bbox 163 2442 272 2472; x_wconf 87' lang='lat' dir='ltr'>versum</span> <span class='ocrx_word' id='word_1_542' title='bbox 289 2442 316 2472; x_wconf 91' lang='lat' dir='ltr'>se</span> <span class='ocrx_word' id='word_1_543' title='bbox 326 2448 422 2472; x_wconf 87' lang='lat' dir='ltr'>mente</span> <span class='ocrx_word' id='word_1_544' title='bbox 435 2451 468 2471; x_wconf 88' lang='lat' dir='ltr'>ac</span> <span class='ocrx_word' id='word_1_545' title='bbox 487 2442 631 2471; x_wconf 85' lang='lat' dir='ltr'>voluntate</span> <span class='ocrx_word' id='word_1_546' title='bbox 645 2441 795 2477; x_wconf 87' lang='lat' dir='ltr'>conjicere.</span> <span class='ocrx_word' id='word_1_547' title='bbox 836 2440 896 2470; x_wconf 92' lang='lat' dir='ltr'>Cic.</span> <span class='ocrx_word' id='word_1_548' title='bbox 910 2449 934 2477; x_wconf 83' lang='lat'>3.</span> <span class='ocrx_word' id='word_1_549' title='bbox 946 2440 982 2469; x_wconf 89' lang='lat' dir='ltr'>de</span> <span class='ocrx_word' id='word_1_550' title='bbox 993 2439 1071 2470; x_wconf 84' lang='lat' dir='ltr'>Orat.</span> <span class='ocrx_word' id='word_1_551' title='bbox 1083 2448 1145 2475; x_wconf 81' lang='lat'>¹92-</span> <span class='ocrx_word' id='word_1_552' title='bbox 1165 2439 1194 2469; x_wconf 76' lang='lat' dir='ltr'>h.</span> <span class='ocrx_word' id='word_1_553' title='bbox 1212 2447 1238 2469; x_wconf 81' lang='lat' dir='ltr'>e.</span> 
     </span>
    </p>

    <p class='ocr_par' dir='ltr' id='par_1_38' title="bbox 111 2479 1097 2708">
     <span class='ocr_line' id='line_1_65' title="bbox 134 2479 732 2510; baseline -0.002 -1"><span class='ocrx_word' id='word_1_554' title='bbox 134 2480 174 2509; x_wconf 84' lang='lat' dir='ltr'>Ad</span> <span class='ocrx_word' id='word_1_555' title='bbox 183 2480 276 2510; x_wconf 90' lang='lat' dir='ltr'>versus</span> <span class='ocrx_word' id='word_1_556' title='bbox 286 2480 431 2510; x_wconf 87' lang='lat' dir='ltr'>faciendos</span> <span class='ocrx_word' id='word_1_557' title='bbox 439 2480 567 2509; x_wconf 86' lang='lat' dir='ltr'>animum</span> <span class='ocrx_word' id='word_1_558' title='bbox 575 2479 732 2509; x_wconf 87' lang='lat' dir='ltr'>intendere.</span> 
     </span>
     <span class='ocr_line' id='line_1_66' title="bbox 112 2515 1097 2555; baseline -0.003 -7"><span class='ocrx_word' id='word_1_559' title='bbox 112 2517 170 2548; x_wconf 88' lang='lat' dir='ltr'>Sub</span> <span class='ocrx_word' id='word_1_560' title='bbox 182 2517 266 2549; x_wconf 84' lang='lat' dir='ltr'>scalas</span> <span class='ocrx_word' id='word_1_561' title='bbox 278 2518 399 2548; x_wconf 82' lang='lat' dir='ltr'>tabernae</span> <span class='ocrx_word' id='word_1_562' title='bbox 411 2517 529 2548; x_wconf 72' lang='lat' dir='ltr'>librariae</span> <span class='ocrx_word' id='word_1_563' title='bbox 542 2518 568 2547; x_wconf 84' lang='lat' dir='ltr'>fe</span> <span class='ocrx_word' id='word_1_564' title='bbox 580 2539 589 2554; x_wconf 89' lang='lat'><strong>‚</strong></span> <span class='ocrx_word' id='word_1_565' title='bbox 611 2517 779 2555; x_wconf 84' lang='lat' dir='ltr'>Confugere.</span> <span class='ocrx_word' id='word_1_566' title='bbox 800 2516 860 2546; x_wconf 92' lang='lat' dir='ltr'>Cic.</span> <span class='ocrx_word' id='word_1_567' title='bbox 872 2525 898 2547; x_wconf 90' lang='lat'>2.</span> <span class='ocrx_word' id='word_1_568' title='bbox 911 2515 1033 2555; x_wconf 83' lang='lat' dir='ltr'>Philipp.</span> <span class='ocrx_word' id='word_1_569' title='bbox 1049 2524 1097 2546; x_wconf 70' lang='lat' dir='ltr'>ar.</span> 
     </span>
     <span class='ocr_line' id='line_1_67' title="bbox 111 2555 770 2595; baseline -0.005 -8"><span class='ocrx_word' id='word_1_570' title='bbox 111 2556 203 2595; x_wconf 85' lang='lat' dir='ltr'>Super</span> <span class='ocrx_word' id='word_1_571' title='bbox 213 2557 320 2594; x_wconf 89' lang='lat' dir='ltr'>aliquid</span> <span class='ocrx_word' id='word_1_572' title='bbox 329 2557 480 2592; x_wconf 82' lang='lat' dir='ltr'>conjicere.</span> <span class='ocrx_word' id='word_1_573' title='bbox 503 2556 576 2594; x_wconf 90' lang='lat' dir='ltr'>Virg.</span> <span class='ocrx_word' id='word_1_574' title='bbox 588 2559 614 2586; x_wconf 87' lang='lat'>6.</span> <span class='ocrx_word' id='word_1_575' title='bbox 634 2555 694 2585; x_wconf 80' lang='lat' dir='ltr'>AEn.</span> <span class='ocrx_word' id='word_1_576' title='bbox 706 2564 770 2585; x_wconf 81' lang='lat'>222.</span> 
     </span>
     <span class='ocr_line' id='line_1_68' title="bbox 309 2594 829 2631; baseline -0.006 -7"><span class='ocrx_word' id='word_1_577' title='bbox 309 2609 347 2615; x_wconf 88' lang='lat'>—</span> <span class='ocrx_word' id='word_1_578' title='bbox 354 2594 479 2624; x_wconf 90' lang='lat' dir='ltr'>membra</span> <span class='ocrx_word' id='word_1_579' title='bbox 491 2600 553 2624; x_wconf 86' lang='lat' dir='ltr'>toro</span> <span class='ocrx_word' id='word_1_580' title='bbox 565 2594 667 2624; x_wconf 89' lang='lat' dir='ltr'>defleta</span> <span class='ocrx_word' id='word_1_581' title='bbox 675 2597 829 2631; x_wconf 85' lang='lat' dir='ltr'>reponunt,</span> 
     </span>
     <span class='ocr_line' id='line_1_69' title="bbox 206 2631 874 2671; baseline -0.004 -9"><span class='ocrx_word' id='word_1_582' title='bbox 206 2631 410 2671; x_wconf 83' lang='lat' dir='ltr'>Purpureasque</span> <span class='ocrx_word' id='word_1_583' title='bbox 420 2632 501 2671; x_wconf 86' lang='lat' dir='ltr'>super</span> <span class='ocrx_word' id='word_1_584' title='bbox 510 2633 597 2662; x_wconf 88' lang='lat' dir='ltr'>vestes</span> <span class='ocrx_word' id='word_1_585' title='bbox 605 2654 614 2668; x_wconf 89' lang='lat'>,</span> <span class='ocrx_word' id='word_1_586' title='bbox 637 2631 777 2662; x_wconf 86' lang='lat' dir='ltr'>velamina</span> <span class='ocrx_word' id='word_1_587' title='bbox 787 2637 854 2660; x_wconf 89' lang='lat' dir='ltr'>nota</span> <span class='ocrx_word' id='word_1_588' title='bbox 864 2651 874 2666; x_wconf 91' lang='lat'>,</span> 
     </span>
     <span class='ocr_line' id='line_1_70' title="bbox 207 2671 378 2708; baseline 0 -8"><span class='ocrx_word' id='word_1_589' title='bbox 207 2671 378 2708; x_wconf 88' lang='lat' dir='ltr'>Conjiciunt.</span> 
     </span>
    </p>
   </div>
   <div class='ocr_carea' id='block_1_8' title="bbox 113 2704 1239 2785">
    <p class='ocr_par' dir='ltr' id='par_1_39' title="bbox 113 2704 1239 2785">
     <span class='ocr_line' id='line_1_71' title="bbox 113 2704 1239 2747; baseline -0.005 -7"><span class='ocrx_word' id='word_1_590' title='bbox 113 2708 260 2745; x_wconf 80' lang='lat' dir='ltr'>Conjicere</span> <span class='ocrx_word' id='word_1_591' title='bbox 279 2708 466 2747; x_wconf 55' lang='grc' dir='ltr'>[συμζοίωιῃ</span> <span class='ocrx_word' id='word_1_592' title='bbox 482 2705 646 2745; x_wconf 45' lang='lat' dir='ltr'>opificem]</span> <span class='ocrx_word' id='word_1_593' title='bbox 666 2706 777 2737; x_wconf 86' lang='lat' dir='ltr'>Habere</span> <span class='ocrx_word' id='word_1_594' title='bbox 786 2705 830 2735; x_wconf 90' lang='lat' dir='ltr'>vel</span> <span class='ocrx_word' id='word_1_595' title='bbox 849 2704 1008 2743; x_wconf 82' lang='lat' dir='ltr'>Concipere</span> <span class='ocrx_word' id='word_1_596' title='bbox 1021 2704 1188 2743; x_wconf 82' lang='lat' dir='ltr'>opinionem</span> <span class='ocrx_word' id='word_1_597' title='bbox 1203 2705 1239 2735; x_wconf 84' lang='lat' dir='ltr'>de</span> 
     </span>
     <span class='ocr_line' id='line_1_72' title="bbox 131 2744 1153 2785; baseline -0.004 -8"><span class='ocrx_word' id='word_1_598' title='bbox 131 2757 163 2778; x_wconf 84' lang='lat' dir='ltr'>re</span> <span class='ocrx_word' id='word_1_599' title='bbox 173 2747 273 2785; x_wconf 75' lang='lat' dir='ltr'>aliqua.</span> <span class='ocrx_word' id='word_1_600' title='bbox 290 2746 354 2777; x_wconf 89' lang='lat' dir='ltr'>Ter.</span> <span class='ocrx_word' id='word_1_601' title='bbox 367 2747 468 2777; x_wconf 83' lang='lat' dir='ltr'>Heaut.</span> <span class='ocrx_word' id='word_1_602' title='bbox 483 2756 507 2776; x_wconf 87' lang='lat'>1.</span> <span class='ocrx_word' id='word_1_603' title='bbox 521 2756 545 2775; x_wconf 87' lang='lat'>1.</span> <span class='ocrx_word' id='word_1_604' title='bbox 559 2756 569 2775; x_wconf 88' lang='lat'>1</span> <span class='ocrx_word' id='word_1_605' title='bbox 578 2755 601 2775; x_wconf 84' lang='grc'>1.</span> <span class='ocrx_word' id='word_1_606' title='bbox 719 2753 855 2775; x_wconf 82' lang='lat' dir='ltr'>——annos</span> <span class='ocrx_word' id='word_1_607' title='bbox 865 2744 1005 2782; x_wconf 84' lang='lat' dir='ltr'>sexaginta</span> <span class='ocrx_word' id='word_1_608' title='bbox 1014 2749 1095 2773; x_wconf 87' lang='lat' dir='ltr'>natus</span> <span class='ocrx_word' id='word_1_609' title='bbox 1104 2752 1134 2773; x_wconf 87' lang='lat' dir='ltr'>es</span> <span class='ocrx_word' id='word_1_610' title='bbox 1144 2763 1153 2779; x_wconf 76' lang='lat'>,</span> 
     </span>
    </p>
   </div>
   <div class='ocr_carea' id='block_1_9' title="bbox 112 2784 1054 2975">
    <p class='ocr_par' dir='ltr' id='par_1_40' title="bbox 112 2784 1054 2975">
     <span class='ocr_line' id='line_1_73' title="bbox 207 2784 598 2824; baseline -0.005 -9"><span class='ocrx_word' id='word_1_611' title='bbox 207 2786 260 2815; x_wconf 85' lang='lat' dir='ltr'>Aut</span> <span class='ocrx_word' id='word_1_612' title='bbox 273 2785 337 2824; x_wconf 88' lang='lat' dir='ltr'>plus</span> <span class='ocrx_word' id='word_1_613' title='bbox 347 2794 382 2814; x_wconf 85' lang='grc'>00</span> <span class='ocrx_word' id='word_1_614' title='bbox 392 2807 400 2821; x_wconf 90' lang='grc'><em>,</em></span> <span class='ocrx_word' id='word_1_615' title='bbox 421 2791 453 2815; x_wconf 84' lang='grc'>111</span> <span class='ocrx_word' id='word_1_616' title='bbox 465 2784 598 2820; x_wconf 78' lang='lat' dir='ltr'>conjicio.</span> 
     </span>
     <span class='ocr_line' id='line_1_74' title="bbox 113 2822 572 2861; baseline -0.004 -8"><span class='ocrx_word' id='word_1_617' title='bbox 113 2824 201 2853; x_wconf 70' lang='lat' dir='ltr'>Acute</span> <span class='ocrx_word' id='word_1_618' title='bbox 210 2830 368 2861; x_wconf 79' lang='lat' dir='ltr'>arguteque.</span> <span class='ocrx_word' id='word_1_619' title='bbox 409 2822 442 2853; x_wconf 86' lang='lat' dir='ltr'>In</span> <span class='ocrx_word' id='word_1_620' title='bbox 463 2831 507 2852; x_wconf 75' lang='lat' dir='ltr'>Ac</span> <span class='ocrx_word' id='word_1_621' title='bbox 515 2832 534 2851; x_wconf 88' lang='grc' dir='ltr'><em>υ</em></span> <span class='ocrx_word' id='word_1_622' title='bbox 544 2832 572 2852; x_wconf 87' lang='lat' dir='ltr'>o.</span> 
     </span>
     <span class='ocr_line' id='line_1_75' title="bbox 112 2860 692 2900; baseline -0.002 -9"><span class='ocrx_word' id='word_1_623' title='bbox 112 2861 197 2891; x_wconf 70' lang='lat' dir='ltr'>Aliud</span> <span class='ocrx_word' id='word_1_624' title='bbox 212 2861 267 2891; x_wconf 89' lang='lat' dir='ltr'>alio</span> <span class='ocrx_word' id='word_1_625' title='bbox 279 2867 414 2900; x_wconf 88' lang='lat' dir='ltr'>tempore.</span> <span class='ocrx_word' id='word_1_626' title='bbox 436 2860 494 2890; x_wconf 90' lang='lat' dir='ltr'>Cic.</span> <span class='ocrx_word' id='word_1_627' title='bbox 507 2869 532 2897; x_wconf 87' lang='lat'>3.</span> <span class='ocrx_word' id='word_1_628' title='bbox 543 2860 579 2897; x_wconf 80' lang='lat' dir='ltr'>Q.</span> <span class='ocrx_word' id='word_1_629' title='bbox 592 2860 653 2890; x_wconf 87' lang='lat' dir='ltr'>frat.</span> <span class='ocrx_word' id='word_1_630' title='bbox 666 2865 692 2890; x_wconf 84' lang='grc'>1.</span> 
     </span>
     <span class='ocr_line' id='line_1_76' title="bbox 113 2899 661 2936; baseline -0.005 -6"><span class='ocrx_word' id='word_1_631' title='bbox 113 2899 191 2931; x_wconf 87' lang='lat' dir='ltr'>Dese</span> <span class='ocrx_word' id='word_1_632' title='bbox 200 2900 348 2936; x_wconf 83' lang='lat' dir='ltr'>conjicere.</span> <span class='ocrx_word' id='word_1_633' title='bbox 372 2899 432 2929; x_wconf 86' lang='lat' dir='ltr'>Cic.</span> <span class='ocrx_word' id='word_1_634' title='bbox 444 2907 469 2935; x_wconf 83' lang='lat'>3.</span> <span class='ocrx_word' id='word_1_635' title='bbox 481 2899 517 2928; x_wconf 91' lang='lat' dir='ltr'>de</span> <span class='ocrx_word' id='word_1_636' title='bbox 528 2899 604 2928; x_wconf 85' lang='lat' dir='ltr'>Orat.</span> <span class='ocrx_word' id='word_1_637' title='bbox 615 2903 661 2934; x_wconf 76' lang='lat'>48.</span> 
     </span>
     <span class='ocr_line' id='line_1_77' title="bbox 113 2932 1054 2975; baseline -0.006 -7"><span class='ocrx_word' id='word_1_638' title='bbox 113 2939 156 2969; x_wconf 85' lang='lat' dir='ltr'>Ex</span> <span class='ocrx_word' id='word_1_639' title='bbox 167 2937 280 2968; x_wconf 88' lang='lat' dir='ltr'>oraculo</span> <span class='ocrx_word' id='word_1_640' title='bbox 290 2944 370 2967; x_wconf 87' lang='lat' dir='ltr'>acute</span> <span class='ocrx_word' id='word_1_641' title='bbox 381 2943 532 2975; x_wconf 85' lang='lat' dir='ltr'>arguteque</span> <span class='ocrx_word' id='word_1_642' title='bbox 543 2937 692 2975; x_wconf 81' lang='lat' dir='ltr'>conjicere.</span> <span class='ocrx_word' id='word_1_643' title='bbox 716 2933 775 2964; x_wconf 87' lang='lat' dir='ltr'>Cic.</span> <span class='ocrx_word' id='word_1_644' title='bbox 788 2932 825 2964; x_wconf 84' lang='lat' dir='ltr'>de</span> <span class='ocrx_word' id='word_1_645' title='bbox 836 2932 907 2963; x_wconf 80' lang='lat' dir='ltr'>Clar.</span> <span class='ocrx_word' id='word_1_646' title='bbox 919 2932 998 2963; x_wconf 83' lang='lat' dir='ltr'>Orat.</span> <span class='ocrx_word' id='word_1_647' title='bbox 1011 2941 1054 2967; x_wconf 73' lang='lat'>52·</span> 
     </span>
    </p>
   </div>
   <div class='ocr_carea' id='block_1_10' title="bbox 75 2969 1211 3012">
    <p class='ocr_par' dir='ltr' id='par_1_41' title="bbox 75 2969 1211 3012">
     <span class='ocr_line' id='line_1_78' title="bbox 75 2969 1211 3012; baseline -0.006 -5"><span class='ocrx_word' id='word_1_648' title='bbox 75 2975 387 3012; x_wconf 59' lang='lat' dir='ltr'>muneramus,</span> <span class='ocrx_word' id='word_1_649' title='bbox 409 2985 443 3010; x_wconf 88' lang='lat' dir='ltr'>a,</span> <span class='ocrx_word' id='word_1_650' title='bbox 464 2983 521 3005; x_wconf 84' lang='lat' dir='ltr'>um.</span> <span class='ocrx_word' id='word_1_651' title='bbox 544 2973 732 3011; x_wconf 52' lang='grc' dir='ltr'>[ἒμςλητέεῷψ]</span> <span class='ocrx_word' id='word_1_652' title='bbox 753 2973 848 3002; x_wconf 84' lang='lat' dir='ltr'>Partic.</span> <span class='ocrx_word' id='word_1_653' title='bbox 872 2972 998 3009; x_wconf 88' lang='lat' dir='ltr'>Ovid.3.</span> <span class='ocrx_word' id='word_1_654' title='bbox 1013 2969 1096 3001; x_wconf 82' lang='lat' dir='ltr'>Trist.</span> <span class='ocrx_word' id='word_1_655' title='bbox 1111 2972 1211 3007; x_wconf 78' lang='lat'>11.46.</span> 
     </span>
    </p>
   </div>
   <div class='ocr_carea' id='block_1_11' title="bbox 208 3010 919 3088">
    <p class='ocr_par' dir='ltr' id='par_1_42' title="bbox 208 3010 919 3088">
     <span class='ocr_line' id='line_1_79' title="bbox 208 3010 896 3053; baseline -0.007 -10"><span class='ocrx_word' id='word_1_656' title='bbox 208 3013 314 3052; x_wconf 86' lang='lat' dir='ltr'>Aspicis</span> <span class='ocrx_word' id='word_1_657' title='bbox 324 3023 340 3043; x_wconf 86' lang='lat' dir='ltr'>a</span> <span class='ocrx_word' id='word_1_658' title='bbox 353 3014 450 3043; x_wconf 86' lang='lat' dir='ltr'>dextra</span> <span class='ocrx_word' id='word_1_659' title='bbox 465 3013 538 3042; x_wconf 87' lang='lat' dir='ltr'>latus</span> <span class='ocrx_word' id='word_1_660' title='bbox 549 3012 604 3042; x_wconf 88' lang='lat' dir='ltr'>hoc</span> <span class='ocrx_word' id='word_1_661' title='bbox 616 3010 770 3050; x_wconf 85' lang='lat' dir='ltr'>adapertile</span> <span class='ocrx_word' id='word_1_662' title='bbox 780 3010 872 3039; x_wconf 73' lang='lat' dir='ltr'>tauri?</span> <span class='ocrx_word' id='word_1_663' title='bbox 891 3047 896 3053; x_wconf 37' lang='lat'><em>¹</em></span> 
     </span>
     <span class='ocr_line' id='line_1_80' title="bbox 250 3049 919 3088; baseline -0.007 -7"><span class='ocrx_word' id='word_1_664' title='bbox 250 3051 314 3082; x_wconf 88' lang='lat' dir='ltr'>Huc</span> <span class='ocrx_word' id='word_1_665' title='bbox 326 3051 398 3087; x_wconf 88' lang='lat' dir='ltr'>tibi,</span> <span class='ocrx_word' id='word_1_666' title='bbox 418 3061 501 3088; x_wconf 88' lang='lat' dir='ltr'>quem</span> <span class='ocrx_word' id='word_1_667' title='bbox 513 3051 613 3088; x_wconf 89' lang='lat' dir='ltr'>perdes</span> <span class='ocrx_word' id='word_1_668' title='bbox 622 3072 631 3085; x_wconf 85' lang='lat'>,</span> <span class='ocrx_word' id='word_1_669' title='bbox 651 3049 848 3084; x_wconf 83' lang='lat' dir='ltr'>conjiciendus</span> <span class='ocrx_word' id='word_1_670' title='bbox 858 3053 919 3077; x_wconf 84' lang='lat' dir='ltr'>etit.</span> 
     </span>
    </p>
   </div>
   <div class='ocr_carea' id='block_1_12' title="bbox 74 3087 820 3127">
    <p class='ocr_par' dir='ltr' id='par_1_43' title="bbox 74 3087 820 3127">
     <span class='ocr_line' id='line_1_81' title="bbox 74 3087 820 3127; baseline -0.008 -6"><span class='ocrx_word' id='word_1_671' title='bbox 74 3091 261 3124; x_wconf 71' lang='lat' dir='ltr'>commo.</span> <span class='ocrx_word' id='word_1_672' title='bbox 282 3098 349 3119; x_wconf 84' lang='lat' dir='ltr'>cum</span> <span class='ocrx_word' id='word_1_673' title='bbox 369 3100 379 3119; x_wconf 86' lang='lat'>1</span> <span class='ocrx_word' id='word_1_674' title='bbox 401 3088 529 3127; x_wconf 76' lang='lat' dir='ltr'>simplici.</span> <span class='ocrx_word' id='word_1_675' title='bbox 553 3089 624 3126; x_wconf 86' lang='lat' dir='ltr'>Virg.</span> <span class='ocrx_word' id='word_1_676' title='bbox 639 3097 663 3124; x_wconf 89' lang='lat'>9.</span> <span class='ocrx_word' id='word_1_677' title='bbox 680 3087 820 3122; x_wconf 83' lang='lat' dir='ltr'>AEn.411.</span> 
     </span>
    </p>
   </div>
   <div class='ocr_carea' id='block_1_13' title="bbox 114 3124 1241 3278">
    <p class='ocr_par' dir='ltr' id='par_1_44' title="bbox 195 3124 905 3167">
     <span class='ocr_line' id='line_1_82' title="bbox 195 3124 905 3167; baseline -0.008 -9"><span class='ocrx_word' id='word_1_678' title='bbox 195 3128 327 3164; x_wconf 85' lang='lat' dir='ltr'>Dixerat,</span> <span class='ocrx_word' id='word_1_679' title='bbox 351 3129 448 3158; x_wconf 84' lang='lat' dir='ltr'>&amp;toto</span> <span class='ocrx_word' id='word_1_680' title='bbox 459 3126 597 3156; x_wconf 86' lang='lat' dir='ltr'>connixus</span> <span class='ocrx_word' id='word_1_681' title='bbox 609 3135 728 3163; x_wconf 83' lang='lat' dir='ltr'>corpore</span> <span class='ocrx_word' id='word_1_682' title='bbox 738 3124 840 3154; x_wconf 85' lang='lat' dir='ltr'>ferrum</span> <span class='ocrx_word' id='word_1_683' title='bbox 899 3160 905 3167; x_wconf 38' lang='grc' dir='ltr'>ι</span> 
     </span>
    </p>

    <p class='ocr_par' dir='ltr' id='par_1_45' title="bbox 114 3158 1241 3278">
     <span class='ocr_line' id='line_1_83' title="bbox 193 3158 1241 3200; baseline -0.006 -5"><span class='ocrx_word' id='word_1_684' title='bbox 193 3166 315 3195; x_wconf 87' lang='lat' dir='ltr'>Conicit.</span> <span class='ocrx_word' id='word_1_685' title='bbox 397 3165 453 3195; x_wconf 90' lang='lat' dir='ltr'>Ubi</span> <span class='ocrx_word' id='word_1_686' title='bbox 463 3165 589 3200; x_wconf 84' lang='lat' dir='ltr'>Servius,</span> <span class='ocrx_word' id='word_1_687' title='bbox 611 3163 724 3194; x_wconf 87' lang='lat' dir='ltr'>Conicit</span> <span class='ocrx_word' id='word_1_688' title='bbox 734 3184 743 3197; x_wconf 89' lang='grc'>.,</span> <span class='ocrx_word' id='word_1_689' title='bbox 763 3171 814 3200; x_wconf 90' lang='lat' dir='ltr'>pro</span> <span class='ocrx_word' id='word_1_690' title='bbox 827 3161 928 3191; x_wconf 82' lang='lat' dir='ltr'>Coicit.</span> <span class='ocrx_word' id='word_1_691' title='bbox 966 3158 1041 3190; x_wconf 83' lang='lat' dir='ltr'>Nam</span> <span class='ocrx_word' id='word_1_692' title='bbox 1060 3160 1154 3190; x_wconf 87' lang='lat' dir='ltr'>Coicit</span> <span class='ocrx_word' id='word_1_693' title='bbox 1171 3161 1241 3190; x_wconf 64' lang='lat' dir='ltr'>anti⁴²</span> 
     </span>
     <span class='ocr_line' id='line_1_84' title="bbox 114 3198 1241 3242; baseline -0.006 -8"><span class='ocrx_word' id='word_1_694' title='bbox 114 3213 201 3242; x_wconf 89' lang='lat' dir='ltr'>quum</span> <span class='ocrx_word' id='word_1_695' title='bbox 210 3204 257 3233; x_wconf 89' lang='lat' dir='ltr'>est.</span> <span class='ocrx_word' id='word_1_696' title='bbox 292 3202 414 3240; x_wconf 87' lang='lat' dir='ltr'>[Versus</span> <span class='ocrx_word' id='word_1_697' title='bbox 424 3208 519 3232; x_wconf 89' lang='lat' dir='ltr'>tamen</span> <span class='ocrx_word' id='word_1_698' title='bbox 533 3201 660 3239; x_wconf 88' lang='lat' dir='ltr'>Conjicit</span> <span class='ocrx_word' id='word_1_699' title='bbox 672 3201 785 3239; x_wconf 81' lang='lat' dir='ltr'>patitur,</span> <span class='ocrx_word' id='word_1_700' title='bbox 806 3207 890 3236; x_wconf 86' lang='lat' dir='ltr'>atque</span> <span class='ocrx_word' id='word_1_701' title='bbox 900 3198 971 3242; x_wconf 80' lang='lat' dir='ltr'>adeo</span> <span class='ocrx_word' id='word_1_702' title='bbox 982 3198 1110 3236; x_wconf 78' lang='lat' dir='ltr'>postulat,</span> <span class='ocrx_word' id='word_1_703' title='bbox 1131 3208 1184 3228; x_wconf 91' lang='lat' dir='ltr'>nec</span> <span class='ocrx_word' id='word_1_704' title='bbox 1193 3199 1241 3228; x_wconf 89' lang='lat' dir='ltr'>ali-</span> 
     </span>
     <span class='ocr_line' id='line_1_85' title="bbox 114 3236 1164 3278; baseline -0.007 -6"><span class='ocrx_word' id='word_1_705' title='bbox 114 3250 155 3272; x_wconf 84' lang='lat' dir='ltr'>ter</span> <span class='ocrx_word' id='word_1_706' title='bbox 165 3243 194 3271; x_wconf 93' lang='lat' dir='ltr'>in</span> <span class='ocrx_word' id='word_1_707' title='bbox 207 3241 362 3272; x_wconf 84' lang='lat' dir='ltr'>emendatis</span> <span class='ocrx_word' id='word_1_708' title='bbox 376 3240 452 3271; x_wconf 91' lang='lat' dir='ltr'>libris</span> <span class='ocrx_word' id='word_1_709' title='bbox 463 3240 576 3278; x_wconf 88' lang='lat' dir='ltr'>legitur.</span> <span class='ocrx_word' id='word_1_710' title='bbox 617 3240 716 3270; x_wconf 84' lang='lat' dir='ltr'>Forsan</span> <span class='ocrx_word' id='word_1_711' title='bbox 731 3239 761 3268; x_wconf 92' lang='lat' dir='ltr'>in</span> <span class='ocrx_word' id='word_1_712' title='bbox 771 3238 857 3268; x_wconf 88' lang='lat' dir='ltr'>Servii</span> <span class='ocrx_word' id='word_1_713' title='bbox 868 3237 989 3266; x_wconf 73' lang='lat' dir='ltr'>lectione</span> <span class='ocrx_word' id='word_1_714' title='bbox 999 3246 1074 3266; x_wconf 86' lang='lat' dir='ltr'>error</span> <span class='ocrx_word' id='word_1_715' title='bbox 1088 3236 1164 3266; x_wconf 89' lang='lat' dir='ltr'>latet.</span> 
     </span>
    </p>
   </div>
   <div class='ocr_carea' id='block_1_14' title="bbox 74 3273 1240 3316">
    <p class='ocr_par' dir='ltr' id='par_1_46' title="bbox 74 3273 1240 3316">
     <span class='ocr_line' id='line_1_86' title="bbox 74 3273 1240 3316; baseline -0.006 -5"><span class='ocrx_word' id='word_1_716' title='bbox 74 3281 99 3311; x_wconf 91' lang='lat' dir='ltr'>C</span> <span class='ocrx_word' id='word_1_717' title='bbox 107 3291 124 3311; x_wconf 93' lang='lat' dir='ltr'>o</span> <span class='ocrx_word' id='word_1_718' title='bbox 132 3291 152 3310; x_wconf 83' lang='lat' dir='ltr'>N</span> <span class='ocrx_word' id='word_1_719' title='bbox 161 3290 171 3316; x_wconf 75' lang='lat' dir='ltr'>J</span> <span class='ocrx_word' id='word_1_720' title='bbox 181 3290 195 3309; x_wconf 71' lang='lat' dir='ltr'>rt</span> <span class='ocrx_word' id='word_1_721' title='bbox 203 3290 221 3310; x_wconf 90' lang='lat' dir='ltr'>c</span> <span class='ocrx_word' id='word_1_722' title='bbox 229 3290 248 3309; x_wconf 77' lang='grc'>1·</span> <span class='ocrx_word' id='word_1_723' title='bbox 259 3290 277 3308; x_wconf 86' lang='lat' dir='ltr'>u</span> <span class='ocrx_word' id='word_1_724' title='bbox 286 3289 310 3315; x_wconf 87' lang='lat' dir='ltr'>s,</span> <span class='ocrx_word' id='word_1_725' title='bbox 330 3289 346 3309; x_wconf 89' lang='lat' dir='ltr'>a</span> <span class='ocrx_word' id='word_1_726' title='bbox 354 3301 362 3316; x_wconf 83' lang='lat'>,</span> <span class='ocrx_word' id='word_1_727' title='bbox 383 3288 440 3309; x_wconf 89' lang='lat' dir='ltr'>um.</span> <span class='ocrx_word' id='word_1_728' title='bbox 462 3273 699 3316; x_wconf 55' lang='lat' dir='ltr'>[ipaecanssfion]</span> <span class='ocrx_word' id='word_1_729' title='bbox 718 3276 816 3307; x_wconf 77' lang='lat' dir='ltr'>Partic.</span> <span class='ocrx_word' id='word_1_730' title='bbox 833 3285 850 3305; x_wconf 78' lang='lat' dir='ltr'>a</span> <span class='ocrx_word' id='word_1_731' title='bbox 861 3274 1002 3311; x_wconf 87' lang='lat' dir='ltr'>Conjicio.</span> <span class='ocrx_word' id='word_1_732' title='bbox 1024 3281 1055 3305; x_wconf 89' lang='lat' dir='ltr'>ut</span> <span class='ocrx_word' id='word_1_733' title='bbox 1063 3296 1074 3310; x_wconf 90' lang='lat'>,</span> <span class='ocrx_word' id='word_1_734' title='bbox 1095 3275 1240 3310; x_wconf 62' lang='lat' dir='ltr'>Coniectis</span> 
     </span>
    </p>
   </div>
   <div class='ocr_carea' id='block_1_15' title="bbox 112 3316 1241 3774">
    <p class='ocr_par' dir='ltr' id='par_1_47' title="bbox 112 3316 848 3393">
     <span class='ocr_line' id='line_1_87' title="bbox 112 3316 848 3393; baseline -0.008 -6"><span class='ocrx_word' id='word_1_735' title='bbox 112 3316 711 3393; x_wconf 42' lang='lat' dir='ltr'>erraterrat?...ittarta</span> <span class='ocrx_word' id='word_1_736' title='bbox 727 3352 848 3384; x_wconf 65' lang='grc' dir='ltr'><strong>11η...</strong></span> 
     </span>
    </p>

    <p class='ocr_par' dir='ltr' id='par_1_48' title="bbox 112 3389 1056 3433">
     <span class='ocr_line' id='line_1_88' title="bbox 112 3389 1056 3433; baseline -0.008 -8"><span class='ocrx_word' id='word_1_737' title='bbox 112 3395 228 3426; x_wconf 83' lang='lat' dir='ltr'>Ferrum</span> <span class='ocrx_word' id='word_1_738' title='bbox 239 3396 266 3423; x_wconf 91' lang='lat' dir='ltr'>in</span> <span class='ocrx_word' id='word_1_739' title='bbox 282 3400 391 3432; x_wconf 86' lang='lat' dir='ltr'>guttura</span> <span class='ocrx_word' id='word_1_740' title='bbox 398 3393 569 3429; x_wconf 69' lang='lat' dir='ltr'>coniectum.</span> <span class='ocrx_word' id='word_1_741' title='bbox 594 3392 680 3422; x_wconf 89' lang='lat' dir='ltr'>Ovid.</span> <span class='ocrx_word' id='word_1_742' title='bbox 693 3400 717 3428; x_wconf 82' lang='lat'>3.</span> <span class='ocrx_word' id='word_1_743' title='bbox 731 3389 802 3420; x_wconf 83' lang='lat' dir='ltr'>Met.</span> <span class='ocrx_word' id='word_1_744' title='bbox 813 3399 859 3425; x_wconf 91' lang='grc' dir='ltr'>9ο.</span> <span class='ocrx_word' id='word_1_745' title='bbox 1016 3426 1023 3432; x_wconf 31' lang='lat'><em>⁶</em></span> <span class='ocrx_word' id='word_1_746' title='bbox 1049 3426 1056 3433; x_wconf 41' lang='lat'><strong>·</strong></span> 
     </span>
    </p>

    <p class='ocr_par' dir='ltr' id='par_1_49' title="bbox 112 3424 1239 3585">
     <span class='ocr_line' id='line_1_89' title="bbox 112 3424 1239 3469; baseline -0.007 -6"><span class='ocrx_word' id='word_1_747' title='bbox 112 3433 200 3463; x_wconf 87' lang='lat' dir='ltr'>Oculi</span> <span class='ocrx_word' id='word_1_748' title='bbox 209 3433 330 3469; x_wconf 73' lang='lat' dir='ltr'>coniecti</span> <span class='ocrx_word' id='word_1_749' title='bbox 343 3431 471 3461; x_wconf 89' lang='lat' dir='ltr'>omnium</span> <span class='ocrx_word' id='word_1_750' title='bbox 481 3431 510 3459; x_wconf 94' lang='lat' dir='ltr'>in</span> <span class='ocrx_word' id='word_1_751' title='bbox 526 3438 563 3460; x_wconf 89' lang='lat' dir='ltr'>te.</span> <span class='ocrx_word' id='word_1_752' title='bbox 598 3430 657 3459; x_wconf 87' lang='lat' dir='ltr'>Cic.</span> <span class='ocrx_word' id='word_1_753' title='bbox 671 3429 707 3459; x_wconf 90' lang='lat' dir='ltr'>de</span> <span class='ocrx_word' id='word_1_754' title='bbox 723 3428 833 3458; x_wconf 82' lang='lat' dir='ltr'>Amicit.</span> <span class='ocrx_word' id='word_1_755' title='bbox 846 3437 871 3462; x_wconf 83' lang='lat'>9.</span> <span class='ocrx_word' id='word_1_756' title='bbox 900 3425 957 3455; x_wconf 88' lang='lat' dir='ltr'>Sed</span> <span class='ocrx_word' id='word_1_757' title='bbox 978 3424 1134 3456; x_wconf 76' lang='lat' dir='ltr'>existimare</span> <span class='ocrx_word' id='word_1_758' title='bbox 1152 3424 1239 3455; x_wconf 82' lang='lat' dir='ltr'>debes</span> 
     </span>
     <span class='ocr_line' id='line_1_90' title="bbox 131 3464 1239 3503; baseline -0.008 -2"><span class='ocrx_word' id='word_1_759' title='bbox 131 3471 262 3500; x_wconf 85' lang='lat' dir='ltr'>omnium</span> <span class='ocrx_word' id='word_1_760' title='bbox 272 3469 370 3500; x_wconf 89' lang='lat' dir='ltr'>oculos</span> <span class='ocrx_word' id='word_1_761' title='bbox 381 3470 411 3499; x_wconf 90' lang='lat' dir='ltr'>in</span> <span class='ocrx_word' id='word_1_762' title='bbox 421 3476 449 3499; x_wconf 89' lang='lat' dir='ltr'>te</span> <span class='ocrx_word' id='word_1_763' title='bbox 459 3468 514 3498; x_wconf 83' lang='lat' dir='ltr'>effe</span> <span class='ocrx_word' id='word_1_764' title='bbox 523 3468 667 3503; x_wconf 66' lang='lat' dir='ltr'>conjectos</span> <span class='ocrx_word' id='word_1_765' title='bbox 677 3476 685 3497; x_wconf 93' lang='lat'><strong>:</strong></span> <span class='ocrx_word' id='word_1_766' title='bbox 706 3476 796 3497; x_wconf 90' lang='lat' dir='ltr'>unum</span> <span class='ocrx_word' id='word_1_767' title='bbox 808 3474 837 3495; x_wconf 89' lang='lat' dir='ltr'>te</span> <span class='ocrx_word' id='word_1_768' title='bbox 847 3464 1000 3503; x_wconf 82' lang='lat' dir='ltr'>sapientem</span> <span class='ocrx_word' id='word_1_769' title='bbox 1010 3465 1037 3494; x_wconf 77' lang='grc' dir='ltr'>δι</span> <span class='ocrx_word' id='word_1_770' title='bbox 1047 3464 1205 3494; x_wconf 88' lang='lat' dir='ltr'>existimant</span> <span class='ocrx_word' id='word_1_771' title='bbox 1212 3465 1239 3493; x_wconf 76' lang='grc' dir='ltr'>δι</span> 
     </span>
     <span class='ocr_line' id='line_1_91' title="bbox 115 3507 1088 3585; baseline -0.009 -8"><span class='ocrx_word' id='word_1_772' title='bbox 115 3507 360 3585; x_wconf 51' lang='grc' dir='ltr'>(ῗὲιξῗέῗὲζωδε</span> <span class='ocrx_word' id='word_1_773' title='bbox 371 3545 400 3574; x_wconf 89' lang='grc'>111</span> <span class='ocrx_word' id='word_1_774' title='bbox 412 3543 572 3574; x_wconf 77' lang='lat' dir='ltr'>clarissimos</span> <span class='ocrx_word' id='word_1_775' title='bbox 582 3543 655 3572; x_wconf 89' lang='lat' dir='ltr'>viros</span> <span class='ocrx_word' id='word_1_776' title='bbox 663 3543 800 3578; x_wconf 73' lang='lat' dir='ltr'>conjecta.</span> <span class='ocrx_word' id='word_1_777' title='bbox 822 3541 880 3570; x_wconf 86' lang='lat' dir='ltr'>Cic.</span> <span class='ocrx_word' id='word_1_778' title='bbox 895 3549 946 3578; x_wconf 90' lang='lat' dir='ltr'>pro</span> <span class='ocrx_word' id='word_1_779' title='bbox 956 3540 1032 3570; x_wconf 78' lang='lat' dir='ltr'>Sext.</span> <span class='ocrx_word' id='word_1_780' title='bbox 1041 3549 1088 3576; x_wconf 88' lang='lat'>40.</span> 
     </span>
    </p>

    <p class='ocr_par' dir='ltr' id='par_1_50' title="bbox 114 3581 1228 3621">
     <span class='ocr_line' id='line_1_92' title="bbox 114 3581 1228 3621; baseline -0.008 -7"><span class='ocrx_word' id='word_1_781' title='bbox 114 3584 234 3614; x_wconf 83' lang='lat' dir='ltr'>Vincula</span> <span class='ocrx_word' id='word_1_782' title='bbox 247 3585 375 3621; x_wconf 66' lang='lat' dir='ltr'>conjecta</span> <span class='ocrx_word' id='word_1_783' title='bbox 386 3582 470 3612; x_wconf 78' lang='lat' dir='ltr'>collo.</span> <span class='ocrx_word' id='word_1_784' title='bbox 492 3581 575 3612; x_wconf 93' lang='lat' dir='ltr'>Ovid.</span> <span class='ocrx_word' id='word_1_785' title='bbox 588 3593 614 3615; x_wconf 82' lang='lat'>4.</span> <span class='ocrx_word' id='word_1_786' title='bbox 626 3581 706 3610; x_wconf 84' lang='lat' dir='ltr'>Trist.</span> <span class='ocrx_word' id='word_1_787' title='bbox 722 3590 745 3610; x_wconf 92' lang='grc'>1.</span> <span class='ocrx_word' id='word_1_788' title='bbox 757 3586 802 3616; x_wconf 87' lang='lat'>83.</span> <span class='ocrx_word' id='word_1_789' title='bbox 983 3615 988 3621; x_wconf 45' lang='grc' dir='ltr'>Ι</span> <span class='ocrx_word' id='word_1_790' title='bbox 1012 3615 1019 3621; x_wconf 51' lang='grc'><em>.</em></span> <span class='ocrx_word' id='word_1_791' title='bbox 1220 3614 1228 3621; x_wconf 38' lang='grc' dir='ltr'>Ι</span> 
     </span>
    </p>

    <p class='ocr_par' dir='ltr' id='par_1_51' title="bbox 114 3613 1241 3774">
     <span class='ocr_line' id='line_1_93' title="bbox 114 3613 1241 3667; baseline -0.008 -14"><span class='ocrx_word' id='word_1_792' title='bbox 114 3622 182 3667; x_wconf 77' lang='lat' dir='ltr'>Non</span> <span class='ocrx_word' id='word_1_793' title='bbox 194 3630 251 3652; x_wconf 84' lang='lat' dir='ltr'>tam</span> <span class='ocrx_word' id='word_1_794' title='bbox 260 3622 396 3652; x_wconf 85' lang='lat' dir='ltr'>mirabilia</span> <span class='ocrx_word' id='word_1_795' title='bbox 405 3642 414 3657; x_wconf 81' lang='lat'>,</span> <span class='ocrx_word' id='word_1_796' title='bbox 438 3629 521 3658; x_wconf 87' lang='lat' dir='ltr'>quarn</span> <span class='ocrx_word' id='word_1_797' title='bbox 534 3620 662 3656; x_wconf 66' lang='lat' dir='ltr'>coniecta</span> <span class='ocrx_word' id='word_1_798' title='bbox 671 3618 754 3649; x_wconf 90' lang='lat' dir='ltr'>belle.</span> <span class='ocrx_word' id='word_1_799' title='bbox 795 3617 854 3647; x_wconf 89' lang='lat' dir='ltr'>Cic.</span> <span class='ocrx_word' id='word_1_800' title='bbox 869 3615 945 3646; x_wconf 82' lang='lat' dir='ltr'>2.·de</span> <span class='ocrx_word' id='word_1_801' title='bbox 954 3614 1050 3645; x_wconf 80' lang='lat' dir='ltr'>Drvm.</span> <span class='ocrx_word' id='word_1_802' title='bbox 1062 3617 1107 3645; x_wconf 89' lang='grc'>66.</span> <span class='ocrx_word' id='word_1_803' title='bbox 1126 3614 1145 3645; x_wconf 84' lang='grc'>1.</span> <span class='ocrx_word' id='word_1_804' title='bbox 1155 3624 1181 3645; x_wconf 91' lang='lat' dir='ltr'>e.</span> <span class='ocrx_word' id='word_1_805' title='bbox 1191 3613 1241 3644; x_wconf 82' lang='lat' dir='ltr'>Di—</span> 
     </span>
     <span class='ocr_line' id='line_1_94' title="bbox 115 3667 1239 3734; baseline -0.01 -4"><span class='ocrx_word' id='word_1_806' title='bbox 115 3667 352 3734; x_wconf 38' lang='lat' dir='ltr'>fflpgtgbnjesta&#39;</span> <span class='ocrx_word' id='word_1_807' title='bbox 372 3695 501 3733; x_wconf 82' lang='lat' dir='ltr'>maleque</span> <span class='ocrx_word' id='word_1_808' title='bbox 514 3696 693 3733; x_wconf 82' lang='lat' dir='ltr'>interpretata</span> <span class='ocrx_word' id='word_1_809' title='bbox 713 3691 778 3724; x_wconf 84' lang='lat' dir='ltr'>falsa</span> <span class='ocrx_word' id='word_1_810' title='bbox 798 3691 877 3729; x_wconf 85' lang='lat' dir='ltr'>sunt,</span> <span class='ocrx_word' id='word_1_811' title='bbox 897 3700 958 3721; x_wconf 86' lang='lat' dir='ltr'>non</span> <span class='ocrx_word' id='word_1_812' title='bbox 977 3699 1071 3721; x_wconf 84' lang='lat' dir='ltr'>rerum</span> <span class='ocrx_word' id='word_1_813' title='bbox 1083 3689 1171 3727; x_wconf 87' lang='lat' dir='ltr'>vitio,</span> <span class='ocrx_word' id='word_1_814' title='bbox 1192 3689 1239 3720; x_wconf 81' lang='lat' dir='ltr'>sed</span> 
     </span>
     <span class='ocr_line' id='line_1_95' title="bbox 135 3733 834 3774; baseline -0.009 -8"><span class='ocrx_word' id='word_1_815' title='bbox 135 3738 321 3774; x_wconf 78' lang='lat' dir='ltr'>interpretum</span> <span class='ocrx_word' id='word_1_816' title='bbox 331 3734 483 3764; x_wconf 82' lang='lat' dir='ltr'>inscientia.</span> <span class='ocrx_word' id='word_1_817' title='bbox 507 3734 565 3763; x_wconf 89' lang='lat' dir='ltr'>Cic.</span> <span class='ocrx_word' id='word_1_818' title='bbox 584 3744 604 3763; x_wconf 92' lang='grc' dir='ltr'>ι,</span> <span class='ocrx_word' id='word_1_819' title='bbox 617 3733 652 3762; x_wconf 90' lang='lat' dir='ltr'>de</span> <span class='ocrx_word' id='word_1_820' title='bbox 663 3733 756 3762; x_wconf 92' lang='lat' dir='ltr'>Divin.</span> <span class='ocrx_word' id='word_1_821' title='bbox 771 3742 782 3761; x_wconf 86' lang='lat'>1</span> <span class='ocrx_word' id='word_1_822' title='bbox 791 3736 834 3763; x_wconf 88' lang='lat'>18.</span> 
     </span>
    </p>
   </div>
   <div class='ocr_carea' id='block_1_16' title="bbox 75 3766 1239 3811">
    <p class='ocr_par' dir='ltr' id='par_1_52' title="bbox 75 3766 1239 3811">
     <span class='ocr_line' id='line_1_96' title="bbox 75 3766 1239 3811; baseline -0.009 -5"><span class='ocrx_word' id='word_1_823' title='bbox 75 3775 251 3811; x_wconf 62' lang='lat' dir='ltr'>Comum</span> <span class='ocrx_word' id='word_1_824' title='bbox 262 3783 296 3802; x_wconf 87' lang='lat' dir='ltr'>to</span> <span class='ocrx_word' id='word_1_825' title='bbox 307 3795 316 3809; x_wconf 89' lang='lat'>,</span> <span class='ocrx_word' id='word_1_826' title='bbox 337 3773 407 3803; x_wconf 72' lang='lat' dir='ltr'>onis.</span> <span class='ocrx_word' id='word_1_827' title='bbox 428 3773 447 3802; x_wconf 94' lang='lat' dir='ltr'>f.</span> <span class='ocrx_word' id='word_1_828' title='bbox 471 3772 553 3809; x_wconf 65' lang='grc' dir='ltr'>[βολὴ</span> <span class='ocrx_word' id='word_1_829' title='bbox 566 3771 581 3806; x_wconf 93' lang='grc'>]</span> <span class='ocrx_word' id='word_1_830' title='bbox 602 3781 617 3800; x_wconf 85' lang='grc'><strong>3</strong></span> <span class='ocrx_word' id='word_1_831' title='bbox 627 3770 767 3806; x_wconf 82' lang='lat' dir='ltr'>Conjicio.</span> <span class='ocrx_word' id='word_1_832' title='bbox 804 3769 861 3798; x_wconf 91' lang='lat' dir='ltr'>Cic.</span> <span class='ocrx_word' id='word_1_833' title='bbox 879 3776 932 3806; x_wconf 87' lang='lat' dir='ltr'>pro</span> <span class='ocrx_word' id='word_1_834' title='bbox 946 3766 1048 3797; x_wconf 80' lang='lat' dir='ltr'>Caecin.</span> <span class='ocrx_word' id='word_1_835' title='bbox 1059 3775 1106 3804; x_wconf 78' lang='lat'>43.</span> <span class='ocrx_word' id='word_1_836' title='bbox 1137 3766 1239 3804; x_wconf 88' lang='lat' dir='ltr'>Neque</span> 
     </span>
    </p>
   </div>
   <div class='ocr_carea' id='block_1_17' title="bbox 112 3808 1241 4002">
    <p class='ocr_par' dir='ltr' id='par_1_53' title="bbox 113 3808 1089 3848">
     <span class='ocr_line' id='line_1_97' title="bbox 113 3808 1089 3848; baseline -0.01 -5"><span class='ocrx_word' id='word_1_837' title='bbox 113 3814 171 3844; x_wconf 63' lang='lat' dir='ltr'>istu</span> <span class='ocrx_word' id='word_1_838' title='bbox 179 3812 309 3842; x_wconf 77' lang='lat' dir='ltr'>eominus</span> <span class='ocrx_word' id='word_1_839' title='bbox 319 3832 327 3845; x_wconf 90' lang='lat'>,</span> <span class='ocrx_word' id='word_1_840' title='bbox 349 3820 441 3848; x_wconf 86' lang='lat' dir='ltr'>neque</span> <span class='ocrx_word' id='word_1_841' title='bbox 453 3810 630 3845; x_wconf 67' lang='lat' dir='ltr'>conjectione</span> <span class='ocrx_word' id='word_1_842' title='bbox 641 3808 770 3837; x_wconf 84' lang='lat' dir='ltr'>telorum.</span> <span class='ocrx_word' id='word_1_843' title='bbox 1053 3843 1060 3848; x_wconf 47' lang='lat'>.</span> <span class='ocrx_word' id='word_1_844' title='bbox 1082 3841 1089 3848; x_wconf 34' lang='grc' dir='ltr'><strong>ο</strong></span> 
     </span>
    </p>

    <p class='ocr_par' dir='ltr' id='par_1_54' title="bbox 112 3841 1241 4002">
     <span class='ocr_line' id='line_1_98' title="bbox 112 3841 1239 3888; baseline -0.009 -8"><span class='ocrx_word' id='word_1_845' title='bbox 112 3851 261 3888; x_wconf 69' lang='grc'><strong>(3011306110</strong></span> <span class='ocrx_word' id='word_1_846' title='bbox 272 3847 376 3878; x_wconf 83' lang='lat' dir='ltr'>cauffae.</span> <span class='ocrx_word' id='word_1_847' title='bbox 405 3847 478 3878; x_wconf 88' lang='lat' dir='ltr'>Paul.</span> <span class='ocrx_word' id='word_1_848' title='bbox 495 3849 523 3877; x_wconf 93' lang='lat' dir='ltr'>in</span> <span class='ocrx_word' id='word_1_849' title='bbox 539 3848 556 3876; x_wconf 94' lang='lat' dir='ltr'>l.</span> <span class='ocrx_word' id='word_1_850' title='bbox 573 3857 595 3876; x_wconf 88' lang='grc'>1.</span> <span class='ocrx_word' id='word_1_851' title='bbox 609 3847 641 3876; x_wconf 93' lang='lat' dir='ltr'>D.</span> <span class='ocrx_word' id='word_1_852' title='bbox 655 3847 691 3875; x_wconf 92' lang='lat' dir='ltr'>de</span> <span class='ocrx_word' id='word_1_853' title='bbox 706 3855 761 3881; x_wconf 79' lang='lat' dir='ltr'>reg.</span> <span class='ocrx_word' id='word_1_854' title='bbox 776 3845 830 3880; x_wconf 88' lang='lat' dir='ltr'>jur.</span> <span class='ocrx_word' id='word_1_855' title='bbox 850 3842 900 3872; x_wconf 86' lang='lat' dir='ltr'>Per</span> <span class='ocrx_word' id='word_1_856' title='bbox 910 3841 1034 3880; x_wconf 82' lang='lat' dir='ltr'>regulam</span> <span class='ocrx_word' id='word_1_857' title='bbox 1052 3848 1136 3885; x_wconf 76' lang='lat' dir='ltr'>igitur</span> <span class='ocrx_word' id='word_1_858' title='bbox 1147 3842 1239 3886; x_wconf 78' lang='lat' dir='ltr'>brevis</span> 
     </span>
     <span class='ocr_line' id='line_1_99' title="bbox 135 3879 1236 3924; baseline -0.009 -6"><span class='ocrx_word' id='word_1_859' title='bbox 135 3899 228 3918; x_wconf 88' lang='lat' dir='ltr'>rerum</span> <span class='ocrx_word' id='word_1_860' title='bbox 239 3888 358 3917; x_wconf 84' lang='lat' dir='ltr'>narratio</span> <span class='ocrx_word' id='word_1_861' title='bbox 371 3887 504 3921; x_wconf 83' lang='lat' dir='ltr'>traditur,</span> <span class='ocrx_word' id='word_1_862' title='bbox 526 3887 569 3921; x_wconf 86' lang='lat'>&amp;,</span> <span class='ocrx_word' id='word_1_863' title='bbox 592 3893 622 3914; x_wconf 90' lang='lat' dir='ltr'>ut</span> <span class='ocrx_word' id='word_1_864' title='bbox 631 3885 668 3913; x_wconf 87' lang='lat' dir='ltr'>ait</span> <span class='ocrx_word' id='word_1_865' title='bbox 680 3884 798 3913; x_wconf 89' lang='lat' dir='ltr'>Sabinus</span> <span class='ocrx_word' id='word_1_866' title='bbox 808 3904 815 3915; x_wconf 83' lang='lat'>,</span> <span class='ocrx_word' id='word_1_867' title='bbox 837 3879 909 3917; x_wconf 87' lang='lat' dir='ltr'>quafi</span> <span class='ocrx_word' id='word_1_868' title='bbox 925 3879 1022 3924; x_wconf 73' lang='lat' dir='ltr'>caussae</span> <span class='ocrx_word' id='word_1_869' title='bbox 1037 3881 1178 3924; x_wconf 53' lang='lat' dir='ltr'>conjectio</span> <span class='ocrx_word' id='word_1_870' title='bbox 1189 3881 1236 3910; x_wconf 90' lang='lat' dir='ltr'>est.</span> 
     </span>
     <span class='ocr_line' id='line_1_100' title="bbox 131 3919 1238 3964; baseline -0.007 -8"><span class='ocrx_word' id='word_1_871' title='bbox 131 3927 195 3957; x_wconf 78' lang='lat' dir='ltr'>Hoc</span> <span class='ocrx_word' id='word_1_872' title='bbox 206 3926 273 3964; x_wconf 86' lang='lat' dir='ltr'>quid</span> <span class='ocrx_word' id='word_1_873' title='bbox 290 3924 321 3954; x_wconf 78' lang='lat' dir='ltr'>stt</span> <span class='ocrx_word' id='word_1_874' title='bbox 329 3923 451 3954; x_wconf 87' lang='lat' dir='ltr'>declarat</span> <span class='ocrx_word' id='word_1_875' title='bbox 466 3923 592 3953; x_wconf 50' lang='lat' dir='ltr'>Asconius</span> <span class='ocrx_word' id='word_1_876' title='bbox 602 3924 632 3951; x_wconf 91' lang='lat' dir='ltr'>in</span> <span class='ocrx_word' id='word_1_877' title='bbox 649 3932 673 3957; x_wconf 87' lang='lat'>3.</span> <span class='ocrx_word' id='word_1_878' title='bbox 688 3921 764 3951; x_wconf 92' lang='lat' dir='ltr'>Verr.</span> <span class='ocrx_word' id='word_1_879' title='bbox 780 3924 825 3950; x_wconf 89' lang='lat'>26.</span> <span class='ocrx_word' id='word_1_880' title='bbox 866 3919 963 3955; x_wconf 85' lang='lat' dir='ltr'>Quum</span> <span class='ocrx_word' id='word_1_881' title='bbox 974 3940 982 3953; x_wconf 86' lang='lat'>,</span> <span class='ocrx_word' id='word_1_882' title='bbox 1004 3919 1095 3955; x_wconf 78' lang='lat' dir='ltr'>inquit</span> <span class='ocrx_word' id='word_1_883' title='bbox 1106 3940 1114 3953; x_wconf 95' lang='lat'>‚</span> <span class='ocrx_word' id='word_1_884' title='bbox 1136 3928 1165 3947; x_wconf 87' lang='grc'>111</span> <span class='ocrx_word' id='word_1_885' title='bbox 1177 3928 1238 3948; x_wconf 89' lang='lat' dir='ltr'>rem</span> 
     </span>
     <span class='ocr_line' id='line_1_101' title="bbox 133 3955 1241 4002; baseline -0.007 -7"><span class='ocrx_word' id='word_1_886' title='bbox 133 3964 255 4002; x_wconf 85' lang='lat' dir='ltr'>aliquam</span> <span class='ocrx_word' id='word_1_887' title='bbox 265 3962 538 4002; x_wconf 80' lang='lat' dir='ltr'>agerentlitigatores</span> <span class='ocrx_word' id='word_1_888' title='bbox 552 3983 561 3998; x_wconf 92' lang='lat'>,</span> <span class='ocrx_word' id='word_1_889' title='bbox 583 3962 609 3992; x_wconf 74' lang='grc' dir='ltr'>ἃ</span> <span class='ocrx_word' id='word_1_890' title='bbox 619 3969 704 3999; x_wconf 66' lang='lat' dir='ltr'>poena</span> <span class='ocrx_word' id='word_1_891' title='bbox 713 3958 741 3990; x_wconf 84' lang='lat' dir='ltr'>se</span> <span class='ocrx_word' id='word_1_892' title='bbox 749 3957 912 3989; x_wconf 85' lang='lat' dir='ltr'>sacramenti</span> <span class='ocrx_word' id='word_1_893' title='bbox 919 3962 1066 3995; x_wconf 80' lang='lat' dir='ltr'>peterent,</span> <span class='ocrx_word' id='word_1_894' title='bbox 1085 3955 1241 3994; x_wconf 81' lang='lat' dir='ltr'>poscebant</span> 
     </span>
    </p>
   </div>
   <div class='ocr_carea' id='block_1_18' title="bbox 1680 123 2443 176">
    <p class='ocr_par' dir='ltr' id='par_1_55' title="bbox 1680 123 2443 176">
     <span class='ocr_line' id='line_1_102' title="bbox 1680 123 2443 176; baseline -0.003 -18"><span class='ocrx_word' id='word_1_895' title='bbox 1680 123 1708 158; x_wconf 88' lang='lat' dir='ltr'>C</span> <span class='ocrx_word' id='word_1_896' title='bbox 1805 125 1840 159; x_wconf 91' lang='grc' dir='ltr'>Ο</span> <span class='ocrx_word' id='word_1_897' title='bbox 1931 124 1966 159; x_wconf 87' lang='grc' dir='ltr'>Ν</span> <span class='ocrx_word' id='word_1_898' title='bbox 2376 135 2443 176; x_wconf 64' lang='lat'>545</span> 
     </span>
    </p>
   </div>
   <div class='ocr_carea' id='block_1_19' title="bbox 1287 203 2464 3959">
    <p class='ocr_par' dir='ltr' id='par_1_56' title="bbox 1339 203 2446 360">
     <span class='ocr_line' id='line_1_103' title="bbox 1339 203 2443 246; baseline 0.007 -13"><span class='ocrx_word' id='word_1_899' title='bbox 1339 203 1462 240; x_wconf 75' lang='lat' dir='ltr'>judicem</span> <span class='ocrx_word' id='word_1_900' title='bbox 1475 226 1482 239; x_wconf 73' lang='lat'>,</span> <span class='ocrx_word' id='word_1_901' title='bbox 1504 204 1551 241; x_wconf 90' lang='lat' dir='ltr'>qui</span> <span class='ocrx_word' id='word_1_902' title='bbox 1565 204 1681 234; x_wconf 84' lang='lat' dir='ltr'>dabatur</span> <span class='ocrx_word' id='word_1_903' title='bbox 1691 204 1751 243; x_wconf 90' lang='lat' dir='ltr'>post</span> <span class='ocrx_word' id='word_1_904' title='bbox 1762 205 1932 241; x_wconf 71' lang='lat' dir='ltr'>trigesimum</span> <span class='ocrx_word' id='word_1_905' title='bbox 1943 206 2018 235; x_wconf 84' lang='lat' dir='ltr'>diem</span> <span class='ocrx_word' id='word_1_906' title='bbox 2039 206 2105 242; x_wconf 85' lang='lat' dir='ltr'>(alii</span> <span class='ocrx_word' id='word_1_907' title='bbox 2117 207 2229 237; x_wconf 77' lang='lat' dir='ltr'>tertium</span> <span class='ocrx_word' id='word_1_908' title='bbox 2242 208 2272 242; x_wconf 77' lang='lat' dir='ltr'>t)</span> <span class='ocrx_word' id='word_1_909' title='bbox 2292 219 2347 245; x_wconf 86' lang='lat' dir='ltr'>quo</span> <span class='ocrx_word' id='word_1_910' title='bbox 2361 211 2425 241; x_wconf 83' lang='lat' dir='ltr'>dato</span> <span class='ocrx_word' id='word_1_911' title='bbox 2436 234 2443 246; x_wconf 86' lang='lat'>,</span> 
     </span>
     <span class='ocr_line' id='line_1_104' title="bbox 1339 242 2446 281; baseline 0.008 -12"><span class='ocrx_word' id='word_1_912' title='bbox 1339 243 1522 272; x_wconf 84' lang='lat' dir='ltr'>deindeintcr</span> <span class='ocrx_word' id='word_1_913' title='bbox 1532 242 1596 271; x_wconf 85' lang='lat' dir='ltr'>sein</span> <span class='ocrx_word' id='word_1_914' title='bbox 1609 243 1796 280; x_wconf 81' lang='lat' dir='ltr'>perendinum</span> <span class='ocrx_word' id='word_1_915' title='bbox 1807 243 1882 272; x_wconf 81' lang='lat' dir='ltr'>diem</span> <span class='ocrx_word' id='word_1_916' title='bbox 1894 250 1924 272; x_wconf 84' lang='lat' dir='ltr'>ut</span> <span class='ocrx_word' id='word_1_917' title='bbox 1935 244 1969 272; x_wconf 85' lang='lat' dir='ltr'>ad</span> <span class='ocrx_word' id='word_1_918' title='bbox 1981 244 2118 279; x_wconf 78' lang='lat' dir='ltr'>judicium</span> <span class='ocrx_word' id='word_1_919' title='bbox 2132 247 2279 281; x_wconf 79' lang='lat' dir='ltr'>venirent,</span> <span class='ocrx_word' id='word_1_920' title='bbox 2301 248 2446 278; x_wconf 79' lang='lat' dir='ltr'>denuntia-</span> 
     </span>
     <span class='ocr_line' id='line_1_105' title="bbox 1340 278 2445 324; baseline 0.006 -16"><span class='ocrx_word' id='word_1_921' title='bbox 1340 279 1416 322; x_wconf 73' lang='lat' dir='ltr'>bant.</span> <span class='ocrx_word' id='word_1_922' title='bbox 1457 280 1522 315; x_wconf 86' lang='lat' dir='ltr'>Quo</span> <span class='ocrx_word' id='word_1_923' title='bbox 1533 290 1619 317; x_wconf 83' lang='lat' dir='ltr'>quum</span> <span class='ocrx_word' id='word_1_924' title='bbox 1635 278 1702 309; x_wconf 79' lang='lat' dir='ltr'>effet</span> <span class='ocrx_word' id='word_1_925' title='bbox 1716 289 1831 309; x_wconf 81' lang='lat' dir='ltr'>ventum</span> <span class='ocrx_word' id='word_1_926' title='bbox 1844 303 1853 315; x_wconf 84' lang='grc'>.,</span> <span class='ocrx_word' id='word_1_927' title='bbox 1873 288 2022 318; x_wconf 77' lang='lat' dir='ltr'>antequam</span> <span class='ocrx_word' id='word_1_928' title='bbox 2039 282 2127 311; x_wconf 75' lang='lat' dir='ltr'>caussa</span> <span class='ocrx_word' id='word_1_929' title='bbox 2137 291 2278 319; x_wconf 73' lang='lat' dir='ltr'>ageretur,</span> <span class='ocrx_word' id='word_1_930' title='bbox 2302 286 2375 318; x_wconf 60' lang='lat' dir='ltr'>quasi</span> <span class='ocrx_word' id='word_1_931' title='bbox 2395 297 2445 324; x_wconf 80' lang='lat' dir='ltr'>per</span> 
     </span>
     <span class='ocr_line' id='line_1_106' title="bbox 1339 317 2445 360; baseline 0.005 -16"><span class='ocrx_word' id='word_1_932' title='bbox 1339 318 1463 347; x_wconf 73' lang='lat' dir='ltr'>indicem</span> <span class='ocrx_word' id='word_1_933' title='bbox 1474 328 1531 347; x_wconf 84' lang='lat' dir='ltr'>rem</span> <span class='ocrx_word' id='word_1_934' title='bbox 1547 318 1739 355; x_wconf 74' lang='lat' dir='ltr'>exponebant.</span> <span class='ocrx_word' id='word_1_935' title='bbox 1751 319 1827 356; x_wconf 90' lang='lat' dir='ltr'>quod</span> <span class='ocrx_word' id='word_1_936' title='bbox 1843 317 1934 356; x_wconf 82' lang='lat' dir='ltr'>ipsum</span> <span class='ocrx_word' id='word_1_937' title='bbox 1944 319 2091 348; x_wconf 74' lang='lat' dir='ltr'>dicebatur</span> <span class='ocrx_word' id='word_1_938' title='bbox 2106 321 2203 349; x_wconf 74' lang='lat' dir='ltr'>cauffo:</span> <span class='ocrx_word' id='word_1_939' title='bbox 2216 323 2365 356; x_wconf 63' lang='lat' dir='ltr'>conjectio,</span> <span class='ocrx_word' id='word_1_940' title='bbox 2380 336 2445 360; x_wconf 68' lang='lat' dir='ltr'>qua-</span> 
     </span>
    </p>

    <p class='ocr_par' dir='ltr' id='par_1_57' title="bbox 1319 354 2450 657">
     <span class='ocr_line' id='line_1_107' title="bbox 1319 354 2445 399; baseline 0.006 -16"><span class='ocrx_word' id='word_1_941' title='bbox 1319 359 1326 386; x_wconf 72' lang='lat' dir='ltr'>l</span> <span class='ocrx_word' id='word_1_942' title='bbox 1339 354 1358 382; x_wconf 83' lang='lat' dir='ltr'>sl</span> <span class='ocrx_word' id='word_1_943' title='bbox 1368 355 1463 383; x_wconf 61' lang='lat' dir='ltr'>caussae</span> <span class='ocrx_word' id='word_1_944' title='bbox 1473 356 1525 384; x_wconf 82' lang='lat' dir='ltr'>suae</span> <span class='ocrx_word' id='word_1_945' title='bbox 1536 356 1564 384; x_wconf 92' lang='lat' dir='ltr'>in</span> <span class='ocrx_word' id='word_1_946' title='bbox 1576 356 1659 384; x_wconf 86' lang='lat' dir='ltr'>breve</span> <span class='ocrx_word' id='word_1_947' title='bbox 1669 357 1785 385; x_wconf 69' lang='grc'><strong>0030110.</strong></span> <span class='ocrx_word' id='word_1_948' title='bbox 1821 355 1888 386; x_wconf 74' lang='lat' dir='ltr'>Haec</span> <span class='ocrx_word' id='word_1_949' title='bbox 1900 356 1954 386; x_wconf 87' lang='lat' dir='ltr'>ille.</span> <span class='ocrx_word' id='word_1_950' title='bbox 1997 357 2208 394; x_wconf 71' lang='lat' dir='ltr'>Conjectioncm</span> <span class='ocrx_word' id='word_1_951' title='bbox 2225 366 2382 388; x_wconf 72' lang='lat' dir='ltr'>autemnon</span> <span class='ocrx_word' id='word_1_952' title='bbox 2395 371 2445 399; x_wconf 77' lang='lat' dir='ltr'>pro</span> 
     </span>
     <span class='ocr_line' id='line_1_108' title="bbox 1341 390 2446 436; baseline 0.007 -16"><span class='ocrx_word' id='word_1_953' title='bbox 1341 390 1499 427; x_wconf 66' lang='lat' dir='ltr'>Coniectu,</span> <span class='ocrx_word' id='word_1_954' title='bbox 1520 393 1565 422; x_wconf 84' lang='lat' dir='ltr'>sed</span> <span class='ocrx_word' id='word_1_955' title='bbox 1578 402 1628 430; x_wconf 83' lang='lat' dir='ltr'>pro</span> <span class='ocrx_word' id='word_1_956' title='bbox 1640 393 1806 429; x_wconf 61' lang='lat' dir='ltr'>Conjee‘tura</span> <span class='ocrx_word' id='word_1_957' title='bbox 1825 394 1931 423; x_wconf 67' lang='lat' dir='ltr'>dictum</span> <span class='ocrx_word' id='word_1_958' title='bbox 1951 395 2068 432; x_wconf 87' lang='lat' dir='ltr'>opinor:</span> <span class='ocrx_word' id='word_1_959' title='bbox 2092 395 2160 424; x_wconf 87' lang='lat' dir='ltr'>item</span> <span class='ocrx_word' id='word_1_960' title='bbox 2181 403 2211 424; x_wconf 91' lang='lat' dir='ltr'>ut</span> <span class='ocrx_word' id='word_1_961' title='bbox 2229 397 2351 432; x_wconf 82' lang='lat' dir='ltr'>Quaestio</span> <span class='ocrx_word' id='word_1_962' title='bbox 2371 401 2446 436; x_wconf 59' lang='lat' dir='ltr'>atiud</span> 
     </span>
     <span class='ocr_line' id='line_1_109' title="bbox 1340 430 2447 473; baseline 0.005 -15"><span class='ocrx_word' id='word_1_963' title='bbox 1340 430 1462 472; x_wconf 78' lang='lat' dir='ltr'>eundem</span> <span class='ocrx_word' id='word_1_964' title='bbox 1483 431 1546 468; x_wconf 83' lang='lat' dir='ltr'>(pr.</span> <span class='ocrx_word' id='word_1_965' title='bbox 1560 431 1746 473; x_wconf 77' lang='lat' dir='ltr'>inDivinat.)</span> <span class='ocrx_word' id='word_1_966' title='bbox 1767 442 1818 468; x_wconf 84' lang='lat' dir='ltr'>pro</span> <span class='ocrx_word' id='word_1_967' title='bbox 1827 432 1987 468; x_wconf 79' lang='lat' dir='ltr'>Quaestura:</span> <span class='ocrx_word' id='word_1_968' title='bbox 2010 433 2081 470; x_wconf 82' lang='lat' dir='ltr'>quasi</span> <span class='ocrx_word' id='word_1_969' title='bbox 2098 433 2173 462; x_wconf 85' lang='lat' dir='ltr'>unde</span> <span class='ocrx_word' id='word_1_970' title='bbox 2184 434 2220 463; x_wconf 91' lang='lat' dir='ltr'>de</span> <span class='ocrx_word' id='word_1_971' title='bbox 2234 440 2292 463; x_wconf 85' lang='lat' dir='ltr'>tota</span> <span class='ocrx_word' id='word_1_972' title='bbox 2313 435 2447 472; x_wconf 67' lang='lat' dir='ltr'>discepta.</span> 
     </span>
     <span class='ocr_line' id='line_1_110' title="bbox 1339 468 2447 508; baseline 0.007 -13"><span class='ocrx_word' id='word_1_973' title='bbox 1339 472 1419 496; x_wconf 80' lang='lat' dir='ltr'>tione</span> <span class='ocrx_word' id='word_1_974' title='bbox 1435 468 1519 503; x_wconf 66' lang='lat' dir='ltr'>judex</span> <span class='ocrx_word' id='word_1_975' title='bbox 1530 469 1699 503; x_wconf 69' lang='lat' dir='ltr'>conjiciendi</span> <span class='ocrx_word' id='word_1_976' title='bbox 1712 468 1875 499; x_wconf 84' lang='lat' dir='ltr'>facultatem</span> <span class='ocrx_word' id='word_1_977' title='bbox 1893 469 2004 500; x_wconf 86' lang='lat' dir='ltr'>habeat.</span> <span class='ocrx_word' id='word_1_978' title='bbox 2042 470 2079 500; x_wconf 90' lang='lat' dir='ltr'>Ut</span> <span class='ocrx_word' id='word_1_979' title='bbox 2098 481 2164 507; x_wconf 75' lang='lat' dir='ltr'>ergo</span> <span class='ocrx_word' id='word_1_980' title='bbox 2181 471 2284 501; x_wconf 80' lang='lat' dir='ltr'>Caussae</span> <span class='ocrx_word' id='word_1_981' title='bbox 2307 474 2447 508; x_wconf 70' lang='lat' dir='ltr'>conjectio</span> 
     </span>
     <span class='ocr_line' id='line_1_111' title="bbox 1342 505 2449 545; baseline 0.006 -12"><span class='ocrx_word' id='word_1_982' title='bbox 1342 514 1402 533; x_wconf 87' lang='lat' dir='ltr'>rem</span> <span class='ocrx_word' id='word_1_983' title='bbox 1415 505 1564 535; x_wconf 72' lang='lat' dir='ltr'>strictim&amp;</span> <span class='ocrx_word' id='word_1_984' title='bbox 1578 506 1691 542; x_wconf 67' lang='lat' dir='ltr'>anguste</span> <span class='ocrx_word' id='word_1_985' title='bbox 1702 508 1847 542; x_wconf 87' lang='lat' dir='ltr'>continet,</span> <span class='ocrx_word' id='word_1_986' title='bbox 1870 507 1905 537; x_wconf 87' lang='lat' dir='ltr'>fic</span> <span class='ocrx_word' id='word_1_987' title='bbox 1917 507 2022 545; x_wconf 73' lang='lat' dir='ltr'>Regula</span> <span class='ocrx_word' id='word_1_988' title='bbox 2042 510 2069 538; x_wconf 89' lang='lat' dir='ltr'>id</span> <span class='ocrx_word' id='word_1_989' title='bbox 2089 510 2165 545; x_wconf 89' lang='lat' dir='ltr'>quod</span> <span class='ocrx_word' id='word_1_990' title='bbox 2189 510 2255 545; x_wconf 82' lang='lat' dir='ltr'>juris</span> <span class='ocrx_word' id='word_1_991' title='bbox 2273 510 2311 539; x_wconf 90' lang='lat' dir='ltr'>est</span> <span class='ocrx_word' id='word_1_992' title='bbox 2330 511 2449 541; x_wconf 83' lang='lat' dir='ltr'>breviter</span> 
     </span>
     <span class='ocr_line' id='line_1_112' title="bbox 1341 541 2450 584; baseline 0.007 -14"><span class='ocrx_word' id='word_1_993' title='bbox 1341 541 1555 580; x_wconf 88' lang='lat' dir='ltr'>summatimque</span> <span class='ocrx_word' id='word_1_994' title='bbox 1567 544 1774 581; x_wconf 67' lang='lat' dir='ltr'>complectitur.</span> <span class='ocrx_word' id='word_1_995' title='bbox 1814 544 1888 574; x_wconf 87' lang='lat' dir='ltr'>Hinc</span> <span class='ocrx_word' id='word_1_996' title='bbox 1906 545 1975 574; x_wconf 82' lang='lat' dir='ltr'>illud</span> <span class='ocrx_word' id='word_1_997' title='bbox 1993 547 2067 584; x_wconf 87' lang='lat' dir='ltr'>apud</span> <span class='ocrx_word' id='word_1_998' title='bbox 2079 547 2150 576; x_wconf 82' lang='lat' dir='ltr'>Gell.</span> <span class='ocrx_word' id='word_1_999' title='bbox 2164 547 2211 576; x_wconf 93' lang='lat' dir='ltr'>lib.</span> <span class='ocrx_word' id='word_1_1000' title='bbox 2226 557 2250 582; x_wconf 84' lang='lat'>5.</span> <span class='ocrx_word' id='word_1_1001' title='bbox 2262 557 2320 584; x_wconf 80' lang='lat' dir='ltr'>cap.</span> <span class='ocrx_word' id='word_1_1002' title='bbox 2340 558 2382 578; x_wconf 90' lang='lat'>10.</span> <span class='ocrx_word' id='word_1_1003' title='bbox 2416 549 2450 578; x_wconf 86' lang='lat' dir='ltr'>Et</span> 
     </span>
     <span class='ocr_line' id='line_1_113' title="bbox 1347 581 2448 623; baseline 0.007 -15"><span class='ocrx_word' id='word_1_1004' title='bbox 1347 589 1434 615; x_wconf 88' lang='lat' dir='ltr'>quum</span> <span class='ocrx_word' id='word_1_1005' title='bbox 1446 581 1481 609; x_wconf 84' lang='lat' dir='ltr'>ad</span> <span class='ocrx_word' id='word_1_1006' title='bbox 1493 581 1601 616; x_wconf 76' lang='lat' dir='ltr'>judices</span> <span class='ocrx_word' id='word_1_1007' title='bbox 1612 582 1795 616; x_wconf 86' lang='lat' dir='ltr'>conjiciendae</span> <span class='ocrx_word' id='word_1_1008' title='bbox 1809 583 2042 621; x_wconf 80' lang='lat' dir='ltr'>consistendaeque</span> <span class='ocrx_word' id='word_1_1009' title='bbox 2056 582 2141 614; x_wconf 51' lang='lat' dir='ltr'>causae</span> <span class='ocrx_word' id='word_1_1010' title='bbox 2153 585 2238 623; x_wconf 82' lang='lat' dir='ltr'>gratia</span> <span class='ocrx_word' id='word_1_1011' title='bbox 2248 586 2373 621; x_wconf 70' lang='lat' dir='ltr'>venisset,</span> <span class='ocrx_word' id='word_1_1012' title='bbox 2394 589 2448 617; x_wconf 81' lang='lat' dir='ltr'>&amp;c.</span> 
     </span>
     <span class='ocr_line' id='line_1_114' title="bbox 1343 617 1926 657; baseline 0.005 -11"><span class='ocrx_word' id='word_1_1013' title='bbox 1343 617 1528 647; x_wconf 85' lang='lat' dir='ltr'>Hotomanus.</span> <span class='ocrx_word' id='word_1_1014' title='bbox 1564 619 1629 654; x_wconf 81' lang='lat' dir='ltr'>[An</span> <span class='ocrx_word' id='word_1_1015' title='bbox 1640 619 1902 657; x_wconf 79' lang='lat' dir='ltr'>Constituendaeque</span> <span class='ocrx_word' id='word_1_1016' title='bbox 1912 621 1926 649; x_wconf 82' lang='lat'>‘?</span> 
     </span>
    </p>

    <p class='ocr_par' dir='ltr' id='par_1_58' title="bbox 1325 653 2452 888">
     <span class='ocr_line' id='line_1_115' title="bbox 1325 653 2451 700; baseline 0.008 -17"><span class='ocrx_word' id='word_1_1017' title='bbox 1325 653 1473 691; x_wconf 65' lang='lat' dir='ltr'>Conjettio</span> <span class='ocrx_word' id='word_1_1018' title='bbox 1486 665 1543 684; x_wconf 90' lang='lat' dir='ltr'>non</span> <span class='ocrx_word' id='word_1_1019' title='bbox 1560 661 1675 700; x_wconf 43' lang='lat' dir='ltr'>tant-um·</span> <span class='ocrx_word' id='word_1_1020' title='bbox 1684 657 1723 685; x_wconf 84' lang='lat' dir='ltr'>est</span> <span class='ocrx_word' id='word_1_1021' title='bbox 1737 678 1745 691; x_wconf 83' lang='lat'>,</span> <span class='ocrx_word' id='word_1_1022' title='bbox 1767 667 1853 694; x_wconf 86' lang='lat' dir='ltr'>quum</span> <span class='ocrx_word' id='word_1_1023' title='bbox 1878 655 1958 687; x_wconf 88' lang='lat' dir='ltr'>causa</span> <span class='ocrx_word' id='word_1_1024' title='bbox 1977 659 2051 696; x_wconf 89' lang='lat' dir='ltr'>apud</span> <span class='ocrx_word' id='word_1_1025' title='bbox 2073 659 2219 689; x_wconf 84' lang='lat' dir='ltr'>Praetorem</span> <span class='ocrx_word' id='word_1_1026' title='bbox 2234 661 2401 698; x_wconf 86' lang='lat' dir='ltr'>conjicitur,</span> <span class='ocrx_word' id='word_1_1027' title='bbox 2422 664 2451 693; x_wconf 83' lang='lat'>&amp;</span> 
     </span>
     <span class='ocr_line' id='line_1_116' title="bbox 1343 694 2451 737; baseline 0.008 -16"><span class='ocrx_word' id='word_1_1028' title='bbox 1343 694 1466 736; x_wconf 79' lang='lat' dir='ltr'>quodam</span> <span class='ocrx_word' id='word_1_1029' title='bbox 1476 700 1607 737; x_wconf 75' lang='lat' dir='ltr'>tanquam</span> <span class='ocrx_word' id='word_1_1030' title='bbox 1615 694 1710 723; x_wconf 80' lang='lat' dir='ltr'>mdlce</span> <span class='ocrx_word' id='word_1_1031' title='bbox 1718 696 1867 732; x_wconf 83' lang='lat' dir='ltr'>exponitur</span> <span class='ocrx_word' id='word_1_1032' title='bbox 1877 697 1903 725; x_wconf 86' lang='lat'>&amp;</span> <span class='ocrx_word' id='word_1_1033' title='bbox 1913 695 2004 725; x_wconf 88' lang='lat' dir='ltr'>brevi:</span> <span class='ocrx_word' id='word_1_1034' title='bbox 2026 707 2122 726; x_wconf 89' lang='lat' dir='ltr'>verum</span> <span class='ocrx_word' id='word_1_1035' title='bbox 2133 699 2215 728; x_wconf 88' lang='lat' dir='ltr'>etiam</span> <span class='ocrx_word' id='word_1_1036' title='bbox 2229 701 2339 737; x_wconf 62' lang='lat' dir='ltr'>paetum</span> <span class='ocrx_word' id='word_1_1037' title='bbox 2352 710 2385 730; x_wconf 92' lang='lat' dir='ltr'>eo</span> <span class='ocrx_word' id='word_1_1038' title='bbox 2397 710 2451 730; x_wconf 89' lang='lat' dir='ltr'>no-</span> 
     </span>
     <span class='ocr_line' id='line_1_117' title="bbox 1344 731 2452 774; baseline 0.007 -15"><span class='ocrx_word' id='word_1_1039' title='bbox 1344 739 1420 760; x_wconf 89' lang='lat' dir='ltr'>mme</span> <span class='ocrx_word' id='word_1_1040' title='bbox 1430 738 1522 766; x_wconf 82' lang='lat' dir='ltr'>venit,</span> <span class='ocrx_word' id='word_1_1041' title='bbox 1545 737 1576 760; x_wconf 90' lang='lat' dir='ltr'>ut</span> <span class='ocrx_word' id='word_1_1042' title='bbox 1584 731 1659 768; x_wconf 86' lang='lat' dir='ltr'>apud</span> <span class='ocrx_word' id='word_1_1043' title='bbox 1672 732 1819 769; x_wconf 84' lang='lat' dir='ltr'>Apuleium</span> <span class='ocrx_word' id='word_1_1044' title='bbox 1832 733 1912 768; x_wconf 78' lang='lat' dir='ltr'>Apol.</span> <span class='ocrx_word' id='word_1_1045' title='bbox 1926 743 1953 763; x_wconf 87' lang='lat'>2.</span> <span class='ocrx_word' id='word_1_1046' title='bbox 1973 735 2002 762; x_wconf 94' lang='lat' dir='ltr'>in</span> <span class='ocrx_word' id='word_1_1047' title='bbox 2015 735 2187 771; x_wconf 80' lang='lat' dir='ltr'>nuptialibus</span> <span class='ocrx_word' id='word_1_1048' title='bbox 2200 738 2287 774; x_wconf 75' lang='lat' dir='ltr'>pactis</span> <span class='ocrx_word' id='word_1_1049' title='bbox 2303 738 2340 768; x_wconf 82' lang='lat' dir='ltr'>sic</span> <span class='ocrx_word' id='word_1_1050' title='bbox 2357 738 2452 768; x_wconf 88' lang='lat' dir='ltr'>scribi-</span> 
     </span>
     <span class='ocr_line' id='line_1_118' title="bbox 1343 769 2450 809; baseline 0.01 -13"><span class='ocrx_word' id='word_1_1051' title='bbox 1343 774 1407 803; x_wconf 82' lang='lat' dir='ltr'>tur,</span> <span class='ocrx_word' id='word_1_1052' title='bbox 1430 769 1528 798; x_wconf 81' lang='lat' dir='ltr'>Praeter</span> <span class='ocrx_word' id='word_1_1053' title='bbox 1537 769 1597 797; x_wconf 81' lang='lat' dir='ltr'>haee</span> <span class='ocrx_word' id='word_1_1054' title='bbox 1606 778 1638 798; x_wconf 89' lang='lat' dir='ltr'>ea</span> <span class='ocrx_word' id='word_1_1055' title='bbox 1659 771 1824 800; x_wconf 87' lang='lat' dir='ltr'>conditione</span> <span class='ocrx_word' id='word_1_1056' title='bbox 1845 772 1946 800; x_wconf 68' lang='lat' dir='ltr'>factam</span> <span class='ocrx_word' id='word_1_1057' title='bbox 1965 772 2190 809; x_wconf 72' lang='lat' dir='ltr'>coniectionem,</span> <span class='ocrx_word' id='word_1_1058' title='bbox 2213 775 2229 803; x_wconf 77' lang='lat' dir='ltr'>si</span> <span class='ocrx_word' id='word_1_1059' title='bbox 2251 775 2335 806; x_wconf 90' lang='lat' dir='ltr'>nullis</span> <span class='ocrx_word' id='word_1_1060' title='bbox 2353 786 2388 806; x_wconf 84' lang='lat' dir='ltr'>ex</span> <span class='ocrx_word' id='word_1_1061' title='bbox 2404 786 2450 806; x_wconf 90' lang='lat' dir='ltr'>mc</span> 
     </span>
     <span class='ocr_line' id='line_1_119' title="bbox 1344 805 2452 849; baseline 0.008 -14"><span class='ocrx_word' id='word_1_1062' title='bbox 1344 805 1476 843; x_wconf 89' lang='lat' dir='ltr'>susceptis</span> <span class='ocrx_word' id='word_1_1063' title='bbox 1491 807 1584 835; x_wconf 89' lang='lat' dir='ltr'>liberis</span> <span class='ocrx_word' id='word_1_1064' title='bbox 1594 807 1651 835; x_wconf 90' lang='lat' dir='ltr'>vita</span> <span class='ocrx_word' id='word_1_1065' title='bbox 1661 807 1844 844; x_wconf 76' lang='lat' dir='ltr'>demigrasset.</span> <span class='ocrx_word' id='word_1_1066' title='bbox 1887 809 1953 838; x_wconf 77' lang='lat' dir='ltr'>Haec</span> <span class='ocrx_word' id='word_1_1067' title='bbox 1972 809 2121 840; x_wconf 86' lang='lat' dir='ltr'>Turnebus</span> <span class='ocrx_word' id='word_1_1068' title='bbox 2137 811 2246 841; x_wconf 88' lang='lat' dir='ltr'>Advets.</span> <span class='ocrx_word' id='word_1_1069' title='bbox 2262 822 2303 849; x_wconf 90' lang='grc'>17.</span> <span class='ocrx_word' id='word_1_1070' title='bbox 2319 824 2360 848; x_wconf 78' lang='grc' dir='ltr'>ις.</span> <span class='ocrx_word' id='word_1_1071' title='bbox 2378 821 2452 846; x_wconf 86' lang='lat' dir='ltr'>extr.</span> 
     </span>
     <span class='ocr_line' id='line_1_120' title="bbox 1346 843 2431 888; baseline 0.008 -16"><span class='ocrx_word' id='word_1_1072' title='bbox 1346 843 1429 888; x_wconf 64' lang='lat' dir='ltr'>Cous.</span> <span class='ocrx_word' id='word_1_1073' title='bbox 1443 854 1486 879; x_wconf 88' lang='lat'>29.</span> <span class='ocrx_word' id='word_1_1074' title='bbox 1496 854 1542 874; x_wconf 87' lang='lat'>20.</span> <span class='ocrx_word' id='word_1_1075' title='bbox 1576 844 1638 888; x_wconf 43' lang='lat' dir='ltr'>⁵Sed</span> <span class='ocrx_word' id='word_1_1076' title='bbox 1652 845 1680 873; x_wconf 91' lang='lat' dir='ltr'>in</span> <span class='ocrx_word' id='word_1_1077' title='bbox 1693 845 1772 882; x_wconf 80' lang='lat' dir='ltr'>Apul.</span> <span class='ocrx_word' id='word_1_1078' title='bbox 1789 845 1913 888; x_wconf 80' lang='lat' dir='ltr'>Elmenh.</span> <span class='ocrx_word' id='word_1_1079' title='bbox 1926 857 1988 884; x_wconf 90' lang='lat' dir='ltr'>pag.</span> <span class='ocrx_word' id='word_1_1080' title='bbox 2003 857 2032 884; x_wconf 82' lang='lat'>33</span> <span class='ocrx_word' id='word_1_1081' title='bbox 2042 858 2064 878; x_wconf 86' lang='lat'>1.</span> <span class='ocrx_word' id='word_1_1082' title='bbox 2086 847 2185 885; x_wconf 80' lang='lat' dir='ltr'>legitur</span> <span class='ocrx_word' id='word_1_1083' title='bbox 2196 849 2431 881; x_wconf 88' lang='lat' dir='ltr'>Conventionem.</span> 
     </span>
    </p>

    <p class='ocr_par' dir='ltr' id='par_1_59' title="bbox 1325 881 2453 1033">
     <span class='ocr_line' id='line_1_121' title="bbox 1325 881 2453 928; baseline 0.008 -18"><span class='ocrx_word' id='word_1_1084' title='bbox 1325 881 1506 911; x_wconf 83' lang='lat' dir='ltr'>Somniorum</span> <span class='ocrx_word' id='word_1_1085' title='bbox 1517 883 1657 918; x_wconf 66' lang='lat' dir='ltr'>conJecho</span> <span class='ocrx_word' id='word_1_1086' title='bbox 1670 904 1678 914; x_wconf 82' lang='grc'>.</span> <span class='ocrx_word' id='word_1_1087' title='bbox 1701 892 1751 919; x_wconf 88' lang='lat' dir='ltr'>pro</span> <span class='ocrx_word' id='word_1_1088' title='bbox 1761 882 1939 918; x_wconf 79' lang='lat' dir='ltr'>ConJectura.</span> <span class='ocrx_word' id='word_1_1089' title='bbox 1977 884 2035 914; x_wconf 89' lang='lat' dir='ltr'>Cic.</span> <span class='ocrx_word' id='word_1_1090' title='bbox 2051 895 2076 915; x_wconf 91' lang='lat'>2.</span> <span class='ocrx_word' id='word_1_1091' title='bbox 2088 887 2124 915; x_wconf 90' lang='lat' dir='ltr'>de</span> <span class='ocrx_word' id='word_1_1092' title='bbox 2138 887 2230 916; x_wconf 91' lang='lat' dir='ltr'>Divin.</span> <span class='ocrx_word' id='word_1_1093' title='bbox 2243 898 2302 924; x_wconf 88' lang='lat'>130.</span> <span class='ocrx_word' id='word_1_1094' title='bbox 2325 890 2453 928; x_wconf 73' lang='lat' dir='ltr'>Chrysip-</span> 
     </span>
     <span class='ocr_line' id='line_1_122' title="bbox 1345 919 2450 964; baseline 0.007 -15"><span class='ocrx_word' id='word_1_1095' title='bbox 1345 929 1398 957; x_wconf 86' lang='lat' dir='ltr'>pus</span> <span class='ocrx_word' id='word_1_1096' title='bbox 1408 919 1580 950; x_wconf 86' lang='lat' dir='ltr'>somniorum</span> <span class='ocrx_word' id='word_1_1097' title='bbox 1590 920 1797 955; x_wconf 74' lang='lat' dir='ltr'>conjec&#39;tionem</span> <span class='ocrx_word' id='word_1_1098' title='bbox 1809 921 1908 950; x_wconf 79' lang='lat' dir='ltr'>definit</span> <span class='ocrx_word' id='word_1_1099' title='bbox 1920 921 1975 951; x_wconf 90' lang='lat' dir='ltr'>hoc</span> <span class='ocrx_word' id='word_1_1100' title='bbox 1988 924 2091 959; x_wconf 78' lang='lat' dir='ltr'>modo,</span> <span class='ocrx_word' id='word_1_1101' title='bbox 2114 924 2173 954; x_wconf 79' lang='lat' dir='ltr'>Effe</span> <span class='ocrx_word' id='word_1_1102' title='bbox 2189 925 2246 955; x_wconf 89' lang='lat' dir='ltr'>vim</span> <span class='ocrx_word' id='word_1_1103' title='bbox 2264 936 2427 958; x_wconf 78' lang='lat' dir='ltr'>cernentem</span> <span class='ocrx_word' id='word_1_1104' title='bbox 2441 950 2450 964; x_wconf 86' lang='lat'>‚</span> 
     </span>
     <span class='ocr_line' id='line_1_123' title="bbox 1346 957 2452 997; baseline 0.01 -12"><span class='ocrx_word' id='word_1_1105' title='bbox 1346 958 1372 987; x_wconf 86' lang='lat'>&amp;</span> <span class='ocrx_word' id='word_1_1106' title='bbox 1384 957 1581 994; x_wconf 88' lang='lat' dir='ltr'>explanantem</span> <span class='ocrx_word' id='word_1_1107' title='bbox 1591 967 1651 995; x_wconf 85' lang='lat' dir='ltr'>quae</span> <span class='ocrx_word' id='word_1_1108' title='bbox 1662 968 1677 986; x_wconf 85' lang='lat' dir='ltr'>a</span> <span class='ocrx_word' id='word_1_1109' title='bbox 1688 959 1741 987; x_wconf 81' lang='lat' dir='ltr'>diis</span> <span class='ocrx_word' id='word_1_1110' title='bbox 1758 958 1917 988; x_wconf 80' lang='lat' dir='ltr'>hominibus</span> <span class='ocrx_word' id='word_1_1111' title='bbox 1927 960 2112 997; x_wconf 75' lang='lat' dir='ltr'>significentur</span> <span class='ocrx_word' id='word_1_1112' title='bbox 2121 962 2149 990; x_wconf 87' lang='lat' dir='ltr'>in</span> <span class='ocrx_word' id='word_1_1113' title='bbox 2161 962 2272 993; x_wconf 87' lang='lat' dir='ltr'>somnis.</span> <span class='ocrx_word' id='word_1_1114' title='bbox 2309 965 2393 995; x_wconf 83' lang='lat' dir='ltr'>Paulo</span> <span class='ocrx_word' id='word_1_1115' title='bbox 2403 976 2452 996; x_wconf 85' lang='lat' dir='ltr'>an·</span> 
     </span>
     <span class='ocr_line' id='line_1_124' title="bbox 1345 994 2236 1033; baseline 0.007 -9"><span class='ocrx_word' id='word_1_1116' title='bbox 1345 1000 1374 1024; x_wconf 89' lang='lat' dir='ltr'>te</span> <span class='ocrx_word' id='word_1_1117' title='bbox 1384 995 1512 1031; x_wconf 82' lang='lat' dir='ltr'>dixerat,</span> <span class='ocrx_word' id='word_1_1118' title='bbox 1534 995 1561 1025; x_wconf 90' lang='lat' dir='ltr'>Si</span> <span class='ocrx_word' id='word_1_1119' title='bbox 1573 996 1629 1031; x_wconf 86' lang='lat' dir='ltr'>J&#39;am</span> <span class='ocrx_word' id='word_1_1120' title='bbox 1639 994 1697 1024; x_wconf 87' lang='lat' dir='ltr'>fieri</span> <span class='ocrx_word' id='word_1_1121' title='bbox 1709 996 1792 1033; x_wconf 84' lang='lat' dir='ltr'>possit</span> <span class='ocrx_word' id='word_1_1122' title='bbox 1803 997 1965 1032; x_wconf 64' lang='lat' dir='ltr'>conjectura</span> <span class='ocrx_word' id='word_1_1123' title='bbox 1978 1007 2041 1027; x_wconf 86' lang='lat' dir='ltr'>vera</span> <span class='ocrx_word' id='word_1_1124' title='bbox 2057 999 2236 1030; x_wconf 87' lang='lat' dir='ltr'>somniorum.</span> 
     </span>
    </p>

    <p class='ocr_par' dir='ltr' id='par_1_60' title="bbox 1287 1031 2451 1114">
     <span class='ocr_line' id='line_1_125' title="bbox 1287 1031 2451 1078; baseline 0.006 -16"><span class='ocrx_word' id='word_1_1125' title='bbox 1287 1033 1311 1065; x_wconf 83' lang='lat' dir='ltr'>C</span> <span class='ocrx_word' id='word_1_1126' title='bbox 1321 1043 1338 1063; x_wconf 94' lang='lat' dir='ltr'>o</span> <span class='ocrx_word' id='word_1_1127' title='bbox 1348 1042 1368 1062; x_wconf 82' lang='lat' dir='ltr'>N</span> <span class='ocrx_word' id='word_1_1128' title='bbox 1377 1042 1389 1068; x_wconf 92' lang='lat' dir='ltr'>J</span> <span class='ocrx_word' id='word_1_1129' title='bbox 1399 1043 1414 1062; x_wconf 83' lang='lat'>13</span> <span class='ocrx_word' id='word_1_1130' title='bbox 1423 1042 1440 1062; x_wconf 93' lang='lat' dir='ltr'>c</span> <span class='ocrx_word' id='word_1_1131' title='bbox 1451 1043 1470 1062; x_wconf 85' lang='lat' dir='ltr'>T</span> <span class='ocrx_word' id='word_1_1132' title='bbox 1481 1044 1498 1063; x_wconf 91' lang='grc' dir='ltr'><em>υ</em></span> <span class='ocrx_word' id='word_1_1133' title='bbox 1507 1043 1519 1062; x_wconf 80' lang='lat' dir='ltr'>s</span> <span class='ocrx_word' id='word_1_1134' title='bbox 1530 1055 1538 1069; x_wconf 95' lang='lat'>‚</span> <span class='ocrx_word' id='word_1_1135' title='bbox 1558 1035 1598 1063; x_wconf 72' lang='lat' dir='ltr'>us.</span> <span class='ocrx_word' id='word_1_1136' title='bbox 1621 1043 1659 1063; x_wconf 92' lang='lat' dir='ltr'>m.</span> <span class='ocrx_word' id='word_1_1137' title='bbox 1680 1034 1766 1069; x_wconf 69' lang='grc' dir='ltr'>[βολὴ</span> <span class='ocrx_word' id='word_1_1138' title='bbox 1777 1055 1785 1069; x_wconf 92' lang='grc'>,</span> <span class='ocrx_word' id='word_1_1139' title='bbox 1803 1031 1876 1069; x_wconf 60' lang='grc' dir='ltr'>ῥιπὴ]</span> <span class='ocrx_word' id='word_1_1140' title='bbox 1899 1034 1966 1064; x_wconf 86' lang='lat' dir='ltr'>Plin.</span> <span class='ocrx_word' id='word_1_1141' title='bbox 1977 1035 2025 1065; x_wconf 86' lang='lat' dir='ltr'>lib.</span> <span class='ocrx_word' id='word_1_1142' title='bbox 2037 1041 2082 1066; x_wconf 83' lang='lat'>26.</span> <span class='ocrx_word' id='word_1_1143' title='bbox 2097 1047 2157 1075; x_wconf 89' lang='lat' dir='ltr'>cap.</span> <span class='ocrx_word' id='word_1_1144' title='bbox 2170 1048 2196 1072; x_wconf 78' lang='lat'>4.</span> <span class='ocrx_word' id='word_1_1145' title='bbox 2218 1039 2382 1078; x_wconf 79' lang='lat' dir='ltr'>AEthiopide</span> <span class='ocrx_word' id='word_1_1146' title='bbox 2390 1041 2451 1071; x_wconf 76' lang='lat' dir='ltr'>her-¹</span> 
     </span>
     <span class='ocr_line' id='line_1_126' title="bbox 1326 1071 2298 1114; baseline 0.007 -14"><span class='ocrx_word' id='word_1_1147' title='bbox 1326 1071 1363 1100; x_wconf 88' lang='lat' dir='ltr'>ba</span> <span class='ocrx_word' id='word_1_1148' title='bbox 1370 1080 1466 1101; x_wconf 83' lang='lat' dir='ltr'>amnes</span> <span class='ocrx_word' id='word_1_1149' title='bbox 1476 1081 1509 1100; x_wconf 88' lang='lat' dir='ltr'>ac</span> <span class='ocrx_word' id='word_1_1150' title='bbox 1518 1071 1610 1107; x_wconf 87' lang='lat' dir='ltr'>stagna</span> <span class='ocrx_word' id='word_1_1151' title='bbox 1623 1071 1715 1101; x_wconf 72' lang='lat' dir='ltr'>siccari</span> <span class='ocrx_word' id='word_1_1152' title='bbox 1725 1072 1858 1108; x_wconf 67' lang='lat' dir='ltr'>conjectu</span> <span class='ocrx_word' id='word_1_1153' title='bbox 1867 1094 1875 1108; x_wconf 85' lang='lat'>,</span> <span class='ocrx_word' id='word_1_1154' title='bbox 1897 1073 1972 1102; x_wconf 72' lang='lat' dir='ltr'>tat‘tu</span> <span class='ocrx_word' id='word_1_1155' title='bbox 1985 1074 2075 1104; x_wconf 81' lang='lat' dir='ltr'>clausa</span> <span class='ocrx_word' id='word_1_1156' title='bbox 2086 1076 2180 1105; x_wconf 88' lang='lat' dir='ltr'>omnia</span> <span class='ocrx_word' id='word_1_1157' title='bbox 2189 1078 2298 1114; x_wconf 87' lang='lat' dir='ltr'>aperiri.</span> 
     </span>
    </p>

    <p class='ocr_par' dir='ltr' id='par_1_61' title="bbox 1324 1108 2156 1150">
     <span class='ocr_line' id='line_1_127' title="bbox 1324 1108 2156 1150; baseline 0.006 -12"><span class='ocrx_word' id='word_1_1158' title='bbox 1324 1108 1463 1146; x_wconf 85' lang='lat' dir='ltr'>Lapidum</span> <span class='ocrx_word' id='word_1_1159' title='bbox 1473 1110 1498 1139; x_wconf 85' lang='lat'>&amp;</span> <span class='ocrx_word' id='word_1_1160' title='bbox 1508 1108 1681 1147; x_wconf 86' lang='lat' dir='ltr'>spiculorum</span> <span class='ocrx_word' id='word_1_1161' title='bbox 1694 1110 1848 1146; x_wconf 70' lang='lat' dir='ltr'>conjectus.</span> <span class='ocrx_word' id='word_1_1162' title='bbox 1871 1109 1979 1140; x_wconf 85' lang='lat' dir='ltr'>Lucret.</span> <span class='ocrx_word' id='word_1_1163' title='bbox 1991 1111 2040 1141; x_wconf 85' lang='lat' dir='ltr'>lib.</span> <span class='ocrx_word' id='word_1_1164' title='bbox 2055 1121 2079 1148; x_wconf 87' lang='lat'>3.</span> <span class='ocrx_word' id='word_1_1165' title='bbox 2094 1122 2156 1150; x_wconf 85' lang='lat'>199.</span> 
     </span>
    </p>

    <p class='ocr_par' dir='ltr' id='par_1_62' title="bbox 1325 1146 2054 1186">
     <span class='ocr_line' id='line_1_128' title="bbox 1325 1146 2054 1186; baseline 0.001 -9"><span class='ocrx_word' id='word_1_1166' title='bbox 1325 1146 1465 1184; x_wconf 81' lang='lat' dir='ltr'>Lapidum</span> <span class='ocrx_word' id='word_1_1167' title='bbox 1477 1148 1608 1182; x_wconf 64' lang='lat' dir='ltr'>conjestu</span> <span class='ocrx_word' id='word_1_1168' title='bbox 1617 1147 1701 1177; x_wconf 66' lang='lat' dir='ltr'>fracta</span> <span class='ocrx_word' id='word_1_1169' title='bbox 1710 1148 1818 1177; x_wconf 90' lang='lat' dir='ltr'>domus.</span> <span class='ocrx_word' id='word_1_1170' title='bbox 1844 1147 1902 1177; x_wconf 94' lang='lat' dir='ltr'>Cic.</span> <span class='ocrx_word' id='word_1_1171' title='bbox 1917 1160 1944 1184; x_wconf 86' lang='lat'>4.</span> <span class='ocrx_word' id='word_1_1172' title='bbox 1961 1150 2015 1178; x_wconf 72' lang='lat' dir='ltr'>Aet.</span> <span class='ocrx_word' id='word_1_1173' title='bbox 2030 1158 2054 1186; x_wconf 93' lang='lat'>3.</span> 
     </span>
    </p>

    <p class='ocr_par' dir='ltr' id='par_1_63' title="bbox 1326 1185 2453 1298">
     <span class='ocr_line' id='line_1_129' title="bbox 1326 1185 2452 1230; baseline 0.004 -15"><span class='ocrx_word' id='word_1_1174' title='bbox 1326 1185 1458 1215; x_wconf 80' lang='lat' dir='ltr'>Materiai</span> <span class='ocrx_word' id='word_1_1175' title='bbox 1478 1185 1623 1221; x_wconf 57' lang='lat' dir='ltr'>coniectus</span> <span class='ocrx_word' id='word_1_1176' title='bbox 1633 1207 1641 1221; x_wconf 93' lang='lat'>,</span> <span class='ocrx_word' id='word_1_1177' title='bbox 1662 1186 1680 1215; x_wconf 92' lang='lat' dir='ltr'>i.</span> <span class='ocrx_word' id='word_1_1178' title='bbox 1693 1195 1716 1216; x_wconf 90' lang='lat' dir='ltr'>e.</span> <span class='ocrx_word' id='word_1_1179' title='bbox 1740 1185 1905 1223; x_wconf 86' lang='lat' dir='ltr'>Congrelsus</span> <span class='ocrx_word' id='word_1_1180' title='bbox 1915 1208 1923 1221; x_wconf 88' lang='lat'><strong>‚</strong></span> <span class='ocrx_word' id='word_1_1181' title='bbox 1944 1195 2076 1223; x_wconf 80' lang='lat' dir='ltr'>acervus,</span> <span class='ocrx_word' id='word_1_1182' title='bbox 2097 1189 2188 1218; x_wconf 89' lang='lat' dir='ltr'>coitus</span> <span class='ocrx_word' id='word_1_1183' title='bbox 2200 1211 2208 1224; x_wconf 79' lang='grc'><em>,</em></span> <span class='ocrx_word' id='word_1_1184' title='bbox 2229 1189 2275 1220; x_wconf 85' lang='lat' dir='ltr'>seu</span> <span class='ocrx_word' id='word_1_1185' title='bbox 2289 1196 2379 1221; x_wconf 86' lang='lat' dir='ltr'>coetus</span> <span class='ocrx_word' id='word_1_1186' title='bbox 2399 1193 2452 1230; x_wconf 63' lang='lat' dir='ltr'>pri.</span> 
     </span>
     <span class='ocr_line' id='line_1_130' title="bbox 1345 1223 2453 1290; baseline 0.005 -38"><span class='ocrx_word' id='word_1_1187' title='bbox 1345 1232 1457 1290; x_wconf 68' lang='grc' dir='ltr'><strong>1110ῑὸ111</strong></span> <span class='ocrx_word' id='word_1_1188' title='bbox 1468 1232 1628 1290; x_wconf 37' lang='lat' dir='ltr'>corp-orum.</span> <span class='ocrx_word' id='word_1_1189' title='bbox 1667 1223 1775 1253; x_wconf 82' lang='lat' dir='ltr'>Lucret.</span> <span class='ocrx_word' id='word_1_1190' title='bbox 1783 1223 1832 1254; x_wconf 91' lang='lat' dir='ltr'>lib.</span> <span class='ocrx_word' id='word_1_1191' title='bbox 1851 1235 1876 1260; x_wconf 82' lang='grc' dir='ltr'>ς.</span> <span class='ocrx_word' id='word_1_1192' title='bbox 1889 1229 1934 1259; x_wconf 76' lang='grc'>68.</span> <span class='ocrx_word' id='word_1_1193' title='bbox 1957 1226 1988 1254; x_wconf 92' lang='grc'>111</span> <span class='ocrx_word' id='word_1_1194' title='bbox 2009 1226 2153 1256; x_wconf 89' lang='lat' dir='ltr'>nonnullis</span> <span class='ocrx_word' id='word_1_1195' title='bbox 2169 1229 2375 1267; x_wconf 83' lang='lat' dir='ltr'>exemplaribus</span> <span class='ocrx_word' id='word_1_1196' title='bbox 2385 1230 2453 1269; x_wconf 80' lang='lat' dir='ltr'>legi.</span> 
     </span>
     <span class='ocr_line' id='line_1_131' title="bbox 1345 1267 1577 1298; baseline 0 -8"><span class='ocrx_word' id='word_1_1197' title='bbox 1345 1267 1391 1290; x_wconf 84' lang='lat' dir='ltr'>tur</span> <span class='ocrx_word' id='word_1_1198' title='bbox 1424 1271 1512 1298; x_wconf 87' lang='lat' dir='ltr'>ongre</span> <span class='ocrx_word' id='word_1_1199' title='bbox 1537 1270 1577 1290; x_wconf 91' lang='lat' dir='ltr'>us.</span> 
     </span>
    </p>

    <p class='ocr_par' dir='ltr' id='par_1_64' title="bbox 1326 1298 2454 1415">
     <span class='ocr_line' id='line_1_132' title="bbox 1326 1298 2453 1341; baseline 0.005 -12"><span class='ocrx_word' id='word_1_1200' title='bbox 1326 1299 1486 1329; x_wconf 89' lang='lat' dir='ltr'>Oculorum</span> <span class='ocrx_word' id='word_1_1201' title='bbox 1495 1299 1650 1335; x_wconf 67' lang='lat' dir='ltr'>conjectus.</span> <span class='ocrx_word' id='word_1_1202' title='bbox 1671 1298 1742 1333; x_wconf 67' lang='lat' dir='ltr'>sCic.</span> <span class='ocrx_word' id='word_1_1203' title='bbox 1753 1309 1804 1337; x_wconf 88' lang='lat' dir='ltr'>pro</span> <span class='ocrx_word' id='word_1_1204' title='bbox 1814 1299 1905 1330; x_wconf 78' lang='lat' dir='ltr'>Plane.</span> <span class='ocrx_word' id='word_1_1205' title='bbox 1916 1309 1962 1330; x_wconf 82' lang='lat'>21.</span> <span class='ocrx_word' id='word_1_1206' title='bbox 1982 1300 2047 1330; x_wconf 87' lang='lat' dir='ltr'>Non</span> <span class='ocrx_word' id='word_1_1207' title='bbox 2059 1301 2135 1331; x_wconf 89' lang='lat' dir='ltr'>enim</span> <span class='ocrx_word' id='word_1_1208' title='bbox 2146 1303 2252 1333; x_wconf 86' lang='lat' dir='ltr'>tribum</span> <span class='ocrx_word' id='word_1_1209' title='bbox 2262 1303 2453 1341; x_wconf 82' lang='lat' dir='ltr'>Tarentinam,</span> 
     </span>
     <span class='ocr_line' id='line_1_133' title="bbox 1345 1336 2454 1380; baseline 0.007 -14"><span class='ocrx_word' id='word_1_1210' title='bbox 1345 1337 1383 1367; x_wconf 87' lang='lat' dir='ltr'>de</span> <span class='ocrx_word' id='word_1_1211' title='bbox 1392 1347 1444 1374; x_wconf 91' lang='lat' dir='ltr'>qua</span> <span class='ocrx_word' id='word_1_1212' title='bbox 1453 1338 1545 1367; x_wconf 84' lang='lat' dir='ltr'>dicam</span> <span class='ocrx_word' id='word_1_1213' title='bbox 1555 1336 1610 1366; x_wconf 91' lang='lat' dir='ltr'>alio</span> <span class='ocrx_word' id='word_1_1214' title='bbox 1619 1336 1685 1366; x_wconf 92' lang='lat' dir='ltr'>loco</span> <span class='ocrx_word' id='word_1_1215' title='bbox 1694 1359 1703 1373; x_wconf 87' lang='lat'><strong>‚</strong></span> <span class='ocrx_word' id='word_1_1216' title='bbox 1723 1337 1771 1367; x_wconf 86' lang='lat' dir='ltr'>sed</span> <span class='ocrx_word' id='word_1_1217' title='bbox 1782 1338 1946 1376; x_wconf 89' lang='lat' dir='ltr'>dignitatem</span> <span class='ocrx_word' id='word_1_1218' title='bbox 1960 1361 1968 1374; x_wconf 91' lang='lat'>,</span> <span class='ocrx_word' id='word_1_1219' title='bbox 1988 1339 2036 1368; x_wconf 85' lang='lat' dir='ltr'>sed</span> <span class='ocrx_word' id='word_1_1220' title='bbox 2048 1340 2195 1370; x_wconf 82' lang='lat' dir='ltr'>oculorum</span> <span class='ocrx_word' id='word_1_1221' title='bbox 2206 1343 2366 1378; x_wconf 67' lang='lat' dir='ltr'>conjeetum</span> <span class='ocrx_word' id='word_1_1222' title='bbox 2376 1366 2384 1380; x_wconf 93' lang='lat'>,</span> <span class='ocrx_word' id='word_1_1223' title='bbox 2405 1344 2454 1374; x_wconf 83' lang='lat' dir='ltr'>sed</span> 
     </span>
     <span class='ocr_line' id='line_1_134' title="bbox 1347 1374 2222 1415; baseline 0.005 -11"><span class='ocrx_word' id='word_1_1224' title='bbox 1347 1374 1464 1405; x_wconf 85' lang='lat' dir='ltr'>solidam</span> <span class='ocrx_word' id='word_1_1225' title='bbox 1473 1377 1498 1405; x_wconf 87' lang='lat'>&amp;</span> <span class='ocrx_word' id='word_1_1226' title='bbox 1509 1374 1647 1404; x_wconf 83' lang='lat' dir='ltr'>robustam</span> <span class='ocrx_word' id='word_1_1227' title='bbox 1658 1377 1684 1405; x_wconf 83' lang='lat'>&amp;</span> <span class='ocrx_word' id='word_1_1228' title='bbox 1696 1375 1830 1405; x_wconf 84' lang='lat' dir='ltr'>affiduam</span> <span class='ocrx_word' id='word_1_1229' title='bbox 1840 1376 2026 1414; x_wconf 86' lang='lat' dir='ltr'>frequentiam</span> <span class='ocrx_word' id='word_1_1230' title='bbox 2036 1378 2222 1415; x_wconf 81' lang='lat' dir='ltr'>praebuerunt.</span> 
     </span>
    </p>

    <p class='ocr_par' dir='ltr' id='par_1_65' title="bbox 1328 1412 2361 1455">
     <span class='ocr_line' id='line_1_135' title="bbox 1328 1412 2361 1455; baseline 0.005 -13"><span class='ocrx_word' id='word_1_1231' title='bbox 1328 1412 1487 1443; x_wconf 86' lang='lat' dir='ltr'>Oculorum</span> <span class='ocrx_word' id='word_1_1232' title='bbox 1497 1413 1629 1448; x_wconf 63' lang='lat' dir='ltr'>conjectu</span> <span class='ocrx_word' id='word_1_1233' title='bbox 1640 1412 1762 1451; x_wconf 88' lang='lat' dir='ltr'>aliquem</span> <span class='ocrx_word' id='word_1_1234' title='bbox 1776 1419 1807 1442; x_wconf 87' lang='lat' dir='ltr'>ut</span> <span class='ocrx_word' id='word_1_1235' title='bbox 1820 1414 1909 1443; x_wconf 81' lang='lat' dir='ltr'>furem</span> <span class='ocrx_word' id='word_1_1236' title='bbox 1920 1415 2065 1445; x_wconf 86' lang='lat' dir='ltr'>destinare.</span> <span class='ocrx_word' id='word_1_1237' title='bbox 2087 1417 2164 1446; x_wconf 87' lang='lat' dir='ltr'>Curt.</span> <span class='ocrx_word' id='word_1_1238' title='bbox 2178 1417 2226 1446; x_wconf 89' lang='lat' dir='ltr'>lib.</span> <span class='ocrx_word' id='word_1_1239' title='bbox 2241 1427 2265 1451; x_wconf 77' lang='grc'><strong>9,</strong></span> <span class='ocrx_word' id='word_1_1240' title='bbox 2277 1427 2304 1455; x_wconf 84' lang='grc'>7.</span> <span class='ocrx_word' id='word_1_1241' title='bbox 2316 1427 2361 1453; x_wconf 79' lang='lat'>25.</span> 
     </span>
    </p>

    <p class='ocr_par' dir='ltr' id='par_1_66' title="bbox 1328 1451 2437 1492">
     <span class='ocr_line' id='line_1_136' title="bbox 1328 1451 2437 1492; baseline 0.006 -12"><span class='ocrx_word' id='word_1_1242' title='bbox 1328 1451 1486 1481; x_wconf 90' lang='lat' dir='ltr'>Oculorum</span> <span class='ocrx_word' id='word_1_1243' title='bbox 1495 1451 1625 1487; x_wconf 69' lang='lat' dir='ltr'>coniectu</span> <span class='ocrx_word' id='word_1_1244' title='bbox 1633 1458 1726 1481; x_wconf 91' lang='lat' dir='ltr'>motus</span> <span class='ocrx_word' id='word_1_1245' title='bbox 1737 1452 1894 1482; x_wconf 83' lang='lat' dir='ltr'>animorum</span> <span class='ocrx_word' id='word_1_1246' title='bbox 1907 1452 2098 1490; x_wconf 76' lang='lat' dir='ltr'>significamus.</span> <span class='ocrx_word' id='word_1_1247' title='bbox 2121 1456 2180 1484; x_wconf 75' lang='lat' dir='ltr'>Cic.</span> <span class='ocrx_word' id='word_1_1248' title='bbox 2194 1465 2217 1492; x_wconf 85' lang='lat'>3.</span> <span class='ocrx_word' id='word_1_1249' title='bbox 2231 1456 2266 1485; x_wconf 81' lang='lat' dir='ltr'>&lt;le</span> <span class='ocrx_word' id='word_1_1250' title='bbox 2281 1457 2358 1485; x_wconf 74' lang='lat' dir='ltr'>Orat.</span> <span class='ocrx_word' id='word_1_1251' title='bbox 2373 1466 2437 1487; x_wconf 81' lang='lat'>220.</span> 
     </span>
    </p>

    <p class='ocr_par' dir='ltr' id='par_1_67' title="bbox 1327 1488 2454 1565">
     <span class='ocr_line' id='line_1_137' title="bbox 1327 1488 2454 1557; baseline 0.006 -39"><span class='ocrx_word' id='word_1_1252' title='bbox 1327 1488 1500 1557; x_wconf 46' lang='lat' dir='ltr'>Conjeffus(i</span> <span class='ocrx_word' id='word_1_1253' title='bbox 1511 1499 1537 1556; x_wconf 60' lang='grc' dir='ltr'>ἐ.</span> <span class='ocrx_word' id='word_1_1254' title='bbox 1548 1498 1574 1519; x_wconf 85' lang='grc'>0.</span> <span class='ocrx_word' id='word_1_1255' title='bbox 1596 1488 1718 1519; x_wconf 69' lang='lat' dir='ltr'>Direffio</span> <span class='ocrx_word' id='word_1_1256' title='bbox 1730 1490 1859 1527; x_wconf 81' lang='lat' dir='ltr'>quaedam</span> <span class='ocrx_word' id='word_1_1257' title='bbox 1874 1492 1989 1521; x_wconf 75' lang='lat' dir='ltr'>rationis</span> <span class='ocrx_word' id='word_1_1258' title='bbox 2004 1492 2039 1521; x_wconf 90' lang='lat' dir='ltr'>ad</span> <span class='ocrx_word' id='word_1_1259' title='bbox 2056 1493 2211 1524; x_wconf 85' lang='lat' dir='ltr'>veritatem.</span> <span class='ocrx_word' id='word_1_1260' title='bbox 2234 1494 2352 1531; x_wconf 81' lang='lat' dir='ltr'>Quintil.</span> <span class='ocrx_word' id='word_1_1261' title='bbox 2362 1494 2410 1526; x_wconf 78' lang='lat' dir='ltr'>lib.</span> <span class='ocrx_word' id='word_1_1262' title='bbox 2427 1505 2454 1532; x_wconf 85' lang='lat'>3.</span> 
     </span>
     <span class='ocr_line' id='line_1_138' title="bbox 1348 1536 1606 1565; baseline 0 -9"><span class='ocrx_word' id='word_1_1263' title='bbox 1348 1536 1409 1565; x_wconf 88' lang='lat' dir='ltr'>cap.</span> <span class='ocrx_word' id='word_1_1264' title='bbox 1442 1551 1448 1557; x_wconf 95' lang='lat'>.</span> <span class='ocrx_word' id='word_1_1265' title='bbox 1465 1538 1480 1557; x_wconf 88' lang='lat' dir='ltr'>a</span> <span class='ocrx_word' id='word_1_1266' title='bbox 1533 1536 1606 1556; x_wconf 91' lang='lat' dir='ltr'>nem.</span> 
     </span>
    </p>

    <p class='ocr_par' dir='ltr' id='par_1_68' title="bbox 1289 1563 2461 1756">
     <span class='ocr_line' id='line_1_139' title="bbox 1289 1563 2458 1608; baseline 0.006 -14"><span class='ocrx_word' id='word_1_1267' title='bbox 1289 1564 1314 1595; x_wconf 89' lang='lat' dir='ltr'>C</span> <span class='ocrx_word' id='word_1_1268' title='bbox 1324 1575 1341 1594; x_wconf 94' lang='grc' dir='ltr'>ο</span> <span class='ocrx_word' id='word_1_1269' title='bbox 1352 1575 1392 1600; x_wconf 79' lang='lat' dir='ltr'>NJ</span> <span class='ocrx_word' id='word_1_1270' title='bbox 1402 1574 1495 1595; x_wconf 71' lang='lat' dir='ltr'>acro</span> <span class='ocrx_word' id='word_1_1271' title='bbox 1505 1575 1522 1594; x_wconf 71' lang='lat' dir='ltr'>a.</span> <span class='ocrx_word' id='word_1_1272' title='bbox 1534 1587 1543 1601; x_wconf 96' lang='lat'>,</span> <span class='ocrx_word' id='word_1_1273' title='bbox 1565 1566 1630 1594; x_wconf 71' lang='lat' dir='ltr'>oris.</span> <span class='ocrx_word' id='word_1_1274' title='bbox 1648 1572 1690 1608; x_wconf 45' lang='lat' dir='ltr'>m..</span> <span class='ocrx_word' id='word_1_1275' title='bbox 1709 1563 1915 1602; x_wconf 56' lang='grc' dir='ltr'>[ὀνειροπόλον]</span> <span class='ocrx_word' id='word_1_1276' title='bbox 1936 1566 2039 1597; x_wconf 81' lang='lat' dir='ltr'>dicitur</span> <span class='ocrx_word' id='word_1_1277' title='bbox 2060 1569 2072 1604; x_wconf 90' lang='lat'>(</span> <span class='ocrx_word' id='word_1_1278' title='bbox 2084 1573 2116 1598; x_wconf 92' lang='lat' dir='ltr'>ut</span> <span class='ocrx_word' id='word_1_1279' title='bbox 2130 1568 2169 1598; x_wconf 88' lang='lat' dir='ltr'>ait</span> <span class='ocrx_word' id='word_1_1280' title='bbox 2184 1568 2298 1605; x_wconf 87' lang='lat' dir='ltr'>Festus)</span> <span class='ocrx_word' id='word_1_1281' title='bbox 2319 1569 2458 1608; x_wconf 69' lang='lat' dir='ltr'>interpres</span> 
     </span>
     <span class='ocr_line' id='line_1_140' title="bbox 1328 1601 2461 1646; baseline 0.006 -14"><span class='ocrx_word' id='word_1_1282' title='bbox 1328 1602 1510 1633; x_wconf 89' lang='lat' dir='ltr'>somniorum.</span> <span class='ocrx_word' id='word_1_1283' title='bbox 1532 1601 1576 1633; x_wconf 84' lang='lat' dir='ltr'>Est</span> <span class='ocrx_word' id='word_1_1284' title='bbox 1587 1603 1671 1633; x_wconf 90' lang='lat' dir='ltr'>etiam</span> <span class='ocrx_word' id='word_1_1285' title='bbox 1682 1612 1716 1646; x_wconf 66' lang='lat' dir='ltr'>is,</span> <span class='ocrx_word' id='word_1_1286' title='bbox 1730 1613 1814 1639; x_wconf 89' lang='lat' dir='ltr'>quem</span> <span class='ocrx_word' id='word_1_1287' title='bbox 1831 1604 1930 1642; x_wconf 87' lang='lat' dir='ltr'>vulgus</span> <span class='ocrx_word' id='word_1_1288' title='bbox 1941 1605 2131 1635; x_wconf 81' lang='lat' dir='ltr'>Divinatorem</span> <span class='ocrx_word' id='word_1_1289' title='bbox 2146 1614 2236 1637; x_wconf 84' lang='lat' dir='ltr'>vocat.</span> <span class='ocrx_word' id='word_1_1290' title='bbox 2259 1609 2368 1644; x_wconf 76' lang='lat' dir='ltr'>Quintil</span> <span class='ocrx_word' id='word_1_1291' title='bbox 2382 1610 2461 1645; x_wconf 84' lang='lat' dir='ltr'>lib.3.</span> 
     </span>
     <span class='ocr_line' id='line_1_141' title="bbox 1327 1641 2458 1684; baseline 0.005 -13"><span class='ocrx_word' id='word_1_1292' title='bbox 1327 1651 1390 1680; x_wconf 76' lang='lat' dir='ltr'>cap.</span> <span class='ocrx_word' id='word_1_1293' title='bbox 1403 1646 1428 1671; x_wconf 89' lang='lat'>6.</span> <span class='ocrx_word' id='word_1_1294' title='bbox 1447 1642 1482 1671; x_wconf 86' lang='lat' dir='ltr'>ad</span> <span class='ocrx_word' id='word_1_1295' title='bbox 1491 1641 1596 1677; x_wconf 85' lang='lat' dir='ltr'>finem,</span> <span class='ocrx_word' id='word_1_1296' title='bbox 1617 1641 1798 1684; x_wconf 67' lang='lat' dir='ltr'>Somniorum</span> <span class='ocrx_word' id='word_1_1297' title='bbox 1813 1648 1897 1678; x_wconf 90' lang='lat' dir='ltr'>atque</span> <span class='ocrx_word' id='word_1_1298' title='bbox 1921 1644 2049 1673; x_wconf 90' lang='lat' dir='ltr'>ominum</span> <span class='ocrx_word' id='word_1_1299' title='bbox 2069 1645 2252 1683; x_wconf 79' lang='lat' dir='ltr'>interpretes,</span> <span class='ocrx_word' id='word_1_1300' title='bbox 2281 1648 2458 1683; x_wconf 69' lang='lat' dir='ltr'>conjectores</span> 
     </span>
     <span class='ocr_line' id='line_1_142' title="bbox 1329 1678 2461 1721; baseline 0.005 -12"><span class='ocrx_word' id='word_1_1301' title='bbox 1329 1686 1470 1710; x_wconf 87' lang='lat' dir='ltr'>vocamus.</span> <span class='ocrx_word' id='word_1_1302' title='bbox 1494 1679 1553 1709; x_wconf 91' lang='lat' dir='ltr'>Cic.</span> <span class='ocrx_word' id='word_1_1303' title='bbox 1565 1688 1591 1709; x_wconf 85' lang='lat'>2.</span> <span class='ocrx_word' id='word_1_1304' title='bbox 1603 1678 1639 1708; x_wconf 91' lang='lat' dir='ltr'>de</span> <span class='ocrx_word' id='word_1_1305' title='bbox 1650 1679 1742 1709; x_wconf 82' lang='lat' dir='ltr'>Divm.</span> <span class='ocrx_word' id='word_1_1306' title='bbox 1760 1689 1820 1714; x_wconf 75' lang='lat'>134.</span> <span class='ocrx_word' id='word_1_1307' title='bbox 1844 1680 1939 1710; x_wconf 87' lang='lat' dir='ltr'>Defert</span> <span class='ocrx_word' id='word_1_1308' title='bbox 1946 1681 1981 1709; x_wconf 94' lang='lat' dir='ltr'>ad</span> <span class='ocrx_word' id='word_1_1309' title='bbox 1993 1682 2184 1718; x_wconf 65' lang='lat' dir='ltr'>conjectorem</span> <span class='ocrx_word' id='word_1_1310' title='bbox 2196 1683 2319 1721; x_wconf 87' lang='lat' dir='ltr'>quidam,</span> <span class='ocrx_word' id='word_1_1311' title='bbox 2329 1685 2461 1715; x_wconf 87' lang='lat' dir='ltr'>somnias-</span> 
     </span>
     <span class='ocr_line' id='line_1_143' title="bbox 1329 1716 2132 1756; baseline 0.005 -10"><span class='ocrx_word' id='word_1_1312' title='bbox 1329 1717 1358 1746; x_wconf 87' lang='lat' dir='ltr'>se</span> <span class='ocrx_word' id='word_1_1313' title='bbox 1368 1717 1394 1747; x_wconf 89' lang='lat' dir='ltr'>se</span> <span class='ocrx_word' id='word_1_1314' title='bbox 1407 1727 1492 1748; x_wconf 87' lang='lat' dir='ltr'>ovum</span> <span class='ocrx_word' id='word_1_1315' title='bbox 1504 1717 1628 1756; x_wconf 89' lang='lat' dir='ltr'>pendere</span> <span class='ocrx_word' id='word_1_1316' title='bbox 1637 1727 1672 1747; x_wconf 85' lang='lat' dir='ltr'>ex</span> <span class='ocrx_word' id='word_1_1317' title='bbox 1683 1716 1766 1747; x_wconf 86' lang='lat' dir='ltr'>fascia</span> <span class='ocrx_word' id='word_1_1318' title='bbox 1777 1717 1842 1748; x_wconf 68' lang='lat' dir='ltr'>lecti</span> <span class='ocrx_word' id='word_1_1319' title='bbox 1856 1719 1894 1748; x_wconf 90' lang='lat' dir='ltr'>sui</span> <span class='ocrx_word' id='word_1_1320' title='bbox 1907 1718 2083 1750; x_wconf 86' lang='lat' dir='ltr'>cubicularis.</span> <span class='ocrx_word' id='word_1_1321' title='bbox 2123 1728 2132 1737; x_wconf 89' lang='lat'><strong>·</strong></span> 
     </span>
    </p>

    <p class='ocr_par' dir='ltr' id='par_1_69' title="bbox 1329 1756 2461 1823">
     <span class='ocr_line' id='line_1_144' title="bbox 1329 1756 2461 1823; baseline 0.006 -38"><span class='ocrx_word' id='word_1_1322' title='bbox 1329 1756 1452 1823; x_wconf 55' lang='lat' dir='ltr'>Abuspex</span> <span class='ocrx_word' id='word_1_1323' title='bbox 1463 1778 1472 1792; x_wconf 84' lang='lat'><strong>‚</strong></span> <span class='ocrx_word' id='word_1_1324' title='bbox 1492 1765 1578 1793; x_wconf 84' lang='lat' dir='ltr'>augur</span> <span class='ocrx_word' id='word_1_1325' title='bbox 1589 1777 1597 1792; x_wconf 94' lang='lat'><strong>‚</strong></span> <span class='ocrx_word' id='word_1_1326' title='bbox 1619 1756 1764 1792; x_wconf 69' lang='lat' dir='ltr'>conjector</span> <span class='ocrx_word' id='word_1_1327' title='bbox 1777 1756 1806 1785; x_wconf 89' lang='lat' dir='ltr'>in</span> <span class='ocrx_word' id='word_1_1328' title='bbox 1821 1766 1922 1794; x_wconf 83' lang='lat' dir='ltr'>genere</span> <span class='ocrx_word' id='word_1_1329' title='bbox 1933 1757 2078 1788; x_wconf 89' lang='lat' dir='ltr'>divinandi</span> <span class='ocrx_word' id='word_1_1330' title='bbox 2090 1766 2281 1790; x_wconf 84' lang='lat' dir='ltr'>numerantur.</span> <span class='ocrx_word' id='word_1_1331' title='bbox 2304 1759 2364 1791; x_wconf 89' lang='lat' dir='ltr'>Cic.</span> <span class='ocrx_word' id='word_1_1332' title='bbox 2381 1771 2404 1792; x_wconf 94' lang='grc'>1.</span> <span class='ocrx_word' id='word_1_1333' title='bbox 2423 1762 2461 1792; x_wconf 85' lang='lat' dir='ltr'>de</span> 
     </span>
    </p>

    <p class='ocr_par' dir='ltr' id='par_1_70' title="bbox 1376 1803 1500 1830">
     <span class='ocr_line' id='line_1_145' title="bbox 1376 1803 1500 1830; baseline 0.008 -7"><span class='ocrx_word' id='word_1_1334' title='bbox 1376 1804 1444 1824; x_wconf 80' lang='lat' dir='ltr'>ivm.</span> <span class='ocrx_word' id='word_1_1335' title='bbox 1454 1803 1500 1830; x_wconf 86' lang='lat'>4²·</span> 
     </span>
    </p>

    <p class='ocr_par' dir='ltr' id='par_1_71' title="bbox 1330 1830 2462 1900">
     <span class='ocr_line' id='line_1_146' title="bbox 1330 1830 2462 1892; baseline 0.006 -31"><span class='ocrx_word' id='word_1_1336' title='bbox 1330 1831 1550 1892; x_wconf 65' lang='lat' dir='ltr'>Vatiginationes</span> <span class='ocrx_word' id='word_1_1337' title='bbox 1569 1831 1596 1862; x_wconf 87' lang='lat'>&amp;</span> <span class='ocrx_word' id='word_1_1338' title='bbox 1613 1830 1741 1869; x_wconf 82' lang='lat' dir='ltr'>responsa</span> <span class='ocrx_word' id='word_1_1339' title='bbox 1755 1830 1932 1862; x_wconf 87' lang='lat' dir='ltr'>sacerdotum</span> <span class='ocrx_word' id='word_1_1340' title='bbox 1944 1854 1954 1870; x_wconf 85' lang='lat'>‚</span> <span class='ocrx_word' id='word_1_1341' title='bbox 1974 1833 2151 1872; x_wconf 86' lang='lat' dir='ltr'>aruspicum,</span> <span class='ocrx_word' id='word_1_1342' title='bbox 2173 1836 2375 1872; x_wconf 68' lang='lat' dir='ltr'>conjectorum.</span> <span class='ocrx_word' id='word_1_1343' title='bbox 2401 1837 2462 1868; x_wconf 88' lang='lat' dir='ltr'>Cic.</span> 
     </span>
     <span class='ocr_line' id='line_1_147' title="bbox 1349 1871 1526 1900; baseline 0.011 -2"><span class='ocrx_word' id='word_1_1344' title='bbox 1349 1880 1379 1899; x_wconf 86' lang='lat' dir='ltr'>m</span> <span class='ocrx_word' id='word_1_1345' title='bbox 1391 1895 1401 1900; x_wconf 70' lang='lat'>-</span> <span class='ocrx_word' id='word_1_1346' title='bbox 1411 1871 1482 1900; x_wconf 86' lang='lat' dir='ltr'>artit.</span> <span class='ocrx_word' id='word_1_1347' title='bbox 1500 1874 1526 1900; x_wconf 91' lang='lat'>6.</span> 
     </span>
    </p>

    <p class='ocr_par' dir='ltr' id='par_1_72' title="bbox 1331 1908 2212 1945">
     <span class='ocr_line' id='line_1_148' title="bbox 1331 1908 2212 1945; baseline 0.006 -8"><span class='ocrx_word' id='word_1_1348' title='bbox 1331 1908 1482 1943; x_wconf 66' lang='lat' dir='ltr'>Conietftor</span> <span class='ocrx_word' id='word_1_1349' title='bbox 1491 1910 1517 1939; x_wconf 75' lang='lat' dir='ltr'>Sc</span> <span class='ocrx_word' id='word_1_1350' title='bbox 1531 1908 1668 1945; x_wconf 87' lang='lat' dir='ltr'>interpres</span> <span class='ocrx_word' id='word_1_1351' title='bbox 1677 1913 1882 1944; x_wconf 87' lang='lat' dir='ltr'>portentorum.</span> <span class='ocrx_word' id='word_1_1352' title='bbox 1904 1908 1963 1939; x_wconf 90' lang='lat' dir='ltr'>Cic.</span> <span class='ocrx_word' id='word_1_1353' title='bbox 1974 1918 2000 1939; x_wconf 88' lang='lat'>2.</span> <span class='ocrx_word' id='word_1_1354' title='bbox 2014 1909 2051 1940; x_wconf 90' lang='lat' dir='ltr'>de</span> <span class='ocrx_word' id='word_1_1355' title='bbox 2061 1909 2156 1941; x_wconf 87' lang='lat' dir='ltr'>Divin.</span> <span class='ocrx_word' id='word_1_1356' title='bbox 2167 1914 2212 1942; x_wconf 81' lang='lat'>62.</span> 
     </span>
    </p>

    <p class='ocr_par' dir='ltr' id='par_1_73' title="bbox 1294 1944 2014 1983">
     <span class='ocr_line' id='line_1_149' title="bbox 1294 1944 2014 1983; baseline 0.004 -9"><span class='ocrx_word' id='word_1_1357' title='bbox 1294 1944 1648 1982; x_wconf 66' lang='lat' dir='ltr'>Coan0m1x‚1cis.</span> <span class='ocrx_word' id='word_1_1358' title='bbox 1670 1946 1689 1975; x_wconf 93' lang='lat' dir='ltr'>f.</span> <span class='ocrx_word' id='word_1_1359' title='bbox 1712 1946 1798 1976; x_wconf 91' lang='lat' dir='ltr'>Plaut.</span> <span class='ocrx_word' id='word_1_1360' title='bbox 1816 1945 1877 1976; x_wconf 81' lang='lat' dir='ltr'>Mil.</span> <span class='ocrx_word' id='word_1_1361' title='bbox 1893 1956 1916 1982; x_wconf 88' lang='lat'>3.</span> <span class='ocrx_word' id='word_1_1362' title='bbox 1933 1957 1955 1976; x_wconf 88' lang='lat'>1.</span> <span class='ocrx_word' id='word_1_1363' title='bbox 1968 1957 2014 1983; x_wconf 92' lang='grc'>99.</span> 
     </span>
    </p>

    <p class='ocr_par' dir='ltr' id='par_1_74' title="bbox 1423 1984 2227 2024">
     <span class='ocr_line' id='line_1_150' title="bbox 1423 1984 2227 2024; baseline 0.002 -9"><span class='ocrx_word' id='word_1_1364' title='bbox 1423 1984 1625 2015; x_wconf 83' lang='lat' dir='ltr'>Praecantatrici</span> <span class='ocrx_word' id='word_1_1365' title='bbox 1635 2006 1643 2020; x_wconf 90' lang='lat'>,</span> <span class='ocrx_word' id='word_1_1366' title='bbox 1667 1984 1850 2021; x_wconf 67' lang='lat' dir='ltr'>conjet‘trici,</span> <span class='ocrx_word' id='word_1_1367' title='bbox 1871 1984 1983 2014; x_wconf 77' lang='lat' dir='ltr'>hariolae</span> <span class='ocrx_word' id='word_1_1368' title='bbox 1993 1991 2077 2023; x_wconf 89' lang='lat' dir='ltr'>atque</span> <span class='ocrx_word' id='word_1_1369' title='bbox 2087 1985 2227 2024; x_wconf 87' lang='lat' dir='ltr'>aruspicae.</span> 
     </span>
    </p>

    <p class='ocr_par' dir='ltr' id='par_1_75' title="bbox 1290 2021 2436 2068">
     <span class='ocr_line' id='line_1_151' title="bbox 1290 2021 2436 2068; baseline 0.005 -17"><span class='ocrx_word' id='word_1_1370' title='bbox 1290 2021 1469 2058; x_wconf 71' lang='lat' dir='ltr'>ConjacT</span> <span class='ocrx_word' id='word_1_1371' title='bbox 1480 2032 1588 2058; x_wconf 69' lang='lat' dir='ltr'>osia,</span> <span class='ocrx_word' id='word_1_1372' title='bbox 1610 2031 1641 2051; x_wconf 88' lang='lat' dir='ltr'>ae.</span> <span class='ocrx_word' id='word_1_1373' title='bbox 1662 2022 1683 2052; x_wconf 88' lang='lat' dir='ltr'>f.</span> <span class='ocrx_word' id='word_1_1374' title='bbox 1704 2021 1761 2052; x_wconf 82' lang='lat' dir='ltr'>scil.</span> <span class='ocrx_word' id='word_1_1375' title='bbox 1783 2023 1841 2068; x_wconf 71' lang='lat' dir='ltr'>Ars.</span> <span class='ocrx_word' id='word_1_1376' title='bbox 1862 2022 1969 2053; x_wconf 86' lang='lat' dir='ltr'>Saresb.</span> <span class='ocrx_word' id='word_1_1377' title='bbox 1981 2033 2008 2054; x_wconf 89' lang='lat'>2.</span> <span class='ocrx_word' id='word_1_1378' title='bbox 2024 2034 2067 2061; x_wconf 86' lang='lat'>17.</span> <span class='ocrx_word' id='word_1_1379' title='bbox 2089 2024 2296 2061; x_wconf 61' lang='lat' dir='ltr'>Conjestoriam</span> <span class='ocrx_word' id='word_1_1380' title='bbox 2313 2025 2436 2062; x_wconf 78' lang='lat' dir='ltr'>exsequi.</span> 
     </span>
    </p>

    <p class='ocr_par' dir='ltr' id='par_1_76' title="bbox 1292 2058 2462 2253">
     <span class='ocr_line' id='line_1_152' title="bbox 1292 2058 2462 2100; baseline 0.005 -11"><span class='ocrx_word' id='word_1_1381' title='bbox 1292 2059 1316 2089; x_wconf 93' lang='lat' dir='ltr'>C</span> <span class='ocrx_word' id='word_1_1382' title='bbox 1327 2070 1344 2089; x_wconf 93' lang='lat' dir='ltr'>o</span> <span class='ocrx_word' id='word_1_1383' title='bbox 1354 2070 1392 2096; x_wconf 85' lang='lat' dir='ltr'>NJ</span> <span class='ocrx_word' id='word_1_1384' title='bbox 1405 2071 1419 2090; x_wconf 80' lang='lat'>13</span> <span class='ocrx_word' id='word_1_1385' title='bbox 1429 2070 1473 2090; x_wconf 78' lang='grc' dir='ltr'>ετ</span> <span class='ocrx_word' id='word_1_1386' title='bbox 1482 2071 1500 2090; x_wconf 84' lang='lat' dir='ltr'>u</span> <span class='ocrx_word' id='word_1_1387' title='bbox 1509 2071 1524 2089; x_wconf 72' lang='lat' dir='ltr'>a</span> <span class='ocrx_word' id='word_1_1388' title='bbox 1536 2070 1564 2096; x_wconf 75' lang='lat' dir='ltr'>A,</span> <span class='ocrx_word' id='word_1_1389' title='bbox 1585 2070 1616 2089; x_wconf 85' lang='lat' dir='ltr'>ae.</span> <span class='ocrx_word' id='word_1_1390' title='bbox 1639 2059 1657 2089; x_wconf 92' lang='lat' dir='ltr'>f.</span> <span class='ocrx_word' id='word_1_1391' title='bbox 1679 2061 1825 2096; x_wconf 61' lang='grc' dir='ltr'>[ςυχασ-μος</span> <span class='ocrx_word' id='word_1_1392' title='bbox 1835 2082 1843 2095; x_wconf 85' lang='grc'>,</span> <span class='ocrx_word' id='word_1_1393' title='bbox 1858 2058 1977 2096; x_wconf 51' lang='lat' dir='ltr'>&amp;tarmis</span> <span class='ocrx_word' id='word_1_1394' title='bbox 1986 2083 1994 2096; x_wconf 87' lang='lat'>,</span> <span class='ocrx_word' id='word_1_1395' title='bbox 2008 2061 2138 2099; x_wconf 68' lang='grc' dir='ltr'>πμςολὲ]</span> <span class='ocrx_word' id='word_1_1396' title='bbox 2163 2063 2311 2100; x_wconf 71' lang='lat' dir='ltr'>Conjectio</span> <span class='ocrx_word' id='word_1_1397' title='bbox 2323 2065 2377 2095; x_wconf 82' lang='lat' dir='ltr'>{ive</span> <span class='ocrx_word' id='word_1_1398' title='bbox 2387 2065 2462 2096; x_wconf 77' lang='lat' dir='ltr'>Con-</span> 
     </span>
     <span class='ocr_line' id='line_1_153' title="bbox 1329 2098 2462 2139; baseline 0.004 -11"><span class='ocrx_word' id='word_1_1399' title='bbox 1329 2099 1447 2135; x_wconf 67' lang='lat' dir='ltr'>jectatio</span> <span class='ocrx_word' id='word_1_1400' title='bbox 1457 2121 1465 2134; x_wconf 84' lang='lat'>‚</span> <span class='ocrx_word' id='word_1_1401' title='bbox 1487 2099 1561 2128; x_wconf 68' lang='lat' dir='ltr'>dicta</span> <span class='ocrx_word' id='word_1_1402' title='bbox 1570 2108 1585 2128; x_wconf 86' lang='lat' dir='ltr'>a</span> <span class='ocrx_word' id='word_1_1403' title='bbox 1596 2098 1735 2135; x_wconf 67' lang='lat' dir='ltr'>Conjectu</span> <span class='ocrx_word' id='word_1_1404' title='bbox 1747 2120 1755 2134; x_wconf 79' lang='lat'>,</span> <span class='ocrx_word' id='word_1_1405' title='bbox 1777 2099 1807 2127; x_wconf 84' lang='lat' dir='ltr'>id</span> <span class='ocrx_word' id='word_1_1406' title='bbox 1816 2098 1854 2128; x_wconf 90' lang='lat' dir='ltr'>est</span> <span class='ocrx_word' id='word_1_1407' title='bbox 1865 2099 2023 2129; x_wconf 66' lang='lat' dir='ltr'>directione</span> <span class='ocrx_word' id='word_1_1408' title='bbox 2033 2100 2153 2139; x_wconf 86' lang='lat' dir='ltr'>quadam</span> <span class='ocrx_word' id='word_1_1409' title='bbox 2165 2101 2200 2130; x_wconf 80' lang='lat' dir='ltr'>ad</span> <span class='ocrx_word' id='word_1_1410' title='bbox 2209 2103 2364 2138; x_wconf 87' lang='lat' dir='ltr'>veritatem,</span> <span class='ocrx_word' id='word_1_1411' title='bbox 2386 2111 2417 2133; x_wconf 88' lang='lat' dir='ltr'>ut</span> <span class='ocrx_word' id='word_1_1412' title='bbox 2424 2105 2462 2134; x_wconf 86' lang='lat' dir='ltr'>ait</span> 
     </span>
     <span class='ocr_line' id='line_1_154' title="bbox 1330 2136 2462 2177; baseline 0.005 -12"><span class='ocrx_word' id='word_1_1413' title='bbox 1330 2137 1452 2174; x_wconf 88' lang='lat' dir='ltr'>Quintil.</span> <span class='ocrx_word' id='word_1_1414' title='bbox 1462 2136 1510 2166; x_wconf 88' lang='lat' dir='ltr'>lib.</span> <span class='ocrx_word' id='word_1_1415' title='bbox 1525 2145 1547 2171; x_wconf 79' lang='lat'>3.</span> <span class='ocrx_word' id='word_1_1416' title='bbox 1558 2146 1621 2174; x_wconf 88' lang='lat' dir='ltr'>cap.</span> <span class='ocrx_word' id='word_1_1417' title='bbox 1634 2145 1659 2172; x_wconf 85' lang='lat'>7.</span> <span class='ocrx_word' id='word_1_1418' title='bbox 1672 2137 1707 2165; x_wconf 86' lang='lat' dir='ltr'>ad</span> <span class='ocrx_word' id='word_1_1419' title='bbox 1715 2136 1811 2166; x_wconf 80' lang='lat' dir='ltr'>finem.</span> <span class='ocrx_word' id='word_1_1420' title='bbox 1841 2136 1910 2166; x_wconf 86' lang='lat' dir='ltr'>Plin.</span> <span class='ocrx_word' id='word_1_1421' title='bbox 1924 2136 2009 2168; x_wconf 89' lang='lat' dir='ltr'>lib.2.</span> <span class='ocrx_word' id='word_1_1422' title='bbox 2022 2147 2082 2177; x_wconf 90' lang='lat' dir='ltr'>cap.</span> <span class='ocrx_word' id='word_1_1423' title='bbox 2097 2148 2140 2169; x_wconf 86' lang='lat'>11.</span> <span class='ocrx_word' id='word_1_1424' title='bbox 2164 2139 2267 2169; x_wconf 86' lang='lat' dir='ltr'>Mundi</span> <span class='ocrx_word' id='word_1_1425' title='bbox 2278 2142 2462 2172; x_wconf 74' lang='grc' dir='ltr'><strong>01110131ηά3-</strong></span> 
     </span>
     <span class='ocr_line' id='line_1_155' title="bbox 1331 2174 2387 2213; baseline 0.005 -10"><span class='ocrx_word' id='word_1_1426' title='bbox 1331 2184 1396 2212; x_wconf 79' lang='lat' dir='ltr'>gare</span> <span class='ocrx_word' id='word_1_1427' title='bbox 1408 2197 1416 2210; x_wconf 91' lang='lat'><strong>‚</strong></span> <span class='ocrx_word' id='word_1_1428' title='bbox 1439 2185 1491 2204; x_wconf 89' lang='lat' dir='ltr'>nec</span> <span class='ocrx_word' id='word_1_1429' title='bbox 1501 2175 1613 2204; x_wconf 86' lang='lat' dir='ltr'>interest</span> <span class='ocrx_word' id='word_1_1430' title='bbox 1624 2174 1773 2204; x_wconf 87' lang='lat' dir='ltr'>hominurn</span> <span class='ocrx_word' id='word_1_1431' title='bbox 1782 2196 1791 2210; x_wconf 82' lang='grc'>,</span> <span class='ocrx_word' id='word_1_1432' title='bbox 1813 2183 1865 2203; x_wconf 84' lang='grc'><strong>1100</strong></span> <span class='ocrx_word' id='word_1_1433' title='bbox 1876 2175 2090 2213; x_wconf 83' lang='lat' dir='ltr'>capithumanae</span> <span class='ocrx_word' id='word_1_1434' title='bbox 2101 2177 2263 2212; x_wconf 61' lang='lat' dir='ltr'>conjeciura</span> <span class='ocrx_word' id='word_1_1435' title='bbox 2274 2180 2387 2209; x_wconf 86' lang='lat' dir='ltr'>mentis.</span> 
     </span>
     <span class='ocr_line' id='line_1_156' title="bbox 1331 2212 2460 2253; baseline 0.005 -11"><span class='ocrx_word' id='word_1_1436' title='bbox 1331 2213 1403 2250; x_wconf 90' lang='lat' dir='ltr'>Conj</span> <span class='ocrx_word' id='word_1_1437' title='bbox 1415 2214 1499 2242; x_wconf 66' lang='lat' dir='ltr'>rc‘tura</span> <span class='ocrx_word' id='word_1_1438' title='bbox 1511 2214 1536 2243; x_wconf 86' lang='lat'>&amp;</span> <span class='ocrx_word' id='word_1_1439' title='bbox 1547 2212 1691 2249; x_wconf 85' lang='lat' dir='ltr'>cogitatio.</span> <span class='ocrx_word' id='word_1_1440' title='bbox 1732 2212 1792 2241; x_wconf 91' lang='lat' dir='ltr'>Cic.</span> <span class='ocrx_word' id='word_1_1441' title='bbox 1804 2222 1855 2250; x_wconf 84' lang='lat' dir='ltr'>pro</span> <span class='ocrx_word' id='word_1_1442' title='bbox 1866 2212 1947 2243; x_wconf 89' lang='lat' dir='ltr'>Font.</span> <span class='ocrx_word' id='word_1_1443' title='bbox 1961 2223 2002 2249; x_wconf 87' lang='lat'>¹3-</span> <span class='ocrx_word' id='word_1_1444' title='bbox 2026 2213 2059 2244; x_wconf 94' lang='lat' dir='ltr'>In</span> <span class='ocrx_word' id='word_1_1445' title='bbox 2077 2224 2133 2252; x_wconf 82' lang='lat' dir='ltr'>quo</span> <span class='ocrx_word' id='word_1_1446' title='bbox 2151 2224 2183 2244; x_wconf 80' lang='lat' dir='ltr'>ea</span> <span class='ocrx_word' id='word_1_1447' title='bbox 2193 2237 2201 2250; x_wconf 90' lang='lat'>‚</span> <span class='ocrx_word' id='word_1_1448' title='bbox 2223 2225 2282 2253; x_wconf 81' lang='lat' dir='ltr'>quae</span> <span class='ocrx_word' id='word_1_1449' title='bbox 2295 2217 2429 2247; x_wconf 81' lang='lat' dir='ltr'>dicuntur</span> <span class='ocrx_word' id='word_1_1450' title='bbox 2443 2227 2460 2248; x_wconf 75' lang='grc' dir='ltr'><strong>α</strong></span> 
     </span>
    </p>

    <p class='ocr_par' dir='ltr' id='par_1_77' title="bbox 1347 2251 2325 2288">
     <span class='ocr_line' id='line_1_157' title="bbox 1347 2251 2325 2288; baseline 0.005 -9"><span class='ocrx_word' id='word_1_1451' title='bbox 1347 2251 1480 2287; x_wconf 84' lang='lat' dir='ltr'>testibus,</span> <span class='ocrx_word' id='word_1_1452' title='bbox 1502 2251 1664 2287; x_wconf 58' lang='lat' dir='ltr'>conjectura</span> <span class='ocrx_word' id='word_1_1453' title='bbox 1676 2251 1882 2288; x_wconf 86' lang='lat' dir='ltr'>&amp;cogitatione</span> <span class='ocrx_word' id='word_1_1454' title='bbox 1891 2251 2049 2282; x_wconf 81' lang='lat' dir='ltr'>traduntur.</span> <span class='ocrx_word' id='word_1_1455' title='bbox 2089 2252 2131 2282; x_wconf 84' lang='lat' dir='ltr'>Al.</span> <span class='ocrx_word' id='word_1_1456' title='bbox 2154 2251 2325 2285; x_wconf 88' lang='lat' dir='ltr'>Trahuntur.</span> 
     </span>
    </p>

    <p class='ocr_par' dir='ltr' id='par_1_78' title="bbox 1329 2288 1944 2326">
     <span class='ocr_line' id='line_1_158' title="bbox 1329 2288 1944 2326; baseline 0 -7"><span class='ocrx_word' id='word_1_1457' title='bbox 1329 2289 1427 2319; x_wconf 81' lang='lat' dir='ltr'>Futuri</span> <span class='ocrx_word' id='word_1_1458' title='bbox 1437 2289 1608 2326; x_wconf 65' lang='lat' dir='ltr'>conjet‘tura.</span> <span class='ocrx_word' id='word_1_1459' title='bbox 1631 2288 1716 2318; x_wconf 82' lang='lat' dir='ltr'>Ovid.</span> <span class='ocrx_word' id='word_1_1460' title='bbox 1730 2298 1754 2318; x_wconf 89' lang='lat'>1.</span> <span class='ocrx_word' id='word_1_1461' title='bbox 1765 2288 1846 2318; x_wconf 79' lang='lat' dir='ltr'>Trist.</span> <span class='ocrx_word' id='word_1_1462' title='bbox 1860 2299 1886 2324; x_wconf 88' lang='lat'>9.</span> <span class='ocrx_word' id='word_1_1463' title='bbox 1901 2299 1944 2325; x_wconf 87' lang='grc' dir='ltr'>ς1.</span> 
     </span>
    </p>

    <p class='ocr_par' dir='ltr' id='par_1_79' title="bbox 1329 2326 2459 2402">
     <span class='ocr_line' id='line_1_159' title="bbox 1329 2326 2459 2368; baseline 0.004 -11"><span class='ocrx_word' id='word_1_1464' title='bbox 1329 2327 1516 2366; x_wconf 86' lang='lat' dir='ltr'>Interpretum</span> <span class='ocrx_word' id='word_1_1465' title='bbox 1527 2326 1697 2362; x_wconf 75' lang='lat' dir='ltr'>conjec&#39;turae</span> <span class='ocrx_word' id='word_1_1466' title='bbox 1706 2327 1794 2364; x_wconf 79' lang='lat' dir='ltr'>tnagis</span> <span class='ocrx_word' id='word_1_1467' title='bbox 1812 2327 1927 2364; x_wconf 86' lang='lat' dir='ltr'>ingenia</span> <span class='ocrx_word' id='word_1_1468' title='bbox 1945 2337 2044 2357; x_wconf 86' lang='lat' dir='ltr'>eorum</span> <span class='ocrx_word' id='word_1_1469' title='bbox 2062 2336 2146 2365; x_wconf 86' lang='lat' dir='ltr'>quam</span> <span class='ocrx_word' id='word_1_1470' title='bbox 2160 2329 2218 2359; x_wconf 88' lang='lat' dir='ltr'>vim</span> <span class='ocrx_word' id='word_1_1471' title='bbox 2237 2329 2459 2368; x_wconf 75' lang='lat' dir='ltr'>consensumque</span> 
     </span>
     <span class='ocr_line' id='line_1_160' title="bbox 1349 2364 1951 2402; baseline 0 -7"><span class='ocrx_word' id='word_1_1472' title='bbox 1349 2372 1452 2395; x_wconf 85' lang='lat' dir='ltr'>naturae</span> <span class='ocrx_word' id='word_1_1473' title='bbox 1467 2367 1481 2395; x_wconf 66' lang='lat' dir='ltr'>rl</span> <span class='ocrx_word' id='word_1_1474' title='bbox 1491 2364 1617 2394; x_wconf 67' lang='lat' dir='ltr'>³01arant.</span> <span class='ocrx_word' id='word_1_1475' title='bbox 1642 2364 1700 2394; x_wconf 91' lang='lat' dir='ltr'>Cic.</span> <span class='ocrx_word' id='word_1_1476' title='bbox 1710 2374 1736 2394; x_wconf 90' lang='lat'>2.</span> <span class='ocrx_word' id='word_1_1477' title='bbox 1753 2366 1788 2394; x_wconf 92' lang='lat' dir='ltr'>de</span> <span class='ocrx_word' id='word_1_1478' title='bbox 1800 2364 1892 2394; x_wconf 89' lang='lat' dir='ltr'>Divin.</span> <span class='ocrx_word' id='word_1_1479' title='bbox 1907 2373 1951 2402; x_wconf 84' lang='lat'>33.</span> 
     </span>
    </p>

    <p class='ocr_par' dir='ltr' id='par_1_80' title="bbox 1328 2401 2458 2477">
     <span class='ocr_line' id='line_1_161' title="bbox 1328 2401 2458 2443; baseline 0.003 -10"><span class='ocrx_word' id='word_1_1480' title='bbox 1328 2404 1519 2434; x_wconf 88' lang='lat' dir='ltr'>Somniorum.</span> <span class='ocrx_word' id='word_1_1481' title='bbox 1539 2409 1590 2438; x_wconf 82' lang='lat' dir='ltr'>ut,</span> <span class='ocrx_word' id='word_1_1482' title='bbox 1613 2402 1747 2432; x_wconf 85' lang='lat' dir='ltr'>Constant</span> <span class='ocrx_word' id='word_1_1483' title='bbox 1756 2412 1791 2431; x_wconf 84' lang='lat' dir='ltr'>ex</span> <span class='ocrx_word' id='word_1_1484' title='bbox 1800 2401 1937 2432; x_wconf 83' lang='lat' dir='ltr'>leviffimo</span> <span class='ocrx_word' id='word_1_1485' title='bbox 1948 2404 1974 2434; x_wconf 84' lang='lat'>&amp;</span> <span class='ocrx_word' id='word_1_1486' title='bbox 1986 2402 2177 2434; x_wconf 72' lang='lat' dir='ltr'>indofflssimo</span> <span class='ocrx_word' id='word_1_1487' title='bbox 2195 2414 2297 2443; x_wconf 81' lang='lat' dir='ltr'>genere</span> <span class='ocrx_word' id='word_1_1488' title='bbox 2312 2406 2458 2442; x_wconf 68' lang='lat' dir='ltr'>conjec‘tu-</span> 
     </span>
     <span class='ocr_line' id='line_1_162' title="bbox 1349 2440 1935 2477; baseline -0.003 -5"><span class='ocrx_word' id='word_1_1489' title='bbox 1349 2451 1386 2472; x_wconf 79' lang='lat' dir='ltr'>1·ae</span> <span class='ocrx_word' id='word_1_1490' title='bbox 1402 2441 1581 2471; x_wconf 87' lang='lat' dir='ltr'>somniorum.</span> <span class='ocrx_word' id='word_1_1491' title='bbox 1602 2440 1663 2470; x_wconf 83' lang='lat' dir='ltr'>Cic.</span> <span class='ocrx_word' id='word_1_1492' title='bbox 1676 2450 1703 2470; x_wconf 92' lang='lat'>2.</span> <span class='ocrx_word' id='word_1_1493' title='bbox 1714 2441 1751 2470; x_wconf 90' lang='lat' dir='ltr'>de</span> <span class='ocrx_word' id='word_1_1494' title='bbox 1762 2440 1858 2471; x_wconf 90' lang='lat' dir='ltr'>Divin.</span> <span class='ocrx_word' id='word_1_1495' title='bbox 1871 2450 1935 2477; x_wconf 85' lang='lat'>129.</span> 
     </span>
    </p>

    <p class='ocr_par' dir='ltr' id='par_1_81' title="bbox 1329 2478 1675 2516">
     <span class='ocr_line' id='line_1_163' title="bbox 1329 2478 1675 2516; baseline -0.009 -6"><span class='ocrx_word' id='word_1_1496' title='bbox 1329 2479 1416 2510; x_wconf 83' lang='lat' dir='ltr'>Bona.</span> <span class='ocrx_word' id='word_1_1497' title='bbox 1435 2479 1492 2509; x_wconf 91' lang='lat' dir='ltr'>Cic.</span> <span class='ocrx_word' id='word_1_1498' title='bbox 1505 2489 1531 2516; x_wconf 89' lang='lat'>7.</span> <span class='ocrx_word' id='word_1_1499' title='bbox 1543 2478 1619 2508; x_wconf 90' lang='lat' dir='ltr'>Verr.</span> <span class='ocrx_word' id='word_1_1500' title='bbox 1630 2482 1675 2514; x_wconf 79' lang='lat'>63.</span> 
     </span>
    </p>

    <p class='ocr_par' dir='ltr' id='par_1_82' title="bbox 1329 2516 1762 2552">
     <span class='ocr_line' id='line_1_164' title="bbox 1329 2516 1762 2552; baseline -0.005 -5"><span class='ocrx_word' id='word_1_1501' title='bbox 1329 2517 1409 2547; x_wconf 89' lang='lat' dir='ltr'>Vera.</span> <span class='ocrx_word' id='word_1_1502' title='bbox 1434 2517 1493 2547; x_wconf 87' lang='lat' dir='ltr'>Cic.</span> <span class='ocrx_word' id='word_1_1503' title='bbox 1506 2527 1532 2546; x_wconf 89' lang='lat'>2.</span> <span class='ocrx_word' id='word_1_1504' title='bbox 1543 2517 1579 2545; x_wconf 92' lang='lat' dir='ltr'>de</span> <span class='ocrx_word' id='word_1_1505' title='bbox 1591 2516 1685 2546; x_wconf 87' lang='lat' dir='ltr'>Divin.</span> <span class='ocrx_word' id='word_1_1506' title='bbox 1700 2525 1762 2552; x_wconf 80' lang='lat'>129.</span> 
     </span>
    </p>

    <p class='ocr_par' dir='ltr' id='par_1_83' title="bbox 1331 2553 2464 2667">
     <span class='ocr_line' id='line_1_165' title="bbox 1331 2553 2462 2595; baseline 0.003 -9"><span class='ocrx_word' id='word_1_1507' title='bbox 1331 2556 1464 2586; x_wconf 71' lang='lat' dir='ltr'>Aberrare</span> <span class='ocrx_word' id='word_1_1508' title='bbox 1477 2554 1649 2591; x_wconf 60' lang='lat' dir='ltr'>conjectura.</span> <span class='ocrx_word' id='word_1_1509' title='bbox 1676 2553 1918 2589; x_wconf 78' lang='lat' dir='ltr'>Cic.14.Art.25.</span> <span class='ocrx_word' id='word_1_1510' title='bbox 1940 2553 1980 2584; x_wconf 78' lang='lat' dir='ltr'>Al.</span> <span class='ocrx_word' id='word_1_1511' title='bbox 1992 2562 2038 2584; x_wconf 79' lang='lat'>22.</span> <span class='ocrx_word' id='word_1_1512' title='bbox 2049 2564 2091 2592; x_wconf 84' lang='lat' dir='ltr'>pr.</span> <span class='ocrx_word' id='word_1_1513' title='bbox 2122 2553 2217 2593; x_wconf 75' lang='lat' dir='ltr'>Cupio</span> <span class='ocrx_word' id='word_1_1514' title='bbox 2227 2557 2303 2586; x_wconf 90' lang='lat' dir='ltr'>enim</span> <span class='ocrx_word' id='word_1_1515' title='bbox 2313 2563 2462 2595; x_wconf 85' lang='lat' dir='ltr'>antequam</span> 
     </span>
     <span class='ocr_line' id='line_1_166' title="bbox 1350 2592 2464 2634; baseline 0.004 -11"><span class='ocrx_word' id='word_1_1516' title='bbox 1350 2594 1470 2624; x_wconf 83' lang='lat' dir='ltr'>Romam</span> <span class='ocrx_word' id='word_1_1517' title='bbox 1489 2593 1592 2628; x_wconf 89' lang='lat' dir='ltr'>venio,</span> <span class='ocrx_word' id='word_1_1518' title='bbox 1621 2592 1733 2622; x_wconf 88' lang='lat' dir='ltr'>odorari</span> <span class='ocrx_word' id='word_1_1519' title='bbox 1750 2592 1916 2629; x_wconf 77' lang='lat' dir='ltr'>diligentius</span> <span class='ocrx_word' id='word_1_1520' title='bbox 1935 2592 2004 2630; x_wconf 86' lang='lat' dir='ltr'>quid</span> <span class='ocrx_word' id='word_1_1521' title='bbox 2020 2593 2147 2624; x_wconf 76' lang='lat' dir='ltr'>fututum</span> <span class='ocrx_word' id='word_1_1522' title='bbox 2165 2594 2213 2624; x_wconf 70' lang='lat' dir='ltr'>sit:</span> <span class='ocrx_word' id='word_1_1523' title='bbox 2244 2605 2402 2634; x_wconf 84' lang='lat' dir='ltr'>quanquam</span> <span class='ocrx_word' id='word_1_1524' title='bbox 2416 2606 2464 2628; x_wconf 85' lang='lat' dir='ltr'>ve-</span> 
     </span>
     <span class='ocr_line' id='line_1_167' title="bbox 1348 2630 2322 2667; baseline -0.004 -5"><span class='ocrx_word' id='word_1_1525' title='bbox 1348 2642 1412 2662; x_wconf 81' lang='lat' dir='ltr'>reor</span> <span class='ocrx_word' id='word_1_1526' title='bbox 1423 2641 1459 2661; x_wconf 87' lang='lat' dir='ltr'>ne</span> <span class='ocrx_word' id='word_1_1527' title='bbox 1469 2631 1540 2661; x_wconf 89' lang='lat' dir='ltr'>nihil</span> <span class='ocrx_word' id='word_1_1528' title='bbox 1550 2630 1713 2667; x_wconf 68' lang='lat' dir='ltr'>conjectura</span> <span class='ocrx_word' id='word_1_1529' title='bbox 1719 2630 1854 2660; x_wconf 86' lang='lat' dir='ltr'>aberrem.</span> <span class='ocrx_word' id='word_1_1530' title='bbox 2316 2646 2322 2650; x_wconf 83' lang='lat'><em>-</em></span> 
     </span>
    </p>

    <p class='ocr_par' dir='ltr' id='par_1_84' title="bbox 1330 2667 2041 2708">
     <span class='ocr_line' id='line_1_168' title="bbox 1330 2667 2041 2708; baseline -0.004 -7"><span class='ocrx_word' id='word_1_1531' title='bbox 1330 2671 1465 2708; x_wconf 79' lang='lat' dir='ltr'>Accipere</span> <span class='ocrx_word' id='word_1_1532' title='bbox 1474 2669 1678 2706; x_wconf 63' lang='lat' dir='ltr'>conjecturam.</span> <span class='ocrx_word' id='word_1_1533' title='bbox 1700 2668 1821 2706; x_wconf 85' lang='lat' dir='ltr'>Quintil.</span> <span class='ocrx_word' id='word_1_1534' title='bbox 1832 2667 1884 2698; x_wconf 80' lang='lat' dir='ltr'>lib.</span> <span class='ocrx_word' id='word_1_1535' title='bbox 1897 2676 1922 2705; x_wconf 84' lang='lat'>3.</span> <span class='ocrx_word' id='word_1_1536' title='bbox 1939 2677 2001 2706; x_wconf 85' lang='lat' dir='ltr'>cap.</span> <span class='ocrx_word' id='word_1_1537' title='bbox 2012 2671 2041 2698; x_wconf 73' lang='grc' dir='ltr'>δ’.</span> 
     </span>
    </p>

    <p class='ocr_par' dir='ltr' id='par_1_85' title="bbox 1330 2707 1750 2738">
     <span class='ocr_line' id='line_1_169' title="bbox 1330 2707 1750 2738; baseline 0 -1"><span class='ocrx_word' id='word_1_1538' title='bbox 1330 2708 1480 2738; x_wconf 84' lang='lat' dir='ltr'>Adhibere.</span> <span class='ocrx_word' id='word_1_1539' title='bbox 1502 2708 1560 2737; x_wconf 92' lang='lat' dir='ltr'>Cic.</span> <span class='ocrx_word' id='word_1_1540' title='bbox 1573 2717 1597 2736; x_wconf 92' lang='lat'>2.</span> <span class='ocrx_word' id='word_1_1541' title='bbox 1610 2707 1646 2736; x_wconf 85' lang='lat' dir='ltr'>de</span> <span class='ocrx_word' id='word_1_1542' title='bbox 1657 2707 1750 2737; x_wconf 86' lang='lat' dir='ltr'>Divin.</span> 
     </span>
    </p>

    <p class='ocr_par' dir='ltr' id='par_1_86' title="bbox 1331 2745 1690 2776">
     <span class='ocr_line' id='line_1_170' title="bbox 1331 2745 1690 2776; baseline -0.006 0"><span class='ocrx_word' id='word_1_1543' title='bbox 1331 2746 1446 2776; x_wconf 76' lang='lat' dir='ltr'>Afferre.</span> <span class='ocrx_word' id='word_1_1544' title='bbox 1488 2745 1519 2775; x_wconf 89' lang='lat' dir='ltr'>V.</span> <span class='ocrx_word' id='word_1_1545' title='bbox 1540 2755 1559 2774; x_wconf 81' lang='lat' dir='ltr'>A</span> <span class='ocrx_word' id='word_1_1546' title='bbox 1569 2755 1581 2774; x_wconf 76' lang='lat' dir='ltr'>r</span> <span class='ocrx_word' id='word_1_1547' title='bbox 1591 2755 1605 2774; x_wconf 73' lang='grc'>1</span> <span class='ocrx_word' id='word_1_1548' title='bbox 1615 2755 1629 2774; x_wconf 73' lang='lat' dir='ltr'>a</span> <span class='ocrx_word' id='word_1_1549' title='bbox 1638 2755 1690 2774; x_wconf 78' lang='lat' dir='ltr'>Ro.</span> 
     </span>
    </p>

    <p class='ocr_par' dir='ltr' id='par_1_87' title="bbox 1331 2781 2008 2822">
     <span class='ocr_line' id='line_1_171' title="bbox 1331 2781 2008 2822; baseline -0.006 -7"><span class='ocrx_word' id='word_1_1550' title='bbox 1331 2784 1441 2822; x_wconf 73' lang='lat' dir='ltr'>Assequi</span> <span class='ocrx_word' id='word_1_1551' title='bbox 1451 2783 1556 2821; x_wconf 87' lang='lat' dir='ltr'>aliquid</span> <span class='ocrx_word' id='word_1_1552' title='bbox 1567 2784 1737 2819; x_wconf 69' lang='lat' dir='ltr'>conjectura.</span> <span class='ocrx_word' id='word_1_1553' title='bbox 1757 2781 1819 2812; x_wconf 80' lang='lat' dir='ltr'>Cic.</span> <span class='ocrx_word' id='word_1_1554' title='bbox 1832 2792 1859 2818; x_wconf 84' lang='lat'>4.</span> <span class='ocrx_word' id='word_1_1555' title='bbox 1874 2781 1949 2812; x_wconf 84' lang='lat' dir='ltr'>Verr.</span> <span class='ocrx_word' id='word_1_1556' title='bbox 1962 2784 2008 2818; x_wconf 85' lang='lat'>63.</span> 
     </span>
    </p>

    <p class='ocr_par' dir='ltr' id='par_1_88' title="bbox 1330 2819 2461 2937">
     <span class='ocr_line' id='line_1_172' title="bbox 1330 2819 2456 2860; baseline 0.002 -7"><span class='ocrx_word' id='word_1_1557' title='bbox 1330 2823 1463 2860; x_wconf 81' lang='lat' dir='ltr'>Augurari</span> <span class='ocrx_word' id='word_1_1558' title='bbox 1475 2822 1655 2858; x_wconf 69' lang='lat' dir='ltr'>conjectura,</span> <span class='ocrx_word' id='word_1_1559' title='bbox 1675 2819 1753 2850; x_wconf 80' lang='lat' dir='ltr'>idem</span> <span class='ocrx_word' id='word_1_1560' title='bbox 1768 2820 1845 2858; x_wconf 90' lang='lat' dir='ltr'>quod</span> <span class='ocrx_word' id='word_1_1561' title='bbox 1863 2819 2014 2856; x_wconf 67' lang='lat' dir='ltr'>Coniicere</span> <span class='ocrx_word' id='word_1_1562' title='bbox 2031 2819 2086 2850; x_wconf 78' lang='lat' dir='ltr'>five</span> <span class='ocrx_word' id='word_1_1563' title='bbox 2105 2822 2266 2858; x_wconf 57' lang='lat' dir='ltr'>conjectari.</span> <span class='ocrx_word' id='word_1_1564' title='bbox 2287 2822 2348 2853; x_wconf 86' lang='lat' dir='ltr'>Cic.</span> <span class='ocrx_word' id='word_1_1565' title='bbox 2364 2831 2391 2853; x_wconf 81' lang='lat'>2.</span> <span class='ocrx_word' id='word_1_1566' title='bbox 2403 2824 2456 2855; x_wconf 76' lang='lat' dir='ltr'>Art.</span> 
     </span>
     <span class='ocr_line' id='line_1_173' title="bbox 1353 2858 2461 2897; baseline 0.003 -7"><span class='ocrx_word' id='word_1_1567' title='bbox 1353 2871 1397 2891; x_wconf 85' lang='lat'>10.</span> <span class='ocrx_word' id='word_1_1568' title='bbox 1420 2860 1532 2890; x_wconf 86' lang='lat' dir='ltr'>Etenim</span> <span class='ocrx_word' id='word_1_1569' title='bbox 1541 2865 1676 2897; x_wconf 84' lang='lat' dir='ltr'>quantum</span> <span class='ocrx_word' id='word_1_1570' title='bbox 1686 2859 1849 2895; x_wconf 69' lang='lat' dir='ltr'>coniectura</span> <span class='ocrx_word' id='word_1_1571' title='bbox 1859 2868 2042 2896; x_wconf 77' lang='lat' dir='ltr'>auguramur,</span> <span class='ocrx_word' id='word_1_1572' title='bbox 2062 2858 2082 2888; x_wconf 79' lang='lat' dir='ltr'>fi</span> <span class='ocrx_word' id='word_1_1573' title='bbox 2101 2860 2154 2889; x_wconf 80' lang='lat' dir='ltr'>erit</span> <span class='ocrx_word' id='word_1_1574' title='bbox 2170 2860 2276 2890; x_wconf 88' lang='lat' dir='ltr'>nebulo</span> <span class='ocrx_word' id='word_1_1575' title='bbox 2292 2861 2341 2891; x_wconf 83' lang='lat' dir='ltr'>iste</span> <span class='ocrx_word' id='word_1_1576' title='bbox 2348 2871 2416 2893; x_wconf 82' lang='lat' dir='ltr'>cum</span> <span class='ocrx_word' id='word_1_1577' title='bbox 2426 2864 2461 2893; x_wconf 76' lang='lat' dir='ltr'>iic</span> 
     </span>
     <span class='ocr_line' id='line_1_174' title="bbox 1350 2898 1617 2937; baseline -0.007 -9"><span class='ocrx_word' id='word_1_1578' title='bbox 1350 2899 1473 2937; x_wconf 90' lang='lat' dir='ltr'>dynastis</span> <span class='ocrx_word' id='word_1_1579' title='bbox 1483 2899 1512 2927; x_wconf 83' lang='lat' dir='ltr'>in</span> <span class='ocrx_word' id='word_1_1580' title='bbox 1523 2898 1617 2935; x_wconf 82' lang='lat' dir='ltr'>gratia.</span> 
     </span>
    </p>

    <p class='ocr_par' dir='ltr' id='par_1_89' title="bbox 1332 2931 2057 2975">
     <span class='ocr_line' id='line_1_175' title="bbox 1332 2931 2057 2975; baseline -0.006 -8"><span class='ocrx_word' id='word_1_1581' title='bbox 1332 2937 1439 2975; x_wconf 88' lang='lat' dir='ltr'>Capere</span> <span class='ocrx_word' id='word_1_1582' title='bbox 1449 2936 1650 2972; x_wconf 55' lang='lat' dir='ltr'>conjecturam.</span> <span class='ocrx_word' id='word_1_1583' title='bbox 1671 2934 1732 2965; x_wconf 90' lang='lat' dir='ltr'>Cic.</span> <span class='ocrx_word' id='word_1_1584' title='bbox 1745 2943 1796 2972; x_wconf 86' lang='lat' dir='ltr'>pto</span> <span class='ocrx_word' id='word_1_1585' title='bbox 1812 2931 1894 2964; x_wconf 84' lang='lat' dir='ltr'>Rosc.</span> <span class='ocrx_word' id='word_1_1586' title='bbox 1907 2935 1998 2964; x_wconf 75' lang='lat' dir='ltr'>Amet.</span> <span class='ocrx_word' id='word_1_1587' title='bbox 2011 2943 2057 2971; x_wconf 86' lang='lat'>97.</span> 
     </span>
    </p>

    <p class='ocr_par' dir='ltr' id='par_1_90' title="bbox 1332 2971 2260 3012">
     <span class='ocr_line' id='line_1_176' title="bbox 1332 2971 2260 3012; baseline -0.002 -7"><span class='ocrx_word' id='word_1_1588' title='bbox 1332 2975 1452 3012; x_wconf 85' lang='lat' dir='ltr'>Coargui</span> <span class='ocrx_word' id='word_1_1589' title='bbox 1464 2974 1668 3012; x_wconf 81' lang='lat' dir='ltr'>suspicionibus</span> <span class='ocrx_word' id='word_1_1590' title='bbox 1679 2974 1705 3003; x_wconf 76' lang='grc' dir='ltr'>δι</span> <span class='ocrx_word' id='word_1_1591' title='bbox 1716 2972 1886 3008; x_wconf 67' lang='grc' dir='ltr'><strong>00113οἂ1113.</strong></span> <span class='ocrx_word' id='word_1_1592' title='bbox 1908 2971 1967 3002; x_wconf 91' lang='lat' dir='ltr'>Cic.</span> <span class='ocrx_word' id='word_1_1593' title='bbox 1982 2982 2005 3001; x_wconf 87' lang='lat'>1.</span> <span class='ocrx_word' id='word_1_1594' title='bbox 2015 2972 2052 3002; x_wconf 82' lang='lat' dir='ltr'>cle</span> <span class='ocrx_word' id='word_1_1595' title='bbox 2064 2971 2136 3010; x_wconf 83' lang='lat' dir='ltr'>Lege</span> <span class='ocrx_word' id='word_1_1596' title='bbox 2144 2974 2205 3010; x_wconf 77' lang='lat' dir='ltr'>Agr.</span> <span class='ocrx_word' id='word_1_1597' title='bbox 2218 2981 2260 3009; x_wconf 86' lang='lat'>17.</span> 
     </span>
    </p>

    <p class='ocr_par' dir='ltr' id='par_1_91' title="bbox 1332 3009 2459 3088">
     <span class='ocr_line' id='line_1_177' title="bbox 1332 3009 2459 3051; baseline -0.002 -9"><span class='ocrx_word' id='word_1_1598' title='bbox 1332 3013 1472 3051; x_wconf 84' lang='lat' dir='ltr'>Colligere</span> <span class='ocrx_word' id='word_1_1599' title='bbox 1484 3012 1656 3048; x_wconf 69' lang='lat' dir='ltr'>conjectura.</span> <span class='ocrx_word' id='word_1_1600' title='bbox 1697 3010 1819 3048; x_wconf 80' lang='lat' dir='ltr'>Quintil.</span> <span class='ocrx_word' id='word_1_1601' title='bbox 1829 3009 1879 3040; x_wconf 86' lang='lat' dir='ltr'>lib.</span> <span class='ocrx_word' id='word_1_1602' title='bbox 1891 3019 1914 3040; x_wconf 86' lang='lat'>1.</span> <span class='ocrx_word' id='word_1_1603' title='bbox 1928 3018 1990 3048; x_wconf 69' lang='lat' dir='ltr'>cap..</span> <span class='ocrx_word' id='word_1_1604' title='bbox 2000 3019 2026 3040; x_wconf 95' lang='lat'>2.</span> <span class='ocrx_word' id='word_1_1605' title='bbox 2049 3010 2194 3047; x_wconf 77' lang='lat' dir='ltr'>Quantum</span> <span class='ocrx_word' id='word_1_1606' title='bbox 2203 3012 2289 3042; x_wconf 86' lang='lat' dir='ltr'>animi</span> <span class='ocrx_word' id='word_1_1607' title='bbox 2299 3012 2459 3051; x_wconf 70' lang='grc' dir='ltr'><strong>1110100ῃῇ0-</strong></span> 
     </span>
     <span class='ocr_line' id='line_1_178' title="bbox 1350 3048 1700 3088; baseline -0.006 -8"><span class='ocrx_word' id='word_1_1608' title='bbox 1350 3052 1430 3080; x_wconf 51' lang='lat' dir='ltr'>*stura</span> <span class='ocrx_word' id='word_1_1609' title='bbox 1439 3050 1571 3088; x_wconf 85' lang='lat' dir='ltr'>colligere</span> <span class='ocrx_word' id='word_1_1610' title='bbox 1582 3048 1700 3087; x_wconf 82' lang='lat' dir='ltr'>possum.</span> 
     </span>
    </p>

    <p class='ocr_par' dir='ltr' id='par_1_92' title="bbox 1331 3083 2459 3239">
     <span class='ocr_line' id='line_1_179' title="bbox 1331 3083 2456 3126; baseline 0.002 -9"><span class='ocrx_word' id='word_1_1611' title='bbox 1331 3089 1473 3126; x_wconf 86' lang='lat' dir='ltr'>Consequi</span> <span class='ocrx_word' id='word_1_1612' title='bbox 1484 3088 1654 3124; x_wconf 63' lang='lat' dir='ltr'>conjectura.</span> <span class='ocrx_word' id='word_1_1613' title='bbox 1695 3086 1755 3116; x_wconf 81' lang='lat' dir='ltr'>Cio.</span> <span class='ocrx_word' id='word_1_1614' title='bbox 1774 3095 1816 3116; x_wconf 83' lang='lat'>12.</span> <span class='ocrx_word' id='word_1_1615' title='bbox 1830 3083 1906 3115; x_wconf 87' lang='lat' dir='ltr'>Fam.</span> <span class='ocrx_word' id='word_1_1616' title='bbox 1921 3095 1964 3122; x_wconf 86' lang='lat'>19.</span> <span class='ocrx_word' id='word_1_1617' title='bbox 1993 3085 2139 3121; x_wconf 81' lang='lat' dir='ltr'>Quantum</span> <span class='ocrx_word' id='word_1_1618' title='bbox 2160 3088 2302 3125; x_wconf 81' lang='lat' dir='ltr'>copiarum</span> <span class='ocrx_word' id='word_1_1619' title='bbox 2316 3088 2433 3120; x_wconf 71' lang='lat' dir='ltr'>haberes</span> <span class='ocrx_word' id='word_1_1620' title='bbox 2445 3110 2456 3126; x_wconf 81' lang='grc'>,</span> 
     </span>
     <span class='ocr_line' id='line_1_180' title="bbox 1352 3124 2398 3165; baseline -0.001 -9"><span class='ocrx_word' id='word_1_1621' title='bbox 1352 3136 1418 3156; x_wconf 83' lang='grc'><strong>011111</strong></span> <span class='ocrx_word' id='word_1_1622' title='bbox 1429 3126 1485 3165; x_wconf 90' lang='lat' dir='ltr'>ipse</span> <span class='ocrx_word' id='word_1_1623' title='bbox 1496 3126 1659 3162; x_wconf 59' lang='lat' dir='ltr'>conicitura</span> <span class='ocrx_word' id='word_1_1624' title='bbox 1669 3124 1801 3162; x_wconf 79' lang='lat' dir='ltr'>consequi</span> <span class='ocrx_word' id='word_1_1625' title='bbox 1812 3130 1940 3161; x_wconf 83' lang='lat' dir='ltr'>poteram</span> <span class='ocrx_word' id='word_1_1626' title='bbox 1950 3144 1959 3160; x_wconf 80' lang='grc'><em>,</em></span> <span class='ocrx_word' id='word_1_1627' title='bbox 1979 3129 2041 3154; x_wconf 87' lang='lat' dir='ltr'>tum</span> <span class='ocrx_word' id='word_1_1628' title='bbox 2048 3133 2086 3153; x_wconf 86' lang='lat' dir='ltr'>ex</span> <span class='ocrx_word' id='word_1_1629' title='bbox 2094 3125 2151 3153; x_wconf 81' lang='lat' dir='ltr'>tuis</span> <span class='ocrx_word' id='word_1_1630' title='bbox 2160 3124 2259 3155; x_wconf 77' lang='lat' dir='ltr'>litteris</span> <span class='ocrx_word' id='word_1_1631' title='bbox 2266 3127 2398 3163; x_wconf 82' lang='lat' dir='ltr'>cognovi.</span> 
     </span>
     <span class='ocr_line' id='line_1_181' title="bbox 1335 3161 2459 3201; baseline 0.001 -7"><span class='ocrx_word' id='word_1_1632' title='bbox 1335 3165 1423 3195; x_wconf 89' lang='lat' dir='ltr'>Ducit</span> <span class='ocrx_word' id='word_1_1633' title='bbox 1444 3165 1606 3200; x_wconf 67' lang='lat' dir='ltr'>conjectura</span> <span class='ocrx_word' id='word_1_1634' title='bbox 1624 3163 1755 3201; x_wconf 87' lang='lat' dir='ltr'>aliquem.</span> <span class='ocrx_word' id='word_1_1635' title='bbox 1796 3162 1854 3192; x_wconf 83' lang='lat' dir='ltr'>Cic.</span> <span class='ocrx_word' id='word_1_1636' title='bbox 1867 3171 1893 3198; x_wconf 82' lang='lat'>9.</span> <span class='ocrx_word' id='word_1_1637' title='bbox 1905 3161 1980 3192; x_wconf 76' lang='lat' dir='ltr'>Pam.</span> <span class='ocrx_word' id='word_1_1638' title='bbox 1992 3172 2018 3192; x_wconf 87' lang='lat'>2.</span> <span class='ocrx_word' id='word_1_1639' title='bbox 2050 3162 2217 3200; x_wconf 79' lang='lat' dir='ltr'>Quanquam</span> <span class='ocrx_word' id='word_1_1640' title='bbox 2238 3174 2293 3201; x_wconf 90' lang='lat' dir='ltr'>quo</span> <span class='ocrx_word' id='word_1_1641' title='bbox 2312 3173 2359 3193; x_wconf 89' lang='lat' dir='ltr'>me</span> <span class='ocrx_word' id='word_1_1642' title='bbox 2373 3164 2459 3195; x_wconf 85' lang='lat' dir='ltr'>ducat</span> 
     </span>
     <span class='ocr_line' id='line_1_182' title="bbox 1350 3202 1630 3239; baseline -0.007 -7"><span class='ocrx_word' id='word_1_1643' title='bbox 1350 3204 1511 3239; x_wconf 60' lang='lat' dir='ltr'>conjectura</span> <span class='ocrx_word' id='word_1_1644' title='bbox 1532 3202 1630 3231; x_wconf 81' lang='lat' dir='ltr'>habeo.</span> 
     </span>
    </p>

    <p class='ocr_par' dir='ltr' id='par_1_93' title="bbox 1334 3237 2458 3313">
     <span class='ocr_line' id='line_1_183' title="bbox 1334 3237 2458 3277; baseline 0 -6"><span class='ocrx_word' id='word_1_1645' title='bbox 1334 3239 1445 3271; x_wconf 88' lang='lat' dir='ltr'>Ducere</span> <span class='ocrx_word' id='word_1_1646' title='bbox 1454 3241 1644 3277; x_wconf 67' lang='lat' dir='ltr'>conjecturam</span> <span class='ocrx_word' id='word_1_1647' title='bbox 1659 3239 1689 3268; x_wconf 88' lang='lat' dir='ltr'>in</span> <span class='ocrx_word' id='word_1_1648' title='bbox 1696 3237 1783 3268; x_wconf 81' lang='lat' dir='ltr'>varias</span> <span class='ocrx_word' id='word_1_1649' title='bbox 1792 3242 1894 3276; x_wconf 86' lang='lat' dir='ltr'>partes,</span> <span class='ocrx_word' id='word_1_1650' title='bbox 1914 3238 1942 3268; x_wconf 72' lang='grc' dir='ltr'><strong>ἃ</strong></span> <span class='ocrx_word' id='word_1_1651' title='bbox 1954 3246 2157 3275; x_wconf 85' lang='lat' dir='ltr'>nonnunquam</span> <span class='ocrx_word' id='word_1_1652' title='bbox 2165 3238 2251 3268; x_wconf 82' lang='lat' dir='ltr'>ctiam</span> <span class='ocrx_word' id='word_1_1653' title='bbox 2259 3238 2458 3272; x_wconf 60' lang='lat' dir='ltr'>incontrarias.</span> 
     </span>
     <span class='ocr_line' id='line_1_184' title="bbox 1352 3278 1696 3313; baseline -0.009 -4"><span class='ocrx_word' id='word_1_1654' title='bbox 1352 3278 1411 3309; x_wconf 85' lang='lat' dir='ltr'>Cic.</span> <span class='ocrx_word' id='word_1_1655' title='bbox 1425 3289 1452 3309; x_wconf 89' lang='lat'>2.</span> <span class='ocrx_word' id='word_1_1656' title='bbox 1469 3279 1504 3308; x_wconf 89' lang='lat' dir='ltr'>de</span> <span class='ocrx_word' id='word_1_1657' title='bbox 1520 3279 1613 3308; x_wconf 86' lang='lat' dir='ltr'>Divin.</span> <span class='ocrx_word' id='word_1_1658' title='bbox 1635 3287 1696 3313; x_wconf 71' lang='lat'>147.</span> 
     </span>
    </p>

    <p class='ocr_par' dir='ltr' id='par_1_94' title="bbox 1331 3310 2106 3356">
     <span class='ocr_line' id='line_1_185' title="bbox 1331 3310 2106 3356; baseline -0.005 -8"><span class='ocrx_word' id='word_1_1659' title='bbox 1331 3317 1478 3356; x_wconf 82' lang='lat' dir='ltr'>Explicare</span> <span class='ocrx_word' id='word_1_1660' title='bbox 1486 3317 1648 3351; x_wconf 60' lang='lat' dir='ltr'>conicetura</span> <span class='ocrx_word' id='word_1_1661' title='bbox 1657 3313 1772 3351; x_wconf 85' lang='lat' dir='ltr'>aliquid.</span> <span class='ocrx_word' id='word_1_1662' title='bbox 1793 3311 1853 3342; x_wconf 84' lang='lat' dir='ltr'>Cic.</span> <span class='ocrx_word' id='word_1_1663' title='bbox 1871 3322 1896 3343; x_wconf 87' lang='lat'>1.</span> <span class='ocrx_word' id='word_1_1664' title='bbox 1908 3312 1944 3342; x_wconf 82' lang='lat' dir='ltr'>de</span> <span class='ocrx_word' id='word_1_1665' title='bbox 1954 3310 2048 3343; x_wconf 85' lang='lat' dir='ltr'>Divin.</span> <span class='ocrx_word' id='word_1_1666' title='bbox 2061 3322 2106 3350; x_wconf 77' lang='lat'>72.</span> 
     </span>
    </p>

    <p class='ocr_par' dir='ltr' id='par_1_95' title="bbox 1330 3349 1942 3392">
     <span class='ocr_line' id='line_1_186' title="bbox 1330 3349 1942 3392; baseline -0.01 -6"><span class='ocrx_word' id='word_1_1667' title='bbox 1330 3355 1433 3386; x_wconf 76' lang='lat' dir='ltr'>Facere</span> <span class='ocrx_word' id='word_1_1668' title='bbox 1443 3355 1643 3392; x_wconf 63' lang='lat' dir='ltr'>conjecturam.</span> <span class='ocrx_word' id='word_1_1669' title='bbox 1664 3349 1729 3383; x_wconf 88' lang='lat' dir='ltr'>Ter.</span> <span class='ocrx_word' id='word_1_1670' title='bbox 1741 3351 1810 3381; x_wconf 87' lang='lat' dir='ltr'>And.</span> <span class='ocrx_word' id='word_1_1671' title='bbox 1824 3359 1847 3387; x_wconf 86' lang='lat'>3.</span> <span class='ocrx_word' id='word_1_1672' title='bbox 1857 3358 1884 3380; x_wconf 82' lang='lat'>2.</span> <span class='ocrx_word' id='word_1_1673' title='bbox 1899 3360 1942 3387; x_wconf 84' lang='lat'>32.</span> 
     </span>
    </p>

    <p class='ocr_par' dir='ltr' id='par_1_96' title="bbox 1425 3387 2107 3468">
     <span class='ocr_line' id='line_1_187' title="bbox 1685 3387 2107 3425; baseline 0 -7"><span class='ocrx_word' id='word_1_1674' title='bbox 1685 3388 1818 3419; x_wconf 80' lang='grc'><strong>-11111113</strong></span> <span class='ocrx_word' id='word_1_1675' title='bbox 1831 3394 2003 3419; x_wconf 85' lang='lat' dir='ltr'>concurrunt</span> <span class='ocrx_word' id='word_1_1676' title='bbox 2011 3387 2107 3425; x_wconf 68' lang='lat' dir='ltr'>simul,</span> 
     </span>
     <span class='ocr_line' id='line_1_188' title="bbox 1425 3427 1943 3468; baseline -0.008 -8"><span class='ocrx_word' id='word_1_1677' title='bbox 1425 3431 1483 3468; x_wconf 83' lang='lat' dir='ltr'>Qui</span> <span class='ocrx_word' id='word_1_1678' title='bbox 1493 3430 1683 3466; x_wconf 62' lang='lat' dir='ltr'>conjedturam</span> <span class='ocrx_word' id='word_1_1679' title='bbox 1692 3428 1765 3457; x_wconf 87' lang='lat' dir='ltr'>hanc</span> <span class='ocrx_word' id='word_1_1680' title='bbox 1774 3436 1850 3456; x_wconf 87' lang='lat' dir='ltr'>nunc</span> <span class='ocrx_word' id='word_1_1681' title='bbox 1857 3427 1943 3457; x_wconf 78' lang='lat' dir='ltr'>facio.</span> 
     </span>
    </p>

    <p class='ocr_par' dir='ltr' id='par_1_97' title="bbox 1329 3462 2456 3619">
     <span class='ocr_line' id='line_1_189' title="bbox 1329 3462 2456 3505; baseline -0.004 -4"><span class='ocrx_word' id='word_1_1682' title='bbox 1329 3468 1432 3501; x_wconf 84' lang='lat' dir='ltr'>Facere</span> <span class='ocrx_word' id='word_1_1683' title='bbox 1443 3469 1634 3505; x_wconf 65' lang='lat' dir='ltr'>conjecturam</span> <span class='ocrx_word' id='word_1_1684' title='bbox 1646 3468 1682 3496; x_wconf 88' lang='lat' dir='ltr'>de</span> <span class='ocrx_word' id='word_1_1685' title='bbox 1697 3465 1823 3495; x_wconf 88' lang='lat' dir='ltr'>moribus</span> <span class='ocrx_word' id='word_1_1686' title='bbox 1838 3464 1966 3501; x_wconf 76' lang='lat' dir='ltr'>alicujus.</span> <span class='ocrx_word' id='word_1_1687' title='bbox 2008 3463 2076 3493; x_wconf 80' lang='lat' dir='ltr'>Plin.</span> <span class='ocrx_word' id='word_1_1688' title='bbox 2087 3463 2187 3502; x_wconf 84' lang='lat' dir='ltr'>Paneg.</span> <span class='ocrx_word' id='word_1_1689' title='bbox 2217 3462 2349 3497; x_wconf 70' lang='lat' dir='ltr'>Praeterea</span> <span class='ocrx_word' id='word_1_1690' title='bbox 2368 3464 2456 3497; x_wconf 73' lang='lat' dir='ltr'>futuri</span> 
     </span>
     <span class='ocr_line' id='line_1_190' title="bbox 1348 3501 2455 3547; baseline -0.002 -10"><span class='ocrx_word' id='word_1_1691' title='bbox 1348 3509 1492 3547; x_wconf 81' lang='lat' dir='ltr'>principes</span> <span class='ocrx_word' id='word_1_1692' title='bbox 1503 3506 1591 3535; x_wconf 75' lang='lat' dir='ltr'>velint</span> <span class='ocrx_word' id='word_1_1693' title='bbox 1601 3505 1709 3541; x_wconf 86' lang='lat' dir='ltr'>nolint,</span> <span class='ocrx_word' id='word_1_1694' title='bbox 1728 3503 1833 3538; x_wconf 79' lang='lat' dir='ltr'>sciant,</span> <span class='ocrx_word' id='word_1_1695' title='bbox 1855 3508 1963 3545; x_wconf 75' lang='lat' dir='ltr'>tantum</span> <span class='ocrx_word' id='word_1_1696' title='bbox 1983 3501 2104 3537; x_wconf 80' lang='lat' dir='ltr'>constat,</span> <span class='ocrx_word' id='word_1_1697' title='bbox 2124 3502 2327 3541; x_wconf 79' lang='lat' dir='ltr'>propofitisque</span> <span class='ocrx_word' id='word_1_1698' title='bbox 2344 3505 2455 3535; x_wconf 84' lang='lat' dir='ltr'>duobus</span> 
     </span>
     <span class='ocr_line' id='line_1_191' title="bbox 1346 3540 2456 3583; baseline -0.003 -7"><span class='ocrx_word' id='word_1_1699' title='bbox 1346 3545 1485 3583; x_wconf 86' lang='lat' dir='ltr'>exemplis</span> <span class='ocrx_word' id='word_1_1700' title='bbox 1500 3544 1700 3577; x_wconf 81' lang='lat' dir='ltr'>meminerint,</span> <span class='ocrx_word' id='word_1_1701' title='bbox 1720 3541 1839 3580; x_wconf 88' lang='lat' dir='ltr'>perinde</span> <span class='ocrx_word' id='word_1_1702' title='bbox 1850 3541 2041 3576; x_wconf 69' lang='lat' dir='ltr'>conjecturam</span> <span class='ocrx_word' id='word_1_1703' title='bbox 2056 3540 2095 3570; x_wconf 82' lang='lat' dir='ltr'>de</span> <span class='ocrx_word' id='word_1_1704' title='bbox 2112 3540 2238 3571; x_wconf 87' lang='lat' dir='ltr'>moribus</span> <span class='ocrx_word' id='word_1_1705' title='bbox 2254 3541 2310 3572; x_wconf 85' lang='lat' dir='ltr'>suis</span> <span class='ocrx_word' id='word_1_1706' title='bbox 2322 3542 2456 3573; x_wconf 75' lang='lat' dir='ltr'>homines</span> 
     </span>
     <span class='ocr_line' id='line_1_192' title="bbox 1348 3577 2008 3619; baseline -0.009 -6"><span class='ocrx_word' id='word_1_1707' title='bbox 1348 3583 1404 3614; x_wconf 83' lang='lat' dir='ltr'>effe</span> <span class='ocrx_word' id='word_1_1708' title='bbox 1412 3584 1531 3612; x_wconf 52' lang='lat' dir='ltr'>facturos</span> <span class='ocrx_word' id='word_1_1709' title='bbox 1540 3604 1548 3617; x_wconf 85' lang='lat'>‚</span> <span class='ocrx_word' id='word_1_1710' title='bbox 1569 3586 1654 3619; x_wconf 80' lang='lat' dir='ltr'>prout</span> <span class='ocrx_word' id='word_1_1711' title='bbox 1663 3580 1719 3609; x_wconf 88' lang='lat' dir='ltr'>hoc</span> <span class='ocrx_word' id='word_1_1712' title='bbox 1729 3578 1774 3608; x_wconf 90' lang='lat' dir='ltr'>vel</span> <span class='ocrx_word' id='word_1_1713' title='bbox 1785 3577 1855 3608; x_wconf 87' lang='lat' dir='ltr'>illud</span> <span class='ocrx_word' id='word_1_1714' title='bbox 1864 3578 2008 3616; x_wconf 86' lang='lat' dir='ltr'>elegerint.</span> 
     </span>
    </p>

    <p class='ocr_par' dir='ltr' id='par_1_98' title="bbox 1329 3617 2066 3655">
     <span class='ocr_line' id='line_1_193' title="bbox 1329 3617 2066 3655; baseline -0.011 -3"><span class='ocrx_word' id='word_1_1715' title='bbox 1329 3621 1431 3653; x_wconf 85' lang='lat' dir='ltr'>Facere</span> <span class='ocrx_word' id='word_1_1716' title='bbox 1438 3621 1475 3650; x_wconf 86' lang='lat' dir='ltr'>de</span> <span class='ocrx_word' id='word_1_1717' title='bbox 1486 3619 1512 3649; x_wconf 88' lang='lat' dir='ltr'>se</span> <span class='ocrx_word' id='word_1_1718' title='bbox 1522 3621 1721 3655; x_wconf 73' lang='lat' dir='ltr'>conjecturam.</span> <span class='ocrx_word' id='word_1_1719' title='bbox 1745 3617 1804 3646; x_wconf 86' lang='lat' dir='ltr'>Cic.</span> <span class='ocrx_word' id='word_1_1720' title='bbox 1816 3625 1842 3645; x_wconf 92' lang='lat'>2.</span> <span class='ocrx_word' id='word_1_1721' title='bbox 1862 3617 1897 3645; x_wconf 91' lang='lat' dir='ltr'>de</span> <span class='ocrx_word' id='word_1_1722' title='bbox 1912 3617 1991 3646; x_wconf 77' lang='lat' dir='ltr'>Orat.</span> <span class='ocrx_word' id='word_1_1723' title='bbox 2002 3625 2066 3651; x_wconf 89' lang='lat'>299.</span> 
     </span>
    </p>

    <p class='ocr_par' dir='ltr' id='par_1_99' title="bbox 1330 3653 2454 3734">
     <span class='ocr_line' id='line_1_194' title="bbox 1330 3653 2454 3694; baseline -0.003 -5"><span class='ocrx_word' id='word_1_1724' title='bbox 1330 3659 1432 3690; x_wconf 87' lang='lat' dir='ltr'>Facere</span> <span class='ocrx_word' id='word_1_1725' title='bbox 1439 3659 1477 3687; x_wconf 89' lang='lat' dir='ltr'>de</span> <span class='ocrx_word' id='word_1_1726' title='bbox 1488 3658 1535 3687; x_wconf 90' lang='lat' dir='ltr'>suo</span> <span class='ocrx_word' id='word_1_1727' title='bbox 1546 3656 1688 3686; x_wconf 72' lang='lat' dir='ltr'>stomacho</span> <span class='ocrx_word' id='word_1_1728' title='bbox 1700 3654 1899 3690; x_wconf 66' lang='lat' dir='ltr'>conjecturam.</span> <span class='ocrx_word' id='word_1_1729' title='bbox 1930 3653 1990 3684; x_wconf 91' lang='lat' dir='ltr'>Cic.</span> <span class='ocrx_word' id='word_1_1730' title='bbox 2002 3664 2028 3690; x_wconf 81' lang='lat'>7.</span> <span class='ocrx_word' id='word_1_1731' title='bbox 2040 3653 2115 3691; x_wconf 86' lang='lat' dir='ltr'>Fam.</span> <span class='ocrx_word' id='word_1_1732' title='bbox 2132 3662 2157 3683; x_wconf 85' lang='lat'>1.</span> <span class='ocrx_word' id='word_1_1733' title='bbox 2179 3653 2307 3685; x_wconf 87' lang='lat' dir='ltr'>Omnino</span> <span class='ocrx_word' id='word_1_1734' title='bbox 2316 3656 2334 3685; x_wconf 83' lang='lat' dir='ltr'>fi</span> <span class='ocrx_word' id='word_1_1735' title='bbox 2346 3657 2454 3694; x_wconf 62' lang='lat' dir='ltr'>quaeris,</span> 
     </span>
     <span class='ocr_line' id='line_1_195' title="bbox 1349 3692 2452 3734; baseline -0.004 -7"><span class='ocrx_word' id='word_1_1736' title='bbox 1349 3698 1409 3727; x_wconf 89' lang='lat' dir='ltr'>ludi</span> <span class='ocrx_word' id='word_1_1737' title='bbox 1421 3693 1626 3734; x_wconf 79' lang='lat' dir='ltr'>apparatiffimi‚</span> <span class='ocrx_word' id='word_1_1738' title='bbox 1638 3694 1683 3723; x_wconf 91' lang='lat' dir='ltr'>sed</span> <span class='ocrx_word' id='word_1_1739' title='bbox 1693 3703 1750 3722; x_wconf 88' lang='lat' dir='ltr'>non</span> <span class='ocrx_word' id='word_1_1740' title='bbox 1760 3694 1800 3721; x_wconf 90' lang='lat' dir='ltr'>tui</span> <span class='ocrx_word' id='word_1_1741' title='bbox 1811 3692 1955 3728; x_wconf 81' lang='lat' dir='ltr'>stomachi,</span> <span class='ocrx_word' id='word_1_1742' title='bbox 1964 3692 2155 3728; x_wconf 65' lang='lat' dir='ltr'>conjectura-m</span> <span class='ocrx_word' id='word_1_1743' title='bbox 2163 3692 2240 3723; x_wconf 83' lang='lat' dir='ltr'>enim</span> <span class='ocrx_word' id='word_1_1744' title='bbox 2247 3693 2320 3724; x_wconf 88' lang='lat' dir='ltr'>facio</span> <span class='ocrx_word' id='word_1_1745' title='bbox 2330 3694 2367 3725; x_wconf 89' lang='lat' dir='ltr'>de</span> <span class='ocrx_word' id='word_1_1746' title='bbox 2379 3704 2452 3724; x_wconf 84' lang='lat' dir='ltr'>meo.</span> 
     </span>
    </p>

    <p class='ocr_par' dir='ltr' id='par_1_100' title="bbox 1329 3730 2137 3770">
     <span class='ocr_line' id='line_1_196' title="bbox 1329 3730 2137 3770; baseline -0.009 -5"><span class='ocrx_word' id='word_1_1747' title='bbox 1329 3734 1432 3766; x_wconf 83' lang='lat' dir='ltr'>Facere</span> <span class='ocrx_word' id='word_1_1748' title='bbox 1441 3734 1630 3770; x_wconf 71' lang='lat' dir='ltr'>conjecturam</span> <span class='ocrx_word' id='word_1_1749' title='bbox 1641 3740 1678 3761; x_wconf 76' lang='lat' dir='ltr'>ex</span> <span class='ocrx_word' id='word_1_1750' title='bbox 1689 3730 1744 3768; x_wconf 83' lang='lat' dir='ltr'>ipsa</span> <span class='ocrx_word' id='word_1_1751' title='bbox 1755 3740 1792 3760; x_wconf 86' lang='lat' dir='ltr'>te.</span> <span class='ocrx_word' id='word_1_1752' title='bbox 1815 3730 1881 3759; x_wconf 87' lang='lat' dir='ltr'>Ter.</span> <span class='ocrx_word' id='word_1_1753' title='bbox 1901 3730 2035 3760; x_wconf 59' lang='lat' dir='ltr'>treanta.</span> <span class='ocrx_word' id='word_1_1754' title='bbox 2049 3738 2073 3765; x_wconf 84' lang='lat'>3.</span> <span class='ocrx_word' id='word_1_1755' title='bbox 2091 3739 2137 3765; x_wconf 65' lang='grc' dir='ltr'>ης.</span> 
     </span>
    </p>

    <p class='ocr_par' dir='ltr' id='par_1_101' title="bbox 1412 3767 2248 3847">
     <span class='ocr_line' id='line_1_197' title="bbox 1412 3767 2248 3805; baseline -0.004 -4"><span class='ocrx_word' id='word_1_1756' title='bbox 1412 3773 1485 3802; x_wconf 83' lang='lat' dir='ltr'>Nam</span> <span class='ocrx_word' id='word_1_1757' title='bbox 1495 3773 1522 3801; x_wconf 84' lang='lat'>&amp;</span> <span class='ocrx_word' id='word_1_1758' title='bbox 1531 3771 1587 3800; x_wconf 83' lang='lat' dir='ltr'>vita</span> <span class='ocrx_word' id='word_1_1759' title='bbox 1598 3771 1636 3799; x_wconf 88' lang='lat' dir='ltr'>est</span> <span class='ocrx_word' id='word_1_1760' title='bbox 1643 3770 1743 3798; x_wconf 75' lang='lat' dir='ltr'>eadem</span> <span class='ocrx_word' id='word_1_1761' title='bbox 1754 3790 1761 3803; x_wconf 91' lang='lat'>‚</span> <span class='ocrx_word' id='word_1_1762' title='bbox 1783 3769 1809 3797; x_wconf 84' lang='lat'>&amp;</span> <span class='ocrx_word' id='word_1_1763' title='bbox 1819 3768 1928 3797; x_wconf 84' lang='lat' dir='ltr'>animus</span> <span class='ocrx_word' id='word_1_1764' title='bbox 1939 3773 1967 3797; x_wconf 89' lang='lat' dir='ltr'>te</span> <span class='ocrx_word' id='word_1_1765' title='bbox 1973 3776 2039 3805; x_wconf 85' lang='lat' dir='ltr'>erga</span> <span class='ocrx_word' id='word_1_1766' title='bbox 2049 3767 2126 3797; x_wconf 82' lang='lat' dir='ltr'>idem</span> <span class='ocrx_word' id='word_1_1767' title='bbox 2136 3776 2169 3798; x_wconf 88' lang='lat' dir='ltr'>ac</span> <span class='ocrx_word' id='word_1_1768' title='bbox 2177 3767 2231 3798; x_wconf 75' lang='lat' dir='ltr'>fuit</span> <span class='ocrx_word' id='word_1_1769' title='bbox 2239 3789 2248 3805; x_wconf 90' lang='lat'>,</span> 
     </span>
     <span class='ocr_line' id='line_1_198' title="bbox 1412 3804 2053 3847; baseline -0.006 -9"><span class='ocrx_word' id='word_1_1770' title='bbox 1412 3811 1557 3846; x_wconf 79' lang='lat' dir='ltr'>Quantum</span> <span class='ocrx_word' id='word_1_1771' title='bbox 1572 3817 1607 3837; x_wconf 81' lang='lat' dir='ltr'>ex</span> <span class='ocrx_word' id='word_1_1772' title='bbox 1616 3806 1672 3845; x_wconf 82' lang='lat' dir='ltr'>ipsa</span> <span class='ocrx_word' id='word_1_1773' title='bbox 1685 3816 1713 3835; x_wconf 89' lang='lat' dir='ltr'>re</span> <span class='ocrx_word' id='word_1_1774' title='bbox 1723 3806 1913 3847; x_wconf 67' lang='lat' dir='ltr'>conjecturam</span> <span class='ocrx_word' id='word_1_1775' title='bbox 1923 3804 2053 3835; x_wconf 85' lang='lat' dir='ltr'>fecimus.</span> 
     </span>
    </p>

    <p class='ocr_par' dir='ltr' id='par_1_102' title="bbox 1331 3843 2102 3882">
     <span class='ocr_line' id='line_1_199' title="bbox 1331 3843 2102 3882; baseline -0.008 -3"><span class='ocrx_word' id='word_1_1776' title='bbox 1331 3847 1432 3880; x_wconf 84' lang='lat' dir='ltr'>Facere</span> <span class='ocrx_word' id='word_1_1777' title='bbox 1441 3857 1475 3876; x_wconf 86' lang='lat' dir='ltr'>ex</span> <span class='ocrx_word' id='word_1_1778' title='bbox 1491 3845 1569 3875; x_wconf 89' lang='lat' dir='ltr'>vultu</span> <span class='ocrx_word' id='word_1_1779' title='bbox 1579 3846 1778 3882; x_wconf 60' lang='lat' dir='ltr'>conjeffturam.</span> <span class='ocrx_word' id='word_1_1780' title='bbox 1801 3843 1859 3872; x_wconf 78' lang='lat' dir='ltr'>Cic.</span> <span class='ocrx_word' id='word_1_1781' title='bbox 1870 3852 1921 3881; x_wconf 87' lang='lat' dir='ltr'>pro</span> <span class='ocrx_word' id='word_1_1782' title='bbox 1930 3843 2044 3874; x_wconf 70' lang='lat' dir='ltr'>Mureti.</span> <span class='ocrx_word' id='word_1_1783' title='bbox 2054 3853 2102 3879; x_wconf 82' lang='grc'>44.</span> 
     </span>
    </p>

    <p class='ocr_par' dir='ltr' id='par_1_103' title="bbox 1331 3882 1891 3920">
     <span class='ocr_line' id='line_1_200' title="bbox 1331 3882 1891 3920; baseline -0.013 -3"><span class='ocrx_word' id='word_1_1784' title='bbox 1331 3886 1467 3917; x_wconf 55' lang='lat' dir='ltr'>Inductus</span> <span class='ocrx_word' id='word_1_1785' title='bbox 1478 3884 1647 3920; x_wconf 73' lang='lat' dir='ltr'>conjectura.</span> <span class='ocrx_word' id='word_1_1786' title='bbox 1680 3882 1711 3911; x_wconf 90' lang='lat' dir='ltr'>V.</span> <span class='ocrx_word' id='word_1_1787' title='bbox 1735 3892 1744 3910; x_wconf 89' lang='lat'>1</span> <span class='ocrx_word' id='word_1_1788' title='bbox 1754 3890 1774 3910; x_wconf 81' lang='lat' dir='ltr'>N</span> <span class='ocrx_word' id='word_1_1789' title='bbox 1786 3891 1804 3910; x_wconf 90' lang='lat'>1&gt;</span> <span class='ocrx_word' id='word_1_1790' title='bbox 1814 3891 1833 3910; x_wconf 89' lang='grc' dir='ltr'><strong><em>υ</em></strong></span> <span class='ocrx_word' id='word_1_1791' title='bbox 1842 3890 1891 3911; x_wconf 88' lang='grc'>00.</span> 
     </span>
    </p>

    <p class='ocr_par' dir='ltr' id='par_1_104' title="bbox 1332 3917 2169 3959">
     <span class='ocr_line' id='line_1_201' title="bbox 1332 3917 2169 3959; baseline -0.007 -5"><span class='ocrx_word' id='word_1_1792' title='bbox 1332 3925 1483 3955; x_wconf 76' lang='lat' dir='ltr'>informare</span> <span class='ocrx_word' id='word_1_1793' title='bbox 1491 3922 1597 3959; x_wconf 86' lang='lat' dir='ltr'>aliquid</span> <span class='ocrx_word' id='word_1_1794' title='bbox 1606 3921 1776 3956; x_wconf 61' lang='lat' dir='ltr'>conjectura.</span> <span class='ocrx_word' id='word_1_1795' title='bbox 1799 3919 1856 3949; x_wconf 86' lang='lat' dir='ltr'>Cic.</span> <span class='ocrx_word' id='word_1_1796' title='bbox 1871 3929 1895 3948; x_wconf 84' lang='lat'>1.</span> <span class='ocrx_word' id='word_1_1797' title='bbox 1904 3917 1941 3948; x_wconf 89' lang='lat' dir='ltr'>dc</span> <span class='ocrx_word' id='word_1_1798' title='bbox 1952 3918 2016 3949; x_wconf 75' lang='lat' dir='ltr'>Nat.</span> <span class='ocrx_word' id='word_1_1799' title='bbox 2028 3917 2112 3949; x_wconf 85' lang='lat' dir='ltr'>Deor.</span> <span class='ocrx_word' id='word_1_1800' title='bbox 2125 3927 2169 3955; x_wconf 77' lang='lat'>39.</span> 
     </span>
    </p>
   </div>
   <div class='ocr_carea' id='block_1_20' title="bbox 1331 3957 2446 4030">
    <p class='ocr_par' dir='ltr' id='par_1_105' title="bbox 1331 3957 2446 4030">
     <span class='ocr_line' id='line_1_202' title="bbox 1331 3957 2446 4030; baseline 0.013 -39"><span class='ocrx_word' id='word_1_1801' title='bbox 1331 3962 1462 3999; x_wconf 67' lang='lat' dir='ltr'>judicare</span> <span class='ocrx_word' id='word_1_1802' title='bbox 1471 3959 1587 3998; x_wconf 77' lang='lat' dir='ltr'>aliquid.</span> <span class='ocrx_word' id='word_1_1803' title='bbox 1610 3958 1668 3988; x_wconf 88' lang='lat' dir='ltr'>Cic.</span> <span class='ocrx_word' id='word_1_1804' title='bbox 1678 3968 1730 3996; x_wconf 80' lang='lat' dir='ltr'>pro</span> <span class='ocrx_word' id='word_1_1805' title='bbox 1741 3957 1832 3988; x_wconf 80' lang='lat' dir='ltr'>Flacc.</span> <span class='ocrx_word' id='word_1_1806' title='bbox 1843 3966 1879 4025; x_wconf 56' lang='lat' dir='ltr'>{ss</span> <span class='ocrx_word' id='word_1_1807' title='bbox 1887 4003 1953 4024; x_wconf 73' lang='lat' dir='ltr'>mm</span> <span class='ocrx_word' id='word_1_1808' title='bbox 1963 4002 1993 4022; x_wconf 70' lang='lat' dir='ltr'>m</span> <span class='ocrx_word' id='word_1_1809' title='bbox 2014 4001 2028 4030; x_wconf 58' lang='grc' dir='ltr'><strong><em>Ξ</em></strong></span> <span class='ocrx_word' id='word_1_1810' title='bbox 2328 3989 2446 4022; x_wconf 55' lang='lat' dir='ltr'>Movere</span> 
     </span>
    </p>
   </div>
  </div>
 </body>
</html>
