2641 4187
48 2461 51 2467 ·
101 2438 138 2472 in
165 2431 293 2472 lucem.

640 129 679 181 P
710 131 755 181 R
789 132 851 182 AE
885 131 920 180 F
955 133 1007 182 A
1041 132 1141 182 TI
1177 133 1226 183 O
1294 135 1419 188 Edit.
1452 135 1645 191 Londin.
1687 150 1858 209 1735.

82 235 227 274 statuere
252 236 432 273 voluimus
452 234 513 282 qui
534 234 571 269 in
593 232 796 279 hujusmodi
821 233 950 280 vigiliis
969 233 1106 270 bonum
1132 236 1247 272 otium

84 285 303 326 contrivere,
322 285 448 332 quibus
465 280 697 319 tenuiffimam
716 281 869 329 gloriam
882 309 890 322 ‚
909 281 1098 328 plurimam
1117 283 1248 320 studio-

83 344 163 369 rum
184 333 399 369 severitatem
424 330 549 372 ineffe,
578 342 705 366 omnes
725 332 795 366 lere
817 330 1031 378 intelligunt.
1085 331 1249 376 Qiaiitu-

83 380 302 429 lunicunque
325 393 371 418 ex
396 382 437 417 iis
455 380 600 426 decerpi
624 377 728 426 possit
747 378 860 414 laudis
887 379 922 415 &
946 379 1129 427 gloriolae,
1157 382 1249 417 labe-

35 476 41 480 ,
86 429 255 466 sanarunt
271 430 458 472 nonnulli,
501 430 538 465 &
561 427 764 464 labefactare
795 426 886 463 ultra
908 427 1044 464 fortasse
1063 440 1140 465 non
1165 429 1251 465 desi-

85 485 193 515 nent:
220 477 307 516 Eam
326 487 446 516 tamen
465 485 649 525 utcunque
664 476 807 513 laudem
833 488 910 524 quae
943 485 1078 514 mentes
1100 479 1252 525 publicae

85 526 243 564 utilitatis
266 528 430 564 studiosas
452 527 626 575 sequitur,
656 526 760 562 nobis
779 536 861 562 cum
883 524 971 566 illis,
990 526 1197 569 spet‘lariffimzk
1212 527 1254 562 li-

87 581 164 617 cet,
189 586 444 622 communem3
470 575 611 612 laudem
635 575 791 623 denique
812 574 1038 611 humanitatis
1058 582 1163 624 atque
1181 577 1255 613 ani-

26 671 29 674 ,
88 625 140 662 mi
158 624 202 661 ad
222 628 346 663 omnia
360 624 479 663 officia
501 623 727 674 paratiffimi‚
759 624 886 671 eripiet
899 635 1020 659 nemo.

2410 158 2470 198 21

1325 288 1331 294 ι
1352 239 1409 276 De
1428 241 1515 287 preli
1539 242 1703 279 industria
1721 250 1826 290 atque
1839 242 2014 280 Editionis
2034 245 2173 285 nitore,
2200 244 2385 282 Lcoorcm
2400 248 2477 292 plu-

1305 288 1399 342 ribus
1422 301 1495 325 non
1521 302 1711 328 moramur.
1763 291 1863 328 Nihil
1897 294 1932 327 in
1967 304 2004 328 ea
2035 300 2131 339 parte
2168 305 2328 329 curarum
2355 295 2474 331 deluit.

1306 335 1542 390 N'ihil‘tamen
1566 339 1702 377 sortasse
1736 340 1951 388 (peitabilius
1980 352 2085 388 quani
2115 353 2152 377 ea
2182 342 2339 378 celeritas
2365 345 2475 378 conti-

1308 384 1447 439 eiendi,
1464 398 1565 439 qua,
1592 398 1715 435 practer
1738 390 1833 437 spem
1853 397 1960 437 atque
1981 389 2274 436 exspectationem
2296 395 2471 435 omnium,

1310 440 1401 467 intra
1428 438 1617 488 triennium
1641 449 1731 485 opus
1749 438 1956 474 conclusum
1980 439 2013 473 Se
2038 439 2225 484 pericuum
2254 439 2309 475 est.
2360 441 2474 486 Quod

1310 480 1424 516 solum
1439 508 1449 521 ,
1478 490 1516 517 ut
1536 484 1727 530 lperamus,
1747 487 1850 528 defit,
1879 487 1915 522 id
1928 487 2099 533 praestabit
2123 499 2240 535 aequus
2263 487 2405 531 Lector,
2435 498 2472 527 ut

1313 540 1389 584 quae
1412 530 1775 586 nieiidairrepleriiit,
1804 548 1842 571 ea
1864 547 1930 583 pro
1960 534 2057 571 mole
2096 547 2212 581 opera:
2242 548 2379 586 proque
2406 540 2473 575 stu-

1312 577 1374 614 dio
1395 579 1516 615 nostro
1539 592 1576 616 in
1598 580 1723 630 Remp.
1745 583 1933 621 literariam
1954 583 2161 621 condonare
2184 585 2277 622 velit.

88 762 2472 806 “aazzfflzffiffiz&QZQQWQQQQQmssmmwzzzQQQ

905 888 1672 931 CLARISSIMIS

88 1009 444 1098 ROB.
522 1004 1454 1092 STEPHANI
1564 1005 2477 1104 THESAURI

700 1149 755 1212 E
830 1147 899 1212 D
969 1148 995 1212 1
1070 1147 1132 1212 T
1207 1150 1274 1213 o
1349 1148 1497 1234 Β]
1572 1148 1623 1211 ss
1700 1151 1758 1214 u
1827 1151 1869 1215 s

1004 1255 1581 1310 SALUTEM.

319 1547 451 1588 vestra,
483 1544 562 1583 Viri
581 1544 788 1586 Clariffimi,
817 1544 947 1592 quibus
966 1542 1151 1580 notissimis
1173 1540 1262 1589 quid

320 1608 365 1633 ex
385 1595 446 1633 usu
462 1596 566 1632 fuerit
585 1594 683 1631 noffe
703 1592 928 1641 ignobilem?
956 1592 1056 1638 Quid
1072 1598 1191 1628 autem
1202 1601 1263 1626 ve-

1315 1541 1420 1577 multi
1443 1542 1564 1588 postea
1583 1544 1620 1579 in
1645 1541 1788 1580 Lexicis
1807 1544 2043 1581 contexendis
2060 1548 2207 1583 eandem
2228 1552 2403 1588 rationem
2422 1552 2482 1589 ser-

293 1446 485 1505 UIsslim,
506 1446 584 1484 sciri
604 1444 751 1495 paulum
772 1442 934 1501 interest3
960 1454 1036 1502 non
1053 1441 1148 1481 certe
1168 1440 1259 1499 mea,
1311 1440 1528 1498 conquisitas
1546 1442 1770 1490 recondidit3
1798 1444 1972 1494 novoque
1987 1445 2123 1485 ordinis
2142 1448 2290 1488 artificio
2302 1458 2373 1490 tam
2382 1465 2480 1493 eom-

93 1450 380 1665 Qqui
392 1496 612 1534 innotescere
621 1507 696 1532 non
711 1506 906 1543 percup103
922 1493 1070 1531 minime
1079 1503 1259 1532 oninium,
1315 1491 1426 1528 mode
1455 1491 1644 1540 disposuit,
1680 1500 1739 1536 ut,
1773 1494 1856 1531 cum
1889 1495 1979 1531 nihii
1998 1496 2116 1533 utilius
2134 1499 2247 1545 poffet
2265 1506 2478 1551 excogitari,

323 1645 409 1687 lim,
437 1645 592 1681 breviter
607 1644 806 1692 expediam.
858 1641 945 1679 Non
970 1642 1072 1689 potui
1088 1651 1146 1676 nie
1174 1650 1263 1675 con-

94 1695 229 1738 tinere,
265 1696 351 1744 quin
375 1694 498 1736 vobis,
529 1705 615 1742 quas
630 1694 758 1741 gratias
779 1703 889 1728 nemo
912 1691 1067 1728 literatus
1086 1700 1163 1726 non
1178 1688 1262 1724 fate-

93 1744 190 1782 bitur
204 1745 237 1781 se
252 1744 402 1786 debere,
424 1754 494 1791 ego
512 1755 680 1792 quoque,
701 1741 873 1790 particula
892 1740 1201 1788 quantulacunque
1221 1737 1264 1772 li-

91 1795 226 1831 terariae
245 1793 464 1842 Reipublicae
480 1794 694 1840 perexigua,
707 1803 848 1839 agerem
863 1803 870 1826 ε
899 1791 933 1826 &
944 1789 1147 1837 gratularer,
1163 1783 1264 1835 quod

94 1853 187 1891 opus
210 1842 298 1880 illud
324 1841 477 1890 grande,
516 1840 667 1879 confilio
695 1839 863 1877 laudabili
891 1839 1107 1886 susceptum,
1135 1835 1265 1883 magna

95 1892 227 1929 laboris
237 1891 429 1940 pertinacia
440 1892 692 1928 continuatum
704 1918 713 1932 ,
729 1890 922 1926 ad-exitum
937 1887 1081 1924 tandem
1097 1887 1265 1922 omnium

96 1942 190 1978 votis
216 1940 462 1989 responsurum
493 1941 705 1989 pervenerit.
752 1937 806 1976 Ex
838 1949 911 1986 quo
935 1937 1120 1974 Romanus
1148 1934 1264 1971 sermo

96 1990 196 2028 desiit
217 1990 284 2027 effe
303 1990 532 2032 vernaculus,
563 1990 658 2026 illius
687 1989 818 2036 linguae
845 1986 1020 2028 cultores,
1050 1985 1118 2034 'qui
1138 1994 1266 2032 puram

97 2039 262 2077 didtionis
282 2039 495 2088 elegantiam
514 2039 729 2076 studuerunt
755 2038 823 2083 (ὃς
847 2037 951 2084 pauci
973 2033 1173 2074 admodum
1199 2043 1267 2080 po-

96 2095 260 2132 tuerunt,
286 2090 324 2126 &
345 2090 541 2125 etiamnum
561 2087 728 2136 poliunt)
758 2086 911 2134 assequi,
945 2083 1058 2122 coaffl
1082 2084 1160 2120 sunt
1180 2093 1267 2119 cum

98 2141 249 2177 mortuis
277 2138 420 2180 versari,
454 2139 750 2187 frequentemque
771 2147 856 2172 cum
886 2134 1077 2171 authorum
1105 2139 1266 2168 veterum

98 2188 233 2236 scriptis
250 2186 523 2224 familiaritatem
543 2189 632 2224 inire
646 2214 655 2229 ,
681 2188 717 2222 δε
739 2197 865 2222 eorum
886 2184 1078 2220 imitationi
1097 2180 1268 2229 paulatim

98 2237 294 2275 affuescere.
346 2236 441 2275 Ciim
458 2244 577 2274 autem
589 2236 624 2273 id
639 2235 786 2284 pensum
798 2235 992 2282 requireret
1013 2231 1165 2269 multum
1181 2240 1270 2277 ope-

96 2299 145 2324 τῖε
162 2285 401 2336 magnquue
419 2287 604 2323 memoriae
621 2288 715 2331 vim3
743 2284 1050 2321 Diffionariorum
1062 2281 1139 2318 usus
1156 2281 1270 2315 intro-

100 2336 221 2373 duftus
236 2336 304 2377 est,
329 2343 369 2372 ut
381 2335 478 2372 illam
498 2337 695 2377 minueret,
718 2333 810 2370 hanc
829 2332 1032 2369 sublevaret.
1087 2329 1175 2367 Non
1190 2328 1272 2364 lon-

99 2385 144 2434 ge
157 2387 198 2423 ab
220 2384 352 2425 ArtisT
368 2384 608 2434 'pographicae
627 2385 735 2421 initiis
746 2411 755 2425 ,
783 2384 941 2430 primum
956 2379 1121 2418 Lexicon
1135 2377 1272 2425 prodiit

383 2437 551 2482 einceps,
580 2435 689 2471 literis
724 2434 987 2469 incrementum
1025 2428 1270 2476 capientibus,

102 2487 219 2522 exorti
237 2485 331 2525 sunt,
357 2485 419 2533 qui
441 2483 526 2521 huic
544 2484 742 2521 studiorum
769 2481 894 2530 generi
915 2477 1120 2516 excolendo
1147 2487 1272 2512 manus

102 2534 249 2571 feliciter
267 2534 516 2570 admoverunt.
567 2533 705 2570 Verum
725 2531 894 2567 omnibus
913 2528 1068 2576 palmam
1091 2526 1274 2574 praeripuit

104 2583 350 2622 Rogamus
366 2583 482 2620 STEP
494 2594 661 2620 HANUS:
691 2582 773 2630 qui,
800 2580 987 2627 postquam
999 2579 1036 2613 in
1051 2574 1273 2624 perficiendo

104 2634 222 2681 operis
239 2633 404 2674 instituti,
427 2632 528 2680 quod
547 2644 643 2669 anno
671 2641 772 2675 1532.
791 2627 1042 2676 proposuerat,
1077 2625 1275 2661 tentamine

105 2681 318 2719 decennium
336 2681 523 2731 exegisset,
550 2692 646 2718 anno
671 2691 773 2727 1543.
792 2677 932 2716 Orbem
946 2677 1124 2713 literatum
1143 2673 1268 2717 Thefiu-

101 2745 134 2768 ro
149 2732 211 2769 suo
228 2732 394 2770 donavit:
423 2733 461 2768 in
483 2743 591 2781 quem
611 2730 745 2769 Latinae
761 2729 894 2777 linguae
917 2737 1005 2775 opes
1027 2723 1268 2771 undecunque

1315 1601 1397 1626 vare
1418 1590 1610 1628 voluerint,
1658 1592 1784 1629 Attum
1807 1605 1971 1641 agerem,
2008 1593 2031 1629 fi
2058 1594 2124 1632 Ro
2135 1608 2271 1634 neam
2292 1599 2483 1638 STEPHA-

1317 1649 1368 1675 Nr
1390 1638 1510 1695 laudes
1538 1640 1618 1687 post
1640 1642 1797 1675 Thuanum
1814 1641 2055 1690 prosequerer.
2107 1644 2218 1682 Annis
2245 1648 2372 1685 deinde
2391 1650 2483 1687 haud

1317 1699 1438 1736 paucis
1460 1688 1602 1736 elapsis,
1633 1690 1812 1734 Thesbarum
1840 1691 1931 1728 illius
1953 1692 2121 1729 recudere
2139 1695 2174 1730 &
2192 1694 2401 1743 locupletari
2425 1712 2482 1735 acr-

1316 1736 1417 1824 greffi
1443 1737 1521 1774 sunt
1537 1737 1763 1784 Lugdunenft53
1791 1751 1881 1788 quos
1904 1741 1960 1776 sua
1983 1740 2071 1777 lucri
2092 1743 2167 1789 spes
2187 1746 2335 1782 minime
2353 1730 2482 1785 fefelli}

1336 1798 1452 1823 ,orum
1473 1787 1624 1824 editioni
1644 1787 1758 1825 defuit
1782 1801 1898 1837 neque
1925 1790 1997 1826 laus
2014 1802 2131 1840 neque
2160 1795 2323 1839 pretium.
2375 1796 2406 1832 Si
2430 1800 2485 1835 cui

1317 1842 1437 1872 tamen
1457 1836 1566 1892 libeat
1587 1837 1622 1873 ὃς
1647 1844 1748 1874 vacet
1770 1837 1867 1875 illam
1881 1838 2018 1876 subasto
2038 1841 2172 1886 judicio
2187 1843 2336 1891 propius
2357 1850 2487 1882 exami-

1319 1896 1423 1940 nare,
1453 1892 1519 1922 erit
1538 1897 1821 1935 nonnunquam,
1867 1888 1930 1924 ubi
1956 1889 1992 1925 in
2022 1897 2181 1927 mentem
2208 1894 2485 1940 veniatprover-

1320 1934 1442 1989 hrum,
1472 1934 1628 1979 Thesaurus
1648 1936 1804 1971 Carbones.
1852 1935 1894 1974 Id
1912 1948 1976 1973 VOS
2002 1949 2075 1973 nOn
2098 1941 2208 1986 fugit,
2234 1940 2312 1978 Viri
2329 1941 2487 1981 Dotstiffi-

1320 1995 1380 2019 mi.
1436 1983 1561 2028 Quum
1593 1986 1687 2020 enim
1722 1987 1759 2021 in
1787 1986 1909 2022 animo
1938 1986 2111 2023 haberetis
2140 1988 2297 2026 Rom-:R
2310 2003 2355 2028 'r1
2389 1993 2489 2030 Sm-

1320 2042 1458 2068 PHANI
1483 2032 1661 2076 Thefimrum
1681 2033 1753 2070 luci
1773 2033 1968 2075 redonare,
2008 2035 2043 2071 ὃς
2079 2036 2239 2085 (nequid
2272 2041 2309 2075 in
2339 2052 2375 2077 re
2402 2045 2490 2079 tanti

1319 2082 1500 2137 momenti
1528 2080 1806 2128 desideraretur)
1831 2083 1969 2120 neceffe
1993 2083 2075 2121 esset
2101 2086 2287 2130 evolvere,
2323 2090 2407 2138 quid
2431 2092 2489 2128 alii

1321 2130 1562 2178 praestiterint,
1592 2131 1781 2178 praesertim
1803 2133 2024 2178 Lugdunensem
2053 2141 2108 2171 tot
2127 2137 2163 2171 in
2177 2135 2307 2173 horum
2333 2138 2490 2177 editione

1321 2179 1612 2216 animadvertistis
1638 2181 1789 2222 menda,
1824 2189 1864 2218 ut
1893 2183 1930 2217 in
1960 2183 2001 2218 iis
2028 2185 2251 2231 corrigendis
2274 2189 2363 2234 poni
2382 2200 2491 2236 opor-

1322 2235 1412 2265 teret
1440 2240 1606 2283 operam,
1645 2229 1716 2266 fere
1741 2229 1882 2279 qualem
1900 2229 2072 2268 Hercules
2091 2234 2127 2269 in
2146 2233 2280 2271 stabulo
2299 2236 2418 2283 Augiae
2438 2250 2491 2275 re-

1321 2278 1511 2326 purgando
1532 2278 1769 2326 insumpserat,
1818 2279 1900 2316 Post
1918 2280 2117 2317 editionem
2139 2281 2271 2320 aRoss.
2293 2284 2493 2324 STEPHA-

1323 2339 1385 2382 No
1406 2326 1564 2382 finitam,⁴
1592 2328 1683 2364 nihil
1711 2327 1847 2376 prodiit
1869 2329 1912 2364 ad
1939 2328 2016 2365 usus
2038 2329 2211 2368 literarios
2240 2333 2349 2380 magis
2375 2336 2492 2372 neces-

1322 2376 1447 2413 sarium
1469 2388 1479 2421 3
1529 2376 1620 2412 nihil
1643 2376 1754 2425 magis
1777 2377 1968 2425 operosum
1990 2381 2179 2416 attentiore
2211 2381 2411 2430 diligentia,
2439 2388 2491 2421 ni-

1322 2425 1375 2462 hil
1412 2425 1581 2473 grandius
1628 2425 1848 2474 elegantiore
1886 2427 2002 2469 cultu,
2051 2428 2272 2466 elaboratum
2316 2432 2371 2468 est.
2428 2432 2493 2470 Ille

1323 2486 1421 2511 nunc
1452 2474 1608 2518 Thesaurus
1632 2474 1899 2523 preciosissimus
1925 2487 2055 2512 novam
2080 2477 2185 2525 se'que
2206 2479 2350 2526 dignam
2380 2483 2493 2519 induit

1324 2525 1501 2560 formam:
1529 2523 1565 2559 ὃς
1586 2523 1678 2561 illius
1694 2524 1835 2562 Author
1863 2523 1912 2566 (fi
1935 2525 1979 2561 ad
1995 2526 2138 2573 superos
2166 2527 2305 2564 daretur
2326 2530 2493 2568 delunclis

1326 2573 1494 2617 reditus)
1537 2576 1714 2620 optaverit
1750 2574 1981 2619 reviviscere3
2034 2583 2074 2610 ut
2110 2575 2209 2613 suum
2257 2589 2349 2624 opus
2394 2593 2491 2617 [iiiito

1328 2634 1410 2660 cuni
1436 2622 1603 2664 honore,
1641 2635 1722 2659 curn
1746 2623 1842 2660 tanta
1869 2623 1972 2660 bonae
2010 2624 2118 2672 frugis
2149 2625 2359 2669 acceffione,
2403 2630 2492 2665 redi-

1325 2672 1736 2766 {ivfflntcxontleignplandi
1768 2672 1952 2720 voluptate
1983 2674 2164 2711 frueretur„
2216 2674 2350 2713 valete.
2386 2690 2485 2723 1735.

1350 2749 1358 2758 .
1424 2749 1434 2758 .
1490 2732 1546 2769 pri
1588 2750 1598 2759 .

1545 3940 1568 3976 f
2321 3934 2496 3974 ROBER-
