2604 4222
119 218 190 253 618
508 195 538 230 C
632 188 668 223 Ο
762 180 800 216 N

160 294 241 324 Arma
254 284 390 324 aliquibus
399 279 530 312 concitat.
549 273 669 308 Propert.
681 264 729 295 lib.
743 271 767 298 3.
780 269 826 290 2ο.
835 263 882 287 2ο.

164 333 234 362 Aura
244 324 341 362 frigida
350 320 473 351 concitat
484 319 565 345 artus.
586 310 693 340 Lucret.
705 311 730 337 3.
743 306 808 335 292.

167 371 251 399 Aures
263 361 412 393 concitare.
437 356 554 391 Propert.
566 357 590 384 3.
608 355 618 374 ι
627 352 649 380 ς.
662 351 707 377 4ς.

261 398 364 431 Fabula
375 393 450 425 nulla
463 399 524 421 tuas
539 386 574 416 de
583 382 664 414 nobis
678 374 801 407 concitet
811 375 898 400 aures.

171 441 280 474 Bellum
291 436 429 467 concitare
447 432 471 461 &
485 433 586 465 gerere.
626 416 690 448 Caes.
705 419 731 448 8.
747 409 815 441 Bell.
825 404 895 436 Gall.
906 408 953 431 22.

173 480 282 512 Bellum
294 473 431 506 concitare
447 464 528 497 alicui
544 457 658 499 populo.
699 452 755 481 Liv.
770 457 813 484 35.
828 453 870 474 12.
883 446 954 470 extr.
975 434 1016 465 Ita
1028 438 1078 472 per
1094 433 1187 460 totum
1199 418 1278 453 simul

194 517 289 547 orbem
300 517 430 542 terrarum
443 502 524 536 AEtoli
541 494 672 529 Romanis
684 483 862 519 concitabant
874 477 988 509 bellum.

177 552 355 587 Discordiam
379 547 436 575 Cic.
449 551 498 581 pro
511 538 690 576 Murem-59.⁸

178 593 246 629 Equi
258 592 284 619 in
297 584 430 617 diversum
440 582 491 610 iter
501 575 640 606 concitati.
661 567 720 597 Liv.
732 571 756 592 1.
769 564 815 594 28.
831 561 901 587 extr.

178 633 286 668 Equum
297 627 325 655 in
335 622 434 654 hostes.
455 617 526 652 Virg.
542 622 581 642 ιι.
595 609 655 640 ffin.
673 611 740 645 742.
887 630 893 636 ·
1203 612 1212 629 Ἰ.
1245 610 1252 618 .

180 670 289 705 Equum
299 658 457 692 calcaribus.
497 653 553 682 Liv.
567 658 593 678 2.
607 649 632 676 6.
655 640 784 673 eoncitat
797 630 949 665 calcaribus
964 628 1067 663 equum
1078 640 1087 655 ‚
1106 620 1189 654 atque
1204 621 1233 642 in
1244 619 1287 648 ip·

200 706 258 736 sum
271 700 380 731 infestus
391 691 537 725 Consulem
547 684 648 722 dirigit.
775 712 781 718 ⁴

182 738 408 780 Expectationem
421 732 469 762 sui.
508 727 566 758 Cic.
583 733 608 752 2.
622 722 694 751 Fam.
710 725 733 745 1.
756 713 801 743 sic
815 708 851 740 ad
869 715 921 736 nos
941 699 1121 732 confirmatus
1133 694 1288 722 revertare,

201 786 321 815 utquam
330 769 551 811 expectationem
560 762 598 792 tui
609 753 751 789 concitasti
764 773 775 795 ·.
792 749 866 790 hanc
877 742 1005 773 sustinere
1016 745 1048 766 ac
1058 731 1129 763 tueri
1139 726 1232 768 polsis.

185 820 263 850 Feras
277 814 416 844 concitare
432 830 440 842 ,
462 805 566 842 Agitare
575 800 644 829 feras
657 817 665 832 ‚
685 798 787 824 venari.
809 783 928 816 orrida.
939 777 1007 809 Fau.
1020 776 1084 808 28⁶.

185 855 328 887 Flammas.
350 841 576 881 Sen.llippol.3.
752 865 758 871 ι

185 889 354 924 Gravedines
369 887 395 915 δι
408 879 612 913 destillationes.
656 867 725 899 Cels.
739 864 789 895 lib.
804 871 826 891 ι.
841 868 902 896 cap.
916 865 942 886 2.
963 853 1033 889 Quae
1046 856 1090 877 res

205 929 319 959 vedines
327 916 575 954 destillationesque
586 909 715 942 concitat.
988 928 995 934 θ
1226 915 1231 921 ,
1274 910 1280 918 .

187 966 323 1000 invidiam
339 963 367 991 in
377 960 505 995 aliquem.
544 952 602 981 Cic.
616 959 642 978 2.
655 943 774 979 Philipp.
787 945 829 974 17.
848 935 938 965 Tanta
951 936 1025 959 enim
1037 931 1080 954 res
1094 921 1133 951 est
1144 941 1152 954 ‚
1172 922 1205 947 ut
1224 921 1294 943 invi-

209 1006 284 1034 diam
295 1001 371 1030 istam
383 1020 390 1032 .
412 1003 493 1033 quam
505 999 535 1021 tu
549 991 577 1018 in
588 996 633 1017 me
644 984 684 1014 vis
694 979 834 1011 concitare
843 995 851 1009 ‚
876 979 941 1001 cum
954 965 1035 997 laude
1052 970 1111 991 non
1123 959 1292 993 comparem.

189 1038 408 1074 Misericordiam
418 1031 524 1072 populi.
546 1027 602 1056 Cic.
621 1034 644 1053 1.
660 1022 696 1050 de
708 1019 857 1058 Orat..227.
897 1046 903 1052 ·

190 1079 314 1112 morbos.
352 1072 421 1104 Cels.
438 1071 487 1100 lib.
504 1078 529 1098 2.
542 1074 602 1101 cap.
618 1070 659 1092 ιι.
680 1060 713 1087 At
723 1057 841 1084 vomitus
852 1052 882 1077 ut
896 1054 925 1074 m
939 1039 1058 1086 secunda
1067 1041 1178 1076 quoque
1193 1028 1296 1068 valetu-

211 1119 275 1147 dine
286 1115 356 1152 saepe
377 1107 539 1140 necessarius
553 1103 608 1136 est,
629 1098 665 1128 lic
683 1094 767 1124 etiam
787 1091 816 1118 in
832 1086 875 1116 his
893 1081 1017 1115 morbis,
1037 1083 1108 1114 quos
1126 1068 1190 1101 bilis
1205 1072 1299 1097 concr-

210 1155 285 1185 tavit.
437 1169 471 1184 x

192 1194 305 1224 Motum
315 1186 412 1218 animis
425 1181 581 1213 hominum.
603 1174 660 1204 Cic.
677 1180 700 1199 1.
712 1164 769 1197 Off.
785 1172 847 1200 131.

194 1231 330 1261 Nationes
341 1227 365 1254 δι
382 1221 496 1252 servitia.
523 1217 579 1246 Cic.
594 1222 634 1242 ιι.
648 1210 720 1240 Fam.
733 1214 776 1242 33.

195 1268 302 1298 Odium
315 1264 343 1292 in
354 1261 483 1298 aliquem.
513 1255 543 1284 V.
565 1263 581 1281 0
591 1261 608 1280 n
620 1261 629 1278 ι
639 1258 656 1277 u
666 1257 697 1276 M.
797 1277 802 1283 ,
928 1266 931 1268 Α

197 1303 385 1335 Offensionem
396 1292 542 1332 gravemin
554 1289 674 1325 aliquam
682 1291 749 1312 rem.
772 1277 830 1307 Cic.
844 1283 867 1303 1.
880 1271 916 1301 de
924 1269 1034 1311 invent.
1046 1272 1109 1298 1⁰9·
1136 1296 1142 1303 ⁴
1278 1290 1284 1297 ο

198 1342 333 1374 Pituitam.
373 1329 440 1365 Cels.
453 1332 499 1362 lib.
514 1334 539 1359 6.
564 1336 625 1363 cap.
641 1326 666 1353 6.
693 1317 898 1355 Medicamenta
913 1316 978 1338 vero
998 1309 1073 1334 intus
1098 1295 1213 1337 quidem
1230 1292 1303 1323 lema

219 1379 309 1410 danda
322 1375 382 1404 sunt
395 1396 402 1408 ‚
424 1380 458 1401 ne
468 1369 533 1406 quid
545 1362 655 1395 acrioris
670 1357 775 1397 pituitae
785 1353 939 1382 concitent.

201 1416 339 1455 Populum
350 1413 378 1440 in
391 1418 471 1440 arma.
496 1403 579 1436 ovid.
593 1410 616 1438 3.
634 1397 701 1428 Fast.
715 1401 777 1431 797.

199 1455 309 1486 Pluvias
322 1450 442 1479 concitat
451 1444 548 1475 Auster.
570 1436 654 1469 Ovid.
667 1445 693 1465 2.
710 1432 776 1463 Fast.
787 1436 833 1465 72.

203 1493 305 1524 Risum.
327 1488 384 1517 Cic.
395 1497 421 1515 2.
436 1484 470 1513 de
482 1482 557 1511 Orat.
575 1486 638 1510 ²55-
750 1506 755 1512 ⁸
811 1504 816 1509 ¹

203 1532 339 1561 Somnum
348 1524 484 1554 concitare
495 1517 580 1548 herba
588 1512 698 1544 dicitur.
718 1507 787 1537 Plin.
797 1501 847 1532 hb.
860 1508 906 1529 2ο.
918 1504 980 1533 cap.
996 1495 1040 1527 18.

205 1568 327 1598 Urinam.
349 1561 415 1591 Plin.
430 1559 478 1589 lib.
494 1567 537 1586 20.
550 1563 610 1590 cap.
627 1561 653 1586 4.
878 1574 884 1581 ι

205 1606 281 1636 Vires
292 1602 350 1631 suas
360 1598 496 1628 concitare
506 1594 635 1623 dicuntur
643 1583 769 1621 regiones
781 1580 806 1609 ἃ
818 1574 939 1621 oppida,
959 1575 1045 1607 quum
1057 1557 1186 1595 adversus
1205 1556 1312 1589 hostem

224 1641 320 1674 armati
331 1639 518 1667 convocantur
528 1631 611 1660 cives.
633 1622 717 1655 Ovid.
736 1622 777 1648 16.
791 1614 872 1683 lffrst.
886 1621 948 1647 340·

287 1678 346 1708 Nec
357 1682 386 1704 tu
399 1680 475 1711 rapta
485 1671 551 1699 time
563 1688 571 1703 ,
591 1674 627 1694 ne
636 1670 686 1704 nos
695 1659 752 1688 fera
763 1655 799 1685 be
821 1663 837 1682 a

321 1712 450 1743 Concitet
460 1713 507 1739 aut
518 1707 587 1736 vires
598 1703 701 1732 Graecra
714 1702 772 1725 tota
783 1692 851 1722 suas.

210 1753 302 1787 Animi
318 1757 394 1780 motu
410 1744 550 1777 concitari.
574 1741 631 1771 Cic.
643 1748 668 1768 2.
681 1736 716 1765 de
727 1733 803 1763 Orat.
818 1736 880 1764 191.
922 1762 929 1769 ·
968 1759 974 1766 ι

212 1791 302 1824 Animi
313 1786 505 1827 perturbantur
516 1783 541 1812 δι
551 1777 726 1809 concitantur
736 1780 764 1799 re
776 1767 877 1803 aliqua.
898 1762 997 1792 Cic.1n
1012 1757 1090 1787 Orat.
1104 1755 1168 1796 123.

212 1830 314 1862 Divino
332 1824 460 1855 instinctu
474 1818 627 1851 concitatur
642 1812 751 1844 animus
771 1817 787 1837 a
807 1810 925 1841 corpore
936 1795 1092 1829 abstractus.
1112 1790 1171 1821 Cic.
1184 1796 1210 1818 1.
1226 1784 1262 1815 de
1272 1781 1319 1815 m.

179 1868 382 1939 cog¹g·12⁶h
391 1908 430 1928 us
440 1919 448 1931 ,
468 1888 681 1933 [παρορμηθεὶς]
700 1882 797 1916 Partic.
825 1884 878 1914 ut,
898 1872 1061 1906 Concitatus
1080 1866 1179 1899 ardore
1202 1861 1321 1892 animus.

218 1935 520 2012 gilinir'agiiiniilgdam
538 1967 573 1998 ad
593 1959 798 2004 philosophiam
817 1953 907 1986 studio
931 1946 1096 1980 concitatus.
1127 1940 1186 1971 Cic.
1204 1937 1241 1968 de
1253 1935 1325 1966 Clar.

222 2017 417 2086 Cghiitrtaitigne
427 2046 542 2082 alicujus
560 2039 732 2071 concitatum
748 2030 802 2063 effe
824 2029 861 2060 ad
877 2026 998 2058 studium
1016 2015 1217 2058 cognoscendae
1239 2010 1328 2051 perci,

240 2092 404 2132 piendoeque
413 2085 527 2117 virtutis.
549 2080 607 2110 Cic.
622 2088 644 2107 1.
657 2077 693 2106 de
704 2074 782 2103 Orat.
794 2079 859 2105 ²0⁴·

225 2128 384 2162 Calcaribus
394 2123 547 2155 concitatus
556 2125 650 2154 equus.
672 2114 729 2143 Liv.
739 2116 765 2143 8.
777 2117 820 2145 39.

228 2166 370 2198 Erroribus
380 2160 523 2193 concitatis
531 2156 654 2186 animum
663 2150 788 2181 hilarare.
809 2140 899 2174 Catul.
910 2142 955 2170 61.
968 2142 1012 2171 18.

226 2206 335 2243 Impetu
347 2201 431 2232 animi
442 2196 560 2235 quodam
572 2190 741 2222 concitatum
751 2183 812 2214 ess‘e.
833 2181 891 2209 Cic.
903 2186 953 2216 pro
968 2175 1079 2205 Muren.
1091 2171 1139 2206 65.

230 2243 306 2273 Ratis
318 2240 421 2277 remige
436 2238 460 2267 &
475 2240 557 2264 vento
573 2229 718 2260 concitata.
739 2223 802 2253 Sen.
813 2217 925 2255 Thyest.
943 2221 968 2257 ς.

231 2281 347 2311 Terrore
358 2279 384 2307 δι
398 2282 471 2305 metu
483 2269 645 2302 concitatus.
666 2264 723 2293 Cic.
733 2269 782 2299 pro
794 2258 865 2293 Lege
876 2251 974 2283 Manil.

233 2316 356 2348 Mundus
370 2312 539 2343 concitatus,
560 2303 681 2336 mobiles
692 2299 773 2329 orbes
785 2295 854 2326 caeli.
875 2292 939 2321 Sen.
950 2290 1042 2325 Agam.
1052 2294 1079 2320 9.

233 2356 362 2392 Compar.
384 2346 553 2381 Concitatior
568 2341 667 2373 cursus.
696 2338 716 2368 i.
727 2346 752 2366 e.
773 2331 904 2363 Celerior.
927 2327 986 2357 Liv.
999 2334 1042 2362 35.
1054 2328 1100 2358 23.

231 2391 340 2430 Superl.
361 2382 568 2418 Concitatiffimi
581 2379 662 2416 equi,
682 2373 758 2414 apud
772 2371 830 2401 Liv.
845 2378 888 2405 35.
906 2376 930 2402 5.

235 2430 332 2461 motus
342 2425 462 2463 corporis
477 2415 710 2452 concitatifflmus.
731 2406 851 2447 Quintil.
864 2404 912 2435 lib.
924 2412 950 2432 2.
968 2410 1028 2438 cap.
1045 2406 1089 2427 11.
1220 2426 1227 2434 .
1262 2422 1274 2433 ‘v

199 2469 221 2499 C
230 2478 246 2498 ο
256 2477 276 2497 N
287 2476 304 2495 c
314 2476 323 2494 1
333 2474 352 2493 'r
362 2469 378 2493 Τι
386 2473 405 2491 τ
415 2472 429 2491 a
440 2483 447 2496 ,
470 2459 537 2489 Adv.
559 2452 694 2486 Columel.
709 2453 733 2480 6.
745 2452 771 2478 6.
795 2443 942 2476 Concitate
953 2439 1041 2476 agitur
1051 2440 1145 2474 pecus.
1170 2426 1339 2466 Quinctia.

240 2515 282 2535 10.
302 2503 400 2532 Dicere
411 2498 557 2529 concitate.

201 2544 248 2574 Co
260 2551 279 2571 n
289 2551 306 2570 c
315 2551 323 2568 r
332 2549 351 2568 T
361 2543 377 2568 ῑι
387 2547 405 2566 τ
416 2548 424 2565 ι
435 2546 452 2565 o
463 2557 471 2571 ‚
488 2534 558 2563 onis.
580 2530 599 2559 f.
621 2521 821 2564 [πκςόςμησις]
839 2514 1009 2549 Commotio.
1032 2516 1064 2541 ut
1074 2529 1083 2546 ‚
1104 2502 1263 2538 concitatio
1273 2496 1344 2531 mul-

240 2577 375 2610 titudinis.
398 2575 455 2603 Cic.
467 2581 516 2610 pro
529 2569 637 2598 Cluent.

240 2615 328 2647 Animi
342 2611 503 2643 concitatio.
524 2608 581 2636 Cic.
596 2614 618 2633 ι.
634 2602 669 2631 de
681 2599 774 2630 Divin.
788 2605 833 2634 34.

242 2653 330 2685 Animi
341 2647 561 2681 vehementiores
571 2639 779 2672 concitationes.
800 2633 859 2663 Cic.
875 2639 898 2660 1.
919 2628 956 2665 Q.
971 2625 1031 2656 frat.
1045 2633 1071 2654 ι.

242 2690 345 2722 Mentis
355 2685 512 2718 concitatio.
533 2681 590 2710 Cic.
602 2688 627 2708 2.
644 2677 679 2706 de
693 2675 782 2704 Divin.
794 2681 839 2707 ²7-

243 2728 333 2761 Plcbis
352 2731 448 2756 contra
467 2727 556 2761 patres
577 2714 762 2748 concitatione
781 2710 807 2740 &
826 2705 961 2738 seditione
980 2699 1116 2732 nuntiata.
1149 2693 1209 2724 Cic.
1222 2690 1257 2722 de
1272 2686 1345 2720 Clar.

246 2766 434 2839 Affjrriiiarigtim
445 2790 659 2827 concitationem
674 2786 805 2818 docendo
822 2778 986 2814 existimavit
996 2775 1138 2806 Isocrates.
1160 2765 1279 2806 Quintil.
1299 2763 1350 2794 lib.

265 2851 291 2870 2.
320 2850 333 2868 a
357 2861 362 2868 .
393 2860 399 2867 .

248 2844 440 2911 modulatione
463 2866 655 2902 collocationis
683 2864 710 2894 δι
735 2861 827 2895 vocis,
857 2852 1075 2900 concitationem
1100 2845 1228 2884 iudicum
1247 2846 1351 2880 petere.

268 2913 387 2952 Quintil.
402 2913 447 2941 lib.
463 2920 483 2940 1.
498 2917 557 2946 cap.
571 2915 612 2934 ιο.

215 2956 235 2986 C
245 2965 260 2984 o
270 2964 288 2983 Ν
301 2962 361 2982 cvr
371 2955 414 2980 Τιί’
424 2959 440 2977 u
450 2958 461 2977 s
475 2969 483 2983 ‚
504 2948 544 2975 sis.
566 2953 603 2972 m.
625 2938 721 2971 Sidon.
737 2936 826 2965 Carni.
838 2941 882 2968 ²3·
895 2932 958 2964 266.

216 2996 236 3024 C
248 3003 264 3021 o
275 3001 292 3020 N
305 3001 338 3020 cr
348 2999 368 3018 ἰ
379 2993 392 3017 ‚X
402 2997 444 3016 το
455 2996 469 3014 a
482 3007 489 3019 ,
510 2983 573 3013 Gris.
594 2989 632 3009 m.
662 2970 866 3013 [meamne]
896 2968 953 3004 Qui
971 2965 1141 2995 commovet.
1161 2955 1227 2987 Caes.
1239 2959 1266 2988 8.
1285 2949 1354 2983 Bell.

253 3029 322 3059 Gall.
336 3037 378 3057 21.
402 3023 486 3061 Quod
496 3022 516 3051 C
520 3020 620 3050 erbeus
631 3015 724 3045 auctor
737 3010 813 3045 belli,
822 3007 975 3038 concitator
986 2997 1183 3032 multitudinis,
1196 2992 1263 3025 esset
1273 2992 1358 3021 inter·

253 3068 347 3097 fertus.

256 3103 412 3134 concitator
424 3097 517 3128 turbae.
541 3095 596 3124 Liv.
607 3102 653 3127 ²5-
666 3100 692 3124 4.

257 3139 486 3172 Tabernariorum
495 3133 657 3164 concitator.
679 3126 737 3156 Cic.
747 3132 797 3162 pro
807 3122 900 3152 Domo
917 3124 959 3153 ις.

222 3181 244 3211 C
253 3190 269 3209 o
279 3189 298 3208 N
307 3189 341 3207 οι
352 3188 369 3205 vs
382 3180 396 3205 Ᾰ
405 3185 423 3204 Τ
433 3185 449 3203 R
459 3185 467 3202 r
476 3183 494 3202 x
508 3195 514 3207 ‚
532 3171 594 3200 Teis,
615 3167 634 3196 f.
656 3158 873 3201 [παςοξμιίτςιοι]
894 3161 925 3186 ut
935 3176 944 3191 ,
964 3148 1136 3183 Concitatrix
1153 3146 1203 3177 Vis.
1225 3142 1294 3174 Plin-
1311 3140 1360 3171 lib.

260 3221 303 3246 26.
316 3225 376 3252 cap.
392 3223 431 3242 10.
456 3209 485 3241 Εἰ
501 3209 548 3238 lib.
563 3213 677 3242 19.cap.
689 3207 715 3236 8.

226 3256 396 3284 Concu-1⁴.
408 3257 505 3279 ,ιιιιΝἰ
517 3257 533 3276 u
545 3256 565 3274 n
577 3267 584 3278 ,
605 3243 622 3271 i.
645 3251 673 3270 n.
695 3239 760 3268 Sen.
771 3233 873 3267 delta,
887 3238 948 3267 3.2.

227 3294 248 3322 C
258 3302 273 3321 o
285 3301 301 3319 Ν
313 3301 347 3319 cr
359 3299 394 3317 rr
406 3298 421 3316 υ
435 3298 452 3315 Μ
462 3308 469 3321 ,
490 3284 550 3315 Flos
561 3281 598 3311 est
609 3279 723 3310 laliones
734 3273 825 3304 herbae
837 3293 845 3306 ‚
864 3269 950 3299 unico
960 3263 1085 3295 constans
1097 3259 1164 3289 solio
1174 3280 1182 3292 ,
1202 3256 1250 3287 sed
1267 3256 1303 3284 ita
1314 3254 1366 3283 im.

264 3329 363 3366 plicato
377 3333 405 3355 ut
415 3325 491 3362 plura
502 3320 656 3351 videantur.
696 3313 763 3343 Plin.
774 3310 821 3339 lib.
834 3317 878 3338 22.
892 3315 951 3342 cap.
963 3312 1007 3332 22.
1031 3299 1132 3329 lalione
1145 3319 1153 3332 ‚
1176 3294 1280 3331 inquit.
1303 3293 1365 3322 olus

265 3366 376 3395 silvestre
387 3363 515 3394 habetur,
536 3360 564 3387 in
577 3364 647 3386 terra
657 3360 775 3390 repens.
794 3356 858 3377 cum
869 3343 958 3373 multo
976 3339 1063 3372 lacte,
1084 3336 1183 3365 florem
1201 3333 1254 3362 fert
1273 3330 1367 3360 candi-

268 3404 350 3432 dum:
373 3399 520 3430 concilium
530 3400 637 3425 vocant.

234 3442 279 3471 co
289 3450 305 3468 Ν
316 3441 348 3468 ci
358 3448 389 3466 rr
402 3447 418 3466 υ
430 3448 448 3465 Μ
459 3458 466 3471 ,
488 3437 505 3463 i.
525 3444 551 3462 n.
575 3426 705 3467 [αωίδὶυον
715 3445 722 3457 ,
744 3422 871 3455 εὐκιοχςῷι
884 3441 892 3453 ,
911 3411 1045 3448 ebroico]
1066 3410 1226 3440 Conventus
1247 3405 1344 3443 populi
1358 3423 1368 3440 ,

270 3475 450 3507 &multitudo
471 3470 636 3511 populorum
653 3462 819 3494 diversorum
835 3459 864 3487 in
883 3463 970 3485 unum
991 3451 1085 3480 locum
1102 3445 1265 3477 consulendi
1284 3443 1370 3480 gratia

271 3521 439 3549 congregata.
481 3509 621 3540 Dexivatur
633 3510 724 3533 autem
736 3509 793 3527 non
809 3507 825 3526 a
840 3492 959 3524 Conlilio
972 3511 980 3524 ,
1002 3489 1054 3518 live
1070 3497 1084 3515 a
1098 3483 1237 3514 Consensu
1250 3503 1259 3516 ‚
1279 3489 1309 3509 ut
1324 3480 1371 3509 Fe-

273 3552 325 3580 stus
336 3550 480 3578 existimat:
504 3546 548 3576 scd
561 3555 577 3573 a
588 3538 766 3572 Concahmdo
778 3558 785 3570 ,
806 3535 862 3563 hoc
871 3532 908 3561 est
918 3526 1124 3558 Convocando:
1147 3520 1224 3559 quod
1234 3527 1331 3548 omnes
1342 3518 1372 3546 in

274 3597 357 3617 unum
367 3587 456 3615 locum
468 3587 662 3614 convocentur.
686 3577 754 3611 virg.
769 3583 810 3602 ιο.
827 3571 884 3601 ΙΕη.
896 3578 921 3598 2.

291 3662 297 3669 1
353 3622 561 3658 Conciliumque
573 3624 652 3647 vocat
663 3614 757 3643 divum
770 3617 844 3648 pater
856 3615 937 3643 atque
944 3602 1092 3633 hominum
1107 3606 1164 3627 rex.

276 3660 428 3702 Concilium
440 3660 503 3695 quid
514 3657 623 3686 diflerat
634 3664 649 3682 ιι
659 3650 783 3680 Comitiis
792 3671 799 3681 ,
830 3645 862 3675 V.
884 3655 902 3673 c
910 3654 928 3672 o
938 3653 958 3671 M
968 3651 978 3669 ι
987 3649 1007 3668 τ
1018 3650 1027 3667 ι
1037 3648 1063 3667 Α.

278 3698 429 3727 Concilium
441 3696 546 3732 proprie
558 3692 697 3722 dicebatur
709 3685 838 3716 Romanis
847 3705 856 3719 ‚
876 3679 997 3718 Quando
1008 3675 1086 3713 plebs
1099 3677 1209 3703 tantum
1225 3670 1253 3699 in
1264 3669 1377 3698 concio.

297 3742 360 3776 nem
372 3734 512 3775 vocabatur
525 3731 686 3767 apartibus,
707 3734 763 3753 non
781 3720 919 3752 universus
938 3715 1058 3754 populus
1080 3711 1224 3742 Romanus
1237 3730 1245 3742 ‚
1266 3708 1301 3736 dc
1322 3715 1378 3743 quo

299 3771 393 3816 stritus
408 3768 478 3797 telis
491 3770 561 3806 apud
573 3768 640 3796 Geli.
658 3776 696 3799 ις.
711 3770 754 3798 27.

282 3808 436 3837 Loncrlium
450 3807 541 3841 populi
554 3806 631 3833 datur
646 3813 661 3831 a
678 3797 883 3836 magistratibus.
904 3792 952 3821 Liv
974 3800 998 3821 3.
1011 3797 1058 3825 71.

1102 842 1224 875 maxime
1235 846 1292 877 gra-

282 3844 437 3890 (rr-*tilium
457 3844 529 3884 ⁴apud
552 3842 639 3869 bonos·
658 3839 817 3874 scriptores,
838 3829 1020 3869 quarumlibet
1041 3832 1131 3854 rerum
1150 3832 1183 3852 ac
1201 3819 1379 3858 personarum

303 3884 583 3924 §.irruptam-turriam:ic
600 3885 700 3905 citrum
713 3873 857 3907 {ignitio-ut:
882 3867 995 3901 utapud
1012 3865 1117 3892 Lucret.
1130 3860 1180 3890 lib.
1196 3869 1216 3887 1-
1237 3856 1382 3889 184-0011-

303 3925 395 3987 &ilium
409 3917 524 3979 giiii-alili
538 3937 545 3948 ,
568 3916 604 3942 cit
624 3910 804 3947 congregatio
821 3913 968 3943 corporum
987 3903 1140 3939 primorum
1159 3897 1194 3928 ad
1211 3896 1383 3933 gignentium

321 3970 334 3985 ιι
353 3966 394 3983 :rin
443 3964 474 3981 ,ιιῑ
499 3965 531 3980 ι..
549 3963 562 3980 2
605 3962 647 3981 ov).

361 3991 502 4026 Multaque
510 3997 637 4027 prame-reu
649 3992 776 4021 magnum
786 3991 833 4020 per
844 3982 925 4010 inane
935 3982 1064 4014 vagantur

1746 129 1776 164 C
1875 126 1910 160 O
2001 122 2038 157 N

1455 217 1590 251 Conciliis
1599 223 1690 259 rerum
1700 220 1760 248 quae
1770 209 1832 252 sunt
1841 208 1950 242 rejet‘ta.
2031 203 2051 232 i.
2065 208 2090 232 e.
2112 200 2183 237 Quae
2199 207 2258 229 non
2267 198 2421 236 potuerunt
2437 201 2485 222 co·

1381 261 1485 291 haerere
1496 257 1531 286 ad
1545 263 1587 284 res
1598 251 1758 290 gignendas.
1798 248 1844 275 Sic
1862 247 1888 274 δι
1899 243 1958 273 aliis
1969 241 2038 270 locis
2049 239 2156 278 saepius.

1365 296 1524 330 Concilium
1533 293 1662 326 deorum,
1684 284 1843 317 Concilium
1856 283 1969 312 ducum.
1992 279 2050 308 Cic.
2064 287 2087 307 1.
2099 274 2180 306 Tusc.
2193 283 2237 311 72.
2260 272 2294 302 Et
2304 269 2372 300 Plin.
2385 267 2486 301 lib.28.

1386 346 1447 372 cap.
1462 339 1487 363 6.

1369 375 1466 404 Coetus
1480 372 1506 400 Sc
1517 364 1678 410 concilium.
1710 361 1766 390 Cic.
1781 368 1807 388 2.
1823 357 1858 386 de
1870 357 1929 386 Fin.
1949 363 1991 384 11.
2014 350 2092 389 Quid
2104 351 2181 380 enim
2191 344 2300 377 necess'e
2310 344 2348 374 est
2355 350 2490 379 tanquam

1389 409 1567 441 meretricem
1577 413 1606 433 in
1614 406 1805 431 matronarum
1815 402 1936 429 coetum,
1957 392 1992 422 sic
2003 391 2179 428 voluptatem
2196 386 2226 415 in
2243 384 2378 414 virtutum
2395 381 2493 410 conci-

1389 450 1459 478 lium
1472 441 1629 483 adducere-⁶?

1372 488 1485 518 Mittere
1496 483 1525 511 in
1537 477 1690 509 concilium
1706 497 1715 510 ‚
1734 472 1772 502 est
1783 470 1898 508 Judices
1909 469 1939 497 in
1951 465 2104 496 concilium
2115 463 2151 493 ad
2165 459 2331 492 sententIam
2341 454 2494 487 dicendam

1392 525 1511 554 mittere.
1534 519 1590 547 Cic.
1606 525 1630 550 3.
1641 514 1716 542 Verr.
1727 514 1772 541 26.

1376 560 1534 592 Concilium
1547 554 1689 585 dimittere
1699 573 1707 585 ,
1732 548 1771 578 est
1780 544 1931 576 Sententiis
1941 542 2022 571 dietis
2037 562 2046 575 ‚
2067 536 2277 575 (autampliato
2290 542 2338 563 reo
2349 554 2357 566 ‚
2377 535 2496 560 autnon

1392 600 1498 636 liquere
1509 592 1690 633 pronuntiato
1700 598 1716 617 a
1725 583 1891 624 judicibus.)
1902 579 2057 611 concilium
2067 575 2178 606 missum
2187 575 2290 604 facere.
2305 568 2371 600 Caes.
2385 578 2411 598 1.
2424 565 2494 597 Bell.

1396 635 1466 667 Gall.
1479 643 1522 669 33.

1377 672 1506 705 Concilia
1516 666 1658 704 coetusque
1668 663 1817 694 hominum
1826 660 1886 697 jure
1905 655 2019 691 sociati,
2040 652 2166 682 civitates
2185 646 2371 687 appellantur.
2391 642 2450 674 Cic.
2462 640 2499 671 de

1398 708 1575 745 Somn.Scip.
1590 716 1616 739 4.

1377 752 1411 782 ln
1420 756 1495 780 coetu
1504 743 1681 778 concilioque
1692 739 1815 777 proferte
1829 733 1987 773 opiniones.
2011 728 2070 759 Cic.
2081 736 2109 759 2.
2122 725 2159 757 de
2168 724 2228 755 Fin.
2240 731 2287 760 77.

1381 786 1508 819 Concilia
1521 786 1546 814 Sc
1559 776 1765 811 conventicula.
1787 774 1846 804 Cic.
1859 781 1910 809 pro

1922 770 2016 799 Domo
2030 776 2075 804 74.

1383 827 1543 857 Animarum
1557 817 1687 849 concilia.
1707 815 1776 844 Stat.
1788 821 1814 849 3.
1829 809 1922 840 Theb.
1936 810 1998 841 146.

1383 863 1542 902 Cyclopum
1552 854 1724 888 horrendum
1734 849 1897 882 concilium.
1921 845 1993 882 Virg.
2006 853 2031 881 3.
2043 841 2107 873 ffin.
2115 842 2180 877 679.

1384 903 1523 933 Ferarum.
1547 894 1631 926 Ovid.
1645 902 1689 922 10.
1701 890 1770 921 Met.
1789 899 1850 923 144.

1385 940 1462 976 Jovis
1471 960 1478 973 ‚
1500 937 1517 966 i.
1529 944 1554 965 e.
1573 933 1698 962 Deorum
1708 929 1756 966 qui
1767 927 1840 957 circa
1850 924 1952 960 Jovem
1959 919 2032 951 sunt.
2053 917 2121 948 Hor.
2131 923 2158 953 3.
2169 912 2260 944 Carm.
2271 918 2318 947 2ς.
2330 909 2360 939 6.

1386 976 1528 1009 Musarum
1542 969 1646 1001 nobile.
1667 968 1733 997 Stat.
1744 968 1771 996 6.
1785 963 1878 994 Theb.
1892 970 1923 998 35

1930 970 1956 996 ς.

1385 1014 1495 1046 Patrum
1506 1011 1640 1041 sanstum.
1662 1005 1729 1035 Hor.
1740 1014 1767 1039 4.
1778 1002 1868 1032 Carm.
1887 1010 1911 1035 5.
1924 1009 1952 1034 4.

1386 1054 1499 1085 Piorum
1512 1056 1632 1079 amoena.
1657 1043 1730 1079 Virg.
1746 1053 1769 1077 5.
1782 1041 1845 1071 IEn.
1860 1046 1925 1074 735.

1386 1090 1547 1124 infaustum.
1586 1085 1654 1114 Stat.
1666 1090 1690 1118 3·
1702 1078 1794 1110 Theb.
1808 1082 1871 1114 178·
1892 1075 1929 1104 sic
1942 1071 2004 1102 illas
2013 1074 2105 1105 vocat,
2119 1075 2182 1106 quar
2191 1057 2436 1096 interfectosbeuo
2452 1062 2512 1091 ma,
2545 1063 2547 1065 ·
2574 1041 2578 1065 ³

1409 1130 1476 1159 titos
1489 1127 1516 1156 &
1527 1123 1700 1162 propinquos
1711 1118 1746 1148 ad
1757 1124 1855 1153 rogum
1864 1113 1980 1142 astantes
1991 1108 2107 1139 flebant.

1389 1163 1566 1199 inviolabile.
1588 1158 1687 1189 Claud.
1699 1157 1728 1186 in
1738 1153 1791 1185 sec.
1805 1151 1888 1183 Cons.
1902 1149 1962 1181 Stil.
1975 1156 2042 1184 242.

1391 1206 1473 1235 Coire
1483 1204 1512 1232 in
1523 1194 1814 1236 concilium.‚Lucret.
1826 1200 1854 1222 2.
1865 1192 1928 1227 563.

1392 1243 1538 1274 Coactum.
1562 1237 1592 1267 V.
1615 1245 1633 1265 c
1642 1244 1659 1263 o
1670 1242 1688 1261 G
1697 1236 1724 1262 o.

1392 1281 1539 1312 Adducere
1549 1276 1579 1305 in
1588 1271 1750 1304 concilium.
1771 1268 1830 1298 Cic.
1843 1275 1869 1295 2.
1882 1265 1918 1295 de
1928 1263 1990 1294 Fin.
2004 1269 2050 1291 11.

1396 1318 1550 1350 Admittere
1560 1314 1590 1342 in
1606 1309 1769 1341 concilium.
1789 1304 1898 1336 Sallust.
1908 1304 1939 1332 in
1948 1301 2007 1332 Cic.
2018 1307 2046 1336 3.

1397 1357 1497 1388 Colere
1507 1349 1636 1383 concilia.
1649 1347 1732 1392 ‘Virg.
1747 1356 1772 1382 5.
1782 1344 1844 1375 AEn.
1856 1351 1922 1379 735.

1396 1396 1560 1425 convocare
1574 1385 1738 1418 concilium.
1776 1381 1809 1411 V.
1832 1390 1851 1410 c
1858 1390 1876 1409 o
1885 1389 1908 1409 N
1915 1388 1934 1408 v
1942 1387 1960 1407 o
1967 1386 1986 1406 c
1993 1385 2021 1405 o.
2540 1383 2542 1385 ,

1396 1432 1546 1464 Dimittere
1553 1424 1673 1458 concilia
1681 1422 1725 1453 vel
1733 1420 1867 1454 instituta,
1878 1416 1924 1447 vel
1931 1414 2027 1445 habita
2033 1408 2199 1441 rescindere.
2214 1403 2275 1436 Cic.
2282 1410 2311 1435 2.
2325 1400 2362 1432 de
2369 1397 2466 1438 Legib.
2472 1403 2487 1437 3
2493 1405 2521 1436 ῃ,

1397 1468 1574 1502 Descendere
1591 1474 1607 1494 e
1624 1459 1756 1493 concilio.
1779 1458 1836 1488 Cic.
1852 1466 1876 1485 1.
1890 1455 1926 1485 de
1933 1453 1998 1484 Nat.
2010 1450 2094 1480 Deor.
2109 1452 2154 1482 18.

1399 1507 1490 1541 Fuisse
1506 1507 1536 1535 in
1547 1500 1679 1534 concilio.
1700 1496 1806 1529 Sallust.
1816 1495 1847 1524 in
1861 1493 1922 1524 Cic.
1935 1500 1960 1527 3.

1400 1548 1506 1584 Fugere
1518 1540 1640 1573 concilia
1649 1533 1867 1571 conventusque.
1888 1528 1954 1563 Caes.
1968 1537 1993 1558 1.
2002 1524 2072 1557 Bell.
2088 1521 2170 1554 civil.
2180 1530 2227 1558 19.

1403 1584 1541 1616 Indicere.
1581 1578 1613 1608 V.
1634 1588 1645 1606 1
1655 1583 1783 1606 Nnrco.

1403 1623 1522 1655 Habere.
1562 1617 1621 1647 Cic.
1634 1624 1661 1644 2.
1677 1613 1712 1643 de
1726 1612 1833 1642 invent.
1849 1617 1894 1645 52·
1914 1606 2000 1637 Hunc
2016 1607 2095 1642 pater
2111 1599 2176 1630 suus
2197 1592 2352 1627 concilium
2369 1587 2462 1629 plebis
2475 1587 2526 1617 ha-

1426 1661 1540 1691 bentem
1554 1656 1589 1685 de
1600 1651 1707 1690 templo
1721 1648 1848 1680 deduxit.

1405 1699 1515 1731 Habere
1524 1694 1646 1731 aliquem
1657 1691 1775 1720 deorum
1787 1682 1908 1717 concilia
1926 1681 2078 1714 dicuntur,
2099 1674 2158 1713 Qui
2175 1673 2248 1703 inter
2271 1669 2341 1700 deos
2359 1666 2399 1697 est
2410 1663 2526 1696 relatum

1429 1737 1504 1773 Virg.
1518 1743 1542 1763 1.
1554 1732 1654 1768 Georg.
1663 1738 1710 1765 ²5·

1487 1773 1575 1809 Inque
1582 1769 1654 1799 adeo
1664 1789 1673 1803 ‚
1693 1773 1776 1803 quern
1786 1771 1856 1792 mox
1865 1768 1926 1798 quae
1937 1757 2000 1788 sunt
2007 1752 2138 1785 habitura
2146 1749 2265 1780 deorum

1491 1808 1618 1842 Concilia
1628 1828 1637 1843 ‚
1659 1806 1799 1834 incertum
1810 1799 1848 1830 est
1857 1821 1866 1835 ‚
1883 1799 1936 1829 διε.

1410 1852 1552 1888 Peragere.
1583 1846 1616 1875 V.
1641 1853 1656 1873 ι>
1665 1853 1681 1872 rt
1689 1852 1707 1871 R
1716 1851 1736 1871 A
1745 1850 1764 1869 c
1772 1849 1799 1869 o.

1413 1884 1551 1920 Proficisci
1558 1885 1588 1914 in
1600 1882 1726 1912 divinum
1735 1878 1893 1908 animorum
1901 1869 2056 1903 concilium
2064 1870 2237 1902 coetumque.
2256 1859 2317 1892 Cic.
2328 1857 2365 1889 de
2372 1854 2535 1892 sciscit-82

1415 1925 1564 1958 Secludere
1575 1932 1590 1952 e
1602 1918 1735 1951 concilio.
1757 1916 1816 1946 Cic.
1830 1923 1855 1944 ι.
1865 1910 1948 1943 Tusc.
1960 1918 2006 1947 72.

1415 1965 1534 1998 Vocare.
1556 1960 1641 1990 Ovid.
1656 1967 1678 1987 1.
1692 1956 1761 1986 Met.
1774 1955 1837 1983 166.

1496 2002 1628 2038 Ingentes
1640 1995 1736 2026 animo
1747 2015 1756 2029 ‚
1776 1992 1874 2029 dignas
1885 1989 1955 2026 Jove
1966 1982 2093 2021 concipit
2103 1981 2172 2011 iras:

1498 2036 1714 2072 Conciliumque
1724 2035 1819 2062 vocat:
1841 2027 1933 2058 tenuit
1940 2034 2017 2055 mora
2028 2019 2105 2051 nulla
2114 2021 2240 2049 vocatos.

1418 2078 1453 2111 In
1465 2075 1617 2108 concilium
1629 2074 1748 2103 deorum
1755 2066 1857 2098 vocari.
1878 2065 1937 2095 Cic.

1420 2115 1595 2148 Concilium.
1614 2120 1666 2150 pro
1677 2109 1849 2145 Coagmento
1858 2103 1904 2134 vel
1919 2109 2013 2132 rerum
2028 2099 2256 2136 quarumcunque
2270 2097 2286 2119 c

1950 2073 1973 2093 ι.
1985 2062 2020 2092 de
2029 2058 2121 2090 Divin.
2131 2065 2178 2092 49.

1441 2160 1522 2185 notat
1531 2152 1658 2182 Budaeus.
1680 2147 1788 2176 Lucret.
1801 2143 1850 2173 lib.
1865 2151 1888 2172 1.
1898 2145 1962 2177 485.

1514 2191 1639 2227 Corpora
1645 2186 1708 2216 sunt
1717 2192 1801 2222 porro
1812 2180 1915 2219 partim
1925 2173 2078 2216 primordia
2089 2178 2183 2202 retum
2192 2189 2202 2205 ,

1516 2228 1619 2258 Partim
1630 2223 1751 2255 concilio
1761 2229 1821 2258 quae
1833 2217 1960 2248 constant
1969 2211 2182 2252 principiorum.

1426 2267 1587 2299 Concilium
1598 2266 1624 2294 ἃ
1637 2260 1789 2304 Consilium
1799 2257 1870 2295 saepe
1885 2250 2100 2285 commiscentur
2111 2257 2127 2277 a
2140 2241 2280 2276 Librariis.

1622 2303 1634 2310 υ

1389 2308 1742 2339 concremantur..
1762 2307 1781 2327 ι.
1802 2305 1832 2325 n.
1853 2289 1997 2331 [madia]
2015 2287 2117 2318 dimin.
2156 2282 2214 2314 Liv.
2226 2290 2253 2319 7.
2268 2288 2312 2316 ις.
2339 2270 2547 2313 Quinundina:
2571 2265 2572 2270 ’

1428 2347 1455 2375 ἅ
1464 2340 1648 2374 conciliabula
1661 2338 1738 2367 obire
1747 2334 1846 2365 solent.

1763 2373 1769 2382 ι

1429 2378 1672 2413 Concsstabulum,
1693 2371 1849 2412 [avr-alprat]
1867 2368 1959 2399 Locus
1976 2365 2007 2395 in
2026 2371 2111 2402 quem
2128 2358 2210 2391 conci

1448 2419 1549 2451 Bacch.
1564 2427 1585 2446 ι.
1604 2426 1627 2445 ι.
1637 2425 1681 2451 47.

1524 2454 1601 2493 Quid
1610 2454 1629 2483 si
1642 2450 1718 2490 apud
1727 2455 1756 2479 te
1767 2447 1863 2478 veniat
1872 2444 1909 2474 de
1919 2441 2010 2473 subito
2021 2437 2170 2479 prandium
2178 2457 2185 2471 ,
2207 2438 2255 2463 aut
2264 2428 2373 2470 potatio

1523 2495 1622 2528 Forte,
1652 2496 1700 2520 aut
1718 2496 1829 2522 coena„
1847 2489 1879 2514 ut
1897 2481 1968 2512 solet
1982 2478 2043 2509 fieri
2057 2478 2088 2507 in
2104 2475 2161 2504 istis
2179 2465 2395 2502 conciliabulis?

1453 2533 1532 2564 Trin.
1543 2542 1569 2561 2.
1581 2540 1608 2560 2.
1622 2539 1635 2566 3
1643 2537 1667 2564 3.

1527 2569 1571 2599 Ne
1582 2572 1756 2606 penetrarem
1766 2570 1811 2592 me
1824 2559 1939 2597 usquam
1949 2579 1957 2592 ‚

1436 2604 1716 2640 Conciliabula.Loca
1729 2601 1813 2631 etiam
1823 2594 1959 2628 extraUrb

1458 2692 1519 2752 pag.
1525 2688 1569 2713 60.
1579 2680 1653 2712 Goes.
1662 2680 1733 2710 Sunt
1741 2682 1835 2719 autem
1842 2673 1906 2703 loca
1913 2669 2027 2714 publica
2037 2665 2223 2697 coloniarum,
2234 2670 2252 2690 u

1472 2721 1564 2766 rabula
1573 2742 1580 2756 ,
1602 2721 1628 2764 &.
1639 2718 1734 2763 postea
1741 2715 1843 2757 suntin
1857 2710 2004 2754 municipii
2013 2715 2056 2742 jus
2068 2713 2096 2733 re
2131 2741 2136 2746 Π

1460 2760 1530 2790 dicit
1542 2755 1769 2788 Conciliabulum
1777 2749 1866 2785 furffe,
1888 2750 2062 2784 (interprete
2073 2738 2196 2776 Urbico)

1463 2799 1528 2828 dam
1541 2795 1660 2840 coloniae
1671 2791 1748 2823 fuiffe
1760 2813 1768 2826 ‚
1789 2791 1816 2819 ἃ
1833 2786 1972 2825 quandam
1988 2780 2107 2826 coloniae
2122 2782 2199 2822 parte
2485 2802 2504 2808 .-

1463 2836 1530 2866 effer
1543 2835 1702 2871 juridicum.
1743 2829 1875 2858 Ceterum
1885 2825 1914 2854 in
1926 2817 2169 2852 conciliabulisjus
2178 2814 2287 2844 dictum
2296 2806 2375 2838 fuisse
2387 2802 2546 2835 ostendi-tan
2574 2806 2576 2830 i

1464 2875 1540 2911 tiqua
1551 2872 1597 2901 lex
1607 2868 1712 2901 Mamil.
1725 2867 1804 2902 cujus
1815 2864 1876 2894 haec
1885 2861 1947 2892 sunt
1958 2858 2041 2890 verba
2051 2879 2059 2892 ,
2081 2855 2178 2891 Quum
2184 2856 2294 2881 curator
2302 2847 2354 2876 hac
2365 2844 2390 2874 le
2410 2852 2426 2872 e
2433 2849 2493 2870 non
2500 2837 2560 2872 erit.
2574 2851 2576 2859 ι

1464 2918 1535 2942 tunc
1545 2910 1703 2948 quicunque
1716 2903 1886 2941 magistratus
1896 2900 1926 2929 in
1937 2908 1970 2928 ea
1979 2894 2093 2927 colonia
2102 2914 2110 2928 ,
2131 2887 2288 2926 municipio
2300 2906 2310 2921 ‚
2331 2893 2386 2921 prae
2399 2881 2507 2912 ectum,
2524 2912 2532 2919 .
2574 2896 2577 2910 f

1498 2987 1508 2993 ,
1970 2933 2081 2973 praeerit
2092 2953 2100 2967 ‚
2121 2930 2182 2966 eius
2199 2924 2369 2963 magistratus
2384 2919 2420 2948 de
2431 2926 2464 2947 ea
2479 2923 2507 2944 re
2531 2926 2533 2928 ·
2574 2915 2576 2931 ῑ

1467 2987 1591 3026 rildictio
1603 3007 1611 3020 ‚
1632 2983 1787 3019 judicisque
1797 2978 1874 3008 datio
1884 2998 1892 3012 ‚
1914 2971 2039 3005 addictio
2050 2969 2116 2999 esto,
2155 2965 2250 2996 Livius
2261 2968 2355 2992 tamen
2368 2957 2387 2986 l.
2401 2965 2426 2986 c.
2444 2951 2533 2992 pech
2550 2962 2562 2970 '-

1468 3027 1496 3056 ἃ
1505 3020 1698 3054 Conciliabula
1710 3042 1718 3054 ‚
1739 3017 1834 3047 onmia
1843 3024 1903 3053 quae
1912 3018 1988 3042 extra
1997 3008 2095 3038 urbem
2101 3010 2180 3035 erant
2189 3025 2197 3039 ,
2217 3001 2323 3036 maiora
2334 2998 2360 3027 &
2371 2995 2477 3024 minora
2488 2999 2524 3028 op
2532 3003 2565 3042 gn

1466 2960 1516 2983 ro.
1537 2944 1744 2978 conciliabulo,
1764 2941 1818 2978 juri
1832 2937 1959 2968 dicundo

1981 2554 2030 2585 ubi
2043 2551 2110 2582 effet
2121 2547 2217 2579 damni
2229 2539 2458 2576 conciliabulum.

1962 2602 2007 2623 em
2017 2595 2103 2625 erant,
2115 2589 2144 2618 in
2155 2585 2256 2624 quibus
2267 2584 2309 2620 jus
2323 2578 2478 2610 dicebatur,
2488 2572 2539 2603 lice
2574 2566 2579 2620 J

1457 2646 1534 2678 Foris
1544 2645 1674 2674 inferiora
1682 2640 1777 2670 essent.
1788 2637 1936 2668 Interdum
1945 2634 1975 2662 in
1983 2626 2132 2664 municipii
2144 2626 2187 2662 jus
2197 2619 2389 2653 ascendebant.
2410 2612 2559 2644 Frontinus,
2575 2642 2578 2654 ⁶

2254 2659 2283 2688 bi
2291 2657 2367 2696 prius
2377 2654 2455 2684 fuere
2464 2647 2564 2680 conci..
2575 2662 2577 2683 3

2099 2703 2162 2732 lata.
2202 2700 2299 2736 Quum
2308 2701 2400 2724 autem
2413 2687 2557 2723 Ῐῗιοιιῐίι-ιιϋΔ
2575 2695 2578 2728 3

2215 2733 2349 2770 intelligit
2358 2731 2466 2760 Locum
2474 2731 2558 2763 quen-
2574 2740 2578 2756 ι

2201 2785 2230 2805 ιιι
2241 2795 2249 2810 ,
2269 2771 2318 2802 ubi
2329 2763 2558 2799 conventiculum
2574 2762 2577 2801 ζ

2288 2082 2488 2124 miunetione3
2505 2083 2542 2115 ux

2212 2357 2283 2387 lium
2298 2349 2440 2385 convenit.
2460 2345 2547 2384 Plautq
2572 2348 2578 2371 k

1470 3064 1522 3098 da,
1543 3059 1652 3092 castella
1663 3081 1671 3095 ,
1693 3058 1756 3088 loca
1764 3050 1930 3085 intellexiffe
1939 3049 2051 3080 videtur
2061 3067 2070 3081 .,
2091 3044 2121 3073 in
2137 3040 2238 3080 quibus
2256 3036 2344 3068 essent
2355 3035 2509 3063 conventus
2524 3040 2527 3049 1
2541 3046 2575 3074 Μ

1471 3102 1519 3138 qui
1529 3099 1648 3137 juridici.
1692 3096 1758 3132 Ejus
1770 3094 1832 3123 sunt
1841 3089 1925 3121 verba
1936 3093 2088 3123 40.3·7.pr.
2118 3076 2275 3111 Decemviri
2293 3069 2566 3111 supplicationem,-,

1962 3124 1997 3154 be
2007 3145 2015 3158 ‚
2037 3122 2063 3152 &
2075 3129 2124 3158 per
2143 3115 2239 3147 omnia
2252 3113 2312 3143 fora
2328 3102 2576 3144 conciliabulaq'

1471 3139 1591 3168 biduum
1601 3133 1766 3166 valetudinis
1786 3129 1864 3159 causa
1879 3129 1908 3156 in
1928 3135 1959 3155 ur

1473 3177 1630 3207 edixerunt.
1669 3172 1714 3201 Sic
1724 3170 1784 3200 aliis
1796 3167 1865 3197 locis
1876 3166 2045 3201 frequenter.
2087 3157 2126 3187 Ex
2136 3152 2281 3185 Turnebo.

1455 3212 1648 3245 conciliabula
1659 3212 1685 3240 ἃ
1695 3210 1801 3238 Coetus.
1842 3203 1926 3242 Igitur
1935 3210 1984 3239 per
1994 3193 2179 3228 conciliabula
2190 3192 2217 3222 ἃ.
2225 3195 2315 3220 coetus
2326 3180 2454 3215 seditiosa
2464 3175 2556 3220 differe
2573 3176 2579 3199 l

1474 3253 1550 3282 bant.
1571 3250 1607 3280 H.
1621 3250 1658 3279 St.
1699 3244 1824 3276 Auctoris
1838 3249 1944 3271 nomen
1958 3236 2050 3268 cultro
2069 3231 2188 3264 recisum
2200 3228 2249 3258 est.
2286 3225 2358 3256 Sunt
2374 3226 2468 3251 autem
2483 3215 2581 3252 Tau-q>

1476 3290 1561 3320 verba
1573 3291 1642 3318 Ann.
1655 3296 1679 3320 3.
1691 3295 1737 3319 4ο.

1421 3329 1541 3359 CoNcr
1553 3336 1612 3355 cro
1623 3347 1630 3360 ‚
1653 3318 1819 3360 [evrandi-lm
1830 3339 1838 3352 ,
1858 3311 2011 3352 ,λιμοί-ἦα,
2028 3306 2165 3341 ωερξειέω]
2183 3306 2240 3334 are.
2273 3301 2372 3330 Amore
2389 3293 2555 3329 conjungere

1460 3366 1505 3395 vel
1518 3363 1672 3395 Amicitiam
1682 3361 1754 3390 inter
1763 3354 1896 3395 quosdam
1909 3351 2085 3382 constituere.
2126 3343 2212 3374 Plaut.
2230 3337 2311 3378 Epid.
2322 3345 2347 3374 3.
2361 3345 2387 3371 4.
2404 3334 2447 3370 36.
2470 3324 2570 3360 Istis'l

1462 3399 1734 3440 gibusliabeaslicet.
1765 3406 1795 3424 M.
1817 3385 2129 3423 conciliavistipulchre.
2569 3392 2571 3406 s

1980 3424 2072 3455 alicui.
2112 3420 2170 3450 Cic.
2185 3411 2380 3453 3.deFin.16.
2403 3407 2527 3446 Quorum
2538 3408 2571 3430 ra

1461 3441 1617 3471 Conciliare
1628 3440 1653 3468 &
1662 3431 1859 3466 commendare
1866 3427 1971 3465 aliquid

2575 2095 2581 2168 i

1481 3480 1521 3508 tio
1535 3477 1602 3507 mihi
1617 3475 1749 3513 probatur
1759 3493 1767 3506 ‚
1789 3467 1865 3498 simul
1881 3472 1962 3502 atque
1973 3469 2070 3492 natum
2081 3459 2112 3488 sit
2124 3452 2245 3487 animal,
2266 3448 2356 3488 ipsum
2372 3445 2421 3475 sibi
2438 3439 2562 3474 conciliat
2576 3475 2579 3484 ‚
2603 3448 2604 3467 l

1485 3518 1510 3547 St
1519 3512 1710 3545 commendari
1722 3510 1758 3539 ad
1768 3508 1795 3537 se
1805 3502 2023 3535 conservandum
2035 3521 2043 3533 ,
2065 3498 2090 3527 &
2108 3493 2233 3525 adsuunt
2245 3489 2344 3518 statum
2358 3486 2409 3515 διο.

1466 3553 1603 3584 Conciliat
1615 3553 1639 3581 δι
1650 3547 1797 3583 coniungit
1807 3546 1878 3573 inter
1888 3541 1914 3570 se
1926 3539 2056 3569 homines
2066 3533 2135 3564 ratio
2145 3528 2279 3561 scotatio.
2301 3524 2359 3553 Cic.
2373 3531 2397 3551 ι.
2409 3517 2468 3550 Off.
2481 3525 2522 3552 ςο.
2574 3532 2576 3535 ν

1467 3590 1623 3622 Conciliare
1643 3586 1779 3617 amicitias
1797 3584 1823 3612 ἃ
1844 3578 2014 3610 conservare.
2051 3574 2109 3603 i.·e.
2130 3564 2321 3598 Contrahere‚
2342 3559 2387 3590 vel
2412 3562 2533 3596 compa-r
2572 3573 2574 3579 .

1487 3630 1546 3658 Cic.
1558 3628 1594 3657 de
1612 3626 1721 3656 Aniicit.
1735 3631 1796 3652 roo.
1819 3618 1910 3648 Virtus
1933 3617 1980 3652 inq

1489 3665 1621 3696 conciliat
1631 3662 1765 3692 amicitias
1774 3681 1781 3690 .
1803 3658 1828 3686 &
1839 3654 1991 3684 conservat.

1470 3705 1584 3735 Animos
1591 3701 1737 3731 hominum
1748 3694 1897 3727 conciliare
1907 3714 1915 3727 ‚
1937 3692 1963 3721 ἃ
1973 3689 2008 3719 ad
2017 3686 2079 3717 usus
2089 3683 2151 3714 suos
2160 3680 2312 3716 adiungere
2320 3696 2330 3711 ‚
2348 3669 2491 3712 proprium
2502 3648 2573 3710 vimi

1490 3741 1524 3771 tis
1534 3741 1579 3770 est.
1604 3740 1661 3768 Cic.
1673 3747 1699 3766 2.
1713 3734 1771 3765 Off.
1787 3741 1827 3769 ι7.

1428 3804 1431 3807 .
1473 3779 1599 3815 Aliquem
1608 3777 1643 3806 ad
1653 3775 1779 3804 alterum.
1818 3769 1904 3798 Plaut.
1918 3764 1981 3796 Mil.

1994 3771 2019 3799 3.
2034 3771 2057 3790 ι.
2069 3767 2134 3794 2ος.
2157 3756 2192 3785 At
2200 3760 2248 3784 tua
2257 3750 2327 3782 mihi
2341 3755 2427 3779 uxore
2441 3743 2529 3773 dicam
2537 3726 2570 3784 de}

1492 3816 1581 3845 latum
1592 3816 1617 3844 St
1627 3814 1722 3842 datum
1734 3833 1742 3845 ‚
1763 3814 1794 3838 ut
1803 3807 1830 3836 se
1838 3805 1873 3836 ad
1883 3813 1948 3834 eum
1960 3798 2148 3831 conciliarem.
2567 3810 2569 3812 .

1474 3854 1601 3890 Aliquem
1617 3851 1705 3881 alteri.
1743 3845 1807 3876 Cass.
1823 3855 1848 3880 5.
1860 3840 1927 3873 Bell.
1939 3838 2009 3870 Gall.
2019 3848 2045 3873 4.
2068 3835 2122 3864 Eos
2142 3827 2300 3868 singulatim
2317 3815 2505 3860 Cingentorigi
2522 3813 2568 3860 cot}

1475 3892 1637 3960 Pssiiiiiiiiius
1650 3926 1674 3954 δι
1685 3923 1736 3951 diis
1746 3917 1950 3950 immortalibus
1960 3936 1970 3952 ‚

1495 3965 1555 3996 Cic.
1570 3964 1605 3994 de
1616 3961 1711 4000 Arusp.
1721 3958 1803 3997 Resp.
1819 3967 1864 3995 ςῖ.

1990 3913 2017 3944 &
2030 3908 2125 3950 patriae
2136 3915 2188 3937 nos
2205 3903 2328 3943 primum
2337 3902 2435 3929 natura
2451 3885 2564 3922 concilia

2520 3960 2570 3991 Aur

1983 3622 2065 3647 uam,
2086 3609 2118 3639 C.
2135 3604 2246 3639 Fanni,
2268 3602 2295 3632 ἃ.
2314 3605 2346 3629 tu
2365 3598 2421 3634 Qr.
2441 3593 2535 3626 Muci,
2552 3586 2574 3641 ὁὶ.

2582 3706 2593 3814 ².

2580 3818 2594 3879 gl

2585 3892 2594 3922 i
