2604 4222
144 181 212 214 606
577 171 607 206 C
705 167 742 204 0
836 165 874 202 M

185 259 320 290 Gemitus.
342 257 408 288 Stat.
425 265 467 286 12.
476 253 569 285 Theb.
584 255 647 290 3⁶¹·
708 286 715 293 ⁶

185 298 266 336 Ignes
279 295 449 333 compescuit
461 295 525 332 igne
543 291 678 329 juppiter.
707 295 757 316 i.e.

189 335 331 404 dacili?
342 342 422 400 ³iiiiii.
439 377 480 398 ιο.
495 366 576 404 Epist.
591 372 633 401 33.

193 410 312 441 Labores
322 409 394 438 vino.
422 405 516 436 Tibul.
528 404 576 432 lib.
593 413 614 431 r.
632 410 657 430 2.
670 409 693 430 r.

277 447 353 477 Adde
364 453 469 474 merum
479 465 486 477 ,
507 442 626 476 vinoque
637 445 725 467 novos
734 432 881 472 compesce
893 430 1009 460 labores.

195 485 339 516 Labellum
350 484 438 520 digito
447 478 591 518 compesce
603 498 612 513 ,
632 474 790 512 Comprime
800 479 908 501 vocem.
932 464 1109 497 Proverbium
1117 462 1192 500 apud
1202 460 1216 497 J
1221 469 1304 490 uven.

220 534 241 553 r.
253 524 305 553 Sat.
316 526 375 551 160.

195 561 303 592 Lucum
314 556 503 596 compescere,
524 554 563 584 est

197 608 375 667 Llffiiiantia
385 629 566 667 compescere.
589 626 654 656 Hor.
667 634 693 654 2.
706 622 787 661 Epist.
799 631 825 651 2.
842 629 902 650 122.

198 674 330 705 Mentem.
362 672 379 700 i.
391 680 414 699 e.
437 669 571 698 Coercere
584 664 771 701 cupiditatem.
793 659 859 689 Hor.
875 656 1001 687 1.Carm.
1016 656 1112 683 1642.

198 712 298 742 Minas.
320 708 364 738 Sil.
383 707 428 736 lib.
443 718 468 740 4.
489 714 548 740 ¹25-

199 750 290 779 Mores
302 746 417 776 rabidos.
441 742 522 773 Ovid.
541 751 564 773 ι.
577 740 612 769 de
626 739 687 767 Arte
706 737 764 779 Am.
779 743 840 778 50⁸1.
1077 765 1082 771 ·
1162 762 1167 769 ⁸

198 785 420 816 Officiumtimor
430 778 588 817 compescit.
628 776 680 805 i.e.
704 774 801 804 Timor
811 767 971 800 mcausaest
982 772 1138 804 quominus
1149 760 1236 792 libere
1246 759 1307 790 fun-

218 834 262 861 gar
276 832 337 851 meo
349 821 449 850 officio.
473 817 556 847 Ovid.
574 824 597 849 ³·
617 813 696 856 Trilt.
714 823 739 855 4:
751 814 794 846 65.
883 846 888 851 .

198 861 302 891 Pennas
312 859 433 891 alicuius.
458 856 475 884 i.
492 865 516 884 e.
540 852 667 882 Volatum
679 850 813 878 inhibere.
836 844 918 876 Ovrd.
933 853 958 873 2.
975 841 1009 871 de
1024 841 1086 870 Arte
1098 840 1156 868 Am.
1168 842 1213 874 97.

279 898 341 927 Non
354 892 445 934 potuit
456 893 548 923 Minos
559 889 679 920 hominis
690 885 866 928 compescere
878 890 992 926 pennas.

196 936 317 973 Populos
328 939 464 964 tumentes
475 928 650 967 compescere
662 926 788 963 imperio.
811 922 878 952 Plrn.
890 930 920 949 1n
930 918 1026 955 Paneg.
1044 925 1106 954 cap.
1117 919 1163 950 80.
1183 920 1226 951 pt.

201 973 344 1010 Querelas.
368 971 471 1000 Lucret.
485 968 533 997 lib.
549 976 572 1002 ι.
583 968 647 1000 967.

198 1012 299 1041 Romus
310 1011 435 1039 fluentes.
457 1007 527 1043 virg.
544 1014 569 1033 2.
585 1004 684 1039 Georg.
697 1009 759 1038 370.

198 1048 301 1079 Risum.
326 1048 389 1075 lior.
402 1055 426 1074 2.
444 1045 529 1074 Serm.
543 1048 567 1076 8.
580 1045 623 1075 63.

197 1088 277 1117 Sitim
289 1083 462 1121 compescere
473 1081 555 1111 unda.
578 1077 661 1108 Ovid.
674 1087 700 1112 4.
716 1074 785 1105 Met.
800 1080 862 1103 102.

198 1123 358 1153 Tristitiam.
386 1121 468 1151 Ovid.
481 1130 506 1154 9.
522 1118 591 1148 Met.
609 1117 670 1151 396.

199 1162 295 1191 Verba.
317 1161 380 1190 Sen.
392 1159 468 1188 Med.
480 1166 503 1191 3.
868 1177 871 1183 .
1059 1177 1066 1185 ,
1168 1176 1175 1183 ‚

198 1199 290 1228 Vitem
303 1219 310 1231 .
333 1197 436 1226 Putate.
478 1191 612 1234 Columlel.
624 1189 671 1219 lib.
685 1199 710 1223 4·
724 1196 782 1224 cap.
800 1194 840 1220 17.
871 1180 925 1212 Sed
946 1184 1081 1219 putatoris
1101 1177 1226 1208 officium
1248 1173 1306 1211 est,

217 1236 310 1274 pedali
321 1236 374 1264 fere
383 1234 468 1271 spatio
484 1233 556 1262 circa
571 1237 663 1266 jugum
673 1249 681 1262 ,
701 1226 785 1255 vitem
800 1219 986 1259 compescere.

198 1274 385 1304 Undasremo.
408 1271 507 1301 Lucan.
524 1268 570 1297 lib.
584 1277 606 1295 r.
626 1275 686 1302 370.
782 1298 788 1304 .

291 1310 397 1340 Oceani
410 1307 528 1338 tumidas
542 1314 618 1335 remo
633 1299 802 1339 compescmt
815 1296 914 1326 undas.

199 1350 297 1379 Voces.
318 1348 379 1377 Sen.
391 1345 481 1377 OEth.
497 1354 538 1374 ιι.

200 1385 350 1424 Compesce
363 1386 390 1413 iri
402 1385 480 1413 illum
493 1380 589 1417 injuste
601 1379 701 1407 dicere.
724 1373 808 1404 Plaut.
819 1369 918 1402 Bacch.
936 1377 960 1406 3.
974 1376 997 1404 3.
1014 1376 1057 1404 59.

163 1425 462 1456 Corrpsrm'rnss,
482 1419 512 1448 V.
535 1417 594 1456 post
615 1421 794 1444 COMPETO.

162 1463 358 1494 Comrfiro,
379 1460 433 1494 rvi,
453 1463 544 1490 itum,
565 1452 705 1491 [μετίημι]
727 1452 780 1480 ere.
803 1459 818 1477 c

775 281 940 315 Incendium
950 279 1066 309 sulmine
1080 275 1193 306 sedavit.
1215 271 1299 304 ovid.

574 551 677 581 Lucum
690 549 742 578 suis
752 545 854 576 finibus
864 542 1003 574 cohibere.
1025 539 1119 570 Festus
1133 538 1163 568 in
1177 533 1307 573 Compes-

820 1447 840 1476 st
851 1443 938 1475 Simul
948 1448 1042 1481 petere
1055 1450 1062 1470 z
1084 1439 1149 1474 vel,
1169 1444 1202 1470 ut
1212 1440 1308 1469 auctor

201 1500 240 1529 est
250 1499 372 1531 Nonius,
392 1498 535 1526 Honorem
549 1515 557 1527 ,
579 1491 621 1522 vel
632 1488 812 1525 coniugium,
831 1481 874 1514 vel
888 1482 999 1520 quidvis
1016 1478 1092 1509 aliud
1113 1477 1240 1508 adversus
1259 1477 1310 1506 ali-

200 1546 283 1574 quem
298 1543 399 1573 petere.
437 1534 536 1563 Auctor
546 1531 581 1560 de
594 1526 767 1557 Virislllustr.
778 1533 839 1560 cap.
855 1531 897 1556 59.
919 1520 951 1549 Et
970 1527 1055 1563 pnam
1074 1515 1223 1560 speciosam
1236 1515 1307 1544 duo-

199 1574 250 1603 bus
258 1571 479 1609 competentibus
495 1591 503 1605 ,
524 1575 600 1607 pater
611 1565 710 1604 puellae
724 1561 916 1593 conditionem
926 1557 989 1587 tulrt
1000 1578 1008 1592 ‚
1029 1560 1060 1585 ut
1073 1563 1098 1584 er
1109 1554 1157 1583 illa
1167 1553 1286 1583 nuberet
1297 1572 1307 1588 ‚

199 1612 244 1648 qui
254 1611 337 1639 hostis
348 1611 472 1639 dextram
485 1605 625 1637 retulisset.
799 1637 804 1642 ·
1119 1628 1124 1634 Ι

197 1650 225 1680 Si
238 1649 307 1678 villae
326 1648 387 1677 litus
398 1648 434 1676 ita
452 1644 584 1682 competit
595 1664 603 1677 ,
624 1649 680 1670 non
691 1639 728 1668 est
739 1633 934 1681 dubitandum.
956 1628 1093 1661 Columel.
1105 1628 1155 1660 hb.
1166 1638 1192 1665 9.
1205 1636 1266 1666 cap.
1279 1637 1304 1663 ς.

220 1687 280 1716 Hoc
290 1686 326 1715 est
340 1685 356 1714 si
368 1686 402 1714 ita
417 1683 550 1721 postulare
565 1683 590 1711 c&
600 1679 736 1715 requirere
748 1675 864 1705 videtur.

200 1724 310 1760 Aliquid
318 1733 380 1752 cum
393 1722 468 1751 exitu
477 1719 593 1754 alicujus
603 1722 768 1752 competere.
789 1709 879 1741 Tacit.
895 1717 921 1738 2.
936 1706 1003 1751 ilist.
1016 1715 1058 1741 50.

199 1763 385 1799 Competere,
406 1757 570 1795 [σωιὲπἹεη]
590 1764 641 1793 pro
662 1754 839 1782 Concurrere.
863 1748 937 1777 Suet.
953 1755 981 1774 rn
994 1743 1059 1774 Caes.
1074 1752 1134 1780 cap.
1146 1750 1192 1778 ⁴0·
1214 1737 1307 1770 Fastos

219 1799 354 1833 correxit,
374 1796 537 1835 jampridem
546 1795 613 1823 vitio
628 1790 791 1829 pontificum
811 1796 861 1825 per
880 1782 1059 1826 intercalandi
1073 1780 1220 1824 licentiam
1235 1779 1306 1808 adeo

218 1837 341 1866 turbatos
351 1858 360 1869 ,
381 1842 412 1864 nt
422 1842 511 1870 neque
519 1831 642 1861 messium
651 1829 725 1858 feriae
736 1826 818 1856 aestati
828 1846 836 1860 ‚
856 1831 946 1860 neque
957 1819 1160 1851 vindemiarum
1170 1823 1305 1847 autumno

219 1880 418 1912 competerent.
448 1871 571 1901 Budaeus.
876 1898 883 1905 ι
1125 1893 1131 1899 ,

200 1911 366 1950 Competere
378 1933 386 1946 ,
407 1919 456 1948 pro
473 1907 562 1938 Simul
578 1904 739 1942 contingere
759 1901 805 1931 seu
825 1896 961 1929 accidere.
1000 1892 1063 1925 Sen.
1081 1891 1162 1936 Epist-
1172 1895 1216 1929 76.
1239 1890 1306 1921 Non

219 1950 314 1986 quaerit
327 1958 395 1986 aeger
404 1947 542 1977 medicum
552 1944 747 1981 eloquentem,
767 1938 814 1968 sed
824 1937 974 1978 sanantem.
996 1934 1014 1962 si
1031 1939 1128 1974 tamen·
1141 1937 1177 1959 ita
1194 1938 1307 1967 compe-

222 1988 256 2017 tit
268 2009 275 2021 ,
297 1994 326 2016 ut
339 1987 414 2016 idem
423 1985 468 2014 ille
477 1984 522 2021 qui
537 1983 626 2012 sanare
644 1979 750 2018 potest,
769 1980 881 2013 compte
900 1973 934 2003 de
954 1981 986 2002 us
1000 1981 1060 2009 quae
1076 1969 1204 1999 facienda
1222 1966 1284 1997 sunt
1296 1988 1306 2003 ‚

221 2025 347 2060 disserat,
368 2023 434 2053 boni
445 2021 576 2052 consulet.
929 2048 934 2054 ,

203 2062 384 2100 Competere‚
407 2058 600 2099 Conveniressc
613 2065 660 2094 par
668 2053 730 2084 effe.
769 2048 906 2094 Columel.
917 2047 964 2077 lib.
979 2057 1005 2081 ⁴·
1015 2055 1076 2089 cap.
1094 2054 1136 2074 ro.
1166 2044 1200 2073 At
1211 2042 1228 2071 s1
1239 2051 1307 2085 cun-

222 2102 265 2130 cra
274 2105 436 2136 competunt
445 2104 512 2127 voto
523 2118 531 2132 ,
550 2096 617 2132 justa
627 2093 665 2123 est
673 2090 790 2121 altitudo
803 2098 890 2118 vineae
900 2085 1003 2124 pedum
1018 2091 1152 2128 mamque..
1190 2080 1260 2110 Inde
1277 2089 1307 2109 m

223 2147 311 2167 rerum
323 2137 499 2166 aestimatione
510 2156 517 2169 ‚
539 2132 648 2169 (inquit
658 2128 788 2162 Nonius)
807 2126 863 2155 hoc
874 2122 913 2153 illi
924 2126 1060 2189 (ιοηῑὸεῐιε
1070 2141 1077 2151 ,
1097 2120 1225 2149 dicimus.

206 2176 283 2205 Anio
299 2174 441 2212 competit.
470 2171 567 2202 Paulus
579 2169 634 2199 inl.
658 2164 867 2196 Usufruc‘tuario.
890 2162 923 2191 D.
938 2161 972 2204 de
1011 2154 1308 2202 susruc‘tudtquemad-

224 2213 339 2242 modum
350 2212 410 2248 quis
421 2216 487 2240 utar.
525 2205 727 2237 Usufruftuario
737 2212 794 2232 non
804 2200 892 2230 solum
910 2198 978 2236 legis
991 2196 1101 2234 Aqurlrae
1112 2196 1185 2224 actio
1195 2202 1308 2231 compe-

224 2257 280 2279 tere
292 2250 396 2287 potest:
419 2247 464 2276 sed
475 2248 500 2277 &
510 2245 575 2275 servi
590 2242 731 2280 corrupti,
752 2241 804 2270 διο.
1053 2270 1059 2277 .
1150 2270 1155 2276 .

207 2288 347 2325 Competit
363 2287 391 2315 in
402 2286 545 2314 hancrem.
584 2279 716 2311 Columel.
741 2277 789 2307 lib.
800 2286 824 2306 2.
838 2282 932 2312 cap-2.
968 2271 1000 2300 At
1013 2271 1061 2301 ubi
1076 2270 1189 2314 solutior
1206 2269 1308 2297 humus

223 2326 260 2355 est
271 2347 279 2359 ,
300 2325 396 2359 aliquae
407 2322 475 2352 fiunt
486 2327 621 2360 patentes,
643 2317 767 2354 quaedam
779 2315 862 2344 etiam
870 2312 1059 2352 obcaecantur:
1083 2315 1121 2337 ita
1135 2314 1165 2337 ut
1174 2316 1202 2335 m
1212 2313 1309 2344 paten-

223 2370 264 2392 tes
277 2361 431 2391 orahiantia
441 2368 574 2389 caecarum
583 2360 749 2393 competant.
790 2352 815 2381 h.
828 2361 852 2380 e.
879 2350 916 2379 lta
934 2355 965 2377 ut
983 2346 1112 2391 toisarum
1128 2353 1262 2374 caecarum
1280 2345 1307 2373 &

222 2400 297 2429 velut
308 2399 540 2428 subterranearum
553 2404 598 2423 ora
609 2388 990 2431 pertingant,perveniantque
1002 2395 1031 2414 in
1040 2383 1119 2427 fossas
1134 2388 1259 2420 patentes
1271 2388 1308 2410 at-

222 2448 274 2474 que
284 2444 392 2475 apertas
403 2457 411 2470 ,
433 2436 458 2465 ἃ
470 2435 505 2463 ita
514 2433 588 2471 uligo
603 2433 755 2466 humorque
765 2427 820 2465 agri
830 2436 878 2465 per
889 2425 968 2454 fouzis
980 2431 1065 2452 caecas
1081 2431 1109 2450 ln
1119 2427 1248 2459 patentes
1260 2420 1308 2449 de-

222 2476 297 2505 fluat.
1174 2466 1175 2469 ’

205 2513 346 2551 Competit
364 2511 444 2541 alicui
458 2510 538 2540 ac’tio.
577 2507 710 2545 Ulpianus
725 2504 743 2532 l.
762 2500 780 2531 fi
803 2498 1048 2542 remunera-ndi&
1070 2496 1160 2540 ultim.
1179 2494 1213 2524 D.
1232 2503 1309 2523 man-

222 2552 276 2580 dat.
293 2550 335 2580 vel
352 2558 439 2579 contr.
460 2548 508 2578 Sin
518 2555 584 2576 vero
593 2553 651 2574 non
665 2544 719 2572 hoc
727 2542 819 2571 actum
833 2539 886 2574 est,
907 2536 983 2567 utilis
998 2546 1023 2566 er
1034 2541 1127 2574 potrus
1141 2534 1213 2563 actio
1231 2542 1308 2563 com-

223 2595 297 2626 petat
314 2612 319 2622 ,
341 2589 392 2617 &c.

203 2626 345 2663 Competit
356 2625 383 2653 in
399 2633 462 2652 eum
474 2622 554 2652 aClio.
577 2616 694 2656 Quintil.
705 2616 754 2646 lib.
767 2624 790 2652 3.
806 2624 865 2652 cap.
877 2616 902 2643 6.
1118 2646 1124 2654 .
1170 2645 1183 2654 fl
1264 2643 1271 2651 ι
1287 2644 1294 2651 .

205 2663 346 2700 Repetitio
356 2660 498 2698 competit.
525 2656 692 2692 Pomponius
704 2655 733 2683 in
746 2653 763 2683 1.
782 2653 810 2682 Si
821 2661 920 2690 poenae.
943 2649 976 2679 D.
996 2648 1031 2678 de
1041 2647 1162 2677 condiet.
1175 2644 1305 2675 indebiti.

204 2701 342 2737 Competo
355 2721 363 2734 ‚
382 2697 533 2728 Convenio.
573 2695 640 2724 Plin.
652 2693 699 2722 lib.
715 2701 740 2721 2.
750 2701 809 2729 cap.
826 2696 866 2723 18.
889 2689 1068 2724 Praeterquam
1081 2683 1206 2714 ubiretfti
1224 2692 1309 2722 angu-

223 2739 312 2767 lorum
324 2742 486 2774 competunt
496 2735 572 2763 ictus.
605 2733 622 2761 i.
635 2740 658 2760 e.
681 2729 797 2760 Coeunt.
818 2727 941 2757 Budreus.
1260 2757 1266 2764 ι
1299 2757 1307 2764 ι

206 2775 370 2812 Comperere
382 2796 390 2808 ,
410 2782 460 2811 pro
472 2772 638 2808 Compotem
648 2768 743 2797 facere.
784 2764 914 2803 Apuleius
923 2762 970 2792 lib.
986 2771 1027 2791 rr.
1049 2761 1113 2797 Quo
1129 2768 1174 2803 me
1192 2764 1307 2788 maxrmr

225 2814 468 2849 voticompeteret.
499 2810 560 2838 l1.e.
584 2807 646 2835 Voti
656 2803 933 2842 compotemsaceret.
969 2799 1007 2828 ΑΙ.
1031 2798 1213 2840 Compotrret.
1234 2805 1260 2833 q.
1277 2796 1307 2825 V.

207 2851 391 2888 competere,
413 2858 464 2886 pro
481 2846 590 2876 Deberi.
612 2842 733 2873 Scaevola
750 2842 781 2870 in
799 2841 817 2870 l.
842 2839 898 2876 Qui
917 2837 1043 2880 habebat.
1066 2837 1088 2874 §.
1110 2835 1211 2879 S-crrpti
1230 2833 1309 2863 testa-

224 2896 328 2917 mento.
348 2886 381 2917 D.
392 2886 427 2915 de
438 2882 607 2915 Manumiilis
617 2881 780 2910 testamento
789 2901 795 2912 ‚
816 2877 917 2914 Quieto
928 2885 963 2905 an
973 2875 1113 2903 libertates
1123 2882 1152 2901 m
1163 2872 1309 2901 testamen-

224 2932 253 2954 to
263 2926 330 2954 darae
341 2923 553 2961 competierunt.
594 2918 765 2956 Respondit,
785 2916 802 2945 fi
813 2915 921 2945 testator
931 2912 1075 2942 fraudandi
1087 2910 1233 2940 consilium
1250 2917 1308 2937 non

226 2962 376 2995 habuisset,
396 2957 711 2996 competerelibertates.
1025 2986 1032 2993 .

208 3000 343 3037 Competo
355 3021 362 3033 ,
384 3008 434 3036 pro
445 2997 473 3027 ln
484 2995 629 3025 articulum
640 2991 771 3029 temporis
782 2991 899 3019 incurro.
936 2987 1010 3017 Suet.
1025 2996 1053 3015 in
1068 2984 1175 3023 August.
1188 2994 1249 3022 cap.
1263 2990 1308 3019 31.

231 3037 388 3072 admavit,
410 3036 426 3065 fi
437 3034 594 3071 cuiusquam
607 3031 733 3068 neptium
749 3028 856 3057 suarum
869 3029 1038 3062 competeret
1048 3030 1111 3053 aetas
1121 3045 1130 3058 ,
1151 3021 1310 3052 oblaturum

228 3074 336 3104 set'uiil'e
347 3083 416 3103 eam.
453 3071 577 3101 Budaeus.
617 3069 660 3104 [i.
675 3078 698 3097 c.
721 3064 908 3105 Conveniret,
929 3063 1107 3099 Congrueret.

209 3112 372 3150 Competere
383 3132 390 3144 .
411 3109 507 3139 Valere
517 3130 523 3142 ,
544 3109 569 3138 δι
581 3107 651 3143 quasi
663 3111 824 3141 compotem
832 3101 893 3131 elle.
933 3099 1036 3142 Sallust.
1053 3108 1076 3128 1.
1090 3098 1155 3128 Hist.
1167 3107 1229 3136 pag.
1239 3105 1308 3141 953.

229 3150 302 3179 Corr.
324 3150 351 3177 Si
364 3157 428 3176 vero
440 3147 511 3183 quasi
521 3145 671 3174 formidine
685 3142 816 3171 attonitus
828 3161 836 3173 ,
858 3147 947 3180 neque
961 3145 1063 3181 anime,
1084 3145 1172 3172 neque
1188 3135 1310 3170 auribus,

229 3196 273 3216 aut
286 3187 377 3220 lingua
387 3190 562 3222 competeret.
607 3183 670 3216 [An
680 3177 897 3216 Compotiretrj
927 3176 956 3204 [ιε
979 3174 1059 3203 sacrt.
1074 3183 1098 3210 3.
1113 3174 1183 3216 Arm..
1193 3177 1237 3206 ⁴⁶·
1265 3173 1310 3202 In-

229 3225 386 3259 conditique
396 3232 427 3251 ac
436 3221 539 3251 militiae
552 3216 788 3256 nesciioppidani,
808 3224 899 3251 neque
911 3212 1009 3247 oculis,
1029 3219 1118 3248 neque
1129 3212 1238 3240 auribus
1249 3209 1311 3240 satis

230 3261 431 3298 competebant.
446 3260 513 3288 item
527 3267 549 3294 3.
564 3257 628 3286 Hist.
644 3265 687 3291 7³·
712 3253 773 3283 Dux
783 3253 871 3290 segnis
884 3250 1005 3282 &veluti
1019 3256 1116 3287 captus
1134 3249 1231 3282 animi,
1252 3257 1311 3277 non

231 3299 339 3334 lingua,
359 3307 415 3326 non
434 3296 543 3325 auribus
557 3300 724 3332 competere.
975 3324 981 3330 ι

178 3338 394 3367 Compei-sus
406 3356 413 3366 ,
432 3334 511 3363 entis.
535 3339 585 3364 ut.
605 3331 693 3366 ,ludex
706 3334 877 3365 competens.
917 3324 1027 3361 Ulpiau.
1047 3323 1076 3352 in
1090 3322 1106 3351 l.
1126 3322 1221 3358 Quum
1240 3332 1312 3359 quae.

214 3374 276 3402 dam
287 3371 384 3409 puella.
409 3371 440 3400 D.
458 3372 492 3400 de
501 3367 828 3406 Jurisdictioneomnium
840 3362 974 3399 judicum,
996 3361 1090 3398 Quum
1099 3360 1223 3397 quaedam
1235 3360 1313 3398 puel-

215 3410 238 3439 la
250 3410 321 3447 apud
333 3416 535 3445 competentem
542 3407 665 3443 judicem
674 3405 750 3434 litem
760 3402 906 3439 susceperit
917 3422 925 3435 ‚
943 3402 994 3429 otc.

213 3447 302 3476 Utitur
313 3446 422 3475 Seneca.
447 3445 477 3474 Η.
491 3446 529 3474 St.

213 3483 344 3514 Tribunal
361 3490 528 3519 competens.
567 3480 677 3518 Ulpian.
693 3480 721 3507 in
735 3478 754 3507 l.
774 3476 829 3507 Sed
848 3477 875 3506 δι
893 3474 943 3504 hae.
970 3474 992 3512 §.
1014 3469 1078 3502 Non
1099 3469 1195 3502 solum.
1219 3468 1252 3502 D.
1276 3472 1312 3503 de

233 3519 459 3550 procuratoribus.

215 3558 408 3594 Competentes
420 3557 445 3584 in
459 3555 569 3585 ecclesia
582 3554 665 3583 veteri
680 3552 840 3582 dicebantur
851 3573 859 3584 ,
880 3550 936 3587 Qui
955 3547 1075 3578 secundo
1096 3548 1166 3576 inter
1186 3546 1311 3577 Christia-

234 3604 285 3624 nos
303 3593 385 3630 gradu
394 3592 583 3626 censerentur,
605 3593 641 3620 itu
656 3590 804 3628 appellati,
826 3590 901 3625 quod
920 3587 1117 3617 sacramentum
1139 3584 1264 3622 baptismi
1281 3585 1314 3613 sr-

233 3631 289 3661 mul
301 3636 438 3668 peterem.
460 3637 488 3658 ut
500 3629 603 3666 August.
616 3631 700 3659 Serm.
714 3635 772 3657 iro.
783 3627 875 3656 tradit.
905 3625 936 3654 V.
961 3622 1031 3653 Voff.
1047 3623 1081 3652 de
1092 3623 1180 3652 tribus
1196 3622 1312 3660 Symbo-

235 3669 268 3698 lis
280 3679 306 3706 p.
322 3671 360 3696 ιό.
382 3667 454 3695 conf.
472 3668 560 3696 lhdor.
577 3675 602 3702 7.
621 3676 661 3700 ¹4·
1187 3684 1193 3693 .

177 3706 224 3738 Co
235 3718 254 3735 n
265 3713 439 3746 vri-risio,
461 3705 528 3733 onis.
548 3705 566 3734 f.
588 3703 683 3733 Sidon.
700 3711 725 3731 a.
741 3700 821 3739 Epist.
838 3710 864 3736 9.
895 3699 969 3729 inter
994 3697 1185 3728 aleatoriarum
1208 3706 1310 3727 vocum

214 3753 275 3774 com
299 3748 436 3770 etittones.

177 3781 224 3812 Co
235 3792 253 3810 Μ
267 3753 349 3808 Ρῐίῑτῑ
364 3785 426 3805 rou
438 3797 446 3811 ‚
467 3777 529 3806 oris.
550 3786 584 3805 m.
606 3774 730 3813 [μιτίων]
751 3773 951 3812 Competitores
969 3773 1098 3802 dicuntur
1109 3794 1117 3808 ‚
1139 3772 1198 3809 Qui
1213 3772 1240 3800 in
1256 3780 1311 3800 rna-

216 3817 382 3853 giiii-atibus.
404 3814 516 3847 officiis,
538 3816 562 3842 ἃ
581 3814 728 3842 honoribus
747 3813 872 3849 petendis
891 3818 1066 3841 concurrunt.
1104 3810 1160 3839 Cic.
1179 3821 1199 3838 ι.
1223 3811 1270 3837 »itt
1289 3821 1308 3838 r.

215 3853 418 3890 competitores
431 3860 476 3884 qur
487 3852 551 3879 certi
561 3851 613 3878 ess‘e
626 3852 785 3878 videbantur
796 3871 804 3883 ,
827 3849 912 3878 Galba
922 3850 946 3878 ὁὶ
958 3848 1092 3877 Antonius
1104 3869 1112 3881 ,
1134 3849 1159 3877 ἃ
1169 3847 1204 3883 Q.
1215 3847 1312 3875 Corni-

216 3893 301 3921 ficius.
345 3889 376 3917 Et
394 3899 414 3916 ι.
432 3887 488 3916 (hs.
505 3894 528 3918 sn.
553 3886 587 3914 Ut
603 3896 664 3915 curn
682 3887 796 3915 civiliter
806 3887 1018 3917 contendimus..
1039 3885 1116 3913 aliter
1129 3885 1147 3914 si
1164 3885 1201 3914 cst
1221 3885 1309 3912 inimi-

214 3939 279 3963 cus,
300 3928 376 3957 aliter
389 3925 453 3954 ticst
467 3925 640 3961 competitor.
683 3923 783 3952 Dicitur
798 3931 827 3951 ut
840 3924 948 3952 l'etitor.
968 3932 993 3957 q.
1015 3921 1044 3950 V.
1067 3921 1082 3950 s
1102 3921 1118 3950 l.

178 3966 462 3997 Commium,
481 3962 540 3991 icis.
562 3962 580 3990 f.
602 3958 750 3995 [μετίκαα]
770 3960 886 3998 Cic.pr0
898 3960 1059 3995 Muren.40.
1080 3959 1153 3988 Nam
1173 3968 1223 3987 no<
1265 3970 1268 3973 v

1801 144 1832 181 C
1925 145 1960 180 Ο
2053 143 2093 180 M

1396 241 1449 270 que
1459 230 1607 261 habuimus
1617 227 1729 258 scenam
1742 227 1973 265 competitricem.
2017 225 2035 255 i.
2049 235 2073 255 e.
2098 223 2320 263 Competitorem
2336 222 2411 254 ludis
2430 221 2516 253 sceni-

1396 271 1436 299 cis
1445 268 1617 299 munificum.
2480 264 2489 270 ·

1358 307 1645 339 COMPRTEN'rlA
1661 325 1669 338 ,
1689 313 1721 333 ae.
1749 301 1769 331 f.
1799 299 1973 338 [ἀναληὶω]

1396 355 1456 382 cap.
1475 355 1496 373 1.
1519 340 1724 380 Comprehensa
1732 347 1824 369 autem
1835 339 1961 369 mensura
1979 337 2128 368 Herculani
2139 338 2220 375 pedis
2232 359 2240 371 ,
2261 337 2415 366 secundum
2435 335 2513 365 debi-

1394 389 1450 411 tam
1462 381 1651 411 membrorum
1664 379 1792 407 omnium
1805 377 2024 415 competentiam
2035 375 2209 405 modificatus
2220 375 2266 404 est.
2292 373 2326 404 Et
2336 374 2413 403 ldem
2429 383 2471 407 ¹4-
2486 383 2512 403 1.

1394 421 1422 449 Si
1438 428 1492 448 tam
1506 427 1622 456 parvum
1633 425 1714 452 atque
1731 415 1858 453 rapidum
1877 415 1914 443 est
1935 420 2110 443 momentum
2126 413 2261 449 temporis
2275 433 2282 447 ,
2304 411 2333 440 in
2352 421 2408 449 quo
2426 409 2512 440 homo
2564 435 2579 443 ,,

1395 457 1507 487 nascens
1518 456 1605 485 saturn
1619 455 1722 491 accipit
1732 474 1741 488 ,
1761 459 1792 481 ut
1803 454 1833 481 in
1844 452 1945 481 eodem
1965 450 2015 480 illo
2035 452 2141 488 puncto
2159 449 2208 479 sub
2220 450 2322 479 eodem
2335 447 2439 479 circulo
2453 447 2512 477 caeli

1395 495 1488 533 plures
1499 493 1575 523 simul
1589 493 1623 521 ad
1633 491 1752 521 eandem
1764 490 1984 525 competentiam
1995 489 2068 517 nasci
2079 497 2137 516 non
2150 494 2262 524 queant.

1358 530 1406 563 Co
1416 544 1437 561 M
1445 542 1458 560 Ρ
1469 542 1482 560 c
1491 541 1510 560 r
1519 541 1532 560 a
1543 540 1561 559 Ν
1571 540 1589 560 τ
1600 540 1613 558 a
1622 540 1647 563 R,
1664 528 1730 558 Adv.
1744 527 1887 563 [pmas'm]
1901 526 2085 556 Mediocriter.
2098 523 2211 562 Ulpian.
2227 524 2281 554 inl.
2294 524 2321 554 Si
2332 532 2398 554 cum
2407 522 2513 554 dotem.

1397 571 1543 607 §.necn0n.
1559 568 1588 597 D.
1600 566 1689 596 Solut.
1700 565 1817 595 matrim.
1829 565 1974 602 Quatenus
1984 565 2009 593 ἃ
2019 563 2082 593 filiae
2094 564 2120 592 δι
2130 563 2201 600 patri
2215 567 2408 600 competenter
2416 559 2515 590 consu.

1396 609 1475 637 letur.
1494 605 1589 635 Paulus
1600 604 1656 634 inl.
1673 608 1713 633 16.
1728 603 1760 632 D.
1775 603 1811 632 de
1822 602 1908 632 testib.
1923 602 1979 637 Qui
1990 599 2055 630 falsa
2067 599 2111 630 vel
2120 600 2192 630 varia
2204 599 2360 629 testimonia
2371 599 2514 636 dixerunt,

1395 645 1439 674 vel
1456 645 1564 681 utrique
1575 643 1644 681 parti
1654 641 1857 679 prodiderunt,
1879 649 1893 669 a
1908 638 2048 674 judicibus
2068 643 2262 675 competenter
2272 638 2432 674 puniantur.

1397 682 1505 720 Superl.
1529 679 1625 720 Appul.
1642 679 1722 717 Apol.
1736 689 1764 716 p.
1780 683 1842 715 31⁶·
1864 675 2126 715 Competentiffime
2137 675 2236 704 videor
2245 675 2307 704 usus
2321 675 2444 704 Platone.

1359 719 1383 751 C
1393 731 1409 750 o
1420 724 1506 749 meir„
1516 729 1533 748 o
1543 742 1551 754 ‚
1572 717 1696 755 [ananim
1721 716 1855 746 obeunda
1869 716 1884 750 ]
1903 718 1957 745 are.
1988 714 2020 743 fit
2039 724 2054 743 a
2068 713 2127 743 Pilo
2139 735 2148 748 ,
2169 713 2246 750 quod
2261 713 2300 743 est
2315 712 2412 749 Cogo,
2433 712 2460 742 ἃ
2479 710 2512 741 in
2598 738 2599 744 ,

1396 768 1483 788 unum
1494 757 1604 789 condo.
1625 755 1716 792 inquit
1724 754 1826 784 Festus.
1864 753 1936 787 Alii,
1957 750 2044 781 Pilate
2063 752 2090 781 δι
2105 750 2264 788 Compilare
2277 760 2292 780 a
2311 751 2396 780 verbo
2415 749 2512 780 Gtaeco
2563 775 2566 777 .

1395 796 1573 825 deducuntur
1588 793 1697 824 AEolico
1710 794 1810 820 man-nir
1820 813 1828 826 ,
1850 791 1880 820 id
1892 790 1931 820 est
1943 789 1987 819 fur
1996 811 2005 825 ,
2026 789 2074 826 qui
2088 788 2188 824 φιληπὶς
2205 788 2238 818 ab
2249 788 2371 818 Hesiodo
2382 792 2513 817 vocatur:

1394 834 1441 863 sed
1457 831 1566 863 ffiolum
1579 832 1616 861 est
1626 829 1841 869 aspirationesin
1854 833 1953 858 'tenues
1966 833 2072 857 mutare
2082 848 2091 860 ,
2111 832 2143 856 ut
2154 835 2205 864 pro
2218 826 2302 861 σφὶγξ
2312 848 2320 861 ,
2342 825 2444 856 Dorice
2457 823 2513 862 φὶξ,

1395 872 1422 901 ἃ
1433 870 1539 901 AEolice
1555 864 1597 902 πῖξ
1608 888 1616 899 ,
1639 868 1715 898 unde
1728 868 1857 897 Latinum
1867 866 1980 896 verbum
1994 866 2056 894 Pica
2066 866 2092 894 &
2102 864 2211 894 Picatus
2221 886 2228 899 ‚
2249 864 2284 893 de
2298 863 2398 902 quibus
2407 863 2461 893 suis
2472 862 2514 892 lo.

1396 910 1443 938 cis.
1483 908 1640 945 Compilare
1658 905 1848 936 haereditatem
1859 926 1866 938 ,
1895 904 1922 933 h.
1938 913 1962 933 e.
1983 902 2122 932 Fraudare
2132 923 2140 938 ,
2162 901 2291 940 diripere.
2331 900 2417 931 Plaut.
2440 900 2513 930 Arm.
2575 926 2578 929 .

1395 957 1422 977 2.
1437 955 1462 975 2.
1476 950 1500 975 6.
1522 945 1582 975 Illic
1590 945 1677 974 homo
1689 944 1761 973 aedes
1771 942 1943 980 compilavit.
1981 940 2039 970 Cic.
2060 950 2082 969 1.
2096 940 2132 970 de
2145 939 2209 970 Nat.
2224 940 2307 969 Deor.
2319 944 2365 976 87.
2384 938 2444 968 Tot
2452 937 2515 967 mil-

1414 984 1451 1014 lia
1466 984 1665 1013 latrocinantur
1678 987 1767 1011 morte
1777 980 1931 1019 proposita:
1952 978 2000 1008 alii
2018 978 2113 1007 omnia
2131 987 2191 1015 quae
2207 976 2337 1016 poffunt,
2356 976 2421 1008 fana
2435 984 2513 1007 com·
2569 976 2571 978 ’

1413 1021 1512 1061 pilant.
1535 1021 1612 1051 Idem
1627 1030 1652 1050 2.
1665 1020 1700 1049 de
1711 1019 1787 1048 Orat.
1798 1023 1863 1053 268.
1884 1015 1953 1047 Hor.
1970 1027 1993 1046 1.
2006 1016 2093 1046 Serm.
2109 1025 2132 1045 1.
2149 1021 2195 1053 78.

1487 1059 1647 1089 Formidare
1661 1057 1749 1087 malos
1759 1056 1850 1091 fures,
1870 1054 2003 1085 incendia
2013 1076 2022 1090 ,
2041 1053 2133 1086 servos
2143 1074 2152 1091 ,

1486 1097 1531 1127 Ne
1542 1104 1569 1126 te
1582 1095 1738 1134 compilent
1748 1095 1895 1132 fugientes.
2510 1123 2513 1125 ,

1394 1135 1523 1166 Ostiatim
1535 1133 1697 1169 compilare.
1734 1133 1767 1163 In
1789 1143 1806 1162 o
1815 1142 1828 1162 s
1837 1141 1875 1160 Tr
1887 1141 1904 1160 u
1914 1141 1947 1161 M.

1393 1172 1506 1203 Publica
1516 1172 1588 1203 sacra
1599 1170 1760 1209 compilare.
1783 1169 1883 1200 Paulus
1898 1169 1955 1199 inl.
1968 1167 2102 1206 sacrilegi.
2114 1166 2150 1197 D.
2163 1164 2297 1204 adlegem
2305 1164 2408 1203 Juliam
2417 1162 2512 1205 pecul.
2598 1155 2604 1194 l

1394 1211 1534 1249 Rempub.
1557 1209 1710 1247 compilare
1722 1230 1730 1244 ,
1750 1209 1875 1238 aerarium
1887 1207 2042 1237 exhaurire.
2067 1206 2124 1236 cic.
2138 1205 2170 1234 in
2181 1205 2274 1235 Vatin.
2290 1215 2315 1240 ς.

1392 1248 1565 1287 Sapientiam
1579 1247 1731 1285 compilare
1741 1245 1857 1282 alicuius
1866 1267 1875 1281 ‚
1917 1254 1945 1274 er
1952 1244 2170 1276 translationem.
2210 1242 2270 1272 Cic.
2279 1252 2330 1280 pro
2343 1241 2452 1272 Muren.
2465 1250 2512 1277 ας.
2601 1271 2604 1274 ,

1413 1287 1546 1317 Inventus
1560 1286 1597 1316 est
1613 1284 1701 1315 scriba
1710 1284 1825 1322 quidam
1838 1283 1889 1313 Cn.
1924 1282 2023 1318 lavius,
2040 1282 2085 1320 qui
2095 1281 2240 1311 cornicum
2254 1279 2353 1310 oculos
2363 1302 2372 1315 ‚
2394 1278 2517 1310 confixe-
2599 1285 2604 1315 ς

1412 1325 1448 1354 rit
1460 1347 1468 1360 ‚
1490 1326 1515 1354 Gr
1529 1324 1640 1361 singulis
1651 1322 1749 1352 diebus
1758 1321 1922 1357 ediscendos
1933 1321 2015 1350 fastos
2032 1319 2140 1358 populo
2151 1317 2343 1357 proposuerit,
2362 1319 2390 1349 ἃ
2401 1317 2437 1348 ab
2449 1316 2515 1356 ipsis
2600 1330 2604 1339 ·

1415 1363 1502 1393 cautis
1513 1361 1719 1397 jurisconsultis
1731 1369 1829 1390 eorum
1839 1358 2002 1397 sapientiam
2015 1357 2185 1396 compilarit.

1396 1400 1503 1430 Scrinia
1513 1400 1630 1436 aliquus
1640 1397 1801 1436 compilare.
1821 1396 1892 1428 Hor.
1910 1407 1931 1425 r.
1948 1397 2036 1426 Serm.
2050 1405 2072 1426 1.
2088 1404 2150 1425 120.

1359 1437 1381 1469 C
1390 1449 1438 1506 (μή
1446 1448 1479 1482 P'r
1490 1450 1506 1467 L
1515 1440 1560 1468 Ᾰτ
1570 1448 1589 1468 υ
1599 1448 1611 1468 s
1623 1459 1632 1474 ,
1652 1446 1669 1467 a
1678 1459 1687 1473 ,
1707 1445 1765 1466 um.
1788 1431 1977 1472 [ιηεινυλημδὶμέῐη
1995 1435 2010 1470 ]
2030 1433 2090 1471 Qui
2107 1433 2212 1464 furtum
2225 1430 2316 1472 paffus
2333 1430 2373 1462 est
2385 1452 2394 1468 ‚
2425 1430 2520 1468 inquit

1416 1485 1513 1506 onius.

1395 1514 1548 1544 Haereditas
1568 1522 1633 1543 com
1655 1511 1740 1547 ssata,
1760 1511 1824 1549 Leg.
1838 1519 1881 1547 33.
1907 1509 1937 1540 ff.
1956 1510 1992 1540 de
2006 1515 2100 1548 negot.
2117 1508 2182 1547 gest.
2203 1507 2298 1538 Haeres
2312 1507 2365 1538 viri
2386 1505 2518 1538 defuncti

1416 1561 1533 1582 uxorem
1543 1551 1637 1589 compi
1649 1556 1700 1581 atae
1710 1548 1877 1580 haereditatis
1886 1548 2025 1587 postulare
2036 1557 2094 1577 non
2102 1547 2196 1576 debet.
2601 1576 2604 1578 ,

1360 1589 1631 1624 COMP11.AT10‚
1653 1588 1725 1618 onis.
1745 1588 1764 1617 f.
1786 1586 1845 1617 Cic.
1857 1595 1883 1616 α.
1896 1587 1969 1616 Fam.
1981 1595 2007 1623 7.
2029 1585 2128 1622 Quid?
2148 1590 2179 1614 tu
2191 1593 2237 1614 me
2248 1581 2516 1613 hoctibimandass'e
2563 1604 2568 1608 .
2602 1583 2604 1618 j

1396 1628 1535 1658 existimas
1546 1649 1554 1663 ‚
1575 1633 1607 1657 ut
1617 1626 1687 1656 mihi
1695 1625 1880 1663 gladiatorum
1891 1624 2126 1663 compositiones,
2147 1628 2179 1653 ut
2200 1621 2364 1653 vadimonia
2381 1620 2467 1651 dilata
2490 1622 2520 1652 &
2600 1622 2604 1647 Ι

1397 1665 1502 1695 Chresti
1516 1665 1746 1703 compilationem
1757 1662 1901 1692 mitteres?
2333 1689 2340 1694 ,

1358 1703 1406 1734 Co
1416 1715 1434 1732 M
1443 1712 1458 1731 r
1468 1714 1477 1732 1
1487 1714 1502 1732 ι,
1511 1706 1527 1732 Ᾰ
1538 1712 1558 1732 τ
1567 1713 1609 1732 os
1619 1724 1628 1739 ,
1647 1702 1711 1732 oris.
1733 1711 1770 1730 m.
1789 1699 1940 1739 Spoliator.
1963 1697 2048 1729 Glorr.
2059 1698 2106 1729 Gr.
2117 1696 2178 1729 Lat.
2197 1694 2300 1728 συλητῆς
2311 1718 2320 1733 ,
2339 1695 2519 1736 compilator.

1395 1741 1468 1771 conf.
1484 1741 1577 1771 Ifidor.
1588 1740 1638 1771 lib.
1653 1750 1695 1770 ιο.
1708 1739 1761 1769 litt.
1769 1738 1801 1769 C.

1359 1779 1381 1809 C
1390 1789 1407 1809 o
1417 1789 1460 1814 nr>
1469 1790 1478 1807 1
1487 1788 1557 1808 nco
1567 1799 1575 1814 ,
1596 1777 1640 1816 Egi
1649 1800 1658 1814 ,
1689 1778 1782 1807 actum
1794 1797 1803 1813 ,
1836 1774 1972 1813 [συνάπῦω
1981 1796 1990 1811 ,
2017 1773 2206 1811 sumamma]
2237 1773 2292 1804 ete.
2328 1771 2516 1812 Componere.

1395 1817 1454 1846 Cic.
1468 1817 1503 1846 de
1513 1816 1635 1846 Univers.
1645 1824 1691 1851 24.
1712 1814 1858 1852 Alteraque
1870 1819 1968 1843 natura
1980 1835 1989 1848 ‚
2010 1812 2143 1848 adjuncta
2157 1812 2273 1841 materia
2284 1833 2293 1846 ,
2313 1811 2519 1848 temperatione

1395 1855 1480 1884 trium
1491 1855 1627 1892 partium,
1649 1852 1833 1892 proportione
1845 1851 2009 1889 compacta,
2028 1849 2056 1880 se
2073 1849 2132 1889 ipse
2149 1848 2331 1885 conservans,
2352 1858 2440 1887 quum
2457 1848 2517 1878 ma-
2570 1847 2574 1850 ⁴

1395 1893 1492 1922 teriam
1506 1892 1670 1922 mutabilem
1680 1889 1853 1929 arripuisset.
1874 1891 1925 1920 &c.
2567 1886 2570 1889 “

1396 1930 1573 1968 componere
1583 1931 1611 1960 Si
1618 1929 1808 1967 compingere.
1830 1928 1887 1958 Cic.
1899 1936 1924 1963 3.
1940 1926 1976 1956 de
1983 1925 2045 1956 Fin.
2061 1933 2108 1962 74.
2130 1925 2208 1963 Quid
2222 1924 2298 1955 enim
2306 1925 2392 1955 autin
2407 1928 2520 1960 natura,

1415 1978 1469 2005 qua
1478 1968 1548 1997 nihil
1558 1968 1596 1997 est
1606 1968 1697 2006 aptius
1708 1988 1717 2003 ‚
1739 1966 1811 1996 nihil
1821 1964 1984 2003 descriptius
1994 1985 2002 2000 ‚
2023 1969 2071 1993 aut
2085 1963 2116 1993 in
2127 1963 2257 2001 operibus
2276 1962 2442 1993 manufactis
2459 1967 2520 1992 tam

1414 2006 1598 2044 compositum
1609 2027 1617 2039 ,
1638 2012 1749 2042 tamque
1760 2004 1939 2043 compactum
1949 2003 1975 2032 &
1987 2008 2213 2039 coagmentatum
2222 2000 2340 2031 inveniri
2349 2000 2459 2038 potest?
2600 2032 2602 2035 ,

1396 2043 1583 2081 compingere
1601 2043 1691 2073 solum
1704 2043 1811 2073 axibus.
1854 2039 1992 2071 Columel.
2014 2039 2063 2069 lib.
2076 2043 2102 2068 6.
2121 2049 2183 2077 cap.
2198 2048 2240 2075 ¹9.
2261 2038 2399 2068 Roboreis
2417 2037 2522 2068 axibus
2600 2048 2604 2084 f

1416 2082 1605 2119 compingitur
1613 2081 1712 2111 solum.
1752 2085 1792 2108 On
1804 2079 1926 2116 plancheie
1937 2077 2003 2115 lesbl
2014 2077 2077 2105 d'ais
2088 2077 2116 2104 de
2125 2077 2218 2113 chesne.
2600 2091 2602 2115 3

1397 2118 1584 2157 Compingere
1596 2141 1604 2154 ,
1625 2119 1785 2155 [συνωθεῖν]
1806 2115 2000 2155 compellere,
2020 2114 2177 2145 detrudere.
2200 2113 2290 2144 'Plauh
2301 2113 2380 2144 Men.
2397 2122 2422 2149 ς.
2436 2120 2516 2150 939.
2600 2118 2602 2159 i

1478 2157 1511 2187 Et
1523 2157 1559 2186 ob
1571 2166 1631 2187 eam
1646 2166 1704 2186 rem
1720 2157 1750 2186 in
1762 2164 1900 2185 carcerem
1912 2153 1960 2184 ted
1971 2152 2024 2183 effe
2035 2154 2213 2191 compactum
2224 2151 2290 2182 scio.
2372 2151 2473 2181 Austor
2480 2151 2520 2182 de
2600 2174 2601 2181 .

1417 2194 1473 2224 Vir.
1492 2194 1573 2224 lllust.
1593 2205 1652 2232 cap.
1669 2205 1690 2224 1.
1703 2204 1744 2232 pr.
1767 2193 1891 2223 Amulius
1902 2191 1989 2229 ipsam
2002 2192 2033 2220 in
2046 2191 2158 2221 vincula
2169 2188 2320 2227 compegit.
2359 2188 2425 2225 Sic,

1398 2230 1585 2270 compingere
1595 2233 1623 2262 in
1637 2241 1744 2262 navem.
1767 2231 1853 2261 Plaut.
1867 2230 1950 2260 milit.
1963 2238 1989 2259 2.
2006 2239 2028 2259 1.
2042 2237 2086 2264 34·
2111 2228 2152 2258 Al.
2166 2228 2320 2264 Conjicere.
2349 2228 2353 2229 ⁷

1398 2270 1553 2300 Detrudere
1564 2272 1589 2300 Sc
1606 2271 1786 2308 compingere
1799 2270 1829 2299 in
1839 2268 1993 2306 pistrinum.
2035 2266 2093 2296 Cic.
2108 2275 2131 2295 1.
2154 2266 2190 2295 de
2199 2265 2275 2295 Orat.
2289 2267 2336 2301 46.
2371 2264 2523 2303 Tanquam

1418 2309 1448 2337 in
1459 2307 1573 2345 aliquod
1584 2309 1727 2346 pistrinum
1735 2307 1846 2337 detrudi
1858 2307 1883 2336 Sc
1896 2304 2039 2343 compingi
2048 2303 2188 2335 videbam.

1398 2345 1583 2384 Compegerat
1593 2346 1654 2376 sein
1669 2345 1805 2384 Apuliam.
1845 2344 1904 2374 Cic.
1917 2349 1942 2378 8.
1958 2345 2010 2372 Att.
2022 2348 2048 2377 3.
2070 2342 2202 2372 Picenum
2219 2340 2348 2371 amiserat
2366 2340 2469 2378 culpa,
2487 2340 2522 2371 in
2543 2339 2550 2348 ⁸

1417 2385 1545 2451 Appliam
1560 2384 1586 2414 se
1597 2390 1795 2423 compegerat,
1815 2382 1874 2412 ibat
1889 2383 1919 2411 in
1939 2381 2081 2411 Graeciam.
2120 2379 2204 2417 Quasi
2215 2401 2224 2416 ,
2243 2379 2278 2410 In
2288 2379 2425 2417 angustias
2441 2386 2519 2410 com-

1417 2430 1455 2460 pu
1470 2428 1533 2452 erat.
1778 2455 1782 2458 .
2600 2439 2601 2444 .

1399 2460 1580 2498 compingite
1589 2459 1617 2490 in
1629 2457 1726 2489 oculos
1740 2482 1748 2495 ‚
1768 2458 1849 2490 Ferte
1859 2458 1888 2487 in
1901 2456 2000 2487 oculis.
2019 2455 2104 2486 Plaut.
2118 2455 2196 2486 Men.
2207 2464 2234 2492 4.
2248 2463 2274 2493 3.
2290 2463 2334 2492 17.
2599 2452 2604 2481 ¹]

1364 2498 1618 2533 corrueres,
1639 2509 1670 2531 a.
1692 2507 1748 2527 um.
1770 2491 2026 2534 [συμπινππγμῖρῶε]
2046 2493 2143 2524 Partic.
2163 2499 2196 2524 ut
2599 2480 2602 2536 l

1402 2535 1467 2565 Casa
1479 2535 1551 2565 male
1565 2537 1720 2573 compacla.
1743 2535 1861 2566 Martial.
1875 2534 1921 2563 lib.
1941 2542 1980 2562 η.
1993 2541 2038 2568 73.

1402 2573 1502 2604 Fistula
1513 2576 1657 2613 compacta
1668 2573 1773 2611 septem
1785 2573 1894 2603 cicutis.
1915 2571 1988 2608 Virg.
1999 2578 2025 2599 2.
2040 2569 2096 2599 Ecl.
2108 2571 2153 2606 36.
2182 2569 2204 2598 i.
2224 2576 2248 2598 e.
2271 2567 2448 2604 Coniumsta:
2467 2571 2520 2603 ut.

1493 2611 1603 2641 Turrim
1612 2633 1621 2647 ,
1643 2611 1794 2650 compaciis
1806 2609 1932 2640 trabibus
1943 2617 2026 2646 quam
2038 2607 2172 2637 eduxerat
2180 2606 2246 2644 ipse.
2341 2605 2462 2636 Servius.

1401 2649 1509 2688 Corpus
1520 2651 1706 2687 compaetum.
1749 2649 1816 2678 Piin.
1829 2647 1876 2677 lib.
1888 2658 1914 2684 7.
1927 2645 2011 2684 Epist.
2021 2656 2065 2681 ²4-
2079 2655 2122 2683 pr.
2143 2644 2234 2682 Usque
2244 2643 2278 2673 ad
2292 2643 2467 2673 novissimam
2476 2648 2522 2673 va-

1419 2687 1573 2717 letudinem
1583 2688 1680 2717 viridis
1693 2709 1701 2722 ,
1723 2693 1803 2723 atque
1815 2687 1900 2715 etiam
1910 2706 1918 2719 ,
1936 2685 2008 2714 ultra
2021 2682 2204 2712 matronalem
2214 2681 2350 2718 modum,
2370 2681 2520 2719 compasto

1420 2735 1535 2763 corpore
1550 2727 1575 2756 Sc
1590 2725 1707 2754 robuste.
1748 2724 1852 2761 Vulgus
1862 2723 1937 2753 Bene
1947 2721 2097 2751 formatum
2106 2727 2198 2752 vocat.

1401 2763 1646 2800 Cruracomparfta.
1671 2763 1743 2791 Varr.
1759 2771 1784 2791 2.
1798 2763 1833 2792 de
1850 2761 1889 2790 Re
1899 2760 1961 2790 rust.
1974 2768 2037 2798 cap.
2051 2767 2075 2795 ς.

1402 2800 1688 2838 Membracompac'la.
1712 2800 1821 2830 Lucret.
1837 2799 1885 2829 lib.
1902 2809 1925 2834 5.
1938 2806 2001 2834 957.

1365 2838 1388 2869 C
1398 2848 1415 2868 ο
1425 2849 1446 2867 M
1455 2848 1469 2867 Ρ
1481 2848 1499 2867 A
1509 2846 1525 2868 c
1534 2848 1553 2867 *r
1564 2849 1580 2867 e
1592 2849 1612 2867 M
1623 2860 1630 2872 .
1654 2839 1671 2867 i.
1693 2848 1720 2866 n.
1742 2847 1792 2876 pro
1804 2837 1950 2867 Convento
1958 2833 2003 2865 vel
2013 2830 2220 2871 compromisso.
2258 2832 2336 2862 Suet.
2345 2831 2376 2862 in
2388 2831 2444 2869 Jul.
2456 2839 2521 2871 cap.
2565 2831 2568 2840 '

1405 2885 1449 2905 20.
1473 2876 1676 2912 Produc-“rusque
1688 2886 1738 2914 pro
1752 2875 1864 2908 Rostris,
1889 2875 2057 2904 auctoresex
2067 2871 2385 2908 compactonominaret.
2541 2882 2547 2894 x

1402 2914 1602 2951 Compaetum,
1625 2915 1760 2943 structam
1779 2912 1921 2943 collatoin
1935 2919 2022 2940 unum
2036 2909 2150 2939 consilio
2169 2908 2406 2938 machinationem
2423 2906 2525 2946 lignifi-
2560 2931 2561 2934 ,

1421 2958 1481 2986 cat,
1502 2951 1520 2981 l.
1534 2961 1559 2988 3.
1575 2951 1605 2981 C.
1618 2952 1652 2980 de
1665 2958 1774 2981 execut.
1787 2950 1826 2980 rei
1836 2950 1923 2987 judic.
1964 2946 2096 2977 Cuibelle
2113 2946 2250 2984 quadrant
2269 2946 2328 2975 haec
2342 2946 2410 2976 Livii
2424 2955 2459 2976 ex
2468 2945 2520 2976 lib.
2557 2951 2572 2974 J

1425 2999 1448 3025 ς.
1463 2999 1521 3027 cap.
1539 2999 1581 3019 rr.
1603 2989 1701 3025 verba,
1723 2989 1760 3019 Ut
1778 2988 1867 3018 multo
1885 2985 2056 3017 verisimilius
2074 2984 2122 3019 fit,
2143 2985 2292 3022 compacto
2314 2992 2377 3013 eam
2392 2993 2473 3018 rem,
2493 2984 2522 3014 ἀ

1423 3028 1566 3057 communi
1588 3027 1685 3057 fraude
1709 3027 1883 3065 patritiorum
1909 3025 2007 3054 actam.
2062 3022 2094 3052 V.
2116 3021 2200 3059 paulo
2217 3028 2282 3051 ante
2302 3019 2343 3052 Ex
2363 3022 2520 3060 compacto.

1424 3064 1486 3094 Hoc
1497 3065 1572 3094 sensu
1585 3075 1601 3095 a
1621 3076 1645 3094 v.
1659 3066 1680 3094 C
1691 3075 1707 3093 o
1716 3076 1738 3094 M
1746 3075 1761 3094 a
1771 3074 1789 3093 A
1800 3073 1834 3093 cr
1844 3073 1856 3092 s
1865 3073 1881 3092 c
1890 3073 1907 3092 o
1916 3073 1931 3091 a
1951 3059 2125 3092 verisimilius
2144 3059 2290 3089 derivatur.

1366 3101 1389 3132 C
1398 3112 1415 3132 o
1424 3113 1443 3131 M
1455 3113 1468 3131 Ρ
1478 3112 1497 3131 Α
1507 3113 1524 3132 c
1534 3112 1595 3132 >rio
1604 3125 1611 3137 ,
1633 3104 1703 3132 onis.
1727 3103 1746 3131 f.
1771 3099 1930 3138 [σύμπηξις]
1950 3099 2008 3129 Cic.
2023 3109 2046 3133 ς.
2059 3097 2094 3127 de
2107 3097 2165 3127 Fin.
2178 3106 2220 3133 33.
2243 3096 2393 3126 Videamus
2404 3105 2446 3131 ea,
2457 3105 2520 3134 quae

1404 3146 1474 3169 terra
1483 3141 1588 3178 gignit,
1609 3139 1760 3170 corticibus
1775 3139 1948 3169 &radicibus
1962 3136 2053 3167 valida
2071 3134 2169 3165 servari
2184 3144 2191 3164 :
2212 3135 2288 3171 quod
2309 3134 2449 3171 contingit
2463 3130 2531 3164 ani-¹

1403 3178 1522 3207 malibus
1543 3177 1670 3208 sensuum
1686 3177 1878 3207 distributione
1890 3198 1898 3210 ,
1918 3177 1943 3205 δι
1963 3174 2082 3212 quadam
2103 3173 2298 3210 compactione
2318 3171 2518 3202 membrorum.

1405 3214 1438 3245 Et
1449 3216 1546 3244 Vitrnv.
1560 3227 1581 3245 κ.
1594 3225 1619 3252 7.
1642 3214 1735 3253 Spissis
1745 3213 1986 3253 compactionibus
1996 3211 2137 3241 solidatus.
2522 3218 2526 3220 ’

1367 3252 1416 3283 Co
1427 3263 1447 3282 M
1458 3263 1472 3281 p
1483 3264 1490 3282 ι
1502 3263 1610 3286 ατιο,
1632 3255 1702 3284 onis.
1720 3254 1739 3283 f.
1762 3252 1848 3282 idem.
1871 3251 1969 3281 Claud.
1984 3250 2111 3279 Mamert.
2126 3259 2149 3278 ι.
2160 3257 2187 3283 9.
2207 3247 2279 3284 Quae
2296 3245 2397 3277 ossium
2413 3245 2520 3282 coitio,

1405 3301 1464 3327 quae
1474 3292 1646 3329 compietio‘:
1680 3291 1709 3321 V.
1732 3290 1822 3320 Barth.
1837 3287 1980 3320 &seriore
1998 3286 2033 3318 ad
2045 3286 2100 3316 loc.

1368 3327 1390 3358 C
1399 3339 1415 3356 o
1424 3339 1444 3357 u
1455 3338 1468 3356 Ρ
1478 3338 1495 3357 A
1507 3338 1550 3358 c'r
1561 3332 1578 3358 ῦ
1587 3339 1601 3357 a
1612 3340 1629 3358 A
1642 3351 1650 3364 ,
1671 3338 1701 3359 ae.
1725 3329 1744 3359 f.
1773 3326 1860 3358 Idem.
1891 3327 1998 3357 Vitruv.
2011 3336 2038 3360 4.
2051 3333 2078 3361 7.
2109 3323 2295 3361 compactura
2313 3321 2398 3351 habet
2407 3319 2524 3351 laxatio-
2569 3356 2587 3393 P

1405 3375 1479 3395 nem.
2559 3383 2570 3394 ,,

1367 3408 1652 3443 (ζοΜιἈοτῑως,
1674 3418 1698 3438 e.
1719 3405 1902 3445 [συμπηκῦς]
1931 3405 2018 3444 Quod
2034 3406 2213 3443 compactum
2232 3404 2279 3434 est.
2311 3402 2380 3434 Plin.
2401 3402 2450 3431 lib.
2473 3410 2518 3432 η.
2555 3398 2578 3439 ⁵5¹,

1405 3456 1466 3490 cap.
1494 3452 1532 3480 ιε.
1565 3447 1687 3484 Optimae
1705 3455 1770 3484 apes
1787 3446 1901 3480 breves,
1923 3445 2076 3481 variaeque,
2099 3445 2124 3473 &
2143 3444 2172 3472 in
2193 3442 2393 3472 rotunditatem
2410 3448 2537 3479 compa-¹

1406 3484 1493 3513 c’trles.
1536 3485 1553 3513 i.
1575 3493 1598 3513 e.
1622 3485 1776 3522 Compacto
1789 3492 1916 3521 corpore.
2452 3484 2466 3494 Χ
2545 3482 2568 3498 *³

1405 3521 1509 3550 Trabes
1520 3522 1718 3559 compactiles,
1740 3521 1842 3550 Vitruv.
1863 3520 1911 3550 lib.
1923 3526 2060 3563 4-0³P·7-
2077 3516 2218 3556 appellat,
2238 3514 2426 3547 Subscudibus
2446 3521 2523 3546 com·

1426 3561 1526 3596 pactas.
1549 3560 1582 3588 Et
1599 3559 1646 3588 lib.
1665 3569 1704 3588 ιο.
1718 3569 1777 3597 cap.
1793 3566 1834 3595 17.
1856 3558 2047 3595 Compaetnes
2056 3556 2155 3594 postes.

1369 3606 1391 3636 C
1399 3616 1416 3636 o
1426 3618 1446 3636 Μ
1454 3617 1468 3636 ι’
1479 3616 1496 3635 A
1508 3615 1526 3636 c
1535 3615 1554 3635 τ
1563 3618 1572 3635 ι
1580 3616 1616 3635 τι
1628 3617 1644 3635 υ
1655 3616 1667 3635 s
1678 3628 1686 3639 ,
1707 3616 1722 3635 a
1731 3626 1739 3641 ,
1760 3615 1816 3636 um.
1838 3604 1955 3636 Tertull.
1968 3603 2031 3634 adv.
2045 3602 2225 3639 Valentcap.
2238 3609 2283 3638 31.
2304 3599 2405 3630 Statim
2417 3598 2522 3638 excipit

1407 3645 1603 3682 compactitius
1616 3644 1663 3673 iile
1673 3645 1760 3673 Soter.

1370 3692 1416 3722 Co
1428 3700 1668 3725 nencrrvus,
1688 3701 1721 3726 a,
1743 3700 1798 3720 um.
1826 3690 1843 3718 i.
1861 3698 1883 3718 e.
1906 3688 1965 3718 Tur
1985 3688 2063 3724 idus,
2083 3686 2222 3725 oppletus.
2253 3691 2305 3722 ut,
2327 3683 2430 3715 Venter
2446 3690 2523 3714 com-

1409 3729 1532 3766 pacuvus
1550 3729 1624 3766 apud
1635 3728 1750 3758 Festum.
1780 3727 1811 3757 V.
1834 3727 1922 3757 Barth.
1939 3728 1955 3755 Λ
1980 3725 2044 3756 vers.
2059 3734 2103 3761 41.
2117 3730 2142 3758 8.
2600 3747 2601 3754 ,

1371 3774 1599 3817 Compitum,
1620 3775 1638 3804 i.
1659 3783 1687 3804 n.
1709 3772 1870 3811 [σύνωόῷλ]
1894 3774 1969 3803 idem
1987 3772 2063 3809 quod
2083 3769 2286 3808 Quadrivium‚
2307 3768 2417 3803 Locus,
2437 3774 2521 3806 quem
2600 3769 2601 3820 i

1409 3810 1587 3841 rustrcriimul
1599 3819 1705 3848 petunt.
1729 3812 1802 3847 virg.
1814 3812 1951 3849 2.Georg.
1969 3816 2030 3845 ³82.
2600 3823 2601 3830 .

1504 3848 1667 3891 l'ra‘miuque
1678 3846 1803 3887 ingentes
1815 3858 1917 3887 pagos,
1939 3850 1965 3878 Sc
1982 3846 2110 3885 compita
2127 3844 2241 3875 circum.
2323 3840 2377 3872 Ubi
2395 3841 2502 3872 Servius

1411 3886 1556 3929 Compita,
1576 3887 1606 3929 jd
1616 3888 1653 3916 est
1664 3897 1712 3925 per
1721 3887 1879 3923 quadrivia,
1900 3893 1961 3922 quae
1980 3885 2110 3922 Compita
2125 3882 2317 3921 appellantur,
2336 3880 2371 3910 ab
2391 3889 2426 3909 eo
2445 3860 2520 3916 quod

1410 3924 1505 3952 multae
1515 3932 1565 3952 vrae
1575 3933 1603 3953 m
1613 3934 1696 3953 unam
1706 3924 1871 3960 confluunt3
1894 3924 1922 3952 id
1933 3922 1970 3952 est
1979 3928 2152 3959 competunt.

1410 3961 1576 3999 Compstus,
1615 3961 1634 3992 i.
1657 3971 1695 3992 m.
1715 3962 1791 4000 apud
1811 3962 1961 3992 Varronem
1974 3960 2011 3991 de
2030 3958 2155 3990 Scenicis
2173 3954 2327 3994 originibus
2342 3949 2524 4028 libbglznpflffi

2007 309 2058 339 pro
2086 298 2298 330 Convenientia.
2329 297 2401 330 Gell.
2421 298 2470 327 lib.
2487 307 2513 328 1.
