2600 4177
461 93 490 135 C
587 99 614 134 A
710 99 745 134 V

105 179 160 212 esse
175 186 254 220 putat
266 178 389 221 'Superbe
400 181 600 218 magnificeque
611 181 742 210 incedere
753 203 761 215 ,
782 186 814 211 ut
826 181 871 218 qui
884 181 959 210 talari
970 185 1033 217 roga
1042 180 1151 219 pallave
1162 189 1205 210 or-

106 221 165 249 nati
177 221 261 259 longo
275 221 391 258 syrmate
400 222 513 248 verrunt
525 226 634 247 terram.
658 219 724 247 Hor.
736 220 772 247 de
784 220 847 248 Arte
860 219 933 248 Poet.
949 228 978 249 21
990 231 1012 254 5-

281 258 463 293 —traxitque
476 266 559 291 vagus
574 265 623 293 per
644 256 752 293 pulpita
767 257 879 285 vestem.
973 257 991 286 i.
1007 266 1030 285 e.
1055 253 1203 292 Magnifice

106 295 331 324 inceffits'altans.
372 294 443 324 Nam
461 294 496 322 ad
506 293 594 331 syrma
606 292 721 322 allusum
735 293 789 323 esse
808 294 961 328 existimat,
984 293 1058 331 quod
1078 303 1092 321 a
1114 293 1202 322 trastu

105 341 210 361 nomen
223 334 260 362 est
270 333 412 370 adeptum.
452 330 504 359 Aut
513 353 520 365 ‚
542 330 617 367 quod
627 340 684 359 non
697 340 774 367 aeque
783 331 875 369 placet
884 353 891 365 ‚
913 333 1029 360 tracium
1039 331 1093 359 erit
1105 330 1138 358 ab
1149 331 1206 358 avi-

105 369 159 398 bus
172 392 179 403 ,
202 378 234 399 ut
244 369 323 407 gallis
333 367 490 406 gallinaceis
500 390 508 402 ,
530 369 555 397 ἃ
569 368 725 405 pavonibus
736 390 744 403 ,
765 370 811 406 qui
833 369 878 398 sua
890 368 1052 398 insolescere
1073 367 1203 396 videntur

105 408 210 437 cauda:
231 407 307 436 unde
320 406 422 443 scripsit
432 406 487 434 alio
499 405 562 434 loco
577 405 641 434 Hor.
652 415 677 434 2.
690 405 776 435 Serm.
787 416 812 435 2.
827 410 872 436 26.

279 460 315 464 —
325 445 350 473 dc
361 444 434 478 pieta
445 443 550 481 pandat
560 443 712 479 spectacula
729 444 824 473 cauda.
920 443 1018 472 Trahit
1037 442 1120 479 igitur
1139 451 1206 471 cau-

31 480 34 528 ]
105 480 170 509 dam
179 502 188 515 ‚
211 481 267 518 Qui
283 481 330 510 sibi
340 481 432 518 placet
441 502 449 515 ,
469 480 550 517 seque
561 480 712 518 sapientem
724 502 732 516 ‚
754 482 781 510 δι
793 489 824 511 ut
836 482 964 511 Varronis
974 481 1058 510 verbo
1069 488 1128 510 utar
1139 501 1147 515 ‚
1169 479 1206 509 sa-

31 529 33 554 :
103 517 218 556 perdam
230 524 316 562 putat.
345 519 391 548 Sic
402 519 428 547 ἃ
440 517 507 547 Pers.
517 529 544 553 4.
557 518 612 562 Sat.
633 528 674 552 ις.

30 577 32 628 i
85 555 831 631 Equitixaepgiid‘inmplilbrs'‘igligetisns’r’ggiezibeiiimpdlzltsllo
847 593 965 626 dicitur.
986 593 1031 630 qui
1049 593 1124 630 quod
1145 592 1206 635 viri.

105 628 156 659 bus
180 637 262 667 atque
281 631 389 669 impetu
408 630 467 660 fieri
488 632 604 668 nequit,
626 630 654 660 id
667 640 793 668 tempore
808 635 888 668 atque
908 631 1065 661 asliduitate
1080 629 1202 660 confiCit.

101 666 171 697 Usus
182 668 220 697 est
235 668 301 698 Hor.
312 679 337 698 2.
352 668 434 705 Epist.
450 678 473 697 1.
488 679 533 703 45.
554 669 598 697 his
609 669 698 698 verbis
710 690 720 702 ‚

176 705 246 735 Utor
257 706 385 743 permisso
399 727 407 741 ‚
429 706 578 743 caudaeque
590 706 663 743 pilos
673 712 704 735 ut
714 705 822 742 equinae

175 743 307 773 Paulatim
320 743 393 773 vello
406 765 414 777 ,
436 746 462 774 &
471 744 554 773 demo
565 753 652 773 unum
664 765 672 778 ‚
694 743 777 772 demo
788 743 872 772 etiam
881 751 969 772 unum
984 766 991 778 ,
1014 744 1067 773 διε.

83 779 208 810 Caudam
220 780 307 810 Verris
317 781 391 810 dixit
401 781 518 815 Cicero,
540 790 589 819 per
601 781 810 810 translationem
829 780 864 809 ab
879 781 1064 815 animalibus,
1083 791 1109 815 4.
1124 779 1199 809 Verr.

53 822 57 829 ¹
99 824 165 861 ξω.
188 818 293 848 Videtis
304 827 455 849 extremam
465 826 571 857 partem
585 819 707 848 hominis
716 818 835 848 caudam
853 818 931 848 illam
939 818 1030 848 Verris
1041 840 1050 854 ‚
1072 824 1204 855 tanquam

101 862 131 884 in
145 855 205 885 luto
217 856 369 886 demersam
380 856 434 886 effe
447 858 475 886 in
485 857 577 886 litura.

47 892 126 923 Cau
135 903 177 922 niz
186 903 203 923 c
213 905 237 923 ia
247 916 254 929 ‚
277 904 362 924 arum.
382 894 401 924 f.
424 895 462 933 pl.
484 893 601 924 Cistellae
609 893 755 931 appellatae
771 893 833 923 sunt
851 903 886 923 ex
902 894 986 929 junco
1002 915 1011 929 ,
1032 893 1067 923 ad
1079 892 1203 922 similitu-

83 930 177 960 dinem
188 932 283 961 caudae
290 933 399 970 equinae
407 933 494 963 faetae.
518 932 585 962 Fest.
597 931 702 961 Gellius
718 941 759 960 10.
773 940 817 966 25-
835 931 903 960 dicit
918 932 972 961 effe
983 932 1082 961 Naves.
1116 931 1203 968 [Sca-

80 968 130 1006 rig.
141 969 216 1007 apud
227 970 294 999 Fest.
315 970 436 999 Caudeae
445 969 527 1016 legit,
547 969 622 1007 apud
633 968 704 999 Gell.
717 975 793 998 extat
804 969 957 998 Caudiceae.

45 1006 221 1074 canduit,
242 1008 302 1038 icis.
323 1017 360 1037 m.
382 1009 496 1045 [υςμθς
507 1029 516 1043 ,
533 1005 671 1042 ςέλεχΘι]
692 1006 733 1036 Ex
752 1017 807 1044 quo
821 1007 924 1037 Cortex
941 1005 1102 1037 extrahitur.
1124 1005 1198 1044 Virg-

81 1053 108 1074 2.
149 1051 196 1075 eor
217 1068 222 1075 .
251 1052 278 1076 b.

173 1051 249 1120 quisi
260 1085 286 1114 ἃ
297 1083 460 1113 caudicibus
473 1083 551 1113 sestis
571 1082 721 1119 (mirabile
730 1080 841 1150 dictu?J

171 1120 308 1151 Truditur
317 1130 332 1151 e
341 1122 414 1151 sicco
427 1121 505 1151 radix
515 1121 644 1158 oleagina
654 1120 740 1157 ligno.
845 1120 873 1149 bi
882 1120 991 1150 Servius
1001 1142 1009 1155 ‚
1030 1119 1200 1150 Caudicib'us

12 1182 15 1183 γ
76 1157 171 1197 posuit
183 1169 233 1197 pro
244 1159 413 1189 Codicibus:
436 1159 504 1189 sicut
518 1159 633 1189 Caulern
645 1168 695 1196 pro
707 1157 822 1187 Colem:
844 1159 985 1188 Sauriceni
1002 1167 1054 1195 pro
1075 1158 1200 1187 Soricem

49 1198 55 1233 ᾗ
74 1196 227 1264 ἀξίωυεὲ·
248 1197 314 1228 Plin.
331 1197 379 1227 lib.
394 1207 436 1227 12.
452 1206 511 1235 cap.
525 1207 568 1233 14.
602 1197 674 1233 Juba
694 1196 779 1225 tradit
800 1196 926 1226 arborem
947 1196 1054 1231 thuris,
1077 1196 1200 1225 contorti

79 1241 95 1263 e
118 1243 133 1263 e
147 1244 197 1264 cau
220 1236 279 1265 icis.

78 1271 295 1311 Gaudex‚Stirps
310 1273 422 1303 arboris.
433 1271 832 1310 Plin.lib.16.cap.3o.Arbores
842 1271 966 1308 quaedam
978 1270 1126 1308 simplices,
1140 1271 1199 1308 qui-

97 1309 148 1339 bus
162 1320 176 1339 a
189 1311 281 1340 radice
293 1312 401 1341 caudex
412 1321 483 1341 unus
493 1333 501 1346 ,
521 1317 554 1340 ut
563 1310 659 1345 olivae,
680 1310 734 1339 fico
743 1331 752 1347 ‚
775 1310 833 1339 viti.
874 1310 1010 1346 Quaedam
1021 1308 1143 1339 fruticosi
1154 1313 1199 1347 ge-

95 1347 189 1377 neris:
211 1355 243 1378 ut
254 1349 377 1387 paliurus
392 1371 400 1384 ,
422 1355 528 1387 myrtus
539 1371 546 1384 ,
561 1350 613 1378 &e
654 1348 724 1378 Bud.

73 1384 198 1416 Intortus
206 1387 324 1416 caudex.
366 1387 397 1416 V.
417 1398 426 1415 1
437 1396 457 1416 N
465 1396 484 1415 T
493 1397 510 1416 o
520 1397 536 1415 R
545 1396 592 1422 Qu
602 1396 650 1416 iio.

26 1431 30 1435 ’
77 1423 193 1454 caudex
204 1447 212 1459 ‚
234 1424 355 1454 Plurium
366 1424 524 1455 tabularum
536 1430 693 1454 contextus.
733 1422 815 1452 Unde
825 1422 942 1452 Tabulae
954 1422 1084 1453 caudices
1100 1422 1198 1452 dicun-

91 1467 138 1491 tur
149 1471 156 1491 :
179 1464 206 1493 δε
215 1463 306 1492 Naves
315 1463 415 1500 quibus
426 1470 598 1492 commeatus
609 1462 799 1492 subvehuntur
809 1483 816 1496 ,
839 1461 1007 1490 Caudicariae
1023 1461 1077 1490 sive
1085 1461 1196 1490 codica-

90 1499 141 1529 riae
154 1500 338 1538 appellantur.
378 1501 461 1530 Unde
483 1501 586 1538 Appius
610 1499 744 1529 Claudius
763 1498 878 1528 Caudex
898 1500 1113 1536 cognominatus
1135 1498 1192 1533 est,

94 1540 228 1574 quoniam
235 1539 341 1576 primus
351 1538 480 1575 persuasit
491 1538 623 1568 Romanis
637 1547 737 1567 navem
749 1537 945 1566 conscendere.
968 1538 1032 1567 Seri.
1048 1537 1083 1567 de
1091 1536 1194 1566 Brevit.

95 1574 183 1611 Vitae,
203 1585 263 1613 cap.
278 1586 319 1613 13.
341 1577 412 1613 Quis
433 1576 567 1606 Romanis
591 1577 698 1614 primus
715 1575 842 1613 persuasit
864 1584 966 1604 navem
986 1574 1196 1604 conscendere?

95 1611 229 1643 Claudius
240 1615 262 1644 is
272 1614 342 1650 fuit,
364 1614 479 1644 Caudex
489 1614 527 1644 ob
542 1614 597 1643 hoc
609 1613 698 1652 ipsum
713 1613 868 1651 appellatus
878 1635 886 1648 ‚
905 1613 970 1649 quia
984 1613 1106 1650 plurium
1119 1611 1197 1641 tabu-

47 1683 50 1686 ,
92 1651 182 1682 larum
190 1658 354 1688 contextus,
375 1653 483 1682 caudex
500 1653 575 1690 apud
591 1652 719 1688 antiquos
733 1650 893 1680 vocabatur.
933 1650 1015 1680 Unde
1033 1649 1135 1680 tabulae
1150 1659 1197 1679 co-

93 1689 170 1719 dices
183 1689 333 1720 dicuntur:
354 1691 380 1720 &
400 1700 487 1720 naves
506 1699 584 1719 nunc
601 1699 712 1728 quoque
731 1698 791 1725 quae
809 1698 843 1718 ex
863 1688 976 1724 antiqua
995 1687 1197 1718 consuetudine

93 1734 283 1758 commeatum
294 1728 470 1764 subvehunt,
489 1728 612 1758 caudicae
623 1733 765 1756 vocantur.
804 1726 850 1756 Sic
859 1726 927 1764 legit
935 1726 1052 1764 Bayfius.
1094 1726 1196 1755 Caudi-

92 1775 188 1795 carum
201 1768 313 1796 navium
328 1768 434 1795 mentio
445 1766 483 1795 est
496 1766 571 1804 apud
583 1764 706 1795 Gellium
724 1764 774 1795 lib.
791 1774 833 1794 10.
851 1774 912 1802 cap.
924 1774 968 1800 25·
1000 1764 1132 1802 Loquitur
1148 1773 1195 1793 au-

91 1811 149 1833 tem
158 1803 268 1834 Seneca
278 1804 314 1834 de
325 1804 361 1841 Q.
373 1804 463 1842 Appio
474 1803 592 1833 Claudio
602 1803 717 1832 Caudex
726 1809 928 1840 cognomento,
950 1802 1070 1839 quicum
1082 1802 1119 1838 Q.
1133 1800 1195 1831 Ful-

90 1842 138 1870 vio
145 1840 248 1871 'Flacco
266 1852 308 1871 co
318 1852 338 1871 s.
360 1841 421 1872 fuit.
462 1841 627 1871 Hermolaus
645 1842 671 1871 δι
685 1840 785 1870 Caelius
797 1850 854 1869 non
866 1840 995 1870 Caudicae
1010 1840 1107 1878 legunt
1116 1839 1193 1877 apud

91 1879 245 1915 Senecam,
266 1879 314 1909 sed
326 1879 505 1910 caudicariae.
544 1879 599 1909 Alii
613 1879 781 1909 Caudicatae.
832 1878 937 1915 [Forte
948 1900 956 1914 ,
977 1884 1009 1908 ut
1025 1878 1100 1917 apud
1121 1877 1192 1908 Gell.

90 1917 236 1947 Caudiceae
247 1917 406 1955 legendum.

70 1954 188 1985 Caudex
197 1977 205 1991 ,
226 1965 276 1993 per
284 1956 478 1993 metaphoram
489 1965 540 1994 pro
549 1954 673 1985 Homine
685 1954 777 1984 stulto.
798 1954 863 1984 Ter.
876 1953 977 1984 Heaut.
992 1964 1016 1989 5.
1032 1963 1054 1983 1.
1068 1963 1096 1990 4.

145 1993 216 2029 Quae
228 1993 291 2022 sunt
301 1994 375 2023 dicta
386 1994 415 2023 in
430 1993 543 2023 stultum
553 2015 561 2027 ‚
580 1993 690 2022 caudex
704 2015 713 2028 ‚
734 1993 817 2031 stipes
830 2014 839 2028 ‚
858 1992 946 2021 asinus
958 2014 966 2026 ‚
988 1991 1145 2030 plumbeus.

75 2192 99 2211 1.
111 2190 136 2211 2.
150 2191 194 2217 25·
992 2181 1010 2210 i.
1023 2190 1048 2211 e.
1070 2180 1191 2211 Tuaerit

15 2047 19 2071 l
34 2027 57 2060 C
66 2039 85 2059 A
94 2040 112 2059 u
122 2040 142 2059 n
151 2040 165 2059 iz
176 2040 193 2059 u
204 2040 216 2060 s
225 2052 234 2067 ‚
255 2041 270 2060 a
281 2053 290 2067 ‚
312 2041 369 2061 um.
390 2032 453 2069 Adj.
477 2031 650 2068 [sm‘ffl&]
672 2031 758 2068 Quod
769 2031 808 2061 est
821 2040 857 2060 ex
868 2030 992 2060 caudice.
1017 2028 1104 2059 Plaut.
1116 2029 1189 2061 Rud.

15 2072 18 2121 l
69 2079 96 2104 ⁴⁸
109 2078 136 2104 ⁴⁶
149 2072 300 2135 ⁶Cistellam
311 2106 370 2135 istic
382 2106 466 2135 inesse
479 2111 592 2144 oportet
606 2106 741 2136 caudeam
752 2106 782 2135 in
793 2106 842 2135 isto
850 2104 956 2150 vidulo.

14 2157 17 2199 ἓ
33 2142 285 2180 emmonis,
307 2145 482 2188 [ms‘zfflof]
503 2145 590 2181 Quod
631 2145 732 2174 ertinet
750 2144 785 2173 ad
805 2144 961 2173 caudicem.
991 2141 1079 2172 Plaut.
1091 2141 1188 2172 Pseud.

13 2228 16 2255 l

245 2182 361 2212 Tecum
371 2181 458 2211 securi
468 2204 476 2218 ‚
497 2182 613 2212 caudica
626 2183 634 2211 i
649 2182 771 2221 praeficio
781 2182 942 2220 provinciae.

70 2218 213 2257 provincia
224 2241 233 2255 ,
253 2226 285 2249 ut
294 2219 425 2249 caudices
439 2220 525 2250 securi
534 2220 631 2250 findas.

33 2257 326 2293 CAunrcAssrus‚
348 2267 363 2287 a
376 2280 384 2293 ‚
405 2268 463 2287 um.
486 2258 546 2294 Adj.
569 2258 723 2295 [toegpufoss]
743 2262 791 2293 ut,

69 2294 237 2325 Caudicariae
248 2305 332 2325 naves
340 2317 348 2331 ,
369 2295 409 2325 Ex
421 2296 523 2325 tabulis
534 2295 708 2326 crassioribus
719 2295 807 2325 factae.
828 2294 929 2324 Festus.
964 2294 996 2324 V.
1018 2305 1036 2325 c
1046 2304 1065 2324 A
1077 2305 1096 2325 u
1105 2305 1125 2324 D
1134 2304 1149 2325 iz
1159 2303 1186 2325 x.

34 2332 110 2364 Cxu
119 2343 136 2362 n
147 2344 156 2362 1
165 2343 209 2363 cA
219 2343 236 2363 R
246 2344 256 2362 ι
266 2343 304 2362 us
316 2356 324 2369 ‚
346 2334 364 2363 i.
388 2343 426 2363 m.
450 2334 542 2364 Nauta
554 2356 561 2369 ,
590 2335 637 2372 qui
662 2333 759 2363 Tiberi
783 2343 924 2362 annonam
950 2332 1086 2363 subvehit.
1117 2333 1188 2363 Cod.

65 2369 180 2401 Theod.
192 2382 219 2405 4.
231 2381 257 2406 9.
270 2371 305 2401 de
318 2371 385 2401 suar.
398 2372 569 2409 &pecuariis
579 2394 587 2407 ‚
612 2372 654 2408 (l.
670 2382 713 2407 14.
722 2378 742 2400 t.
753 2371 800 2407 4.)
817 2372 843 2401 ἃ
856 2370 981 2408 inscript.
1001 2371 1062 2400 Vet.
1074 2370 1144 2409 Lips.
1153 2371 1190 2401 ad

0 2423 3 2438 ι
66 2409 132 2439 Seii.
144 2409 182 2439 de
189 2409 266 2439 Brev.
276 2409 330 2439 Vit.
345 2419 405 2448 cap.
419 2418 461 2446 13.
472 2409 546 2439 conf.
557 2410 690 2440 Demster.
701 2408 817 2447 Paralip.
830 2409 865 2438 ad
879 2408 971 2438 Rosin.
984 2414 1009 2443 8.
1026 2414 1068 2445 38.
1084 2419 1111 2447 p.
1123 2412 1187 2446 736.

33 2446 79 2478 CA
91 2457 108 2476 u
118 2457 137 2476 n
147 2458 157 2476 1
166 2451 238 2477 efu-
247 2457 267 2476 u
277 2457 289 2476 s
299 2469 307 2482 ‚
327 2457 342 2476 a
353 2470 361 2483 ‚
383 2457 440 2477 um.
473 2447 550 2478 aliud
566 2448 628 2484 Adj.
650 2449 667 2484 [
677 2444 819 2484 κεξμωτός]
848 2453 896 2482 ut,
918 2446 1076 2477 Caudicatae
1094 2456 1188 2477 naves.

67 2485 97 2515 V.
119 2486 149 2515 in
170 2495 188 2514 c
196 2495 215 2514 A
225 2495 244 2514 u
252 2495 270 2514 n
279 2495 293 2514 iz
300 2495 327 2515 x.

30 2522 257 2554 CAunicizus
270 2545 279 2558 ‚
300 2533 331 2558 a,
354 2532 411 2552 um.

12 2591 15 2598 .
144 2561 245 2591 Navita
257 2561 394 2590 caudiceo
404 2560 516 2591 fluitans
524 2561 604 2599 super
613 2571 723 2598 aequora
731 2560 835 2591 lembo.

12 2610 15 2631 l
67 2608 111 2635 ας.
121 2599 152 2628 in
163 2599 284 2628 Navium
296 2599 530 2637 appellationibus
541 2621 549 2635 ‚
571 2599 726 2628 Caudiceae.

13 2637 15 2644 '
31 2628 107 2667 CAu
118 2647 135 2666 D
146 2647 155 2665 1
164 2646 193 2671 s,
213 2636 245 2666 is.
267 2637 320 2666 five
336 2636 358 2666 C
367 2647 385 2666 A
396 2647 415 2665 u
424 2647 442 2666 D
452 2648 460 2665 1
469 2647 519 2666 um
529 2659 537 2673 ‚
558 2637 577 2666 i.
598 2647 626 2666 n.
649 2634 784 2672 [κκύῶον]
804 2634 952 2672 Oppidum
961 2635 1077 2665 Samnii.
1102 2635 1186 2666 Unde

64 2674 195 2704 Caudinae
204 2674 288 2704 furcae
299 2697 308 2710 ‚
328 2676 354 2705 ἃ
368 2674 500 2704 Caudinae
510 2675 603 2704 fauces
619 2697 627 2708 ,
649 2674 802 2703 nobilitatae
816 2674 913 2710 insigni
927 2673 1006 2703 clade
1025 2676 1050 2703 ἃ
1067 2675 1186 2711 ignomi-

64 2713 119 2748 nia,
140 2722 222 2750 quam
231 2712 349 2742 Romani
362 2714 499 2742 exercitus
509 2713 559 2742 sub
574 2713 608 2742 T.
621 2712 745 2748 Veturio,
765 2712 813 2749 Sp.
828 2710 988 2741 Posthumio
999 2711 1067 2741 coff.
1082 2722 1098 2741 a
1109 2711 1186 2742 Sam-

44 2784 48 2785 ?
63 2751 166 2780 nitibus
180 2757 356 2788 acceperunt.
378 2750 408 2780 V.
429 2750 486 2780 Liv.
500 2761 526 2786 9.
538 2760 564 2780 2.
585 2750 640 2787 seq.
1146 2784 1149 2785 ⁷

0 2791 5 2795 '
29 2787 78 2819 CA
87 2799 103 2819 u
113 2799 131 2818 r>
140 2791 153 2817 i'
161 2798 180 2816 Ν
191 2798 208 2817 u
219 2799 241 2822 s.
254 2798 277 2823 a,
293 2798 349 2818 um.
361 2789 421 2824 Adj.
437 2787 612 2825 [καυδῐνεῡυ]
628 2794 668 2821 ut,
677 2787 812 2817 Caudinae
823 2787 915 2817 furcae.
928 2785 1181 2824 Lucan.lib.2.138.

140 2825 217 2856 Ultra
225 2826 366 2856 Caudinas
375 2826 493 2864 speravit
502 2826 617 2856 vulnera
625 2826 726 2856 furcas.

62 2864 164 2895 Fauces
178 2864 313 2894 caudinae.
334 2864 381 2894 Sil.
398 2864 446 2894 lib.
460 2870 486 2898 8.
501 2868 564 2900 566-

216 2918 253 2923 —
264 2910 312 2932 aut
322 2902 455 2932 Caudinis
468 2902 594 2932 faucibus
605 2902 720 2932 haerent.

63 2938 190 2970 Praelium
199 2939 366 2970 Caudinum.
389 2940 449 2969 Cic.
463 2941 499 2970 de
510 2940 619 2970 Senect.
629 2950 674 2974 41.

62 2978 203 3008 Caudinus
213 2979 382 3015 cognomine
392 2978 483 3008 dictus
494 2977 788 3015 estL.Lentulus.quod
803 2977 838 3007 ad
850 2974 1084 3006 furcasCaudinas
1093 2976 1183 3006 obses-

12 3046 14 3058 Ι
29 3052 51 3084 c
77 3015 112 3044 ‘sis
120 3022 186 3045 cum
196 3017 320 3082 eVerCitu
328 3016 487 3046 consulibus
496 3016 588 3046 foedus
598 3022 680 3054 turpe
693 3015 814 3051 suaserit,
823 3022 855 3044 ut
868 3025 903 3044 ex
914 3014 992 3044 Livio
1003 3014 1069 3044 elici
1079 3015 1178 3053 potest.

59 3063 174 3088 avua,
233 3076 240 3082 .
260 3063 392 3084 cavus.

29 3091 74 3122 CX
83 3100 100 3120 v
109 3101 148 3120 so
160 3113 168 3127 ‚
189 3091 249 3121 cavi
260 3113 269 3128 ,
289 3098 403 3121 cautum
417 3113 424 3126 ,
445 3092 462 3127 [
472 3090 632 3126 ἕυλαβὲμαι,
647 3090 848 3126 {gaudii-em]
868 3093 921 3120 Ere.
945 3089 1079 3127 fignificat
1086 3090 1181 3121 Vitare

63 3130 88 3159 δι
100 3128 148 3159 sibi
158 3129 305 3167 providere
314 3139 350 3159 ne
362 3129 467 3166 aliquid
477 3135 577 3166 praeter
587 3129 663 3167 spem
672 3128 789 3158 accidat.

59 3167 133 3197 Inter
144 3167 248 3197 Cavere
258 3169 284 3197 ἃ
296 3167 386 3197 Vitare
397 3167 520 3197 Lucilius
529 3166 582 3197 effe
592 3167 749 3196 distantiam
763 3165 853 3195 voluit
874 3164 922 3194 lib.
932 3167 978 3194 26.
999 3166 1025 3194 &
1045 3165 1099 3194 effe
1116 3164 1179 3202 plus

12 3239 13 3242 Ἴ
82 3204 188 3234 Vitare:
211 3205 287 3241 Quid
297 3205 349 3234 tibi
359 3205 514 3235 cavendum
524 3205 629 3239 censes,
639 3204 706 3242 quid
717 3204 860 3233 vitandum
870 3212 1008 3232 maxume.
1020 3202 1061 3232 Ex
1073 3203 1178 3234 Nonio.

61 3241 132 3273 Cave
143 3243 170 3272 in
182 3243 432 3281 modoimperandi
441 3243 622 3279 posteriorem
631 3242 714 3272 habet
723 3242 898 3280 productam.
913 3240 997 3270 Ovid.
1012 3251 1037 3270 2.
1051 3240 1119 3270 Met.
1132 3247 1177 3276 89.

138 3281 209 3310 Nate
219 3290 303 3310 cave:
325 3281 393 3310 dum
403 3281 500 3318 resque
511 3280 572 3310 sinit
583 3302 590 3316 ‚
610 3287 659 3310 tua
681 3281 786 3317 corrige
802 3286 873 3309 vota.
969 3278 1060 3314 [Non
1079 3288 1180 3317 perpe-

74 3323 156 3348 &mim
165 3318 194 3347 id
206 3317 260 3347 effe
270 3328 388 3348 monent
401 3318 536 3348 Prosodiae
558 3328 632 3356 regg.
651 3317 797 3356 scriptores
807 3338 815 3351 ,
836 3316 941 3354 quippe
951 3316 1035 3346 Ovid.
1046 3315 1129 3350 alias,
1150 3318 1178 3347 &

13 3385 14 3390 ,
77 3356 171 3386 Horat.
183 3357 326 3394 corripuit.
367 3356 398 3386 V.
420 3356 491 3385 infra
511 3366 610 3386 CAvo
621 3378 629 3392 ‚
646 3357 700 3385 ere.

12 3395 14 3423 ἔ
60 3393 162 3424 Cavete
178 3394 292 3462 aliqtuid.
332 3393 397 3424 Ter.
413 3394 483 3424 Eun.
495 3405 522 3432 4.
534 3398 561 3424 6.
575 3403 621 3432 23.
655 3393 742 3431 Quod
759 3401 859 3424 cavere
871 3390 956 3430 poffis
968 3413 977 3428 ,
997 3390 1113 3422 stultum
1129 3391 1178 3421 ad-

75 3432 187 3462 mittere
201 3442 225 3461 ei
240 3455 246 3462 .

58 3468 179 3500 Exitium
190 3480 295 3500 cavere.
316 3470 392 3500 Suet.
405 3469 470 3500 Tib.
486 3477 528 3507 53.

57 3506 175 3544 Frigora.
197 3504 281 3538 Ovid.
293 3518 319 3538 2.
336 3509 371 3537 de
388 3510 449 3538 Arte
460 3510 517 3537 Arii.
534 3516 598 3545 302.

57 3542 169 3576 Insidias
180 3552 285 3576 cavere.
306 3546 381 3576 Suet.
395 3545 461 3576 Caes.
475 3549 520 3580 85.

58 3582 157 3621 Jurgia.
184 3584 269 3614 Ovid.
282 3594 305 3614 1.
322 3585 358 3614 de
371 3586 433 3614 Arte
446 3586 504 3613 Am.
519 3592 580 3619 591.
941 3617 947 3624 ι

58 3621 164 3651 Malum
173 3631 278 3652 cavere.
305 3621 364 3652 Cic.
379 3632 401 3651 1.
412 3624 447 3652 de
455 3622 534 3652 Orat.
546 3630 608 3658 147.
630 3620 704 3651 Nam
713 3619 803 3658 ipsum
814 3617 929 3656 quidem
939 3616 1010 3648 illud
1021 3618 1106 3649 etiam
1116 3618 1173 3650 sine

76 3660 274 3695 conjunctione
283 3661 349 3697 juris
363 3682 372 3696 ,
393 3670 475 3698 quam
485 3659 516 3689 sit
525 3658 630 3689 bellum
642 3668 738 3688 cavere
754 3657 858 3687 malurn
868 3678 876 3691 ‚
895 3655 966 3700 scire
981 3656 1133 3694 possumus.

12 3719 15 3726 .
57 3695 164 3728 Morsus
174 3698 260 3728 tristes
269 3699 354 3728 animi
366 3721 375 3734 ‚
395 3699 412 3728 i.
424 3709 449 3728 e.
471 3696 570 3727 Vitare.
593 3696 714 3727 Martial.
730 3695 779 3725 lib.
796 3705 838 3725 12.
849 3695 943 3732 Epigr.
958 3703 1002 3731 34.

146 3736 176 3771 Si
186 3737 271 3766 vitare
282 3738 358 3766 voles
366 3737 466 3766 acerba
476 3735 614 3773 quaedam,

12 3800 14 3812 ,
61 3804 64 3807 ,
146 3773 274 3804 Ettristes
282 3775 368 3803 animi
376 3779 472 3804 cavere
486 3773 591 3803 morsus
603 3794 611 3807 ‚
630 3774 683 3802 &c.
1038 3807 1044 3814 ¹

12 3822 14 3829 ·
57 3809 157 3841 omnia
168 3821 273 3878 cgvere.
312 3812 371 3842 Cic.
386 3822 429 3842 11.
442 3812 517 3842 Fam.
529 3820 574 3841 21.
597 3809 790 3847 Quamobrem
798 3815 852 3838 nec
862 3810 987 3838 metuam
998 3816 1148 3847 quicquam
1159 3833 1167 3847 ,

75 3850 100 3879 &
110 3853 175 3879 ca've
195 3854 214 3878 'o
222 3851 324 3879 omnia.

12 3882 13 3911 3
52 3885 219 3916 Periculum.
240 3917 242 3919 ,
257 3887 333 3917 Suet.
345 3889 374 3916 in
387 3884 466 3917 Galb.
483 3896 544 3923 cap.
559 3896 602 3922 19.
624 3884 828 3915 Sacrificantem
850 3892 932 3912 mane
945 3883 1059 3922 aruspex
1069 3885 1172 3917 idonei..

75 3925 138 3955 dem
149 3924 279 3961 monuit,
299 3929 407 3956 caveret
415 3925 573 3964 'periculum
581 3944 590 3961 ‚
611 3924 671 3953 non
679 3923 764 3960 longe
771 3921 942 3961 percussores
957 3921 1056 3953 abesse

106 3962 192 3995 Voi..
231 3962 253 3995 1.

435 2522 522 2560 Quod
532 2533 567 2552 ex
576 2523 694 2553 caudice
705 2522 752 2552 est.
775 2521 876 2552 Auson.
894 2522 924 2551 in
938 2521 1055 2552 Mosella
1064 2532 1089 2551 v.
1106 2531 1168 2560 197.

914 2560 962 2589 Sic
973 2561 1047 2598 apud
1057 2559 1128 2590 Gell.
1142 2569 1186 2591 ω.

1663 98 1948 134 CAV
2352 119 2421 153 45⁶)

1300 180 1434 210 Pietatem
1447 189 1542 210 cavere
1555 202 1563 216 ‚
1586 189 1635 219 pro
1647 181 1760 219 Fugere.
1801 174 1861 209 Cic.
1875 189 1900 208 2.
1913 180 1949 208 de
1965 179 2023 209 Fin.
2036 188 2081 216 71.
2104 180 2196 211 Nemo
2217 185 2278 219 pius
2297 186 2334 214 est
2346 208 2354 219 ‚
2376 188 2421 222 qui

1320 220 1454 284 piaeetatxelm
1470 226 1557 248 cavet.
1597 220 1671 249 Cave
1681 220 1830 257 quicquam
1841 224 1923 256 putes
1932 217 1987 247 effe
1997 219 2095 248 verius.
2134 220 2149 255 [
2165 220 2219 249 Sed
2236 221 2319 252 lectio
2339 224 2424 255 dubia

1318 259 1342 284 el
1358 279 1364 285 .
1430 279 1436 285 .
1459 262 1517 285 not.

1299 293 1378 322 Tela.
1400 293 1484 323 Ovid.
1496 305 1521 328 4-
1534 294 1571 323 de
1584 293 1662 323 Pont.
1674 301 1699 329 3.
1712 296 1755 328 56.

1300 330 1412 360 Ventos.
1437 331 1523 360 Ovid.
1534 341 1560 360 2.
1574 332 1609 361 de
1625 334 1686 360 ilrte
1696 332 1755 361 Am.

1299 368 1404 397 Acriter
1413 368 1526 404 aliquid.
1550 370 1617 398 Hor.
1631 379 1656 399 2.
1668 370 1754 398 Serm.
1768 377 1791 404 3.
1806 378 1852 404 9²-

1299 405 1372 434 Cura
1382 415 1479 435 cavere
1489 406 1594 443 aliquid
1611 407 1721 436 dicitur.
1743 406 1828 436 Ovid.
1844 416 1869 435 2.
1886 405 1952 435 Fast.
1969 408 2015 435 60.

1300 442 1404 472 Cavete
1422 443 1551 480 aliquem.
1593 444 1651 474 Cic.
1667 454 1690 473 1.
1706 444 1781 473 Fam.
1793 454 1819 481 7.
1853 441 1889 473 Ut
1904 444 2095 474 considerares
2106 445 2135 474 in
2152 447 2231 475 omni
2247 447 2352 486 reliqua
2369 450 2425 480 vita

1319 481 1418 516 quibus
1429 481 1554 510 crederes
1565 503 1572 515 .
1594 491 1662 518 quos
1676 491 1796 511 caveres.

1300 517 1403 558 Cavete
1415 518 1504 547 facere
1514 518 1627 554 aliquid.
1668 519 1754 549 Plaut.
1770 519 1850 557 Epid.
1868 528 1892 554 3.
1904 529 1930 548 2.
1946 528 1990 555 23.
2013 518 2039 549 ls
2056 520 2132 558 apud
2149 520 2241 551 forum
2255 529 2349 553 manet
2358 533 2422 561 me,

1319 561 1391 591 quali
1404 556 1451 591 qui
1464 565 1554 584 amare
1566 564 1592 585 te
1602 563 1707 585 caveat.
1749 557 1789 586 Al.
1812 557 1893 593 Quali
1904 558 1949 586 cui
1964 565 2070 587 emeret
2084 565 2189 588 caveat.

1299 591 1403 621 Cavere
1420 592 1525 630 aliquid
1546 593 1632 622 alteri.
1658 594 1742 623 l'laut.
1761 595 1889 624 Bacchid.
1908 605 1930 624 i.
1945 601 2002 629 με.
2025 594 2055 624 ld
2078 596 2201 631 (amabo
2226 598 2273 631 te)
2293 597 2359 627 huic
2380 609 2424 628 ca.

1318 639 1391 659 veas.
1412 640 1435 673 P:
1459 631 1578 673 quidisti
1588 641 1701 660 caveam
1711 633 1724 660 ἵ)
1743 632 1814 661 Cato
1827 642 1888 670 cap.
1903 643 1927 668 ς.
1949 632 2076 663 Scabiem
2091 635 2185 671 pecori
2197 635 2366 670 &jumentis
2379 646 2422 665 ca-

1317 676 1402 711 veto:
1416 668 1453 711 *id
1466 677 1501 696 ex
1514 669 1587 697 same
1599 690 1607 704 ,
1629 670 1654 698 δι
1671 669 1689 697 si
1700 669 1830 706 impluit,
1850 671 1909 699 sieri
1928 670 2005 699 solet.
2027 672 2044 701 i.
2060 681 2084 701 e.
2107 672 2253 702 providero
2279 682 2314 702 ne
2332 673 2422 704 scabie

1319 711 1514 742 corripiantur.

1297 742 1373 771 Cave
1384 752 1491 772 canem.
1533 742 1672 772 Proverbii
1682 753 1760 773 more
1768 745 1949 782 usurpabatur
1960 756 1974 774 a
1983 745 2123 776 veteribus
2133 769 2141 782 ‚
2163 756 2248 785 quum
2261 750 2421 787 quempiam

1316 786 1419 809 terrere
1431 780 1474 809 vel
1488 790 1580 809 arcere
1590 780 1738 811 volebant:
1761 793 1793 811 ac
1803 784 1897 820 Satyra
1913 784 2037 819 qutcdam
2053 783 2179 814 Varronis
2195 785 2248 815 liae
2268 786 2422 825 inscriptio-

1316 828 1353 846 ne
1363 824 1431 847 erat.
1454 818 1641 851 ‚Crediderim
1651 826 1747 847 natum
1757 820 1810 849 esse
1824 821 1877 849 hoc
1889 821 2065 853 proverbium
2078 831 2112 851 ex
2131 832 2207 852 metu
2219 834 2320 853 canum
2331 826 2421 855 rabio-

1317 855 1407 884 sorum
1421 878 1429 891 ‚
1451 855 1494 885 vel
1504 857 1607 885 acrium
1621 857 1647 885 6<
1657 857 1839 887 mordacium.
1864 858 1950 886 Verba
1966 859 2093 889 Varronis
2104 859 2165 889 sunt
2183 862 2258 898 apud
2272 863 2396 893 Nonium
2410 886 2418 898 ‚

1317 893 1403 929 Quod
1415 903 1447 922 ea
1457 893 1504 922 die
1516 903 1577 923 mea
1588 900 1644 922 erat
1655 894 1792 931 praebitio,
1813 896 1841 924 in
1851 895 1962 931 januam
1972 918 1980 931 ‚
2003 897 2076 926 Cave
2088 907 2186 928 canem
2199 899 2309 929 inscribi
2323 901 2417 936 jubeo.

1316 931 1379 960 Hoc
1390 931 1446 965 est,
1468 931 1564 968 Quum
1575 940 1609 960 eo
1620 931 1667 960 die
1680 933 1838 962 convivium
1849 933 1970 969 praebere
1980 934 2113 965 deberem
2122 957 2132 971 .,
2157 944 2187 965 ut
2207 937 2240 966 ab
2254 938 2330 967 aditu
2348 949 2422 969 mea-

1315 978 1378 999 rum
1389 969 1491 998 aedium
1498 969 1669 998 deterrerem
1681 970 1728 1005 qui
1738 971 1772 999 ad
1784 971 1946 1000 condiclum
1957 973 2064 1001 venturi
2077 980 2169 1008 erant,
2192 974 2300 1004 inscribi
2313 977 2372 1009 iussi
2381 978 2421 1013 ja-

1314 1017 1389 1042 -nuae,
1398 1007 1472 1037 Cave
1483 1016 1593 1041 canem,
1604 1016 1639 1036 ne
1651 1008 1712 1044 quis
1722 1008 1919 1045 ingrederetur.
1937 1010 2085 1047 Sumptum
2097 1011 2136 1040 est
2146 1021 2160 1040 a
2172 1012 2281 1042 Craecis.
2293 1013 2418 1045 Turneb.

1296 1044 1401 1074 Cavete
1412 1045 1441 1074 in
1451 1045 1520 1080 jure.
1558 1044 1654 1074 Cic.2.
1667 1042 1750 1074 Offic.
1763 1050 1808 1081 65-
1837 1046 1909 1075 Nam
1929 1047 1956 1075 in
1970 1047 2028 1081 jure
2045 1057 2160 1084 cavere,
2181 1051 2295 1080 consilio
2307 1052 2421 1088 juvare,

1313 1088 1397 1120 atque
1405 1082 1460 1112 hoc
1477 1082 1599 1112 scientiae
1619 1090 1720 1121 genere
1738 1083 1865 1121 prodesse
1885 1084 2097 1122 quamplurimis
2109 1108 2117 1121 ,
2140 1087 2321 1119 veliementer
2340 1092 2366 1120 ἅ
2383 1091 2421 1120 ad

1311 1129 1382 1158 opes
1391 1120 1532 1157 augendas
1543 1121 1681 1157 pertinet,
1701 1122 1761 1158 διες.Ὶ

1294 1158 1506 1194 Caverealicui,
1527 1158 1742 1195 jurisprudentis
1761 1159 1884 1189 hominis
1898 1159 1955 1196 est,
1977 1160 2022 1197 qui
2042 1161 2195 1191 consultori
2212 1162 2259 1192 suo
2281 1166 2420 1196 rationem

1311 1195 1466 1234 praes'cribit
1476 1218 1484 1231 ‚
1505 1196 1710 1234 formulamque
1721 1196 1808 1227 dictat
1818 1194 1979 1235 paciscendi
1989 1205 2035 1227 aut
2045 1200 2245 1230 contrahendi:
2269 1203 2294 1231 Se
2303 1204 2420 1234 monitis

1310 1233 1482 1271 consilioque
1492 1234 1600 1264 instruit
1613 1256 1621 1270 ‚
1643 1244 1678 1264 ne
1687 1235 1884 1264 conditionem
1901 1235 1978 1265 suam
1992 1236 2159 1266 deteriorem
2180 1238 2271 1268 faciat.
2293 1248 2324 1270 ut
2341 1243 2419 1279 apud

1308 1271 1369 1301 Cic.
1386 1272 1415 1300 in
1433 1272 1533 1309 Topic.
1548 1283 1574 1307 4.
1598 1273 1645 1310 qui
1664 1273 1700 1302 ad
1724 1272 1891 1302 Trebatium
1915 1273 2010 1303 scribit
2028 1274 2274 1312 Jurisconsultum‚
2306 1278 2418 1309 Etenim

1309 1319 1398 1347 quum
1408 1316 1438 1339 tu
1450 1310 1519 1339 mihi
1530 1310 1654 1347 meisque
1666 1310 1753 1340 multa
1765 1310 1837 1349 saepe
1849 1311 1963 1341 caviffes
1971 1333 1979 1346 ‚
2000 1313 2106 1342 veritus
2114 1312 2174 1342 sum
2185 1323 2221 1343 ne
2233 1314 2250 1343 fi
2261 1325 2313 1353 ego
2324 1327 2419 1354 grava-

1307 1357 1371 1382 rer⁷
1393 1355 1441 1377 aut
1453 1348 1592 1385 ingratum
1605 1349 1653 1384 id,
1674 1357 1724 1378 aut
1740 1348 1890 1386 superbum
1904 1349 2053 1380 videretur.
2075 1350 2122 1379 alii
2141 1351 2236 1388 legunt
2255 1353 2417 1391 Scripsisses.

1310 1385 1345 1414 Et
1357 1384 1415 1415 Cic.
1429 1394 1453 1421 3.
1464 1386 1541 1415 Fani.
1557 1397 1579 1415 ι.
1591 1393 1661 1416 extr.
1680 1386 1709 1416 L.
1724 1386 1864 1416 Valerium
1877 1386 2105 1423 jurisconsultum
2121 1389 2202 1418 valde
2212 1390 2261 1419 tibi
2273 1400 2418 1421 commen-

1309 1423 1367 1453 do:
1388 1423 1435 1453 fed
1446 1424 1484 1453 ita
1491 1425 1575 1453 etiam
1585 1446 1593 1459 ‚
1614 1424 1631 1453 si
1644 1434 1702 1453 non
1711 1425 1750 1454 est
1763 1424 1980 1459 jurisconsultus.
2020 1425 2126 1456 Melius
2141 1427 2217 1457 enirn
2227 1429 2253 1458 ei
2265 1438 2361 1460 cavere
2370 1439 2418 1460 vo-

1308 1460 1338 1490 lo
1349 1483 1357 1497 ‚
1378 1471 1461 1528 qluam
1469 1462 1527 1500 ipse
1536 1462 1598 1491 aliis
1615 1462 1692 1492 solet.
1715 1464 1742 1493 ὅ(
1751 1463 1836 1492 Ovid.
1850 1472 1873 1492 1.
1885 1463 1921 1492 de
1931 1465 1994 1493 Arte
2005 1465 2066 1494 Am.
2079 1469 2126 1501 83.

1382 1499 1393 1529 Ι
1407 1499 1434 1528 10
1443 1499 1513 1538 saepe
1527 1500 1592 1529 loco
1605 1501 1712 1538 capitur
1722 1500 1865 1530 consultus
1876 1511 1971 1530 amore
1982 1523 1991 1536 ‚

1419 1537 1533 1575 Quique
1542 1538 1602 1567 aliis
1613 1545 1693 1568 cavet
1703 1560 1711 1574 ‚
1732 1547 1792 1567 non
1807 1544 1886 1569 cavet
1896 1538 1953 1577 ipse
1964 1539 2023 1569 fibi.

1288 1575 1428 1605 Cavete&
1442 1575 1558 1606 sancire.
1597 1575 1655 1606 Cic.
1671 1586 1696 1606 2.
1706 1576 1741 1606 de
1751 1576 1840 1606 Finib.
1857 1587 1919 1606 101.
1950 1577 2053 1614 Quaero
2074 1583 2169 1608 autern
2186 1579 2253 1617 quid
2269 1579 2317 1616 sit,
2339 1581 2416 1618 quod

1309 1622 1407 1650 quum,
1418 1615 1473 1644 Sec.
1486 1619 1543 1643 tam
1554 1620 1692 1650 accurate,
1713 1620 1825 1652 tamque
1835 1614 1983 1651 diligenter
1994 1618 2125 1646 caveat&
2136 1616 2247 1653 sanciat,
2255 1626 2286 1648 ut
2296 1620 2416 1656 Amyno-

1308 1651 1423 1682 machus
1434 1653 1462 1682 ἃ
1470 1651 1646 1682 Timocrates
1656 1652 1779 1682 haeredes
1786 1652 1826 1682 sui
1840 1653 1875 1682 de
1882 1652 2181 1685 Herniachi'sententia
2192 1656 2260 1685 derit
2270 1675 2277 1687 ,
2293 1658 2346 1687 ἃς.

1289 1688 1394 1719 Cavere
1410 1689 1545 1719 consulte.
1584 1690 1618 1720 ln
1646 1699 1688 1719 co
1697 1700 1716 1719 N
1725 1700 1737 1720 s
1747 1701 1765 1719 u
1777 1701 1792 1719 L
1802 1700 1828 1720 o.

1288 1727 1393 1757 Melius
1402 1737 1501 1758 cavere
1511 1728 1603 1758 alicu-i.
1624 1727 1685 1757 Cic.
1704 1728 1735 1763 ,V-
1758 1728 1842 1766 paulo
1853 1727 1941 1766 supra.

1287 1765 1424 1796 AEdificiis
1435 1766 1604 1803 &sepulcris
1616 1772 1697 1795 cavet
1707 1765 1762 1795 lex.
1803 1766 1862 1796 cic.
1873 1776 1898 1796 2.
1909 1767 1945 1796 de
1954 1766 2049 1805 Legib.
2061 1766 2107 1798 δι.
2137 1767 2227 1798 Altera
2238 1768 2303 1806 lex,
2323 1771 2417 1809 priva-

1307 1810 1401 1833 torum
1412 1804 1537 1834 aedificiis
1546 1826 1554 1838 ,
1578 1804 1663 1833 altera
1675 1804 1737 1842 ipsis
1751 1803 1903 1841 sepulchris
1915 1812 2002 1835 cavet.

1288 1840 1460 1871 Concordiae
1474 1842 1594 1880 publicae
1604 1851 1709 1871 cavere.
1733 1841 1820 1872 Vellei
1837 1852 1862 1872 2.
1875 1848 1920 1879 48·
1941 1854 1964 1878 5.

1285 1878 1407 1909 Haeredi.
1424 1880 1487 1909 Cic.
1502 1889 1528 1910 2.
1540 1881 1577 1909 de
1587 1880 1695 1910 Invent.
1711 1889 1773 1910 120.
1796 1881 1932 1910 Amentiae
1947 1881 2030 1918 igitur
2040 1880 2131 1916 fiiisle,
2148 1891 2234 1919 quum
2245 1882 2347 1913 haeredi
2358 1884 2416 1914 vel.

1306 1916 1346 1946 let
1352 1918 1491 1953 cavere.id
1503 1918 1726 1954 adscribere.quo
1736 1928 1796 1947 non
1804 1918 1945 1956 adscripto
1954 1918 2138 1949 nihilominus
2144 1918 2248 1950 haeredi
2257 1929 2412 1954 caveretur.

1286 1955 1432 1985 Securitati
1445 1966 1549 1986 cavere.
1571 1956 1647 1986 Suet.
1658 1956 1715 1986 Tit.
1728 1959 1754 1986 6.

1284 1992 1355 2037 Sibi.
1397 1993 1519 2053 Cionppro
1532 1994 1613 2025 Rose.
1625 1994 1704 2024 Com.
1717 2004 1761 2031 15.
1796 1994 1876 2032 Quid
1893 1994 1953 2024 ita?
1975 1993 2072 2025 Flavio
2084 1994 2134 2025 fibi
2145 2005 2244 2026 cavere
2262 2006 2320 2026 non
2334 1999 2414 2028 venit

1304 2040 1333 2059 in
1343 2038 1467 2062 mentem
1481 2056 1487 2061 .

1284 2068 1346 2099 Sibi
1361 2069 1395 2099 ab
1412 2069 1506 2107 aliquo
1519 2092 1529 2106 ,
1549 2070 1668 2100 estSatis
1678 2070 1815 2107 accipere.
1851 2069 1909 2101 Cic.
1922 2073 1948 2100 6.
1962 2070 2037 2101 Fam.
2051 2081 2078 2109 7.
2101 2071 2135 2101 At
2145 2082 2211 2102 vero
2227 2073 2341 2110 inquam
2353 2096 2361 2109 ‚
2381 2075 2416 2104 ti.

1308 2107 1336 2136 bi
1347 2117 1400 2144 ego
1408 2108 1494 2138 Brute
1503 2118 1561 2138 non
1572 2108 1676 2139 solvam
1685 2131 1694 2144 ,
1715 2108 1764 2137 nisi
1778 2107 1854 2146 prius
1866 2118 1882 2137 a
1892 2116 1920 2138 te
1930 2118 2030 2138 cavero
2039 2131 2047 2144 ,
2068 2109 2187 2149 amplius
2196 2121 2230 2140 eo
2240 2112 2356 2141 nomine
2366 2122 2415 2142 ne-

1304 2146 1427 2181 minem,
1449 2147 1528 2182 cujus
1539 2147 1638 2184 petitio
1650 2146 1698 2181 sit,
1719 2146 1882 2184 petiturum.
1906 2147 1923 2176 i.
1940 2157 1964 2176 e.
1987 2147 2045 2176 Nifi
2058 2158 2073 2176 a
2083 2155 2111 2177 te
2124 2148 2281 2186 spondente
2296 2149 2358 2179 satis
2369 2160 2414 2180 ac-

1301 2193 1415 2221 cepero.
1426 2183 1503 2213 Idem
1515 2195 1541 2220 4.
1553 2185 1677 2221 Verr.27.
1689 2184 1800 2221 Rogant
1809 2192 1874 2214 eum
1886 2192 1917 2214 ut
1926 2185 1955 2213 id
1966 2186 2041 2222 quod
2049 2185 2083 2214 ab
2092 2187 2155 2224 ipsis
2166 2186 2262 2216 abisset
2272 2190 2410 2225 pecuniae,

1304 2228 1402 2251 curet:
1424 2221 1458 2252 ab
1468 2222 1524 2251 sese
1531 2230 1633 2252 caveat
1645 2222 1884 2259 quemadmodum
1896 2222 1974 2258 velit,
1993 2223 2029 2252 de
2039 2222 2087 2253 illa
2097 2225 2259 2254 haereditate
2273 2235 2337 2255 cum
2349 2226 2414 2265 Epi-

1305 2265 1380 2288 crate
1389 2260 1531 2290 neminem
1542 2260 1598 2289 esse
1608 2261 1791 2290 aciurum.i.·e.
1799 2259 1917 2289 Arbitrio
1928 2260 1975 2289 suo
1983 2261 2017 2290 ab
2025 2261 2053 2290 se
2063 2263 2221 2292 cautionem
2235 2264 2410 2301 exigatssud.

1282 2296 1391 2327 Cavere
1406 2298 1527 2336 aliquem
1537 2297 1564 2327 se
1574 2298 1770 2328 restituturum.
1792 2298 1811 2327 i.
1823 2307 1848 2327 e.
1870 2298 2015 2328 Satisdare.
2037 2299 2100 2337 Ulp.
2121 2300 2140 2330 l.
2159 2301 2178 2330 si
2190 2309 2409 2339 procuratorem.

1305 2336 1326 2373 §.
1338 2335 1387 2365 ult.
1405 2335 1439 2365 D.
1453 2336 1575 2366 mandat.
1596 2336 1623 2365 Si
1633 2336 1716 2365 dolus
1734 2345 1792 2365 non
1803 2336 1972 2372 intervenit,
1992 2347 2046 2367 nec
2059 2337 2142 2376 culpa
2153 2359 2160 2371 ,
2182 2349 2239 2368 non
2255 2339 2410 2376 teneberis,

1303 2373 1353 2402 nisi
1365 2373 1400 2402 ad
1410 2374 1464 2404 hoc
1474 2396 1482 2409 ‚
1504 2380 1536 2404 ut
1547 2384 1644 2404 caveas
1656 2374 1675 2403 fi
1688 2374 1717 2402 iri
1725 2374 1890 2412 potestatem
1901 2381 1976 2404 tuam
1987 2377 2145 2413 pervenerit
2154 2383 2182 2406 te
2191 2378 2388 2408 restituturum.

1282 2410 1437 2441 Obsidibus
1446 2422 1542 2441 cavere
1555 2413 1591 2441 de
1599 2413 1727 2449 pecunia.
1768 2411 1834 2441 Caes.
1847 2415 1874 2442 6.
1885 2412 1956 2442 Bell.
1973 2413 2044 2443 Gall.
2056 2423 2081 2443 2.
2113 2415 2131 2444 i.
2143 2425 2169 2444 e.
2192 2414 2264 2444 Dare
2280 2415 2388 2446 obsides
2400 2439 2409 2453 ,

1300 2450 1396 2486 quoad
1411 2450 1561 2487 pecuniam
1574 2449 1730 2479 dissolvant.
1753 2449 1822 2479 Bud.
1845 2450 1996 2480 Obsidibus
2006 2473 2014 2486 ‚
2035 2451 2112 2482 casus
2122 2453 2161 2482 est
2171 2452 2316 2483 ablativus.

1281 2486 1437 2518 Obsidibus
1457 2489 1529 2517 inter
1544 2487 1569 2517 se
1593 2498 1711 2523 cavere.
1741 2497 1791 2526 pro
1811 2487 1927 2527 Obsides
1941 2490 2062 2519 invicem
2079 2491 2200 2529 exigere.
2222 2491 2287 2521 Caes.
2302 2501 2325 2526 7.
2338 2491 2407 2522 Bell.

1295 2525 1371 2555 Gall.
1384 2535 1409 2555 2.
1432 2525 1467 2555 Et
1476 2526 1609 2563 quoniam
1622 2525 1805 2564 inpraesentia
1814 2525 1954 2556 obsidibus
1967 2537 2065 2557 cavere
2079 2529 2154 2558 inter
2168 2529 2194 2558 se
2210 2539 2268 2558 non
2279 2527 2388 2567 possent
2399 2552 2408 2566 ,

1300 2573 1336 2592 ne
1347 2573 1389 2593 res
1401 2563 1545 2594 efferretur
1553 2585 1560 2599 ‚
1584 2570 1613 2593 ut
1623 2564 1802 2599 jurejurando
1811 2573 1843 2593 ac
1851 2564 1906 2594 fide
1917 2564 2052 2595 sanciatur
2061 2588 2071 2601 .
2092 2575 2202 2604 petunt.
2223 2567 2293 2597 Bud.

1280 2600 1331 2630 Per
1341 2601 1462 2639 aliquem
1470 2601 1520 2631 sibi
1530 2611 1636 2631 cavere.
1678 2601 1737 2631 Cic.
1749 2605 1774 2631 6.
1789 2601 1862 2631 Fam.
1875 2611 1899 2639 7.
1923 2604 2012 2640 Auges
2023 2604 2107 2634 etiam
2127 2611 2156 2634 tu
2175 2606 2244 2634 milii
2256 2607 2384 2636 timorem
2398 2629 2407 2641 ,

1297 2640 1385 2683 quiin
1398 2639 1516 2669 Oratore
1529 2645 1666 2670 tuocaves
1685 2639 1737 2669 tibi
1753 2649 1803 2678 per
1818 2639 1951 2677 Brutum,
1973 2643 2000 2672 δε
2015 2642 2051 2672 ad
2073 2643 2284 2673 excusationem
2302 2644 2407 2674 socium

1318 2687 1407 2707 uaeris.

1277 2687 1430 2745 chuniam
1439 2714 1524 2745 alicui
1536 2725 1642 2745 cavere.
1663 2714 1788 2746 Scaevola
1801 2715 1832 2744 in
1847 2715 1896 2745 l.s1
1907 2725 1941 2745 ex
1953 2716 2087 2754 pluribus
2110 2717 2144 2749 D.
2158 2720 2194 2749 de
2210 2719 2290 2750 solut.
2331 2720 2358 2749 Si
2370 2730 2406 2750 ex

1296 2753 1424 2791 pluribus
1433 2754 1558 2784 causis&
1568 2754 1757 2792 chirographis
1769 2754 1892 2783 creditor
1905 2754 1942 2783 ita
1951 2756 2033 2785 cavit.
2055 2756 2089 2786 T.
2103 2758 2221 2788 Maevius
2232 2759 2296 2787 dico
2307 2768 2351 2787 nie
2361 2769 2407 2788 ac-

1295 2791 1410 2830 cepisse,
1425 2793 1451 2821 &
1464 2792 1577 2827 habere,
1588 2793 1614 2822 δι
1624 2799 1740 2830 accepto
1753 2792 1843 2821 tulisse
1855 2792 1966 2821 C.Titio
1977 2792 2115 2831 reliquum
2126 2806 2210 2825 omne
2221 2797 2327 2825 ratione
2334 2797 2406 2834 posi-

1295 2836 1325 2859 ta
1332 2831 1392 2866 ejus
1400 2831 1628 2869 pec-uniaesqua‘m
1637 2830 1707 2859 mihi
1716 2830 1827 2860 Stichus
1834 2829 1941 2859 C.Tltii
1952 2830 2042 2861 servus
2054 2840 2169 2864 caverat.
2184 2833 2403 2871 Quaesitum‚&c.

1278 2867 1421 2897 Summam
1434 2877 1539 2898 cavere.
1560 2869 1682 2899 Scaevola
1696 2869 1725 2897 in
1744 2868 1762 2897 l.
1786 2867 1856 2904 Quae
1874 2869 1976 2906 neptis.
1998 2869 2031 2899 D.
2048 2871 2083 2901 de
2096 2872 2202 2909 [lequir.
2222 2872 2320 2901 haered.
2331 2872 2404 2902 Con-

1297 2906 1478 2943 deninatique
1496 2916 1548 2944 pro
1560 2906 1735 2944 portionibus
1743 2906 1924 2936 haereditat-iis
1934 2907 2033 2944 singuli
2045 2908 2167 2939 haeredes
2177 2932 2184 2944 ‚
2205 2910 2277 2938 inter
2291 2920 2360 2947 quos
2377 2912 2404 2941 δε

1297 2944 1377 3010 Seia..
1398 2943 1565 3012 Segnipronio
1581 2950 1714 2974 caverunt
1736 2944 1874 2974 summam
1893 2954 1947 2982 qua
1966 2946 2080 2984 quisque
2102 2949 2305 2977 condemnatus
2325 2955 2402 2985 erat,

1298 2992 1315 3010 u
1330 2991 1384 3011 uris
1396 3004 1403 3016 ‚
1448 2991 1477 3012 vc.

1278 3019 1383 3049 Cavete
1395 3020 1502 3057 capite,
1525 3019 1678 3057 estCapitis
1695 3020 1823 3058 periculo
1835 3020 1863 3050 se
1874 3020 2061 3059 obstringere,
2084 3024 2110 3052 Sc
2129 3022 2213 3052 alium
2233 3023 2281 3052 sibi
2300 3024 2403 3054 eodem

1296 3056 1410 3086 vinculo
1422 3057 1554 3095 obligare.
1593 3058 1662 3088 Plin.
1674 3057 1724 3088 lib.
1738 3068 1781 3094 34.
1796 3068 1857 3097 cap.
1868 3068 1892 3096 7.
1916 3060 1990 3088 lEtas
2006 3060 2097 3090 nostra
2109 3061 2181 3090 vidit
2198 3061 2227 3089 in
2240 3061 2381 3098 Capitolio
2393 3085 2402 3098 ‚

1294 3095 1373 3132 prius
1386 3105 1469 3132 quam
1479 3096 1508 3125 id
1519 3095 1665 3125 novissime
1678 3096 1858 3134 conflagravit
1867 3107 1883 3126 a
1898 3096 2216 3128 Vitellianisincensum.
2238 3100 2266 3127 in
2278 3099 2347 3128 cella
2356 3100 2404 3135 Ju.

1296 3133 1381 3162 nonis
1393 3155 1401 3169 ‚
1418 3143 1521 3163 canem
1534 3144 1568 3163 ex
1578 3144 1631 3164 aere
1642 3156 1650 3169 ‚
1672 3134 1772 3163 vulnus
1782 3134 1859 3164 suum
1869 3134 2039 3165 lambentem
2049 3157 2058 3170 ‚
2077 3137 2158 3172 cujus
2173 3137 2307 3166 eximium
2321 3139 2403 3167 mira-

1291 3170 1412 3207 culum,
1435 3172 1622 3201 &indiscreta
1632 3172 1870 3207 verisimilitudo,
1891 3182 1948 3201 non
1968 3182 2002 3201 eo
2015 3172 2103 3203 solum
2124 3173 2304 3212 intelligitur,
2327 3176 2403 3212 quod

1296 3209 1336 3238 ibi
1349 3209 1441 3239 dicata
1449 3209 1538 3239 fuerat
1552 3220 1559 3239 :
1581 3220 1679 3240 verum
1691 3220 1725 3239 ex
1735 3220 1807 3239 nova
1817 3210 2012 3240 satisdatione:
2033 3221 2097 3240 nam
2106 3211 2211 3241 summa
2221 3212 2296 3242 nulla
2306 3224 2355 3251 par
2363 3215 2403 3244 vi-

1291 3246 1431 3283 debatur.
1451 3249 1543 3285 capite
1554 3248 1802 3278 tutelarioscavere
1812 3258 1862 3285 pro
1873 3258 1905 3277 ea
1915 3248 2148 3286 institutipublici
2164 3250 2225 3279 suit.
2259 3251 2328 3281 Bud.

1275 3284 1391 3323 Scriptis
1408 3291 1456 3315 aut
1474 3286 1565 3315 tacitis
1583 3286 1796 3324 exceptionibus
1809 3295 1914 3314 cavere.
1956 3285 2013 3315 Cic.
2027 3296 2052 3315 2·
2071 3287 2107 3317 de
2117 3287 2227 3318 Invent.
2242 3298 2303 3323 140.
2335 3289 2401 3319 Non

1294 3332 1361 3390 ergo
1372 3323 1590 3368 omniascriptis
1601 3346 1609 3359 ,
1630 3324 1677 3353 sed
1687 3324 1823 3361 quiedam,
1844 3333 1904 3360 quae
1915 3323 2058 3361 perspicua
2070 3323 2142 3359 sunt,
2153 3326 2246 3356 tacitis
2258 3328 2404 3356 excentio.

1291 3371 1322 3390 ni
1343 3371 1375 3391 us
1385 3371 1485 3391 caveri.

1273 3398 1391 3429 Senatus
1399 3399 1530 3429 consulto
1542 3408 1649 3429 cavere.
1669 3398 1759 3428 Tacit.
1772 3408 1799 3434 4.
1815 3399 1885 3428 Ann.
1896 3408 1941 3428 20.

1273 3436 1453 3466 Testamenta
1463 3447 1568 3467 cavere.
1589 3437 1678 3466 (Sica.
1691 3437 1726 3465 de
1738 3436 1796 3465 Fin.
1804 3446 1864 3471 ¹03·
1877 3434 2000 3466 Tantum
2013 3437 2077 3467 dico
2085 3439 2172 3477 magis
2181 3439 2261 3470 fuisse
2271 3441 2398 3478 vestrum,

1289 3485 1374 3512 agere
1388 3475 1496 3512 Epicuri
1506 3476 1581 3504 diem
1593 3475 1711 3503 natalem
1721 3496 1729 3509 ‚
1749 3483 1831 3510 quam
1842 3473 1921 3503 illum
1932 3476 2096 3505 testamento
2105 3487 2210 3512 cavere.
2222 3485 2252 3508 ut
2263 3488 2397 3516 ageretur.

1273 3511 1316 3542 De
1328 3514 1466 3542 evidtione
1476 3522 1581 3542 cavere.
1594 3511 1703 3549 Ulpian.
1713 3512 1741 3539 in
1755 3511 1771 3540 l.
1784 3512 1812 3541 Si
1823 3512 1890 3542 duo.
1902 3513 1923 3549 §.
1937 3513 2172 3550 Siquisjuraverit.
2188 3516 2221 3546 D.
2236 3517 2398 3553 dejurejur.

1292 3551 1321 3580 Si
1336 3551 1397 3587 quis
1409 3551 1539 3586 juraverit
1550 3549 1704 3579 vendidisse
1712 3557 1757 3577 nie
1767 3550 1792 3577 ei
1805 3559 1863 3579 rem
1876 3557 1988 3580 centuni
2001 3561 2008 3579 τ
2032 3561 2067 3581 ex
2079 3562 2175 3590 empto
2188 3564 2267 3592 agere
2276 3557 2398 3593 poterit,

1290 3594 1326 3617 ut
1336 3589 1464 3618 eicetcra
1472 3588 1633 3625 praestentur
1642 3609 1649 3621 ‚
1671 3587 1699 3615 id
1712 3586 1750 3615 est
1761 3587 1934 3616 res-tradatur
1945 3611 1953 3623 ‚
1974 3591 2001 3618 <Sc
2011 3589 2046 3618 de
2062 3592 2202 3622 evictione
2213 3600 2350 3623 caveatur.

1270 3625 1315 3655 De
1325 3626 1397 3655 sacro
1409 3626 1465 3655 suo.
1492 3625 1590 3654 Paulus
1601 3626 1630 3653 in
1641 3624 1658 3653 1.
1673 3625 1713 3653 De
1724 3631 1781 3653 tuo.
1803 3624 1838 3654 D.
1852 3625 1978 3656 Mandat.
1995 3626 2038 3656 vel
2053 3635 2142 3659 contr.

1273 3663 1316 3693 De
1324 3674 1354 3693 re
1365 3663 1456 3700 aliqua
1469 3665 1495 3692 ἃ
1506 3663 1691 3699 chirographo
1701 3671 1807 3691 cavere.
1829 3662 1902 3692 Suet.
1917 3664 2002 3702 (Jiilig.
2014 3675 2057 3694 12.

1267 3701 1378 3731 'Cavete
1395 3701 1443 3730 sibi
1459 3700 1563 3736 aliquid
1574 3700 1641 3728 dari.
1686 3699 1796 3736 ulpian.
1813 3700 1832 3729 l.
1855 3701 1882 3729 Si
1904 3703 2110 3734 remunerandi.
2131 3705 2153 3742 §.
2177 3705 2281 3736 Marius
2299 3707 2397 3737 Paulus

1286 3740 1413 3776 quidam.
1439 3738 1472 3767 D.
1495 3738 1620 3766 Mandat.
1644 3737 1735 3780 Etsub
1746 3739 1863 3767 nomine
1872 3739 1983 3769 alterius
1995 3750 2029 3770 ex
2042 3750 2145 3772 eventu
2158 3743 2213 3773 litis
2228 3753 2335 3774 caverat
2347 3746 2397 3774 fibi

1289 3784 1396 3806 certam
1407 3776 1591 3812 quantitatem
1605 3797 1612 3809 ‚
1633 3776 1685 3804 διε.
1707 3785 1725 3803 1.
1740 3785 1766 3804 e.
1789 3775 1886 3806 Paetus
1898 3777 1994 3808 suerat.
2037 3779 2071 3809 Et
2083 3790 2147 3810 cum
2165 3781 2224 3811 Fut.
2248 3782 2326 3811 insin.
2351 3783 2398 3812 Ul-

1290 3813 1456 3852 pianusinl.
1479 3813 1570 3848 Siquis
1582 3822 1598 3840 a
1613 3812 1716 3853 multis.
1740 3812 1772 3842 D.
1794 3813 1829 3842 de
1849 3812 1949 3845 Noxal.
1962 3817 2065 3847 ac'lion.
2086 3819 2116 3848 Si
2132 3820 2246 3848 cuidem
2261 3830 2331 3850 unus
2349 3831 2396 3849 oc-

1286 3851 1434 3889 cupaverit
1444 3872 1451 3883 ‚
1473 3860 1507 3878 an
1514 3849 1618 3878 melior
1629 3849 1659 3878 sit
1666 3860 1727 3885 ejus
1738 3852 1865 3881 conditio
1877 3874 1885 3888 ‚
1908 3860 1937 3882 ut
1951 3854 1998 3892 ipsi
2008 3855 2057 3884 soli
2067 3847 2201 3885 dedaiur:
2225 3867 2257 3885 ari
2274 3868 2338 3887 vero
2350 3858 2395 3887 vel

1287 3888 1494 3920 omnibusdedi
1505 3888 1604 3916 debeat
1614 3909 1622 3921 ⁷
1640 3888 1686 3916 vel
1694 3897 1791 3918 cavere
1804 3889 1915 3926 debeat,
1929 3891 2073 3922 defensum
2085 3895 2118 3923 iri
2127 3894 2254 3924 adversus
2264 3896 2390 3924 ceteros-‘3

1267 3926 1390 3962 Cavete,
1411 3935 1462 3964 pro
1475 3925 1645 3956 Cautionem
1656 3927 1778 3996 exigeffii.
1821 3927 1930 3966 Ulpian.
1947 3931 1976 3959 in
1988 3930 2007 3960 l.
2029 3931 2116 3968 Quod
2137 3932 2172 3963 ad
2187 3933 2334 3962 haeredem.
2356 3933 2390 3962 D.

1778 3974 1807 3996 m
1817 3975 1846 3996 m
1866 3976 1883 3996 2
2355 3971 2392 4000 de
