2600 4177
467 101 497 136 C
594 101 622 136 E
716 101 750 137 D

69 182 175 212 Cedere
185 183 293 213 honore
306 183 332 213 &
343 181 461 212 nomine
470 182 518 212 suo
528 181 616 213 alteri.
639 181 708 212 Plin.
722 183 751 213 in
761 182 860 221 Paneg.
871 194 932 224 cap.
947 194 993 222 94.

69 221 157 250 Hosti.
179 222 226 251 Sil.
239 221 286 250 lib.
304 231 345 255 ¹5-
357 230 421 256 745.
503 220 683 250 —cohibete
693 221 807 259 fugam,
828 223 874 251 cui
884 224 1010 254 cedimus
1019 221 1090 253 hosti
1098 225 1112 253 ‘2

71 258 227 288 insolentiae
239 258 364 292 alicuius.
389 258 456 287 Hor.
470 257 559 295 Epod.
575 267 615 295 17.
630 268 675 295 7ς.
953 295 954 298 ¹

70 295 258 325 Interceffioni
269 296 387 330 cedere,
408 295 425 324 i.
441 304 465 324 e.
489 295 555 324 Non
566 296 636 326 ultra
645 296 817 334 procedere:
839 298 865 327 61
883 299 960 335 quod
980 297 1084 335 vulgari
1100 297 1195 335 lingua

89 333 207 367 dicitur7
231 333 361 362 Desistere
381 331 415 361 ab
430 333 615 370 oppositione.
649 334 747 370 Sicut,
770 334 878 365 Cedere
915 336 1106 371 revocationi,
1127 336 1145 365 i.
1167 344 1193 365 e.

88 370 256 407 Relinquere
273 369 499 407 appellationem.
543 371 628 414 Item,
656 371 769 402 Sublata
783 346 996 410 intercessione,
1025 373 1102 412 quod
1117 382 1195 402 nunc

87 408 207 437 dicimus
218 429 227 443 ‚
249 408 313 437 Non
326 407 451 436 obstante
462 408 646 446 oppositione.
688 409 730 440 Ex
737 410 850 441 Budaeo.

67 445 116 475 Irae
129 446 239 475 cedere.
262 445 319 475 Cic.
335 455 359 474 2·
371 443 428 474 Off.
444 451 485 479 18.

69 483 189 521 Legibus
200 483 309 512 cedere.
347 482 405 512 Cic.
417 493 467 521 pro
478 483 578 513 Milon.
597 487 642 520 64.
663 484 784 515 Cederet
801 496 823 516 ae
846 496 883 517 uo
900 485 1136 525 animo-legibus,
1156 484 1196 515 se-

88 531 153 550 cum
169 521 287 550 auferret
303 520 419 556 gloriam
436 520 643 559 sempiternam.
684 523 806 553 Cederet
826 496 939 562 iegibus
951 547 959 560 ‚
981 525 999 554 i.
1012 534 1038 554 e.
1058 524 1196 561 Quamvis

88 558 307 588 commendabili
319 558 444 588 facinore
453 559 547 595 edito.
569 560 685 589 exilium
696 567 791 590 tamen
801 562 849 591 fibi
860 562 1053 599 conscisceret,
1073 572 1110 593 ne
1120 562 1197 600 leges

89 596 193 626 violare
200 596 271 625 velle
281 595 422 626 videretur
429 596 447 625 fi
457 597 485 625 in
496 597 564 627 urbe
573 604 708 627 maneret.
731 598 860 630 Budaeus.

69 634 152 665 Malis
164 634 265 663 cedere
275 656 282 669 ‚
305 634 384 663 Vinci
394 633 473 663 malis
483 657 491 669 ‚
512 635 601 674 frangi
613 636 693 665 rebus
703 636 829 667 adversis.
852 638 926 677 Virg.
939 642 965 669 6.
978 639 1042 670 ffin.
1054 647 1100 675 95.

160 671 205 701 Tu
216 681 253 701 ne
261 671 331 701 cede
341 672 434 702 malis:
457 672 505 702 sed
518 680 616 703 contra
625 674 773 703 audentior
785 674 834 705 ito.

67 708 151 741 Malis
164 710 276 739 alterius
286 710 394 739 cedere.
437 710 570 741 Alcmena
581 711 753 741 miseriarum
765 711 873 743 suarum
884 714 1096 752 comparatione
1104 736 1112 750 ‚
1132 713 1198 743 bea-

87 755 128 777 tas
145 747 198 777 esse
214 748 281 777 alias
300 747 411 777 miseras
428 755 528 778 matres
545 749 667 778 ostendit
685 750 761 787 apud
773 750 837 781 Seri.
853 752 944 782 OEth.
957 762 1000 789 14.
1022 752 1066 782 his
1086 752 1196 787 verbis,

88 786 186 815 Cedite
195 785 236 816 his
245 787 354 814 cunetae
364 785 453 816 malis.
476 786 526 816 His
536 787 615 816 malis
627 809 635 822 ‚
657 787 675 817 i.
695 798 720 817 e.
743 787 826 819 Meis.

69 823 166 859 oneri,
179 823 222 853 vel
232 823 349 852 Ponderi
359 824 477 860 cedere3
500 825 518 854 i.
529 835 553 854 e.
575 825 772 861 Succumbere,
785 836 844 856 non
855 827 985 865 perferre.
1007 826 1075 857 Plin.
1090 825 1138 858 lib.
1150 829 1194 857 ¹6.

87 861 370 899 cap.42.Robur‚olea
380 862 559 893 incurvantur
566 863 725 900 ceduntque
736 865 1043 902 ponderi.Quintil.lib.
1053 875 1158 903 io.cap.
1170 875 1195 895 1.

68 899 179 936 Operae.
202 899 322 936 Quintil.
334 899 382 929 lib.
393 909 419 929 2.
430 910 493 938 cap.
509 910 532 930 i.
555 900 626 937 Quae
637 901 705 930 dum
717 911 810 939 operae
822 903 899 932 cedit
910 925 918 938 ‚
939 907 995 939 jam
1005 913 1085 942 paene
1097 902 1197 941 poss‘es·

88 937 163 966 sione
173 936 288 976 depulsa
298 938 355 968 est:
377 938 395 967 i.
404 947 428 967 e.
449 938 525 968 Dum
533 948 636 968 munus
645 938 724 969 suum
736 941 762 970 &
773 940 896 970 officium
908 941 1050 971 detrectat.
1065 941 1194 971 Budaeus.

67 973 202 1005 Periculo.
244 975 313 1005 Plin.
327 976 408 1014 Epist.
421 979 483 1012 136.
505 976 646 1006 Postremo
655 977 762 1007 nullam
775 988 876 1008 vocem
896 980 1047 1009 cedentem
1067 978 1195 1018 periculo

87 1013 184 1042 emifit.
205 1013 222 1042 i.
241 1023 265 1042 e.
289 1013 353 1050 Qua
361 1013 502 1043 videretur
514 1013 587 1044 velle
599 1014 757 1053 periculum
770 1017 867 1046 vitare.

68 1050 198 1081 Precibus
207 1050 334 1088 aliquus.
372 1051 430 1081 Cic.
444 1051 479 1081 ad
491 1052 564 1082 Brut.
579 1062 621 1082 12.
644 1053 742 1090 Quum
761 1055 849 1084 multa
867 1060 981 1093 propter
998 1064 1060 1085 eam
1082 1063 1195 1091 curam,

85 1099 168 1126 quam
184 1099 236 1127 pro
257 1089 378 1127 Republ.
398 1089 522 1128 suscepi,
544 1091 662 1129 graviter
680 1091 800 1122 ferrem:
829 1099 889 1122 tum
906 1093 977 1122 nihil
997 1093 1049 1123 tuli
1068 1092 1195 1130 gravius,

85 1136 169 1164 quam
179 1136 225 1156 me
236 1136 293 1156 non
302 1127 378 1166 poffe
389 1128 484 1158 matris
495 1137 548 1159 tuae
558 1129 689 1168 precibus
700 1129 812 1161 cedere.
843 1131 871 1160 h.
881 1140 906 1160 e.
931 1131 1147 1170 Obtemperare.

29 1196 36 1199 .
67 1162 218 1203 Religioni.
242 1165 300 1195 Cic.
316 1176 340 1195 1.
354 1166 429 1196 Fam.
445 1175 469 1196 1.

16 1210 18 1237 ζ
68 1203 211 1233 Remediis
221 1204 321 1234 cedere
331 1204 447 1234 morbus
457 1204 561 1235 dicitur
570 1214 586 1234 a
597 1203 678 1236 Celso
689 1227 698 1241 ,
720 1205 835 1243 quando
853 1206 974 1237 vincitur
985 1208 1012 1238 &
1023 1211 1194 1246 percuratur.

89 1241 215 1271 Budaeus.

69 1279 257 1317 Repugnanti.
284 1279 368 1309 Ovid.
383 1289 409 1310 2.
419 1280 455 1310 de
469 1280 534 1310 Arte
545 1281 603 1310 Am.
617 1289 679 1317 197.

67 1318 169 1354 Spatiis
179 1317 282 1347 cedere
292 1339 299 1351 ,
322 1318 455 1356 significat
465 1317 570 1348 Locum
582 1319 666 1348 alicui
677 1318 743 1349 dare
752 1319 830 1355 juxta
845 1326 872 1350 te
886 1320 931 1350 vel
944 1321 1023 1350 eunti
1032 1319 1077 1351 vel
1087 1329 1199 1351 accum-

87 1355 165 1385 benti
175 1377 183 1389 ‚
203 1356 279 1393 quod
290 1355 405 1386 honoris
415 1357 500 1393 gratia
510 1356 569 1386 fleri
581 1357 660 1387 solet.
683 1356 781 1387 Claud.
796 1367 820 1387 1.
834 1359 864 1387 in
879 1369 902 1388 1.
914 1358 996 1388 Coris.
1009 1358 1117 1389 Stilich.
1130 1363 1177 1394 48.

66 1391 239 1432 Tempestati
253 1394 362 1424 cedere.
404 1394 480 1425 Suet.
492 1394 558 1425 Caes.
573 1401 616 1432 58.
651 1396 705 1425 Aut
725 1395 941 1433 gubernatorem
963 1397 1064 1427 cedere
1078 1395 1198 1427 adversae

86 1431 342 1470 tempestatipaffus
354 1432 401 1462 est.

67 1468 213 1508 Tempori.
235 1469 295 1499 Cic.
311 1479 334 1506 3.
347 1470 383 1499 de
394 1469 488 1508 Legib.
498 1481 525 1506 4.
547 1470 647 1508 Neque
660 1470 744 1501 nobis
757 1471 879 1501 cumilla
887 1478 948 1502 tum
962 1473 1038 1510 peste
1053 1478 1198 1503 certamen

85 1508 158 1543 fuit,
179 1507 227 1538 sed
241 1517 306 1538 cum
318 1508 474 1545 gravissimo
484 1508 564 1547 Reip.
576 1516 721 1548 tempore:
743 1510 789 1539 cui
800 1510 818 1539 sn
832 1520 891 1540 non
906 1510 1049 1547 cessissem,
1070 1520 1129 1541 nori
1137 1511 1200 1540 diu-

87 1553 201 1576 turnum
212 1545 343 1576 beneficii
355 1547 410 1575 mei
423 1547 512 1584 patria
521 1547 643 1578 frustum
651 1546 764 1578 tulisset.
795 1548 883 1586 Quod
895 1549 1001 1579 barbari
1012 1549 1114 1580 dicunt
1122 1570 1131 1586 ‚
1151 1548 1171 1579 F
1173 1558 1200 1578 a-

88 1594 150 1614 cere
162 1583 316 1614 secundum
330 1590 450 1622 tempus.

16 1627 17 1638 ¹
68 1621 178 1652 Timori
188 1644 196 1657 ‚
216 1622 366 1652 Timidum
376 1621 430 1652 effe
443 1645 451 1659 ,
472 1621 544 1652 affici
554 1629 642 1654 metu.
663 1622 752 1653 Valet.
764 1623 838 1654 Flac.
852 1629 878 1659 8.
889 1626 989 1662 Argon.
1001 1627 1066 1662 436.

70 1660 150 1690 Cedo
161 1660 211 1690 tibi
223 1660 414 1690 conductione
425 1682 433 1695 .,
455 1660 589 1705 fignificat
598 1683 607 1698 ‚
628 1661 678 1691 Per
688 1660 821 1698 1110Ιί0οε,
841 1668 873 1692 ut
887 1664 964 1699 quod
974 1662 1135 1693 faciendum
1145 1660 1201 1691 sus-

52 1718 54 1721 ·
88 1699 175 1737 cepi,
195 1703 226 1728 tu
237 1699 400 1729 faciendum
414 1698 561 1737 suscipias:
581 1700 713 1738 quiajam
732 1700 955 1731 conductionem
971 1701 1090 1731 locatori
1107 1700 1201 1739 operis

88 1737 256 1767 renuntiavi.
281 1737 320 1766 Ex
333 1736 445 1767 Budaeo.

68 1774 154 1805 Bonis
165 1774 266 1805 cedere
276 1796 285 1810 ‚
306 1774 455 1805 Discedere
466 1785 482 1804 a
495 1774 578 1805 bonis
587 1797 595 1811 ‚
617 1776 643 1805 &
654 1775 789 1814 quicquid
804 1776 928 1807 nostrum
936 1783 1004 1814 erat,
1024 1776 1133 1807 tradere
1143 1785 1201 1806 cre-

89 1813 189 1843 ditori}
204 1812 306 1843 Perott.
324 1812 444 1850 Quintil.
462 1812 510 1843 lib.
525 1817 552 1843 6.
565 1823 627 1852 cap.
641 1823 664 1843 1.

70 1850 264 1881 Creditoribus
272 1851 372 1881 cedere
381 1850 454 1881 villa.
476 1851 552 1882 Suet.
565 1851 602 1881 de
615 1851 686 1881 Clar.
701 1851 823 1883 Gramm.
835 1862 897 1890 cap.
913 1862 955 1883 11.

70 1888 91 1919 F
90 1899 144 1956 foro
156 1890 182 1920 &
196 1890 272 1934 curia
284 1889 386 1957 cegdere
396 1888 487 1920 alicui.
528 1889 586 1919 Cic.
595 1890 631 1919 ad
641 1889 739 1920 octav.
757 1900 784 1922 2.
817 1891 924 1921 Cedam
937 1891 989 1921 tibi
1006 1891 1037 1921 in
1055 1890 1201 1930 praesentia

102 1936 152 1956 oro
166 1949 174 1962 ,
196 1937 289 1963 curia,
334 1937 358 1958 c.

69 1964 142 1996 Foro
154 1966 273 2001 cedere,
293 1975 353 1995 non
363 1964 438 1995 aliud
449 1964 503 1995 effe
515 1964 645 2001 videtur,
666 1975 750 2004 quam
770 1966 841 1998 AEris
856 1966 942 1997 alieni
960 1966 1038 1997 causa
1055 1967 1085 1996 in
1106 1967 1199 1996 forum

89 2012 147 2032 non
159 2004 295 2033 ventitare
306 2025 315 2039 ‚
336 2005 362 2033 &
371 2003 558 2033 creditoribus
568 2013 628 2033 non
637 2003 744 2034 solvere
754 2027 762 2041 ‚
785 2005 861 2042 quod
874 2014 961 2042 genus
977 2005 1108 2035 ceffionis
1128 2011 1198 2036 erat.

58 2055 62 2059 «
88 2040 184 2078 Itaque
196 2042 269 2070 inter
280 2041 432 2071 creditores
446 2041 520 2072 bona
530 2041 737 2072 dividebantur.
758 2043 856 2073 Senec.
873 2044 909 2073 de
919 2042 1093 2080 Benef.4.39.
1107 2043 1142 2073 Et
1153 2053 1202 2081 ap-

111 2079 194 2109 ellare
205 2079 363 2109 debitorem
374 2080 409 2108 ad
420 2080 496 2109 diem
506 2079 615 2118 possum
624 2103 632 2115 ‚
653 2082 678 2110 &
690 2081 708 2110 si
724 2081 784 2110 foro
794 2081 913 2117 cesserit,
925 2082 1087 2120 portionem
1102 2081 1199 2110 feram.

90 2089 122 2147 i’d
133 2123 227 2147 tamen
238 2118 273 2147 de
284 2118 450 2155 Argentariis
460 2119 602 2162 praecipue
612 2119 668 2148 dici
676 2118 791 2155 solebat,
805 2119 853 2156 qui
866 2120 988 2150 mensam
999 2121 1029 2149 in
1043 2120 1105 2149 foro
1118 2119 1203 2148 habe-

65 2181 76 2185 -
90 2155 165 2185 bant.
189 2155 363 2193 Ulpianusin
375 2156 393 2185 1.
414 2156 443 2186 81
455 2156 610 2186 hominem.
625 2157 646 2194 §.
662 2157 792 2194 Quoties.
806 2157 839 2187 D.
853 2157 986 2196 Depoiiti‚
1007 2158 1127 2195 Quoties
1139 2157 1202 2187 foro

95 2194 203 2223 cedunt
216 2193 409 2229 nummularii,
431 2193 500 2224 solet
508 2195 600 2232 primo
614 2194 679 2224 loco
689 2196 759 2225 ratio
771 2195 868 2226 haberi
880 2196 1119 2235 depositariorum.

71 2231 236 2263 Posseffione
244 2232 354 2262 cedere.
393 2231 451 2262 Liv.
465 2241 511 2268 24.
521 2242 568 2262 22.
589 2232 683 2263 Facile
690 2233 754 2270 effe,
767 2242 914 2264 momento
923 2244 978 2272 quo
991 2234 1052 2273 quis
1064 2234 1140 2271 velit,
1156 2243 1202 2265 ce-

91 2270 158 2299 dere
169 2269 334 2308 posseffione
348 2279 455 2308 magnae
465 2270 592 2301 fortunae.

62 2307 169 2339 Nescit
179 2317 257 2338 amor
268 2307 362 2346 priscis
371 2309 473 2338 cedere
482 2308 661 2347 imaginibus.
698 2308 822 2353 Propert.
838 2309 889 2341 lib.
905 2320 929 2341 1.
943 2321 966 2348 ς.
978 2319 1023 2348 24.
1042 2310 1062 2341 i.
1075 2320 1100 2341 e.
1118 2311 1202 2341 Amor

90 2355 191 2376 omnes
201 2346 312 2382 superat
322 2368 332 2381 ,
353 2345 409 2376 fine
420 2346 477 2376 ulla
486 2347 656 2385 exceptione
666 2347 830 2378 nobilitatis.

73 2384 157 2416 Malis
168 2384 246 2414 cessit
257 2384 413 2414 consilium.
452 2385 566 2421 Ovid.3.
578 2385 613 2415 de
624 2385 701 2416 Pont.
715 2389 742 2416 6.
756 2391 802 2422 48.
824 2386 843 2416 1.
859 2395 884 2417 e.
907 2385 1016 2423 majora
1026 2393 1106 2417 erant
1115 2388 1200 2425 mala,

92 2432 176 2460 quam
184 2430 216 2452 ut
225 2422 342 2452 consilio
353 2423 450 2452 evitari
459 2423 621 2461 potuissent.

74 2460 140 2491 Dies
156 2461 256 2491 cedere
266 2461 383 2496 dicitur,
405 2461 530 2498 Quando
545 2461 647 2500 incipit
658 2461 753 2491 deberi
766 2462 907 2500 pecunia,
928 2463 1041 2493 auftore
1058 2463 1094 2493 Ul
1116 2463 1199 2494 iano:

93 2499 200 2529 Cedere
217 2499 293 2528 diem
307 2521 315 2535 ‚
336 2498 444 2536 inquit,
472 2499 606 2537 fignificat
627 2500 754 2537 incipere
782 2500 877 2530 deberi
900 2502 1067 2538 pecuniam:
1123 2503 1201 2533 enire

92 2537 168 2567 diem
179 2536 312 2575 significat
321 2546 387 2566 eum
396 2537 603 2573 diemveniffe‚
625 2548 681 2574 quo
703 2539 825 2576 pecunia
846 2539 906 2577 peti
927 2538 1019 2577 poffit.
1060 2540 1113 2570 Ubi
1132 2551 1202 2578 pure

93 2576 153 2612 quis
165 2575 308 2614 stipulatus
318 2574 422 2611 fuerit,
443 2577 470 2605 ἀ
482 2575 570 2611 cellit,
593 2577 619 2606 ἃ
634 2576 712 2605 venit
726 2577 796 2606 dies.
818 2576 873 2606 Ubi
885 2578 915 2606 in
925 2578 1000 2606 diem
1013 2599 1022 2613 ‚
1043 2578 1120 2608 cessit
1130 2579 1201 2614 dies,

92 2613 139 2642 sed
159 2614 289 2643 nondum
306 2613 392 2642 venit.
434 2613 488 2643 Ubi
501 2613 550 2643 sub
568 2614 752 2650 conditione,
781 2624 818 2644 ne
838 2625 873 2644 ue
888 2615 984 2650 venit,
1007 2626 1101 2654 neque
1123 2617 1202 2648 cellit

70 2675 72 2678 ,
92 2651 170 2687 dies,
192 2651 335 2689 pendente
347 2651 440 2681 adhuc
452 2652 627 2682 conditione.
648 2652 666 2681 l.
680 2661 744 2688 213.
768 2652 801 2682 D.
846 2662 862 2682 e
879 2653 954 2683 verb.
967 2653 1092 2691 fignific.j

76 2689 142 2720 Dies
152 2690 266 2720 cedunt.
305 2689 364 2718 Cic.
375 2689 412 2718 de
422 2690 532 2720 Senect.
544 2694 590 2727 69.
612 2690 694 2720 Horae
705 2690 820 2728 quidem
829 2691 934 2722 cedunt
946 2693 971 2722 &
982 2693 1043 2722 dies
1052 2714 1061 2729 ‚
1083 2692 1202 2729 menses,

96 2729 122 2757 δι
133 2728 216 2757 anni:
239 2737 292 2757 nec
305 2727 475 2764 praeteritum
485 2736 598 2766 tempus
614 2738 738 2765 unquam
750 2730 910 2759 revertitur:
932 2739 985 2759 nec
997 2731 1065 2768 quid
1075 2731 1204 2769 sequatur

94 2765 157 2796 sciri
170 2765 267 2804 potest.
303 2766 321 2794 i.
338 2776 363 2795 e.
386 2765 463 2796 Licet
477 2776 551 2796 mors
565 2776 624 2795 non
643 2767 768 2802 venerit,
789 2772 884 2797 tamen
905 2768 965 2798 dies
984 2770 1066 2798 mor*
1105 2770 1203 2806 cedit,

94 2804 179 2834 etiam
191 2813 357 2842 quacunque
369 2803 438 2833 hora
449 2805 474 2833 81
483 2804 577 2834 mense
588 2804 675 2834 homo
685 2805 757 2835 mori
765 2806 856 2843 potest
867 2827 875 2842 ,
896 2808 923 2837 81
936 2775 1117 2845 10100υέ3ῐὶ
1135 2807 1204 2838 sem-

95 2852 144 2879 per
155 2842 284 2880 procedit
297 2843 324 2871 &
335 2842 425 2871 instat.
457 2842 495 2871 Ex
506 2842 618 2873 Budaeo.

20 2895 21 2901 .
78 2879 156 2911 Curae
167 2880 281 2910 cedunt.
303 2880 370 2909 Stat.
387 2890 410 2910 1.
421 2880 486 2910 Silv.
500 2890 526 2910 2.
540 2884 584 2910 26.

269 2933 307 2939 --
317 2918 420 2948 cedant
428 2928 556 2956 curaeque
569 2916 723 2956 metusque.

78 2955 193 2987 Fiducia
202 2965 260 2985 non
272 2955 349 2986 cessit
359 2955 409 2986 illi.
432 2956 504 2995 Virg.
516 2967 542 2993 9.
552 2956 613 2986 AEn.
629 2961 690 2986 126.
722 2957 750 2987 h.
765 2966 790 2987 e.
812 2957 879 2988 Non
892 2957 1009 2989 recessit.

21 2999 22 3004 ¹
77 2995 192 3025 Fiducia
203 2994 280 3023 cessit
289 2996 393 3024 animo.
417 2995 486 3024 Stat.
499 3001 526 3030 8.
538 2994 630 3024 Theb.
645 3003 707 3031 53¹-

77 3032 197 3063 Fortuna
206 3033 282 3062 cedit
294 3032 419 3070 sapienti.
443 3033 501 3063 Cic.
513 3033 543 3062 in
553 3033 648 3062 Parad.
664 3043 687 3068 ς.
710 3032 762 3063 Cui
772 3033 887 3071 quidem
898 3033 984 3064 etiarn
1005 3034 1079 3071 (quae
1089 3034 1147 3066 vim
1158 3036 1205 3066 ha-

97 3071 161 3101 bere
170 3071 322 3101 maximam
330 3071 446 3107 dicitur)
466 3071 577 3101 fortuna
587 3070 644 3109 ipsa
654 3071 739 3101 cedit.
778 3072 821 3102 De
830 3071 955 3110 sapiente
965 3072 1099 3110 loquitur.

22 3143 24 3153 Ι
78 3108 164 3140 Furor
172 3108 286 3139 ceffit&
296 3110 411 3146 quievit.
438 3109 508 3146 Virg.
520 3113 547 3139 6.
561 3109 623 3139 AEn.
640 3119 702 3139 102.

158 3147 195 3177 Ut
205 3148 326 3185 primum
336 3146 495 3177 ceffitfuror
505 3170 514 3183 ‚
536 3149 563 3178 &
571 3147 668 3177 rabida
678 3157 726 3177 ora
735 3148 877 3185 quierunt.

78 3184 164 3216 Furor
175 3195 235 3215 non
247 3185 329 3214 cedat
338 3186 484 3215 exanimo.
504 3186 569 3216 Seri.
586 3186 670 3215 Herc.
687 3186 739 3216 fur.
752 3189 779 3216 6.

79 3223 231 3254 Haereditas
240 3224 317 3252 cedit
325 3223 418 3253 alicui.
440 3223 514 3261 Virg.
527 3232 553 3260 3.
563 3224 625 3254 AEn.
637 3232 700 3261 333.

78 3261 176 3292 Honos
187 3261 365 3299 imperfedtus
374 3262 493 3291 deorum
503 3261 590 3292 cellit.
612 3262 661 3292 Sil.
672 3261 722 3292 lib.
737 3271 780 3298 1ς.

21 3324 27 3338 ,Ι
79 3299 196 3330 Lumina
208 3300 315 3329 cedunt
325 3299 442 3336 somn0‚
463 3300 481 3329 i.
494 3309 520 3330 e.
541 3299 672 3330 Asomno
683 3300 759 3330 oculi
777 3299 939 3330 vincuntur.
962 3298 1062 3330 Claud.
1073 3300 1103 3331 in
1116 3299 1204 3333 Laud.

99 3339 193 3368 Seren.
211 3347 256 3373 91.

80 3374 139 3406 Lux
148 3375 269 3406 candida
278 3374 357 3405 cellit
369 3375 500 3406 nubibus.
523 3375 592 3406 Stat.
610 3384 635 3413 3.
656 3375 722 3407 Silv.
744 3384 768 3405 1.
780 3383 826 3412 71.

81 3413 163 3446 Mens
173 3415 243 3444 duro
254 3423 396 3451 nunquam
408 3413 513 3443 cessura
521 3413 617 3444 labori.
642 3413 741 3443 Claud.
757 3423 780 3442 1.
794 3414 823 3442 111
834 3411 909 3442 Ruff.
924 3415 987 3449 326.

81 3451 176 3484 Mores
187 3453 269 3482 rebus
280 3452 382 3481 cessere
395 3451 532 3482 secundis.
568 3452 588 3482 i.
600 3462 624 3483 e.
648 3452 720 3482 Cum
741 3451 852 3481 fortuna
872 3450 940 3481 borii
958 3460 1052 3482 mores
1068 3452 1209 3485 immutati

101 3490 171 3520 sunt.
194 3490 295 3519 Lucan.
309 3489 357 3519 lib.
375 3500 397 3520 1.
413 3494 475 3520 161.

27 3571 28 3576 1
81 3526 185 3558 Natura
194 3528 293 3563 ceffit,
315 3528 423 3558 Mutata
433 3528 480 3558 est.
500 3527 566 3557 Seri.
580 3526 672 3557 OEth.
685 3529 767 3564 v.46.

161 3566 265 3596 Natura
275 3565 371 3596 cellit:
392 3573 465 3596 terra
475 3565 579 3596 defecit
593 3566 720 3603 gradum.

83 3602 199 3634 Potestas
209 3603 292 3633 alicui
303 3604 404 3634 cedere
415 3604 521 3634 dicitur
529 3625 538 3640 ‚
558 3603 655 3640 Quum
665 3603 704 3633 est
711 3602 785 3633 sorte
793 3606 841 3632 aut
850 3601 1013 3634 haereditate
1026 3603 1098 3635 data.
1122 3604 1206 3637 Ovid.

103 3653 129 3678 ⁴⁸
143 3643 211 3672 met,
228 3651 291 3678 53²·
355 3694 393 3701 —
402 3679 419 3709 ὀ
429 3689 536 3709 1111111011
548 3688 683 3717 aquarum
692 3700 701 3714 ‚

175 3716 303 3747 Proxima
312 3717 358 3747 cui
367 3717 436 3747 caelo
445 3717 532 3753 cessit,
556 3718 699 3755 Neptune,
727 3716 856 3754 potestas.

65 3784 71 3793 ,
84 3752 203 3785 Potestas
214 3756 333 3785 cedebat
340 3757 420 3785 vic'ta.
443 3757 460 3785 i.
475 3766 500 3785 e.
524 3755 733 3794 Superabantur
740 3755 813 3784 vires
823 3755 850 3784 &
860 3758 978 3784 conatus
984 3753 1096 3786 illorum
1103 3757 1211 3796 magni.

103 3794 201 3822 tudine
211 3795 313 3831 operis.
337 3794 445 3823 Lucret.
456 3793 504 3823 lib.
521 3804 545 3830 ς.
565 3802 645 3830 1270.

83 3830 176 3861 Praeda
185 3830 268 3860 alicui
279 3833 363 3861 cedit.
387 3832 454 3861 Hor.
464 3841 487 3867 3.
504 3831 594 3861 Carni.
607 3841 652 3861 20.
662 3839 688 3868 7.
1116 3850 1119 3854 -

84 3868 174 3898 Pudor
181 3869 215 3912 ab
225 3878 273 3898 ore
282 3869 359 3899 cessit
369 3891 378 3906 ,
398 3870 417 3899 i.
435 3880 460 3900 e.
482 3869 636 3908 [mpudens
647 3869 735 3899 faetus
749 3867 789 3897 est
799 3889 807 3903 ‚
830 3873 905 3897 caret
915 3868 1092 3900 verecundia.
1115 3869 1205 3902 valer.

83 3906 395 3982 {dzssiidslii‘iizuizzedit
433 3944 492 3974 Cic.
505 3943 618 3980 4.Verr.
632 3953 693 3981 170.
716 3943 754 3973 Ea
771 3949 865 3973 autem
878 3942 1026 3976 foeneratio
1046 3951 1107 3977 erat
1118 3946 1212 3984 hujus.

103 3983 200 4019 modi,
220 3982 335 4019 Judices
347 4005 356 4021 ,
378 3989 408 4014 ut
416 3983 500 4014 etiam
510 3983 557 4014 hic
566 3982 683 4021 quaestus
695 3982 762 4012 huic
773 3981 897 4013 cederet.

1603 101 1888 139 cei)
2347 122 2419 160 469

1284 183 1339 215 Res
1351 184 1436 216 alicui
1449 184 1549 216 cedere
1562 184 1681 221 dicitur,
1718 185 1737 216 i.
1751 196 1774 217 e.
1797 186 1929 218 Fevezrer
1942 192 2105 229 procedere.
2131 193 2204 232 Virg.
2218 202 2259 224 12.
2274 192 2337 224 ffin.
2353 200 2414 231 148.

1573 240 1610 244 —
1621 224 1764 262 Parcaeque
1779 225 1804 255 sii
1819 226 1906 258 ebant

1365 260 1471 291 Cedere
1483 269 1524 290 res
1541 261 1619 291 Latio
1631 284 1639 296 ‚
1661 262 1790 293 Turnum
1808 268 1833 294 oz
1847 275 1893 295 tua
1905 266 2010 296 moenia
2020 268 2087 298 texi.
2184 269 2304 302 Servius.

1283 296 1366 327 Silvae
1377 299 1483 328 cedunt
1492 299 1585 328 alicui.
1609 300 1693 330 Ovid.
1712 311 1736 337 ς.
1750 302 1817 332 Fast.
1832 313 1893 341 373.

1284 334 1412 373 Tempus
1422 337 1507 366 cedit.
1531 337 1642 375 Ulpian.
1655 339 1682 367 in
1698 337 1717 368 l.
1742 340 1770 369 Si
1780 343 1902 372 maritus.
1928 342 1961 373 D.
1975 343 2015 373 Ad
2025 343 2077 381 leg.
2100 343 2203 380 Juliam
2223 345 2258 374 de
2277 345 2364 378 adult.
2391 346 2422 376 Si

1304 374 1807 441 marituspraevenerit,‘accusareque
1821 380 1984 411 instituerit:
2006 388 2134 420 tempora
2151 393 2210 412 non
2222 384 2327 414 cedunt
2336 384 2419 424 patri.

1284 408 1425 440 Vistoriai
1440 412 1459 440 li
1478 412 1564 442 cellit.
1587 413 1659 451 Virg.
1679 424 1720 444 12.
1733 415 1795 445 AEn.
1811 423 1871 452 ¹8³-

1365 448 1480 479 Cefferit
1495 450 1615 480 Ausonio
1627 453 1642 480 li
1660 452 1715 482 fors
1725 455 1841 485 victoria
1850 454 1958 487 Turno.

1284 484 1492 517 Usumfruetum
1504 489 1706 519 cederealicui.
1749 491 1859 530 Ulpian.
1877 495 1904 523 in
1918 495 1935 524 1.
1957 494 1985 525 Si
2006 495 2114 526 mulier.
2138 497 2159 534 §.
2182 497 2237 527 Sed
2257 497 2274 526 fi
2294 497 2422 531 habenti.

1303 522 1338 552 D.
1353 523 1389 552 de
1402 524 1497 561 Legat.
1515 535 1540 562 3.
1562 526 1616 556 Sed
1633 528 1651 556 si
1669 528 1782 559 habenti
1796 531 1848 561 tibi
1859 533 2059 570 proprietatem
2075 556 2082 567 ,
2105 535 2307 566 usumfrudtum
2322 540 2422 569 mortis

1304 560 1384 590 causa
1392 562 1496 592 cessero
1509 584 1517 598 ‚
1539 565 1629 601 potest
1642 566 1698 595 dici
1710 566 1956 601 fideicommittere
1968 581 2013 601 1110
2024 571 2110 610 poffe.

1285 598 1374 628 Undae
1387 599 1526 630 cesserunt
1533 601 1631 646 pitidis
1644 603 1801 635 habitanda·
1812 607 1942 644 piscibus.
1969 609 2054 639 Ovid.
2078 620 2100 640 1.
2116 610 2186 641 Met.
2198 619 2243 648 74.

1285 636 1384 666 Vultus
1395 637 1497 667 cessere
1509 660 1517 673 ,
1534 648 1551 668 i.
1565 649 1590 669 e.
1608 640 1759 679 Perierunt,
1774 645 1881 681 perdita
1892 647 1981 676 forma
1992 648 2038 678 est.
2054 648 2118 679 Sen.
2131 649 2212 680 Herc.
2226 649 2419 690 OEth.v.392.

1380 674 1489 719 Cessere
1499 676 1592 706 vultus
1603 679 1716 715 penitus
1725 702 1733 715 ,
1754 684 1780 711 ἃ
1794 684 1890 721 paedor
1899 684 1985 715 sedet.

1286 711 1395 742 Cedere
1409 718 1495 742 etiam
1506 724 1558 752 pro
1573 714 1699 747 Evenire.
1723 724 1770 753 ut,

1286 749 1417 779 Feliciter
1427 750 1478 780 tibi
1491 751 1582 782 cedat.
1605 753 1689 783 Ovid.
1703 755 1732 784 in
1740 756 1801 786 Ibin
1812 780 1820 792 ,
1836 761 1898 794 561.

1286 787 1364 818 Male
1378 788 1479 818 cedere
1491 799 1533 819 res
1544 790 1647 820 dicitur
1659 814 1667 827 ‚
1689 792 1760 829 Quae
1771 795 1913 827 infelicem
1924 798 2031 829 exitum
2046 798 2173 838 sortitur,
2194 802 2221 833 &
2235 808 2302 833 voto
2322 803 2417 836 nostro

1307 835 1366 854 non
1377 826 1604 863 respondentem.
1628 829 1696 859 Hor.
1708 840 1732 860 2.
1746 832 1833 863 Serm.
1852 840 1933 871 1·⁶5·
1949 836 1984 866 de
1993 837 2111 869 Lucilio.

1287 862 1365 893 Male
1374 864 1488 894 cesserat
1496 864 1547 895 illi.
1572 866 1658 897 Ovid.
1673 877 1715 898 10.
1733 869 1803 900 Met.
1815 876 1862 905 80.

1286 900 1386 946 Parum
1398 903 1625 934 ceduntinfidiae.
1665 905 1757 937 Tacit.
1769 918 1795 944 4.
1808 908 1877 939 Hist.
1892 913 1935 941 16.
1958 911 2012 942 Ubi
2026 912 2131 944 infidiae
2148 925 2245 953 parum
2255 916 2367 955 cessere,
2383 919 2420 950 ad

1307 949 1364 969 vim
1376 940 1556 978 transgressus
1567 964 1575 977 ‚
1595 944 1648 972 Sec.

1287 976 1360 1008 Voto
1369 988 1412 1008 res
1422 978 1638 1023 cedere-dicitur
1649 1003 1657 1016 ‚
1679 981 1750 1019 Quae
1760 988 1827 1013 voto
1834 984 1993 1023 respondet.
2016 988 2101 1020 Ovid.
2113 990 2148 1020 de
2156 990 2236 1024 Rem.
2248 994 2339 1025 Amor.
2353 999 2417 1034 ς63.

1380 1016 1473 1046 Durus
1486 1027 1532 1046 cui
1543 1024 1621 1055 pater
1632 1019 1670 1048 est
1679 1042 1687 1055 ‚
1709 1026 1740 1049 ut
1752 1026 1818 1051 voto
1831 1029 1923 1054 cetera
1931 1025 2034 1056 cedant
2045 1048 2054 1063 ,

1419 1054 1494 1085 Huic
1504 1063 1583 1093 pater
1596 1064 1661 1087 ante
1670 1059 1769 1088 oculos
1778 1081 1786 1094 ‚
1805 1061 1857 1090 &c.

1287 1091 1368 1122 Bono
1377 1091 1489 1122 alterius
1498 1094 1599 1137 cedere
1611 1117 1619 1130 ‚
1641 1096 1658 1124 i.
1678 1106 1702 1126 e.
1725 1097 1767 1126 Ad
1786 1098 1846 1134 ejus
1863 1099 2023 1131 utilitatem.
2047 1102 2158 1141 Ulpian.
2173 1104 2201 1134 in
2220 1105 2238 1135 1.
2255 1116 2279 1144 3.
2302 1107 2323 1146 §.
2347 1108 2422 1139 Nec.

1306 1140 1374 1174 non.
1398 1130 1432 1160 D.
1450 1131 1485 1160 de
1497 1141 1526 1160 in
1537 1142 1596 1162 rem
1607 1133 1674 1164 vers.
1715 1134 1815 1173 Neque
1829 1138 1905 1166 enim
1921 1137 2089 1176 spectamus,
2115 1152 2149 1171 an
2162 1142 2236 1173 bono
2249 1146 2356 1175 domini
2367 1147 2425 1177 ces-

1306 1167 1386 1204 serit,
1408 1169 1484 1206 quod
1497 1169 1695 1209 consumptum
1706 1172 1763 1203 est:
1786 1173 1832 1204 sed
1849 1185 1884 1204 an
1906 1176 1934 1205 in
1952 1178 2098 1214 negotium
2116 1180 2234 1212 domini.
2276 1185 2322 1214 Sic
2342 1186 2420 1216 enim

1307 1205 1414 1250 habent
1425 1207 1569 1251 Pandectae
1579 1208 1700 1240 Florent.
1733 1221 1790 1241 non
1803 1234 1811 1248 ‚
1833 1219 1864 1242 ut
1878 1213 2054 1249 Haloander‚
2081 1218 2236 1250 Accefferit.

1288 1243 1379 1274 Lucro
1390 1254 1416 1274 ei
1430 1245 1510 1275 dedit
1520 1256 1552 1290 ea
1565 1256 1617 1276 res.
1658 1248 1797 1287 Pompon.
1816 1251 1845 1279 in
1861 1250 1879 1281 l.
1904 1251 1954 1282 Vel
1967 1253 2119 1285 inutilium.
2142 1256 2176 1286 D.
2196 1258 2231 1288 de
2253 1259 2400 1291 Usufruetu
2413 1284 2422 1298 ,

1308 1284 1335 1312 8(
1346 1283 1477 1319 quemad.
1493 1294 1554 1321 quis
1571 1290 1664 1315 utatur
1676 1308 1684 1321 ,
1706 1287 1743 1316 Ut
1751 1289 1813 1325 post
1823 1288 1968 1320 substituta
1986 1290 2054 1321 fiant
2074 1295 2188 1332 propria
2211 1296 2403 1329 usufructuarii

1309 1330 1345 1349 ne
1356 1321 1436 1350 lucro
1447 1331 1479 1351 ea
1495 1331 1538 1352 res
1554 1323 1637 1352 cedat
1651 1324 1779 1356 domino.
2412 1322 2423 1337 ³

1288 1358 1671 1435 EFpggtzreAqegdzregcgipitur
1681 1373 1723 1393 res
1731 1363 1844 1403 aliqua,
1866 1365 1990 1403 Quando
2009 1367 2086 1399 illius
2106 1369 2305 1406 obliviscimur.
2329 1376 2419 1408 Valer.

1383 1435 1417 1465 Et
1428 1435 1506 1466 labor
1517 1438 1543 1466 &
1555 1437 1653 1467 dulces
1663 1438 1770 1469 cedunt
1784 1450 1800 1470 e
1815 1442 1930 1478 pestore
1940 1442 2008 1473 nati.

1290 1471 1391 1503 Sensus
1403 1473 1541 1504 cesserunt
1552 1476 1675 1513 pediore.
1698 1476 1804 1508 Lucan.
1820 1478 1870 1508 lib.
1886 1490 1909 1515 ς.
1922 1484 1985 1517 760.

1291 1510 1398 1540 Cedere
1410 1511 1475 1541 loco
1485 1513 1588 1542 dicitur
1599 1513 1709 1544 Mutata
1719 1515 1866 1547 sententia.
1886 1517 1959 1556 Virg.
1973 1529 1998 1554 9.
2011 1519 2074 1551 AEn.
2082 1530 2148 1553 220.

1373 1549 1435 1592 Nec
1450 1559 1512 1580 mea
1528 1552 1584 1586 jam
1595 1558 1705 1582 mutata
1714 1552 1779 1583 loco
1792 1554 1929 1586 sententia
1938 1557 2022 1587 cedit.

1291 1585 1415 1616 Cessitin
1426 1589 1617 1632 proverbium.
1654 1590 1721 1620 Plin.
1736 1591 1785 1622 lib.
1800 1602 1916 1632 23.cap.
1934 1604 1957 1624 1.
1991 1596 2038 1625 Sic
2057 1607 2170 1635 quoque
2192 1599 2222 1629 iri
2241 1601 2423 1638 proverbium

1311 1625 1404 1661 cessit,
1426 1626 1675 1664 Sapientiamvino
1686 1628 1856 1661 obumbrari.
1878 1632 1896 1662 i.
1913 1642 1937 1662 e.
1958 1632 1991 1663 In
2003 1635 2185 1673 proverbium
2203 1637 2280 1670 abiit.

1290 1661 1324 1692 In
1335 1663 1438 1693 ducem
1448 1665 1535 1701 gloria
1544 1665 1629 1695 cedit.
1651 1666 1744 1697 Tacit.
1756 1669 1786 1698 in
1801 1670 1891 1707 Agric.
1906 1681 1930 1707 ς.

1289 1700 1428 1731 Inlocum
1439 1702 1634 1741 exemplorum
1647 1705 1758 1735 cedere.
1781 1707 1902 1745 Quintil.
1916 1708 1967 1739 lib.
1983 1719 2007 1746 ς.
2024 1720 2086 1750 cap.
2103 1721 2147 1743 11.

1290 1737 1324 1768 In
1338 1746 1448 1777 partem
1465 1741 1575 1771 cedere.
1598 1741 1719 1779 Quintil.
1735 1744 1783 1774 lib.
1802 1755 1825 1780 3.
1845 1755 1906 1783 cap.
1923 1752 1949 1782 8.

1290 1775 1324 1807 Iri
1348 1776 1476 1807 solatium
1494 1780 1603 1823 cedere:
1642 1780 1733 1825 Tacit.
1745 1791 1770 1811 2.
1784 1783 1911 1821 Hists59.
1942 1785 2055 1817 Nimius
2079 1787 2172 1819 honos
2193 1789 2269 1821 inter
2282 1791 2404 1826 secunda

1330 1815 1412 1845 rebus
1426 1816 1545 1847 adversis
1555 1839 1564 1853 ‚
1592 1827 1622 1846 m
1633 1817 1760 1849 solatium
1769 1821 1854 1851 cessit.
2414 1817 2424 1833 '

1291 1851 1325 1883 In
1336 1854 1427 1883 vicem
1437 1853 1503 1884 fidei
1514 1865 1600 1893 poena
1610 1857 1696 1887 cedit.
1705 1895 1712 1901 0
1737 1857 1795 1902 Liv.
1810 1863 1836 1903 .⁶·
1853 1868 1896 1896 34.
1918 1860 2015 1898 Itaque
2027 1872 2114 1899 quum
2129 1864 2185 1900 jam
2198 1875 2233 1896 ex
2243 1877 2272 1896 re
2281 1868 2353 1898 nihil
2364 1871 2424 1902 dari

1309 1890 1926 1968 Εὲξῖ“’..ῗὲἮέςῇῗῖἵῗὲἓηξᾟῗίἕῗῖεᾶἑῖἒῗ
1944 1900 2261 1972 ²3¹⁶ffi30‘331¹‘52¹³ss⁰{
2276 1905 2425 1940 s⁸⁶⁵f³⁰i²'

1292 1965 1327 1997 In
1338 1951 1418 2012 usuiii
1428 1968 1511 1998 alicui
1524 1969 1624 1999 cedere
1635 1980 1678 2001 res
1691 1971 1794 2002 dicitur
1804 1995 1812 2008 ,
1833 1973 1905 2010 Quae
1925 1948 2092 2007 {orici'ditii‘i
2111 1950 2423 2022 nozisaneosstparfiquam

1291 2015 1329 2073 151³
1332 2006 1542 2083 &figarias
1544 2008 1880 2080 {iissssesplruffcit'fflinff
1883 2022 1923 2085 οξ·
1938 2023 1964 2043 ²·
1984 2015 2072 2044 serm·
2086 2025 2112 2046 ²·
2131 2026 2193 2054 ¹³⁴·

1291 2081 1398 2112 Cedere
1412 2092 1491 2127 pro..⁴
1512 2070 1652 2115 Columeli
1664 2084 1714 2116 lib.
1726 2058 1865 2118 1223Nam
1877 2060 1942 2127 'pris
1959 2088 2148 2128 pulmentario
2162 2094 2247 2125 cedit.
2279 2097 2297 2126 1.
2309 2106 2333 2127 0.
2355 2097 2424 2130 Vice

1312 2119 1492 2157 pulmentarii
1504 2121 1631 2152 habetur.

1291 2157 1343 2187 Pro
1355 2158 1495 2196 stipendio
1506 2159 1615 2190 cedere.
1654 2161 1745 2192 Tacit.
1761 2162 1797 2193 de
1807 2163 1937 2195 Moribus
1948 2164 2079 2197 German.
2093 2178 2136 2204 14.
2173 2170 2247 2201 Nam
2265 2172 2373 2210 epulae,
2399 2176 2427 2206 δι

1310 2205 1471 2240 quanquam
1480 2197 1620 2236 incompti
1629 2221 1636 2235 ‚
1650 2198 1718 2237 largi
1729 2207 1823 2231 tamen
1834 2210 1983 2241 apparatus
1993 2215 2044 2242 pro
2057 2205 2198 2244 stipendio
2209 2211 2322 2240 cedunt.

1293 2233 1409 2264 Cefferit
1423 2245 1522 2279 parum
1536 2243 1637 2281 gratus.
1677 2237 1746 2268 Plin.
1758 2239 1788 2268 in
1803 2240 1900 2278 Paneg.
1913 2251 1975 2279 cap.
1986 2252 2032 2279 43.
2056 2244 2181 2276 Donavit
2190 2256 2270 2286 pater
2280 2256 2345 2279 tuus
2354 2251 2428 2281 mul-

1312 2279 1352 2316 ta:
1376 2274 1403 2303 &
1422 2272 1480 2311 ipse
1491 2274 1609 2318 don-asti.
1630 2275 1738 2306 cefferit
1755 2287 1852 2315 parum
1875 2286 1985 2317 gratus:
2007 2289 2124 2312 manent
2138 2291 2231 2315 tamen
2247 2287 2265 2316 ii
2285 2289 2331 2324 qui
2346 2289 2429 2320 bonis

1311 2320 1371 2345 ejus
1387 2311 1524 2355 fruantur.
1545 2323 1563 2342 1.
1575 2322 1599 2343 e.
1622 2313 1675 2343 Fac
1689 2324 1788 2353 parum
1804 2315 1885 2347 fuisse
1901 2326 2010 2355 gratum
2028 2321 2105 2357 quod
2125 2322 2243 2354 dederit.
2287 2327 2302 2362 [
2312 2326 2428 2358 Cefferit

1312 2348 1436 2394 absolute
1448 2350 1573 2385 dietum,
1594 2361 1646 2390 pro
1657 2352 1718 2382 Vita
1732 2353 1857 2390 cefferit,
1877 2355 2003 2393 ingratus
2013 2357 2043 2387 in
2054 2359 2220 2393 donatorem
2230 2386 2238 2400 ‚
2260 2365 2428 2397 testamento

1313 2394 1494 2425 praeteritum.
1537 2388 1643 2419 Mirum
1654 2389 1751 2421 sudare
1761 2392 1790 2420 in
1802 2392 1857 2422 11οο
1870 2393 1935 2423 1000
1944 2395 2120 2434 interpretes.

1294 2424 1404 2455 Cedere
1416 2448 1425 2461 ‚
1447 2436 1497 2464 pro
1509 2426 1655 2458 Incedere.
1696 2429 1782 2459 Plaut.
1796 2430 1891 2461 Pseud.
1905 2442 1932 2467 4.
1949 2442 1972 2462 1.
1986 2444 2031 2470 45.

1389 2464 1456 2494 Non
1467 2464 1590 2502 prorsus,
1603 2476 1701 2497 verum
1713 2477 1748 2497 ex
1761 2468 1911 2499 transverso
1921 2471 2018 2508 cedit,
2039 2473 2113 2510 quali
2127 2484 2227 2506 cancer
2238 2476 2315 2508 solet.

1295 2501 1423 2538 Cedere,
1441 2512 1492 2547 pro
1503 2503 1624 2534 Censeri.
1665 2505 1765 2535 Paulus
1776 2507 1806 2536 in
1818 2506 1837 2537 1.
1857 2508 1966 2546 penult.
1990 2510 2022 2540 D.
2042 2512 2078 2541 de
2094 2512 2194 2544 Flumi.
2217 2516 2380 2548 Secundum
2392 2520 2428 2549 ri.

1313 2549 1363 2578 pas
1373 2540 1523 2570 fluminum
1535 2541 1598 2572 loca
1607 2551 1666 2571 non
1677 2545 1774 2573 omnia
1783 2545 1897 2582 publica
1915 2547 1994 2583 sunt,
2015 2559 2101 2586 quum
2119 2552 2187 2589 ripae
2198 2554 2301 2584 cedant
2317 2565 2352 2585 ex
2371 2567 2428 2595 quo

1315 2579 1439 2616 primum
1453 2589 1468 2608 a
1480 2579 1566 2616 plano
1578 2590 1691 2618 vergere
1700 2582 1842 2620 incipiunt
1851 2583 1937 2622 usque
1946 2586 1981 2615 ad
1993 2596 2103 2624 aquam.

1294 2615 1399 2660 Legato
1412 2617 1512 2646 cedere
1523 2639 1531 2653 ‚
1553 2628 1604 2656 pro
1616 2619 1836 2658 Comprehendi.
1877 2622 1976 2653 Paulus
1991 2625 2050 2655 inl.
2073 2626 2147 2657 Nam
2162 2629 2245 2665 quod.
2269 2631 2290 2668 §.
2313 2631 2384 2662 Item
2395 2633 2429 2663 fi-

1315 2664 1387 2691 quis.
1410 2655 1444 2684 D.
1454 2655 1490 2684 de
1504 2655 1587 2686 Penu.
1601 2656 1692 2695 legata
1702 2680 1711 2693 ,
1733 2658 1820 2696 Quod
1837 2659 1855 2689 fi
1866 2661 2023 2698 promiscue
2044 2665 2084 2694 uti
2109 2665 2215 2696 solebat
2225 2689 2233 2702 ,
2255 2675 2323 2699 tunc
2340 2680 2427 2708 quan-

1316 2699 1377 2737 tum
1387 2693 1422 2722 ad
1432 2703 1558 2723 annuum
1568 2694 1646 2725 usum
1656 2696 1682 2725 ei
1694 2696 1831 2728 sufficeret
1841 2719 1849 2734 ,
1870 2698 2038 2739 familiaeque
2055 2702 2116 2739 ejus
2127 2725 2134 2739 ‚
2156 2711 2367 2746 ceterorumque
2377 2710 2427 2747 qui

1316 2740 1389 2761 circa
1399 2740 1464 2761 eum
1478 2731 1541 2762 sunt
1552 2754 1560 2768 ‚
1581 2733 1674 2771 legato
1683 2735 1774 2765 cedet.

1296 2769 1422 2805 Ceditur,
1442 2769 1638 2816 impersonale.
1680 2772 1740 2803 Cic.
1754 2783 1778 2803 1.
1790 2772 1874 2805 Tusc.
1886 2785 1910 2811 ς.
1933 2775 1995 2806 Post
2002 2786 2067 2807 vero
2078 2777 2231 2818 Lepidum,
2255 2781 2425 2822 Carbonem,

1315 2808 1456 2838 Gracchos
1468 2817 1476 2852 ᾗ
1498 2809 1601 2839 deinde
1609 2816 1647 2839 ita
1657 2820 1773 2849 magnos
1783 2812 1903 2843 nostram
1913 2814 1948 2844 ad
1957 2821 2068 2846 aetatem
2077 2839 2087 2853 ‚
2108 2824 2139 2848 ut
2148 2829 2206 2849 non
2218 2820 2338 2851 multum
2349 2843 2358 2858 ,
2379 2830 2428 2854 aut

1315 2846 1386 2875 nihil
1399 2856 1517 2876 omnino
1534 2847 1636 2877 Graecis
1647 2849 1802 2880 cederetur.

1297 2883 1420 2915 Cedetur
1427 2884 1479 2914 tibi
1490 2885 1523 2915 ab
1536 2885 1683 2923 omnibus,
1699 2887 1717 2917 i.
1731 2897 1756 2918 e.
1770 2887 1880 2918 Omnes
1890 2889 1941 2919 tibi
1951 2890 2047 2923 locum
2057 2893 2171 2925 dabunt.
2183 2894 2286 2927 Lucan.
2296 2896 2425 2936 lib.r.5r.

1572 2939 1610 2945 —
1620 2924 1671 2954 tibi
1680 2926 1799 2956 numine
1807 2926 1842 2956 ab
1853 2928 1933 2957 omni

1379 2960 1518 2990 Cedetur:
1539 2961 1648 3000 iurique
1659 2970 1708 2993 tuo
1719 2970 1818 2995 natura
1830 2965 1979 3004 relinquet.

1299 2998 1468 3029 Cedendum
1480 2999 1519 3028 est
1528 2999 1618 3030 bellis.
1640 3000 1745 3032 Lucan.
1757 3002 1806 3032 lib.
1820 3013 1844 3039 ς.
1859 3012 1923 3041 743.

1338 3036 1507 3066 Cedendum
1516 3037 1554 3067 est
1564 3038 1652 3069 malis.
1674 3040 1738 3070 Seri.
1749 3040 1853 3071 Troad.
1866 3045 1893 3072 6.

1300 3074 1437 3104 Cedendo
1451 3076 1539 3119 victor
1547 3076 1647 3107 abibis.
1670 3078 1758 3109 Ovid.
1768 3088 1795 3108 2.
1808 3079 1844 3109 de
1855 3080 1919 3110 Arte
1930 3080 1989 3111 Am.
2007 3091 2069 3119 197.

1262 3113 1308 3144 Cn
1318 3123 1335 3156 1?
1345 3122 1408 3157 ¹³.N.⁸
1417 3135 1426 3149 ,
1447 3121 1528 3144 entis.
1553 3116 1712 3153 [ὼτάκωι]
1735 3116 1831 3148 Partic.
1853 3124 1899 3154 ut,
1922 3118 2007 3149 Causa
2027 3130 2085 3149 non
2108 3121 2212 3153 cedens
2233 3124 2319 3162 priori
2331 3147 2339 3161 ‚
2367 3126 2386 3156 i.
2400 3137 2427 3158 e.

1299 3150 1422 3186 Similis,
1444 3161 1521 3189 aeque
1531 3152 1628 3183 efficax
1642 3176 1650 3190 ,
1672 3164 1750 3192 aeque
1761 3155 1835 3185 bona
1849 3166 1882 3186 ac
1892 3157 2046 3195 probanda.
2071 3158 2155 3190 Ovid.
2165 3172 2191 3197 4.
2205 3161 2240 3192 de
2250 3163 2330 3193 Pont.
2345 3174 2370 3201 9.
2382 3176 2427 3203 57.

1393 3189 1484 3219 Altera
1500 3189 1595 3221 laetitia
1610 3192 1664 3228 est,
1686 3203 1741 3223 nec
1748 3194 1852 3224 cedens
1865 3194 1944 3224 causa
1953 3195 2039 3233 priori
2051 3218 2060 3230 ‚
2081 3198 2133 3227 &a

1298 3228 1369 3295 1111113
1389 3228 1520 3296 0οἀῘοἑ1113
1539 3237 1613 3260 retro
1625 3252 1634 3266 ‚
1662 3231 1680 3261 i.
1696 3241 1722 3261 e.
1745 3232 1816 3269 Quae
1835 3232 1966 3262 videntur
1985 3234 2117 3265 recedere
2139 3236 2222 3267 nobis
2237 3236 2406 3271 abeuntibus
2419 3263 2428 3278 ,

1342 3275 1391 3303 irg.
1406 3274 1430 3302 3.
1479 3276 1506 3296 n.
1517 3272 1581 3303 49⁶·

1302 3304 1556 3342 Capillicedentes.
1596 3305 1665 3336 Plin.
1680 3316 1705 3344 3.
1718 3307 1801 3345 Epist.
1812 3310 1838 3337 6.
1869 3307 1932 3337 Hoc
1943 3307 1981 3337 est
1993 3309 2125 3342 cadentes
2135 3312 2162 3343 &
2174 3312 2310 3346 abeuntes
2329 3325 2362 3347 ac
2382 3317 2431 3348 de-

1320 3342 1448 3372 fluentes.
1487 3343 1626 3374 Cataneus
1636 3345 1767 3383 intelligit
1777 3345 1914 3375 Demiffos
1925 3367 1933 3381 ‚
1955 3345 2074 3384 planos.'

1300 3379 1381 3410 Rami
1390 3381 1524 3411 cedentes
1534 3383 1622 3412 oneri.
1646 3383 1766 3413 Martial.
1778 3383 1827 3413 lib.
1848 3393 1859 3412 1
1868 3393 1890 3412 i.
1904 3393 1950 3418 42.

1381 3418 1522 3449 Cedentes
1533 3421 1611 3450 oneri
1619 3430 1710 3450 ramos
1721 3443 1730 3456 ‚
1755 3421 1905 3458 silvamque
1916 3421 2050 3453 fluentem
2061 3445 2071 3460 ‚

1426 3457 1519 3493 Vicit,
1540 3460 1594 3488 dcc.
1690 3459 1733 3488 De
1748 3460 1874 3496 Amynta.

1300 3492 1422 3525 Romani
1433 3496 1566 3526 cedentes
1576 3497 1605 3525 in
1615 3505 1707 3526 arcem
1718 3518 1725 3531 ‚
1746 3505 1797 3535 pro
1810 3497 1929 3534 eoquod
1939 3498 1977 3527 est
1995 3498 2030 3528 Se
2045 3501 2222 3538 recipientes.
2246 3503 2306 3536 Liv.
2321 3515 2369 3544 25.
2385 3517 2430 3539 10.

1303 3532 1372 3563 Vela
1385 3533 1533 3568 cedentia,
1555 3534 1739 3563 Discedentia.
1761 3534 1864 3564 Lucan.
1882 3535 1930 3565 lib.
1946 3545 1970 3573 3.
1986 3546 2009 3565 i.

1265 3569 1287 3601 C
1298 3580 1314 3600 ii
1324 3581 1342 3600 D
1352 3581 1423 3600 ENT
1433 3581 1469 3600 aiz
1482 3593 1490 3606 ‚
1513 3571 1646 3601 Cedentis
1664 3572 1760 3601 modo,
1801 3573 1868 3602 Adv.
1881 3573 1969 3603 Idem.
1983 3574 2048 3606 Cael.
2063 3576 2153 3608 Aurel.
2165 3579 2245 3612 Acut.
2259 3589 2284 3619 3.
2305 3584 2348 3613 16.
2382 3583 2435 3614 Ce-

1301 3609 1402 3639 denter
1411 3609 1614 3639 consentiendo
1624 3612 1764 3639 coercere.

1264 3645 1286 3676 C
1296 3656 1311 3677 iz
1320 3651 1378 3677 εει-1
1387 3657 1404 3676 R
1414 3657 1432 3676 u
1443 3657 1455 3676 s
1464 3669 1472 3682 ‚
1492 3657 1508 3676 a
1520 3669 1528 3683 ‚
1548 3657 1604 3676 um.
1628 3647 1784 3683 [twegen]
1809 3646 1907 3678 Partic.
1930 3648 2033 3680 Lucan.
2046 3652 2082 3681 ad
2092 3652 2181 3685 Pison.
2194 3665 2257 3694 139.

1391 3685 1510 3714 pomifer
1520 3691 1670 3714 autumnus
1682 3707 1690 3720 ‚
1712 3685 1816 3715 nimbis
1828 3686 1949 3717 cessurus
1960 3690 1985 3718 &
2002 3690 2095 3721 undis.

1301 3721 1455 3752 Provinciae
1465 3722 1576 3752 ceffurae
1590 3724 1618 3752 in
1629 3723 1750 3760 pretium
1760 3722 1836 3753 belli.
1858 3724 1949 3755 Tacit.
1968 3737 1990 3756 1.
2003 3727 2070 3758 Hist.
2086 3739 2129 3759 11.

1300 3759 1414 3804 Rosari'a
1423 3769 1481 3789 non
1490 3760 1595 3790 cessura
1606 3760 1696 3790 bifero
1706 3761 1799 3792 Paesto.
1822 3762 1944 3794 Martial.
1959 3764 2007 3794 lib.
2023 3775 2067 3796 12.
2081 3776 2124 3805 31.
2146 3768 2189 3800 De
2196 3769 2282 3801 hortis
2289 3771 2432 3803 Marcellae

1321 3807 1425 3828 UXOI'IS.

1265 3835 1288 3867 C
1297 3846 1312 3865 13
1321 3846 1353 3866 ss
1364 3846 1383 3864 υ
1392 3846 1403 3865 s
1415 3857 1424 3871 ‚
1446 3845 1460 3879 a
1473 3857 1481 3870 ,
1493 3843 1559 3879 ⁴um.
1582 3834 1681 3866 Partic.
1705 3834 1817 3875 Ulpian.
1833 3837 1920 3869 Instit.
1934 3839 1978 3869 tit.
1989 3849 2036 3871 20.
2057 3841 2085 3872 Si
2095 3848 2243 3882 antequam
2256 3847 2372 3876 adeatur
2381 3847 2432 3877 he-

1306 3874 1409 3903 reditas
1420 3895 1428 3908 ,
1450 3883 1479 3902 in
1490 3883 1550 3908 Jure
1559 3873 1632 3904 cessa
1644 3874 1676 3903 fit
1687 3895 1695 3908 ,
1717 3876 1834 3912 perinde
1844 3876 1923 3907 heres
1932 3877 1963 3907 fit
1973 3880 2018 3909 cui
2029 3880 2100 3911 cessa
2120 3882 2159 3911 est
2167 3905 2174 3918 ‚
2197 3893 2230 3913 ac
2246 3884 2264 3913 fi
2281 3884 2339 3921 ipse
2349 3884 2431 3915 heres

1303 3911 1445 3955 legitimus
1457 3911 1532 3941 esset.
1574 3912 1660 3949 Quod
1671 3913 1688 3941 si
1700 3914 1794 3951 postea
1804 3924 1888 3951 quam
1904 3917 1981 3946 adita
1999 3917 2096 3955 fuerit,
2118 3920 2148 3949 in
2171 3921 2232 3956 jure
2248 3922 2319 3951 cessa
2336 3922 2384 3958 fit,
2406 3924 2432 3953 is

1302 3959 1348 3980 cui
1360 3949 1431 3980 cessa
1443 3949 1483 3980 est
1491 3971 1500 3986 ,
1520 3957 1667 3989 permanet
1677 3951 1757 3982 heres
1766 3974 1775 3989 ,
1797 3955 1823 3983 ὅ(
1833 3953 1869 3982 ob
1879 3954 1908 3983 id
1919 3956 2105 3988 creditoribus
2112 3958 2237 3989 defuncti
2249 3966 2344 3989 manet
2358 3960 2430 3990 obli-

1811 3990 1895 4023 Nnn
1916 4001 1929 4031 3
1950 4034 1954 4037 .
2329 4005 2429 4035 gatus:
