<?xml version="1.0" encoding="UTF-8"?>
<!DOCTYPE html PUBLIC "-//W3C//DTD XHTML 1.0 Transitional//EN"
    "http://www.w3.org/TR/xhtml1/DTD/xhtml1-transitional.dtd">
<html xmlns="http://www.w3.org/1999/xhtml" xml:lang="en" lang="en">
 <head>
  <title>
</title>
<meta http-equiv="Content-Type" content="text/html;charset=utf-8" />
  <meta name='ocr-system' content='tesseract 3.04.00' />
  <meta name='ocr-capabilities' content='ocr_page ocr_carea ocr_par ocr_line ocrx_word'/>
</head>
<body>
  <div class='ocr_page' id='page_1' title='image "./robertistephanil01esti_0575.png"; bbox 0 0 2600 4177; ppageno 0'>
   <div class='ocr_carea' id='block_1_1' title="bbox 21 109 1195 1699">
    <p class='ocr_par' dir='ltr' id='par_1_1' title="bbox 72 109 1186 267">
     <span class='ocr_line' id='line_1_1' title="bbox 433 109 717 148; baseline -0.018 0"><span class='ocrx_word' id='word_1_1' title='bbox 433 112 463 148; x_wconf 88' lang='lat' dir='ltr'>C</span> <span class='ocrx_word' id='word_1_2' title='bbox 559 110 594 145; x_wconf 90' lang='lat' dir='ltr'>H</span> <span class='ocrx_word' id='word_1_3' title='bbox 689 109 717 144; x_wconf 88' lang='lat' dir='ltr'>E</span> 
     </span>
     <span class='ocr_line' id='line_1_2' title="bbox 72 190 1186 231; baseline -0.001 -6"><span class='ocrx_word' id='word_1_4' title='bbox 72 194 188 225; x_wconf 85' lang='lat' dir='ltr'>malunt.</span> <span class='ocrx_word' id='word_1_5' title='bbox 230 195 310 224; x_wconf 86' lang='lat' dir='ltr'>Unde</span> <span class='ocrx_word' id='word_1_6' title='bbox 322 193 484 231; x_wconf 79' lang='lat' dir='ltr'>Clielynidae</span> <span class='ocrx_word' id='word_1_7' title='bbox 496 196 692 229; x_wconf 73' lang='lat' dir='ltr'>nuncupantur</span> <span class='ocrx_word' id='word_1_8' title='bbox 704 213 711 225; x_wconf 85' lang='lat'>,</span> <span class='ocrx_word' id='word_1_9' title='bbox 734 190 845 228; x_wconf 84' lang='lat' dir='ltr'><strong>Quibus</strong></span> <span class='ocrx_word' id='word_1_10' title='bbox 857 201 887 220; x_wconf 86' lang='lat' dir='ltr'>ea</span> <span class='ocrx_word' id='word_1_11' title='bbox 898 194 1028 229; x_wconf 75' lang='lat' dir='ltr'>grandior</span> <span class='ocrx_word' id='word_1_12' title='bbox 1038 195 1129 231; x_wconf 84' lang='lat' dir='ltr'>portio</span> <span class='ocrx_word' id='word_1_13' title='bbox 1140 194 1186 224; x_wconf 83' lang='lat' dir='ltr'>est.</span> 
     </span>
     <span class='ocr_line' id='line_1_3' title="bbox 74 229 1061 267; baseline -0.001 -6"><span class='ocrx_word' id='word_1_14' title='bbox 74 233 106 261; x_wconf 90' lang='lat' dir='ltr'>V.</span> <span class='ocrx_word' id='word_1_15' title='bbox 128 232 192 262; x_wconf 66' lang='lat' dir='ltr'>Caei.</span> <span class='ocrx_word' id='word_1_16' title='bbox 215 232 306 262; x_wconf 88' lang='lat' dir='ltr'>Rhod.</span> <span class='ocrx_word' id='word_1_17' title='bbox 323 232 370 261; x_wconf 86' lang='lat' dir='ltr'>lib.</span> <span class='ocrx_word' id='word_1_18' title='bbox 385 241 407 265; x_wconf 79' lang='lat'>3.</span> <span class='ocrx_word' id='word_1_19' title='bbox 425 240 483 267; x_wconf 81' lang='lat' dir='ltr'>cap.</span> <span class='ocrx_word' id='word_1_20' title='bbox 498 240 540 265; x_wconf 76' lang='lat'>³¹·</span> <span class='ocrx_word' id='word_1_21' title='bbox 563 230 605 258; x_wconf 90' lang='lat' dir='ltr'>vel</span> <span class='ocrx_word' id='word_1_22' title='bbox 618 229 709 266; x_wconf 85' lang='lat' dir='ltr'>potius</span> <span class='ocrx_word' id='word_1_23' title='bbox 722 229 804 258; x_wconf 83' lang='lat' dir='ltr'>Henr.</span> <span class='ocrx_word' id='word_1_24' title='bbox 815 230 910 266; x_wconf 85' lang='lat' dir='ltr'>Stepli.</span> <span class='ocrx_word' id='word_1_25' title='bbox 924 231 1004 259; x_wconf 83' lang='lat' dir='ltr'>Thes.</span> <span class='ocrx_word' id='word_1_26' title='bbox 1017 232 1061 261; x_wconf 88' lang='lat' dir='ltr'>Gr.</span> 
     </span>
    </p>

    <p class='ocr_par' dir='ltr' id='par_1_2' title="bbox 38 267 1191 372">
     <span class='ocr_line' id='line_1_4' title="bbox 38 267 1191 306; baseline -0.004 -7"><span class='ocrx_word' id='word_1_27' title='bbox 38 270 88 301; x_wconf 81' lang='lat' dir='ltr'>CH</span> <span class='ocrx_word' id='word_1_28' title='bbox 98 272 113 298; x_wconf 70' lang='grc' dir='ltr'>ἰ</span> <span class='ocrx_word' id='word_1_29' title='bbox 124 280 139 297; x_wconf 65' lang='grc' dir='ltr'>ι,</span> <span class='ocrx_word' id='word_1_30' title='bbox 150 280 167 298; x_wconf 77' lang='grc' dir='ltr'>Υ</span> <span class='ocrx_word' id='word_1_31' title='bbox 176 280 187 299; x_wconf 89' lang='lat' dir='ltr'>s</span> <span class='ocrx_word' id='word_1_32' title='bbox 197 292 205 304; x_wconf 92' lang='lat'>,</span> <span class='ocrx_word' id='word_1_33' title='bbox 227 270 245 299; x_wconf 84' lang='lat' dir='ltr'>s.</span> <span class='ocrx_word' id='word_1_34' title='bbox 266 267 379 306; x_wconf 65' lang='grc' dir='ltr'>[χέλυς]</span> <span class='ocrx_word' id='word_1_35' title='bbox 400 268 540 298; x_wconf 85' lang='lat' dir='ltr'>Testudo:</span> <span class='ocrx_word' id='word_1_36' title='bbox 566 269 675 304; x_wconf 83' lang='lat' dir='ltr'>capitur</span> <span class='ocrx_word' id='word_1_37' title='bbox 687 268 712 295; x_wconf 71' lang='lat' dir='ltr'>Sc</span> <span class='ocrx_word' id='word_1_38' title='bbox 729 276 777 303; x_wconf 87' lang='lat' dir='ltr'>pro</span> <span class='ocrx_word' id='word_1_39' title='bbox 789 267 867 304; x_wconf 72' lang='lat' dir='ltr'>Lyra,</span> <span class='ocrx_word' id='word_1_40' title='bbox 890 270 964 303; x_wconf 81' lang='lat' dir='ltr'>quod</span> <span class='ocrx_word' id='word_1_41' title='bbox 977 269 1130 298; x_wconf 65' lang='lat' dir='ltr'>Mercurius</span> <span class='ocrx_word' id='word_1_42' title='bbox 1141 267 1191 305; x_wconf 81' lang='lat' dir='ltr'>Ly.</span> 
     </span>
     <span class='ocr_line' id='line_1_5' title="bbox 74 304 1191 344; baseline 0 -8"><span class='ocrx_word' id='word_1_43' title='bbox 74 316 130 336; x_wconf 84' lang='lat' dir='ltr'>ram</span> <span class='ocrx_word' id='word_1_44' title='bbox 141 308 246 344; x_wconf 87' lang='lat' dir='ltr'>primus</span> <span class='ocrx_word' id='word_1_45' title='bbox 257 317 292 336; x_wconf 76' lang='lat' dir='ltr'>ex</span> <span class='ocrx_word' id='word_1_46' title='bbox 301 306 440 336; x_wconf 72' lang='lat' dir='ltr'>testudine</span> <span class='ocrx_word' id='word_1_47' title='bbox 450 305 563 335; x_wconf 88' lang='lat' dir='ltr'>fecerit:</span> <span class='ocrx_word' id='word_1_48' title='bbox 586 315 669 342; x_wconf 90' lang='lat' dir='ltr'>quani</span> <span class='ocrx_word' id='word_1_49' title='bbox 680 304 747 333; x_wconf 85' lang='lat' dir='ltr'>Nilo</span> <span class='ocrx_word' id='word_1_50' title='bbox 761 304 938 335; x_wconf 82' lang='lat' dir='ltr'>decrescente</span> <span class='ocrx_word' id='word_1_51' title='bbox 948 307 977 335; x_wconf 88' lang='lat' dir='ltr'>in</span> <span class='ocrx_word' id='word_1_52' title='bbox 991 308 1072 336; x_wconf 84' lang='lat' dir='ltr'>litore</span> <span class='ocrx_word' id='word_1_53' title='bbox 1084 315 1191 344; x_wconf 73' lang='lat' dir='ltr'>repere-</span> 
     </span>
     <span class='ocr_line' id='line_1_6' title="bbox 74 351 121 372; baseline 0 0"><span class='ocrx_word' id='word_1_54' title='bbox 74 351 121 372; x_wconf 81' lang='lat' dir='ltr'>rat.</span> 
     </span>
    </p>

    <p class='ocr_par' dir='ltr' id='par_1_3' title="bbox 22 379 534 416">
     <span class='ocr_line' id='line_1_7' title="bbox 22 379 534 416; baseline -0.004 -6"><span class='ocrx_word' id='word_1_55' title='bbox 22 391 24 405; x_wconf 80' lang='lat'><strong>¹</strong></span> <span class='ocrx_word' id='word_1_56' title='bbox 71 382 179 410; x_wconf 85' lang='lat' dir='ltr'>Canora</span> <span class='ocrx_word' id='word_1_57' title='bbox 192 379 295 416; x_wconf 60' lang='lat' dir='ltr'>chelys.</span> <span class='ocrx_word' id='word_1_58' title='bbox 317 380 380 409; x_wconf 85' lang='lat' dir='ltr'>Seii.</span> <span class='ocrx_word' id='word_1_59' title='bbox 391 379 494 410; x_wconf 87' lang='lat' dir='ltr'>Troad.</span> <span class='ocrx_word' id='word_1_60' title='bbox 508 389 534 414; x_wconf 80' lang='grc'>4.</span> 
     </span>
    </p>

    <p class='ocr_par' dir='ltr' id='par_1_4' title="bbox 22 416 874 454">
     <span class='ocr_line' id='line_1_8' title="bbox 22 416 874 454; baseline -0.001 -6"><span class='ocrx_word' id='word_1_61' title='bbox 22 418 24 425; x_wconf 68' lang='lat'><strong><em>⁴</em></strong></span> <span class='ocrx_word' id='word_1_62' title='bbox 71 419 179 449; x_wconf 84' lang='lat' dir='ltr'>Exuere</span> <span class='ocrx_word' id='word_1_63' title='bbox 191 417 293 454; x_wconf 85' lang='lat' dir='ltr'>chelyn</span> <span class='ocrx_word' id='word_1_64' title='bbox 306 440 314 453; x_wconf 91' lang='lat'>‚</span> <span class='ocrx_word' id='word_1_65' title='bbox 335 419 353 446; x_wconf 88' lang='lat' dir='ltr'>i.</span> <span class='ocrx_word' id='word_1_66' title='bbox 362 427 387 446; x_wconf 88' lang='lat' dir='ltr'>e.</span> <span class='ocrx_word' id='word_1_67' title='bbox 409 417 567 453; x_wconf 86' lang='lat' dir='ltr'>Deponere.</span> <span class='ocrx_word' id='word_1_68' title='bbox 588 416 656 446; x_wconf 83' lang='lat' dir='ltr'>Stat.</span> <span class='ocrx_word' id='word_1_69' title='bbox 667 425 693 452; x_wconf 87' lang='lat'>4.</span> <span class='ocrx_word' id='word_1_70' title='bbox 708 417 775 447; x_wconf 87' lang='lat' dir='ltr'>Silv.</span> <span class='ocrx_word' id='word_1_71' title='bbox 789 420 815 447; x_wconf 90' lang='lat'>6.</span> <span class='ocrx_word' id='word_1_72' title='bbox 829 425 874 454; x_wconf 81' lang='lat'>30.</span> 
     </span>
    </p>

    <p class='ocr_par' dir='ltr' id='par_1_5' title="bbox 22 454 597 524">
     <span class='ocr_line' id='line_1_9' title="bbox 22 454 597 524; baseline -0.002 -39"><span class='ocrx_word' id='word_1_73' title='bbox 22 488 25 503; x_wconf 45' lang='grc' dir='ltr'>ι</span> <span class='ocrx_word' id='word_1_74' title='bbox 71 455 180 524; x_wconf 61' lang='lat' dir='ltr'>fatiscit</span> <span class='ocrx_word' id='word_1_75' title='bbox 195 454 299 491; x_wconf 78' lang='lat' dir='ltr'><strong>chelys.</strong></span> <span class='ocrx_word' id='word_1_76' title='bbox 320 456 424 499; x_wconf 51' lang='lat' dir='ltr'>Stat-,⁴-</span> <span class='ocrx_word' id='word_1_77' title='bbox 437 454 502 484; x_wconf 82' lang='lat' dir='ltr'>Silv.</span> <span class='ocrx_word' id='word_1_78' title='bbox 515 465 541 490; x_wconf 80' lang='lat'>4.</span> <span class='ocrx_word' id='word_1_79' title='bbox 554 461 597 491; x_wconf 79' lang='lat'>33.</span> 
     </span>
    </p>

    <p class='ocr_par' dir='ltr' id='par_1_6' title="bbox 21 492 1194 597">
     <span class='ocr_line' id='line_1_10' title="bbox 21 492 1194 597; baseline 0 -36"><span class='ocrx_word' id='word_1_80' title='bbox 21 508 25 566; x_wconf 67' lang='lat' dir='ltr'>i</span> <span class='ocrx_word' id='word_1_81' title='bbox 71 492 325 597; x_wconf 41' lang='lat' dir='ltr'>Lgssaiizzrestiiffi</span> <span class='ocrx_word' id='word_1_82' title='bbox 337 492 440 566; x_wconf 50' lang='lat' dir='ltr'>¹Sissssx.</span> <span class='ocrx_word' id='word_1_83' title='bbox 455 502 504 567; x_wconf 40' lang='lat'>{3}</span> <span class='ocrx_word' id='word_1_84' title='bbox 513 501 689 559; x_wconf 70' lang='lat' dir='ltr'>1eontrarium</span> <span class='ocrx_word' id='word_1_85' title='bbox 699 529 738 559; x_wconf 85' lang='lat' dir='ltr'>est</span> <span class='ocrx_word' id='word_1_86' title='bbox 748 528 824 559; x_wconf 90' lang='lat' dir='ltr'>illius</span> <span class='ocrx_word' id='word_1_87' title='bbox 835 530 910 567; x_wconf 86' lang='lat' dir='ltr'>quod</span> <span class='ocrx_word' id='word_1_88' title='bbox 921 530 989 560; x_wconf 85' lang='lat' dir='ltr'>alibi</span> <span class='ocrx_word' id='word_1_89' title='bbox 1001 531 1079 567; x_wconf 82' lang='lat' dir='ltr'>dicit,</span> <span class='ocrx_word' id='word_1_90' title='bbox 1100 530 1194 561; x_wconf 82' lang='lat' dir='ltr'>Interr-</span> 
     </span>
    </p>

    <p class='ocr_par' dir='ltr' id='par_1_7' title="bbox 22 576 279 598">
     <span class='ocr_line' id='line_1_11' title="bbox 22 576 279 598; baseline 0 -2"><span class='ocrx_word' id='word_1_91' title='bbox 22 576 24 596; x_wconf 66' lang='grc' dir='ltr'>ι</span> <span class='ocrx_word' id='word_1_92' title='bbox 112 578 157 597; x_wconf 89' lang='lat' dir='ltr'>ere</span> <span class='ocrx_word' id='word_1_93' title='bbox 169 577 184 596; x_wconf 90' lang='lat' dir='ltr'>c</span> <span class='ocrx_word' id='word_1_94' title='bbox 193 577 220 596; x_wconf 77' lang='lat' dir='ltr'>ie</span> <span class='ocrx_word' id='word_1_95' title='bbox 233 577 279 598; x_wconf 80' lang='lat' dir='ltr'>vn.</span> 
     </span>
    </p>

    <p class='ocr_par' dir='ltr' id='par_1_8' title="bbox 22 600 824 640">
     <span class='ocr_line' id='line_1_12' title="bbox 22 600 824 640; baseline -0.001 -5"><span class='ocrx_word' id='word_1_96' title='bbox 22 601 25 640; x_wconf 72' lang='lat' dir='ltr'>l</span> <span class='ocrx_word' id='word_1_97' title='bbox 72 600 192 636; x_wconf 77' lang='lat' dir='ltr'>Pulsatur</span> <span class='ocrx_word' id='word_1_98' title='bbox 202 601 330 634; x_wconf 75' lang='lat' dir='ltr'>manibus</span> <span class='ocrx_word' id='word_1_99' title='bbox 341 604 470 634; x_wconf 85' lang='lat' dir='ltr'>Phoebea.</span> <span class='ocrx_word' id='word_1_100' title='bbox 494 603 596 634; x_wconf 88' lang='lat' dir='ltr'>Lucan.</span> <span class='ocrx_word' id='word_1_101' title='bbox 610 604 645 633; x_wconf 85' lang='lat' dir='ltr'>ad</span> <span class='ocrx_word' id='word_1_102' title='bbox 657 603 744 634; x_wconf 85' lang='lat' dir='ltr'>Pison.</span> <span class='ocrx_word' id='word_1_103' title='bbox 763 613 824 640; x_wconf 80' lang='lat'>159.</span> 
     </span>
    </p>

    <p class='ocr_par' dir='ltr' id='par_1_9' title="bbox 23 642 591 680">
     <span class='ocr_line' id='line_1_13' title="bbox 23 642 591 680; baseline -0.002 -8"><span class='ocrx_word' id='word_1_104' title='bbox 23 642 24 646; x_wconf 71' lang='grc'>’</span> <span class='ocrx_word' id='word_1_105' title='bbox 41 676 44 679; x_wconf 36' lang='lat'>,</span> <span class='ocrx_word' id='word_1_106' title='bbox 73 644 222 672; x_wconf 86' lang='lat' dir='ltr'>Verberare</span> <span class='ocrx_word' id='word_1_107' title='bbox 231 642 346 680; x_wconf 69' lang='lat' dir='ltr'>plet‘tro.</span> <span class='ocrx_word' id='word_1_108' title='bbox 369 643 432 672; x_wconf 83' lang='lat' dir='ltr'>Sen.</span> <span class='ocrx_word' id='word_1_109' title='bbox 449 643 552 672; x_wconf 85' lang='lat' dir='ltr'>Troad.</span> <span class='ocrx_word' id='word_1_110' title='bbox 564 652 591 677; x_wconf 86' lang='lat'>4.</span> 
     </span>
    </p>

    <p class='ocr_par' dir='ltr' id='par_1_10' title="bbox 22 658 1192 722">
     <span class='ocr_line' id='line_1_14' title="bbox 22 658 1192 722; baseline -0.001 -11"><span class='ocrx_word' id='word_1_111' title='bbox 22 658 111 722; x_wconf 67' lang='lat' dir='ltr'>lCHiz</span> <span class='ocrx_word' id='word_1_112' title='bbox 122 692 140 709; x_wconf 80' lang='lat' dir='ltr'>M</span> <span class='ocrx_word' id='word_1_113' title='bbox 151 692 159 709; x_wconf 93' lang='grc' dir='ltr'>ι</span> <span class='ocrx_word' id='word_1_114' title='bbox 171 691 187 709; x_wconf 74' lang='grc' dir='ltr'>Α</span> <span class='ocrx_word' id='word_1_115' title='bbox 201 702 208 715; x_wconf 83' lang='grc'><em>,</em></span> <span class='ocrx_word' id='word_1_116' title='bbox 229 690 261 710; x_wconf 79' lang='lat' dir='ltr'>ae.</span> <span class='ocrx_word' id='word_1_117' title='bbox 283 681 302 709; x_wconf 81' lang='lat' dir='ltr'>s.</span> <span class='ocrx_word' id='word_1_118' title='bbox 325 680 371 710; x_wconf 86' lang='lat' dir='ltr'>Sic</span> <span class='ocrx_word' id='word_1_119' title='bbox 381 681 456 710; x_wconf 90' lang='lat' dir='ltr'>enim</span> <span class='ocrx_word' id='word_1_120' title='bbox 472 681 588 710; x_wconf 88' lang='lat' dir='ltr'>scribere</span> <span class='ocrx_word' id='word_1_121' title='bbox 598 684 725 717; x_wconf 72' lang='lat' dir='ltr'>oportet,</span> <span class='ocrx_word' id='word_1_122' title='bbox 746 689 804 708; x_wconf 90' lang='lat' dir='ltr'>non</span> <span class='ocrx_word' id='word_1_123' title='bbox 817 684 849 708; x_wconf 85' lang='lat' dir='ltr'>ut</span> <span class='ocrx_word' id='word_1_124' title='bbox 865 677 948 713; x_wconf 73' lang='lat' dir='ltr'>vulgo</span> <span class='ocrx_word' id='word_1_125' title='bbox 969 680 1104 718; x_wconf 83' lang='lat' dir='ltr'>Chymia:</span> <span class='ocrx_word' id='word_1_126' title='bbox 1127 689 1192 710; x_wconf 79' lang='lat' dir='ltr'>narn</span> 
     </span>
    </p>

    <p class='ocr_par' dir='ltr' id='par_1_11' title="bbox 73 715 1193 756">
     <span class='ocr_line' id='line_1_15' title="bbox 73 715 1193 756; baseline -0.001 -8"><span class='ocrx_word' id='word_1_127' title='bbox 73 719 183 748; x_wconf 81' lang='lat' dir='ltr'>ducitur</span> <span class='ocrx_word' id='word_1_128' title='bbox 193 728 207 747; x_wconf 90' lang='lat' dir='ltr'>a</span> <span class='ocrx_word' id='word_1_129' title='bbox 217 715 264 754; x_wconf 69' lang='grc' dir='ltr'>χὲω</span> <span class='ocrx_word' id='word_1_130' title='bbox 275 718 363 747; x_wconf 87' lang='lat' dir='ltr'>fundo</span> <span class='ocrx_word' id='word_1_131' title='bbox 375 729 382 754; x_wconf 67' lang='grc' dir='ltr'><strong>ς</strong></span> <span class='ocrx_word' id='word_1_132' title='bbox 406 720 433 748; x_wconf 74' lang='grc' dir='ltr'>δι</span> <span class='ocrx_word' id='word_1_133' title='bbox 443 720 490 748; x_wconf 87' lang='lat' dir='ltr'>Ars</span> <span class='ocrx_word' id='word_1_134' title='bbox 499 719 537 748; x_wconf 91' lang='lat' dir='ltr'>est</span> <span class='ocrx_word' id='word_1_135' title='bbox 545 717 671 747; x_wconf 88' lang='lat' dir='ltr'>solvendi</span> <span class='ocrx_word' id='word_1_136' title='bbox 681 716 802 746; x_wconf 85' lang='lat' dir='ltr'>metalla.</span> <span class='ocrx_word' id='word_1_137' title='bbox 844 716 983 752; x_wconf 69' lang='lat' dir='ltr'>[Cheniia</span> <span class='ocrx_word' id='word_1_138' title='bbox 992 726 1058 747; x_wconf 85' lang='lat' dir='ltr'>vero</span> <span class='ocrx_word' id='word_1_139' title='bbox 1070 740 1077 753; x_wconf 96' lang='lat'>,</span> <span class='ocrx_word' id='word_1_140' title='bbox 1103 719 1193 756; x_wconf 86' lang='lat' dir='ltr'>prima</span> 
     </span>
    </p>

    <p class='ocr_par' dir='ltr' id='par_1_12' title="bbox 22 725 1193 832">
     <span class='ocr_line' id='line_1_16' title="bbox 22 725 1193 793; baseline -0.001 -8"><span class='ocrx_word' id='word_1_141' title='bbox 22 725 25 790; x_wconf 77' lang='lat' dir='ltr'>l</span> <span class='ocrx_word' id='word_1_142' title='bbox 71 756 164 793; x_wconf 79' lang='lat' dir='ltr'>longa,</span> <span class='ocrx_word' id='word_1_143' title='bbox 176 756 327 785; x_wconf 87' lang='lat' dir='ltr'>dicendum</span> <span class='ocrx_word' id='word_1_144' title='bbox 342 756 379 785; x_wconf 89' lang='lat' dir='ltr'>est</span> <span class='ocrx_word' id='word_1_145' title='bbox 389 778 396 789; x_wconf 87' lang='lat'>,</span> <span class='ocrx_word' id='word_1_146' title='bbox 409 758 471 793; x_wconf 79' lang='lat' dir='ltr'>quia</span> <span class='ocrx_word' id='word_1_147' title='bbox 483 756 529 785; x_wconf 92' lang='lat' dir='ltr'>Gr.</span> <span class='ocrx_word' id='word_1_148' title='bbox 544 754 633 792; x_wconf 68' lang='grc' dir='ltr'><em>χυμίκ,</em></span> <span class='ocrx_word' id='word_1_149' title='bbox 652 757 766 784; x_wconf 62' lang='lat' dir='ltr'>auctore</span> <span class='ocrx_word' id='word_1_150' title='bbox 776 754 931 790; x_wconf 85' lang='lat' dir='ltr'>Borrichio‚</span> <span class='ocrx_word' id='word_1_151' title='bbox 943 756 1021 792; x_wconf 84' lang='lat' dir='ltr'>cujus</span> <span class='ocrx_word' id='word_1_152' title='bbox 1036 757 1062 786; x_wconf 69' lang='grc' dir='ltr'>ὃ(</span> <span class='ocrx_word' id='word_1_153' title='bbox 1073 755 1193 786; x_wconf 59' lang='lat' dir='ltr'>Conrinz.</span> 
     </span>
     <span class='ocr_line' id='line_1_17' title="bbox 74 792 698 832; baseline -0.002 -9"><span class='ocrx_word' id='word_1_154' title='bbox 74 795 110 832; x_wconf 84' lang='lat' dir='ltr'>gii</span> <span class='ocrx_word' id='word_1_155' title='bbox 122 795 157 823; x_wconf 92' lang='lat' dir='ltr'>dc</span> <span class='ocrx_word' id='word_1_156' title='bbox 168 792 273 830; x_wconf 79' lang='lat' dir='ltr'>origine</span> <span class='ocrx_word' id='word_1_157' title='bbox 284 794 344 829; x_wconf 88' lang='lat' dir='ltr'>ejus</span> <span class='ocrx_word' id='word_1_158' title='bbox 355 795 420 823; x_wconf 89' lang='lat' dir='ltr'>artis</span> <span class='ocrx_word' id='word_1_159' title='bbox 431 793 530 831; x_wconf 86' lang='lat' dir='ltr'>scripta</span> <span class='ocrx_word' id='word_1_160' title='bbox 540 793 646 822; x_wconf 87' lang='lat' dir='ltr'>eristica</span> <span class='ocrx_word' id='word_1_161' title='bbox 667 792 698 822; x_wconf 81' lang='lat' dir='ltr'>V.</span> 
     </span>
    </p>

    <p class='ocr_par' dir='ltr' id='par_1_13' title="bbox 34 827 609 869">
     <span class='ocr_line' id='line_1_18' title="bbox 34 827 609 869; baseline -0.005 -7"><span class='ocrx_word' id='word_1_162' title='bbox 34 827 59 862; x_wconf 75' lang='lat' dir='ltr'>C</span> <span class='ocrx_word' id='word_1_163' title='bbox 69 841 88 861; x_wconf 90' lang='grc' dir='ltr'>Η</span> <span class='ocrx_word' id='word_1_164' title='bbox 98 842 138 860; x_wconf 76' lang='grc' dir='ltr'>ΕΜ</span> <span class='ocrx_word' id='word_1_165' title='bbox 149 842 158 860; x_wconf 88' lang='lat' dir='ltr'>i</span> <span class='ocrx_word' id='word_1_166' title='bbox 170 841 186 860; x_wconf 92' lang='lat' dir='ltr'>c</span> <span class='ocrx_word' id='word_1_167' title='bbox 195 841 213 860; x_wconf 88' lang='grc' dir='ltr'>υ</span> <span class='ocrx_word' id='word_1_168' title='bbox 224 841 236 860; x_wconf 91' lang='lat' dir='ltr'>s</span> <span class='ocrx_word' id='word_1_169' title='bbox 246 853 254 866; x_wconf 83' lang='lat'>,</span> <span class='ocrx_word' id='word_1_170' title='bbox 277 832 338 865; x_wconf 86' lang='lat' dir='ltr'>Adj.</span> <span class='ocrx_word' id='word_1_171' title='bbox 363 831 486 860; x_wconf 76' lang='lat' dir='ltr'>Chemiae</span> <span class='ocrx_word' id='word_1_172' title='bbox 496 831 609 869; x_wconf 88' lang='lat' dir='ltr'>peritus.</span> 
     </span>
    </p>

    <p class='ocr_par' dir='ltr' id='par_1_14' title="bbox 36 864 1194 1019">
     <span class='ocr_line' id='line_1_19' title="bbox 36 864 1194 906; baseline -0.003 -6"><span class='ocrx_word' id='word_1_173' title='bbox 36 870 59 900; x_wconf 85' lang='lat' dir='ltr'>C</span> <span class='ocrx_word' id='word_1_174' title='bbox 68 879 87 899; x_wconf 85' lang='lat' dir='ltr'>H</span> <span class='ocrx_word' id='word_1_175' title='bbox 98 879 112 898; x_wconf 74' lang='lat' dir='ltr'>a</span> <span class='ocrx_word' id='word_1_176' title='bbox 121 880 142 897; x_wconf 84' lang='lat' dir='ltr'>M</span> <span class='ocrx_word' id='word_1_177' title='bbox 153 878 171 897; x_wconf 83' lang='grc' dir='ltr'>Ν</span> <span class='ocrx_word' id='word_1_178' title='bbox 181 880 188 896; x_wconf 84' lang='grc' dir='ltr'>ι</span> <span class='ocrx_word' id='word_1_179' title='bbox 199 879 211 898; x_wconf 90' lang='lat' dir='ltr'>s</span> <span class='ocrx_word' id='word_1_180' title='bbox 225 891 233 903; x_wconf 87' lang='lat'>,</span> <span class='ocrx_word' id='word_1_181' title='bbox 260 869 350 898; x_wconf 81' lang='lat' dir='ltr'>Insula</span> <span class='ocrx_word' id='word_1_182' title='bbox 360 870 389 897; x_wconf 90' lang='lat' dir='ltr'>in</span> <span class='ocrx_word' id='word_1_183' title='bbox 399 870 521 906; x_wconf 87' lang='lat' dir='ltr'>quodam</span> <span class='ocrx_word' id='word_1_184' title='bbox 534 869 595 898; x_wconf 87' lang='lat' dir='ltr'>lacu</span> <span class='ocrx_word' id='word_1_185' title='bbox 606 867 718 904; x_wconf 70' lang='lat' dir='ltr'>AEgypti</span> <span class='ocrx_word' id='word_1_186' title='bbox 727 889 734 901; x_wconf 75' lang='lat'>.</span> <span class='ocrx_word' id='word_1_187' title='bbox 756 875 816 905; x_wconf 79' lang='lat' dir='ltr'>quae</span> <span class='ocrx_word' id='word_1_188' title='bbox 824 864 903 897; x_wconf 83' lang='lat' dir='ltr'>lucos</span> <span class='ocrx_word' id='word_1_189' title='bbox 913 867 1052 905; x_wconf 84' lang='lat' dir='ltr'>silvasque,</span> <span class='ocrx_word' id='word_1_190' title='bbox 1075 868 1101 898; x_wconf 68' lang='grc' dir='ltr'>ἃ</span> <span class='ocrx_word' id='word_1_191' title='bbox 1110 866 1194 906; x_wconf 90' lang='lat' dir='ltr'>Apol-</span> 
     </span>
     <span class='ocr_line' id='line_1_20' title="bbox 72 906 1194 945; baseline -0.001 -10"><span class='ocrx_word' id='word_1_192' title='bbox 72 906 136 936; x_wconf 89' lang='lat' dir='ltr'>linis</span> <span class='ocrx_word' id='word_1_193' title='bbox 146 907 250 943; x_wconf 77' lang='lat' dir='ltr'>grande</span> <span class='ocrx_word' id='word_1_194' title='bbox 261 906 394 936; x_wconf 85' lang='lat' dir='ltr'>sustinens</span> <span class='ocrx_word' id='word_1_195' title='bbox 409 907 546 945; x_wconf 88' lang='lat' dir='ltr'>ternplum</span> <span class='ocrx_word' id='word_1_196' title='bbox 557 912 650 940; x_wconf 85' lang='lat' dir='ltr'>natat,</span> <span class='ocrx_word' id='word_1_197' title='bbox 672 907 698 935; x_wconf 84' lang='lat'>&amp;</span> <span class='ocrx_word' id='word_1_198' title='bbox 716 915 885 942; x_wconf 88' lang='lat' dir='ltr'>quocunque</span> <span class='ocrx_word' id='word_1_199' title='bbox 900 907 974 935; x_wconf 88' lang='lat' dir='ltr'>venti</span> <span class='ocrx_word' id='word_1_200' title='bbox 989 913 1074 942; x_wconf 80' lang='lat' dir='ltr'>agunt</span> <span class='ocrx_word' id='word_1_201' title='bbox 1084 927 1091 938; x_wconf 86' lang='lat'>,</span> <span class='ocrx_word' id='word_1_202' title='bbox 1114 906 1194 943; x_wconf 72' lang='lat' dir='ltr'>pelli-</span> 
     </span>
     <span class='ocr_line' id='line_1_21' title="bbox 71 942 1191 983; baseline -0.001 -9"><span class='ocrx_word' id='word_1_203' title='bbox 71 950 125 974; x_wconf 87' lang='lat' dir='ltr'>tur.</span> <span class='ocrx_word' id='word_1_204' title='bbox 151 945 235 973; x_wconf 85' lang='lat' dir='ltr'>Verba</span> <span class='ocrx_word' id='word_1_205' title='bbox 246 944 392 983; x_wconf 88' lang='lat' dir='ltr'>Pomponii</span> <span class='ocrx_word' id='word_1_206' title='bbox 404 945 486 974; x_wconf 75' lang='lat' dir='ltr'>Melae</span> <span class='ocrx_word' id='word_1_207' title='bbox 497 954 532 974; x_wconf 82' lang='lat' dir='ltr'>ex</span> <span class='ocrx_word' id='word_1_208' title='bbox 541 943 591 973; x_wconf 92' lang='lat' dir='ltr'>lib.</span> <span class='ocrx_word' id='word_1_209' title='bbox 607 955 630 973; x_wconf 90' lang='lat'>1.</span> <span class='ocrx_word' id='word_1_210' title='bbox 643 953 669 979; x_wconf 90' lang='lat'>9.</span> <span class='ocrx_word' id='word_1_211' title='bbox 691 942 733 972; x_wconf 91' lang='lat' dir='ltr'>De</span> <span class='ocrx_word' id='word_1_212' title='bbox 748 943 800 972; x_wconf 85' lang='lat' dir='ltr'>hac</span> <span class='ocrx_word' id='word_1_213' title='bbox 820 943 955 973; x_wconf 86' lang='lat' dir='ltr'>Herodot.</span> <span class='ocrx_word' id='word_1_214' title='bbox 967 944 1015 973; x_wconf 88' lang='lat' dir='ltr'>lib.</span> <span class='ocrx_word' id='word_1_215' title='bbox 1026 953 1052 973; x_wconf 82' lang='lat'>2.</span> <span class='ocrx_word' id='word_1_216' title='bbox 1074 943 1191 979; x_wconf 80' lang='lat' dir='ltr'>scribit,</span> 
     </span>
     <span class='ocr_line' id='line_1_22' title="bbox 72 982 475 1019; baseline 0 -8"><span class='ocrx_word' id='word_1_217' title='bbox 72 992 153 1019; x_wconf 91' lang='lat' dir='ltr'>quam</span> <span class='ocrx_word' id='word_1_218' title='bbox 163 982 330 1011; x_wconf 84' lang='lat' dir='ltr'>Echemmin</span> <span class='ocrx_word' id='word_1_219' title='bbox 340 983 475 1011; x_wconf 87' lang='lat' dir='ltr'>nominat.</span> 
     </span>
    </p>

    <p class='ocr_par' dir='ltr' id='par_1_15' title="bbox 36 1017 1191 1132">
     <span class='ocr_line' id='line_1_23' title="bbox 36 1017 1189 1056; baseline -0.002 -7"><span class='ocrx_word' id='word_1_220' title='bbox 36 1017 85 1051; x_wconf 77' lang='lat' dir='ltr'>CH</span> <span class='ocrx_word' id='word_1_221' title='bbox 96 1023 112 1049; x_wconf 74' lang='grc' dir='ltr'><strong>ἓ</strong></span> <span class='ocrx_word' id='word_1_222' title='bbox 122 1031 141 1048; x_wconf 86' lang='grc' dir='ltr'><strong><em>Μ</em></strong></span> <span class='ocrx_word' id='word_1_223' title='bbox 151 1023 168 1049; x_wconf 76' lang='grc' dir='ltr'>ὃ</span> <span class='ocrx_word' id='word_1_224' title='bbox 178 1030 232 1049; x_wconf 90' lang='lat' dir='ltr'>sis</span> <span class='ocrx_word' id='word_1_225' title='bbox 241 1042 249 1055; x_wconf 91' lang='lat'>,</span> <span class='ocrx_word' id='word_1_226' title='bbox 271 1020 423 1056; x_wconf 62' lang='grc' dir='ltr'>[χᾶμωσπ]</span> <span class='ocrx_word' id='word_1_227' title='bbox 444 1020 532 1050; x_wconf 85' lang='lat' dir='ltr'>Elatio</span> <span class='ocrx_word' id='word_1_228' title='bbox 545 1019 582 1048; x_wconf 89' lang='lat' dir='ltr'>est</span> <span class='ocrx_word' id='word_1_229' title='bbox 592 1017 741 1048; x_wconf 84' lang='lat' dir='ltr'>ambientis</span> <span class='ocrx_word' id='word_1_230' title='bbox 752 1017 866 1048; x_wconf 89' lang='lat' dir='ltr'>oculum</span> <span class='ocrx_word' id='word_1_231' title='bbox 877 1019 1043 1048; x_wconf 65' lang='lat' dir='ltr'>membranae</span> <span class='ocrx_word' id='word_1_232' title='bbox 1054 1041 1061 1054; x_wconf 90' lang='lat'>‚</span> <span class='ocrx_word' id='word_1_233' title='bbox 1084 1028 1144 1056; x_wconf 75' lang='lat' dir='ltr'>quae</span> <span class='ocrx_word' id='word_1_234' title='bbox 1152 1018 1189 1047; x_wconf 93' lang='lat' dir='ltr'>al-</span> 
     </span>
     <span class='ocr_line' id='line_1_24' title="bbox 74 1056 1191 1095; baseline -0.002 -8"><span class='ocrx_word' id='word_1_235' title='bbox 74 1057 139 1087; x_wconf 93' lang='lat' dir='ltr'>bum</span> <span class='ocrx_word' id='word_1_236' title='bbox 156 1067 267 1094; x_wconf 88' lang='lat' dir='ltr'>quoque</span> <span class='ocrx_word' id='word_1_237' title='bbox 283 1057 455 1095; x_wconf 85' lang='lat' dir='ltr'>appellatur:</span> <span class='ocrx_word' id='word_1_238' title='bbox 477 1057 592 1087; x_wconf 63' lang='lat' dir='ltr'>afferftus</span> <span class='ocrx_word' id='word_1_239' title='bbox 610 1056 678 1086; x_wconf 64' lang='lat' dir='ltr'>alb-ee</span> <span class='ocrx_word' id='word_1_240' title='bbox 697 1057 786 1085; x_wconf 86' lang='lat' dir='ltr'>carnis</span> <span class='ocrx_word' id='word_1_241' title='bbox 800 1057 952 1094; x_wconf 72' lang='lat' dir='ltr'>persimilis.</span> <span class='ocrx_word' id='word_1_242' title='bbox 983 1057 1024 1086; x_wconf 84' lang='lat' dir='ltr'>Ex</span> <span class='ocrx_word' id='word_1_243' title='bbox 1038 1057 1087 1087; x_wconf 87' lang='lat' dir='ltr'>lib.</span> <span class='ocrx_word' id='word_1_244' title='bbox 1108 1057 1191 1086; x_wconf 80' lang='lat' dir='ltr'>Finit.</span> 
     </span>
     <span class='ocr_line' id='line_1_25' title="bbox 72 1095 374 1132; baseline -0.003 -7"><span class='ocrx_word' id='word_1_245' title='bbox 72 1095 176 1125; x_wconf 84' lang='lat' dir='ltr'>Medic.</span> <span class='ocrx_word' id='word_1_246' title='bbox 190 1097 265 1132; x_wconf 83' lang='lat' dir='ltr'>apud</span> <span class='ocrx_word' id='word_1_247' title='bbox 280 1095 374 1124; x_wconf 88' lang='lat' dir='ltr'>Galeri.</span> 
     </span>
    </p>

    <p class='ocr_par' dir='ltr' id='par_1_16' title="bbox 36 1129 1193 1398">
     <span class='ocr_line' id='line_1_26' title="bbox 36 1129 1191 1170; baseline -0.001 -8"><span class='ocrx_word' id='word_1_248' title='bbox 36 1130 87 1165; x_wconf 84' lang='lat' dir='ltr'>&#39;CH</span> <span class='ocrx_word' id='word_1_249' title='bbox 98 1136 113 1162; x_wconf 67' lang='lat' dir='ltr'>i}</span> <span class='ocrx_word' id='word_1_250' title='bbox 122 1142 141 1161; x_wconf 86' lang='grc' dir='ltr'>Ν</span> <span class='ocrx_word' id='word_1_251' title='bbox 150 1136 166 1161; x_wconf 77' lang='grc' dir='ltr'>Ᾰ</span> <span class='ocrx_word' id='word_1_252' title='bbox 176 1141 192 1161; x_wconf 68' lang='lat' dir='ltr'>L</span> <span class='ocrx_word' id='word_1_253' title='bbox 202 1137 218 1162; x_wconf 81' lang='grc' dir='ltr'>ὂ</span> <span class='ocrx_word' id='word_1_254' title='bbox 229 1143 242 1161; x_wconf 67' lang='grc' dir='ltr'>ι’</span> <span class='ocrx_word' id='word_1_255' title='bbox 252 1135 266 1162; x_wconf 73' lang='grc' dir='ltr'>ἒ</span> <span class='ocrx_word' id='word_1_256' title='bbox 277 1143 294 1162; x_wconf 89' lang='lat' dir='ltr'>c</span> <span class='ocrx_word' id='word_1_257' title='bbox 303 1143 318 1161; x_wconf 77' lang='lat' dir='ltr'><strong>R</strong></span> <span class='ocrx_word' id='word_1_258' title='bbox 327 1143 338 1163; x_wconf 92' lang='lat' dir='ltr'>s</span> <span class='ocrx_word' id='word_1_259' title='bbox 347 1156 355 1168; x_wconf 90' lang='lat'>,</span> <span class='ocrx_word' id='word_1_260' title='bbox 378 1132 590 1170; x_wconf 65' lang='grc' dir='ltr'>[χηναλώηικες]</span> <span class='ocrx_word' id='word_1_261' title='bbox 610 1142 645 1161; x_wconf 81' lang='lat' dir='ltr'>ex</span> <span class='ocrx_word' id='word_1_262' title='bbox 664 1131 796 1161; x_wconf 84' lang='lat' dir='ltr'>Anserum</span> <span class='ocrx_word' id='word_1_263' title='bbox 808 1129 871 1160; x_wconf 87' lang='lat' dir='ltr'>sunt</span> <span class='ocrx_word' id='word_1_264' title='bbox 887 1140 987 1168; x_wconf 86' lang='lat' dir='ltr'><strong>genere</strong></span> <span class='ocrx_word' id='word_1_265' title='bbox 1000 1155 1008 1168; x_wconf 95' lang='lat'>,</span> <span class='ocrx_word' id='word_1_266' title='bbox 1030 1133 1129 1169; x_wconf 90' lang='lat' dir='ltr'>quibus</span> <span class='ocrx_word' id='word_1_267' title='bbox 1140 1139 1191 1170; x_wconf 89' lang='lat' dir='ltr'>pro</span> 
     </span>
     <span class='ocr_line' id='line_1_27' title="bbox 72 1169 1191 1206; baseline -0.002 -6"><span class='ocrx_word' id='word_1_268' title='bbox 72 1170 141 1200; x_wconf 89' lang='lat' dir='ltr'>cibis</span> <span class='ocrx_word' id='word_1_269' title='bbox 160 1171 324 1200; x_wconf 88' lang='lat' dir='ltr'>lautioribus</span> <span class='ocrx_word' id='word_1_270' title='bbox 335 1178 450 1201; x_wconf 88' lang='lat' dir='ltr'>utuntur</span> <span class='ocrx_word' id='word_1_271' title='bbox 460 1171 593 1200; x_wconf 79' lang='lat' dir='ltr'>Britanni.</span> <span class='ocrx_word' id='word_1_272' title='bbox 638 1170 667 1199; x_wconf 89' lang='lat' dir='ltr'>V.</span> <span class='ocrx_word' id='word_1_273' title='bbox 691 1169 817 1198; x_wconf 83' lang='lat' dir='ltr'>Plin.lib.</span> <span class='ocrx_word' id='word_1_274' title='bbox 831 1180 871 1198; x_wconf 88' lang='lat' dir='ltr'>io.</span> <span class='ocrx_word' id='word_1_275' title='bbox 885 1179 945 1206; x_wconf 89' lang='lat' dir='ltr'>cap.</span> <span class='ocrx_word' id='word_1_276' title='bbox 957 1179 1001 1200; x_wconf 81' lang='lat'>22.</span> <span class='ocrx_word' id='word_1_277' title='bbox 1037 1170 1079 1200; x_wconf 78' lang='lat' dir='ltr'>Est</span> <span class='ocrx_word' id='word_1_278' title='bbox 1097 1178 1191 1199; x_wconf 85' lang='lat' dir='ltr'>autem</span> 
     </span>
     <span class='ocr_line' id='line_1_28' title="bbox 71 1206 1190 1246; baseline 0 -9"><span class='ocrx_word' id='word_1_279' title='bbox 71 1218 175 1238; x_wconf 84' lang='lat' dir='ltr'>nomen</span> <span class='ocrx_word' id='word_1_280' title='bbox 196 1206 241 1236; x_wconf 67' lang='lat' dir='ltr'>&gt;bri</span> <span class='ocrx_word' id='word_1_281' title='bbox 261 1206 281 1236; x_wconf 62' lang='grc' dir='ltr'><em>ὗ</em></span> <span class='ocrx_word' id='word_1_282' title='bbox 296 1212 360 1246; x_wconf 69' lang='grc' dir='ltr'><strong><em>χηνὸς</em></strong></span> <span class='ocrx_word' id='word_1_283' title='bbox 376 1209 417 1240; x_wconf 62' lang='grc' dir='ltr'>καὶ</span> <span class='ocrx_word' id='word_1_284' title='bbox 432 1210 567 1238; x_wconf 56' lang='lat' dir='ltr'>dmum&amp;</span> <span class='ocrx_word' id='word_1_285' title='bbox 581 1207 776 1245; x_wconf 81' lang='lat' dir='ltr'>compositum,</span> <span class='ocrx_word' id='word_1_286' title='bbox 797 1207 852 1236; x_wconf 84' lang='lat' dir='ltr'>hoc</span> <span class='ocrx_word' id='word_1_287' title='bbox 864 1208 900 1236; x_wconf 83' lang='lat' dir='ltr'>est</span> <span class='ocrx_word' id='word_1_288' title='bbox 911 1217 944 1236; x_wconf 66' lang='lat' dir='ltr'>et&lt;</span> <span class='ocrx_word' id='word_1_289' title='bbox 959 1207 1190 1246; x_wconf 82' lang='lat' dir='ltr'>vulpe&amp;ansere.</span> 
     </span>
     <span class='ocr_line' id='line_1_29' title="bbox 71 1245 1191 1283; baseline 0 -9"><span class='ocrx_word' id='word_1_290' title='bbox 71 1245 153 1275; x_wconf 89' lang='lat' dir='ltr'><strong>Unde</strong></span> <span class='ocrx_word' id='word_1_291' title='bbox 165 1248 191 1276; x_wconf 65' lang='grc' dir='ltr'>ἀ</span> <span class='ocrx_word' id='word_1_292' title='bbox 201 1246 395 1283; x_wconf 84' lang='lat' dir='ltr'>Vulpanserem</span> <span class='ocrx_word' id='word_1_293' title='bbox 406 1247 505 1277; x_wconf 79' lang='lat' dir='ltr'>AEliani</span> <span class='ocrx_word' id='word_1_294' title='bbox 515 1247 652 1283; x_wconf 81' lang='lat' dir='ltr'>interpres</span> <span class='ocrx_word' id='word_1_295' title='bbox 663 1245 808 1274; x_wconf 80' lang='lat' dir='ltr'>transtulit.</span> <span class='ocrx_word' id='word_1_296' title='bbox 847 1245 976 1274; x_wconf 85' lang='lat' dir='ltr'>Anserem</span> <span class='ocrx_word' id='word_1_297' title='bbox 988 1247 1064 1275; x_wconf 88' lang='lat' dir='ltr'>enim</span> <span class='ocrx_word' id='word_1_298' title='bbox 1076 1245 1167 1283; x_wconf 88' lang='lat' dir='ltr'>specie</span> <span class='ocrx_word' id='word_1_299' title='bbox 1182 1266 1191 1278; x_wconf 89' lang='lat'><strong>‚</strong></span> 
     </span>
     <span class='ocr_line' id='line_1_30' title="bbox 71 1283 1192 1321; baseline -0.002 -7"><span class='ocrx_word' id='word_1_300' title='bbox 71 1284 185 1321; x_wconf 85' lang='lat' dir='ltr'>&#39;vulpem</span> <span class='ocrx_word' id='word_1_301' title='bbox 195 1284 346 1314; x_wconf 88' lang='lat' dir='ltr'>calliditate</span> <span class='ocrx_word' id='word_1_302' title='bbox 357 1285 448 1314; x_wconf 81' lang='lat' dir='ltr'><strong>refert.</strong></span> <span class='ocrx_word' id='word_1_303' title='bbox 489 1283 592 1321; x_wconf 66' lang='lat' dir='ltr'>Aquilae</span> <span class='ocrx_word' id='word_1_304' title='bbox 608 1286 633 1313; x_wconf 70' lang='grc' dir='ltr'>ὁὶ</span> <span class='ocrx_word' id='word_1_305' title='bbox 644 1284 705 1312; x_wconf 82' lang='lat' dir='ltr'>selis</span> <span class='ocrx_word' id='word_1_306' title='bbox 716 1283 846 1319; x_wconf 82' lang='lat' dir='ltr'>injuriam</span> <span class='ocrx_word' id='word_1_307' title='bbox 863 1283 943 1312; x_wconf 78' lang='lat' dir='ltr'>facile</span> <span class='ocrx_word' id='word_1_308' title='bbox 957 1284 1106 1321; x_wconf 76' lang='lat' dir='ltr'>propulsat.</span> <span class='ocrx_word' id='word_1_309' title='bbox 1140 1284 1192 1312; x_wconf 86' lang='lat' dir='ltr'>Au-</span> 
     </span>
     <span class='ocr_line' id='line_1_31' title="bbox 71 1320 1193 1359; baseline -0.001 -7"><span class='ocrx_word' id='word_1_310' title='bbox 71 1324 138 1359; x_wconf 86' lang='lat' dir='ltr'>&#39;cupi</span> <span class='ocrx_word' id='word_1_311' title='bbox 150 1322 184 1351; x_wconf 87' lang='lat' dir='ltr'>ad</span> <span class='ocrx_word' id='word_1_312' title='bbox 193 1323 290 1352; x_wconf 90' lang='lat' dir='ltr'>nidum</span> <span class='ocrx_word' id='word_1_313' title='bbox 304 1323 451 1352; x_wconf 82' lang='lat' dir='ltr'>accedenti</span> <span class='ocrx_word' id='word_1_314' title='bbox 461 1322 571 1351; x_wconf 83' lang='lat' dir='ltr'>obviam</span> <span class='ocrx_word' id='word_1_315' title='bbox 585 1322 678 1359; x_wconf 80' lang='lat' dir='ltr'>prodit</span> <span class='ocrx_word' id='word_1_316' title='bbox 688 1343 695 1354; x_wconf 81' lang='lat'>,</span> <span class='ocrx_word' id='word_1_317' title='bbox 717 1328 748 1350; x_wconf 88' lang='lat' dir='ltr'>ut</span> <span class='ocrx_word' id='word_1_318' title='bbox 762 1322 873 1351; x_wconf 85' lang='lat' dir='ltr'>interim</span> <span class='ocrx_word' id='word_1_319' title='bbox 890 1321 973 1358; x_wconf 81' lang='lat' dir='ltr'>pullis</span> <span class='ocrx_word' id='word_1_320' title='bbox 989 1322 1120 1351; x_wconf 83' lang='lat' dir='ltr'>elabendi</span> <span class='ocrx_word' id='word_1_321' title='bbox 1134 1320 1193 1359; x_wconf 57' lang='grc' dir='ltr'>Γρᾶ-ε</span> 
     </span>
     <span class='ocr_line' id='line_1_32' title="bbox 71 1358 900 1398; baseline 0 -10"><span class='ocrx_word' id='word_1_322' title='bbox 71 1360 141 1389; x_wconf 68' lang='lat' dir='ltr'>tium</span> <span class='ocrx_word' id='word_1_323' title='bbox 152 1360 282 1398; x_wconf 72' lang='lat' dir='ltr'>praebeat.</span> <span class='ocrx_word' id='word_1_324' title='bbox 321 1360 351 1389; x_wconf 93' lang='lat' dir='ltr'>V.</span> <span class='ocrx_word' id='word_1_325' title='bbox 374 1360 474 1390; x_wconf 77' lang='lat' dir='ltr'>ffilian.</span> <span class='ocrx_word' id='word_1_326' title='bbox 486 1360 553 1390; x_wconf 75' lang='lat' dir='ltr'>Hist.</span> <span class='ocrx_word' id='word_1_327' title='bbox 566 1360 655 1388; x_wconf 83' lang='lat' dir='ltr'>Anim.</span> <span class='ocrx_word' id='word_1_328' title='bbox 668 1358 715 1388; x_wconf 87' lang='lat' dir='ltr'>lib.</span> <span class='ocrx_word' id='word_1_329' title='bbox 731 1368 844 1396; x_wconf 80' lang='lat' dir='ltr'>15.cap.</span> <span class='ocrx_word' id='word_1_330' title='bbox 857 1369 900 1394; x_wconf 84' lang='lat'>5¹·</span> 
     </span>
    </p>

    <p class='ocr_par' dir='ltr' id='par_1_17' title="bbox 35 1395 1194 1512">
     <span class='ocr_line' id='line_1_33' title="bbox 35 1395 1192 1435; baseline -0.003 -6"><span class='ocrx_word' id='word_1_331' title='bbox 35 1395 87 1429; x_wconf 73' lang='lat' dir='ltr'>cn</span> <span class='ocrx_word' id='word_1_332' title='bbox 96 1401 112 1426; x_wconf 73' lang='lat' dir='ltr'><strong>E</strong></span> <span class='ocrx_word' id='word_1_333' title='bbox 122 1407 142 1426; x_wconf 85' lang='lat' dir='ltr'>N</span> <span class='ocrx_word' id='word_1_334' title='bbox 152 1407 182 1427; x_wconf 89' lang='lat' dir='ltr'>is</span> <span class='ocrx_word' id='word_1_335' title='bbox 192 1408 209 1427; x_wconf 91' lang='lat' dir='ltr'>c</span> <span class='ocrx_word' id='word_1_336' title='bbox 219 1408 235 1427; x_wconf 89' lang='lat' dir='ltr'>u</span> <span class='ocrx_word' id='word_1_337' title='bbox 245 1408 257 1427; x_wconf 87' lang='lat' dir='ltr'>s</span> <span class='ocrx_word' id='word_1_338' title='bbox 271 1419 280 1433; x_wconf 91' lang='lat'>,</span> <span class='ocrx_word' id='word_1_339' title='bbox 301 1398 469 1435; x_wconf 41' lang='lat' dir='ltr'>[minwerco]</span> <span class='ocrx_word' id='word_1_340' title='bbox 491 1398 595 1427; x_wconf 82' lang='lat' dir='ltr'>Latinis</span> <span class='ocrx_word' id='word_1_341' title='bbox 607 1396 769 1426; x_wconf 86' lang='lat' dir='ltr'>Anserculus</span> <span class='ocrx_word' id='word_1_342' title='bbox 778 1397 817 1425; x_wconf 82' lang='lat' dir='ltr'>est</span> <span class='ocrx_word' id='word_1_343' title='bbox 827 1418 835 1431; x_wconf 94' lang='lat'>,</span> <span class='ocrx_word' id='word_1_344' title='bbox 857 1397 932 1425; x_wconf 84' lang='lat' dir='ltr'>unde</span> <span class='ocrx_word' id='word_1_345' title='bbox 943 1397 969 1426; x_wconf 65' lang='grc' dir='ltr'>ἃ</span> <span class='ocrx_word' id='word_1_346' title='bbox 981 1397 1083 1434; x_wconf 80' lang='lat' dir='ltr'>puppis</span> <span class='ocrx_word' id='word_1_347' title='bbox 1104 1401 1192 1426; x_wconf 78' lang='lat' dir='ltr'>extre-</span> 
     </span>
     <span class='ocr_line' id='line_1_34' title="bbox 72 1434 1193 1474; baseline 0 -10"><span class='ocrx_word' id='word_1_348' title='bbox 72 1445 166 1471; x_wconf 87' lang='lat' dir='ltr'>mum,</span> <span class='ocrx_word' id='word_1_349' title='bbox 186 1436 262 1473; x_wconf 89' lang='lat' dir='ltr'>quod</span> <span class='ocrx_word' id='word_1_350' title='bbox 273 1443 386 1466; x_wconf 86' lang='lat' dir='ltr'>ornatus</span> <span class='ocrx_word' id='word_1_351' title='bbox 397 1437 482 1474; x_wconf 88' lang='lat' dir='ltr'>gratia</span> <span class='ocrx_word' id='word_1_352' title='bbox 492 1458 499 1471; x_wconf 94' lang='lat'>,</span> <span class='ocrx_word' id='word_1_353' title='bbox 522 1437 556 1464; x_wconf 86' lang='lat' dir='ltr'>ad</span> <span class='ocrx_word' id='word_1_354' title='bbox 569 1435 669 1465; x_wconf 80' lang='lat' dir='ltr'>anseris</span> <span class='ocrx_word' id='word_1_355' title='bbox 679 1434 886 1464; x_wconf 78' lang='lat' dir='ltr'>similitudinem</span> <span class='ocrx_word' id='word_1_356' title='bbox 898 1434 1020 1464; x_wconf 63' lang='lat' dir='ltr'>effiCium</span> <span class='ocrx_word' id='word_1_357' title='bbox 1031 1442 1104 1469; x_wconf 86' lang='lat' dir='ltr'>erat,</span> <span class='ocrx_word' id='word_1_358' title='bbox 1128 1434 1193 1464; x_wconf 85' lang='lat' dir='ltr'>che-</span> 
     </span>
     <span class='ocr_line' id='line_1_35' title="bbox 73 1472 1194 1512; baseline -0.002 -9"><span class='ocrx_word' id='word_1_359' title='bbox 73 1473 179 1503; x_wconf 85' lang='lat' dir='ltr'>niscum</span> <span class='ocrx_word' id='word_1_360' title='bbox 190 1473 375 1512; x_wconf 86' lang='lat' dir='ltr'>appellarunt.</span> <span class='ocrx_word' id='word_1_361' title='bbox 416 1474 567 1512; x_wconf 71' lang='lat' dir='ltr'>Appuleius</span> <span class='ocrx_word' id='word_1_362' title='bbox 579 1495 586 1507; x_wconf 88' lang='lat'>,</span> <span class='ocrx_word' id='word_1_363' title='bbox 609 1474 677 1502; x_wconf 79' lang='lat' dir='ltr'>Met.</span> <span class='ocrx_word' id='word_1_364' title='bbox 691 1472 737 1501; x_wconf 89' lang='lat' dir='ltr'>lib.</span> <span class='ocrx_word' id='word_1_365' title='bbox 754 1482 795 1501; x_wconf 88' lang='grc' dir='ltr'>ιι.</span> <span class='ocrx_word' id='word_1_366' title='bbox 808 1482 868 1509; x_wconf 78' lang='lat' dir='ltr'>pag.</span> <span class='ocrx_word' id='word_1_367' title='bbox 882 1478 946 1506; x_wconf 74' lang='lat'>264.</span> <span class='ocrx_word' id='word_1_368' title='bbox 977 1473 1079 1510; x_wconf 84' lang='lat' dir='ltr'>Puppis</span> <span class='ocrx_word' id='word_1_369' title='bbox 1091 1473 1194 1502; x_wconf 79' lang='lat' dir='ltr'>intorta</span> 
     </span>
    </p>

    <p class='ocr_par' dir='ltr' id='par_1_18' title="bbox 40 1510 1116 1550">
     <span class='ocr_line' id='line_1_36' title="bbox 40 1510 1116 1550; baseline -0.001 -10"><span class='ocrx_word' id='word_1_370' title='bbox 40 1544 42 1549; x_wconf 71' lang='lat'>.</span> <span class='ocrx_word' id='word_1_371' title='bbox 72 1511 210 1541; x_wconf 81' lang='lat' dir='ltr'>chenisco.</span> <span class='ocrx_word' id='word_1_372' title='bbox 250 1512 293 1541; x_wconf 92' lang='lat' dir='ltr'>De</span> <span class='ocrx_word' id='word_1_373' title='bbox 307 1512 396 1541; x_wconf 90' lang='lat' dir='ltr'>forma</span> <span class='ocrx_word' id='word_1_374' title='bbox 406 1511 545 1545; x_wconf 73' lang='lat' dir='ltr'>chenisci,</span> <span class='ocrx_word' id='word_1_375' title='bbox 566 1512 631 1540; x_wconf 80' lang='lat' dir='ltr'>vide</span> <span class='ocrx_word' id='word_1_376' title='bbox 643 1511 716 1548; x_wconf 86' lang='lat' dir='ltr'>apud</span> <span class='ocrx_word' id='word_1_377' title='bbox 732 1510 856 1547; x_wconf 76' lang='lat' dir='ltr'>Bayfium</span> <span class='ocrx_word' id='word_1_378' title='bbox 870 1511 904 1539; x_wconf 82' lang='lat' dir='ltr'>de</span> <span class='ocrx_word' id='word_1_379' title='bbox 914 1510 954 1539; x_wconf 82' lang='lat' dir='ltr'>Re</span> <span class='ocrx_word' id='word_1_380' title='bbox 966 1511 1065 1540; x_wconf 79' lang='lat' dir='ltr'>navali.</span> <span class='ocrx_word' id='word_1_381' title='bbox 1108 1542 1116 1550; x_wconf 91' lang='lat'>.</span> 
     </span>
    </p>

    <p class='ocr_par' dir='ltr' id='par_1_19' title="bbox 37 1547 1195 1586">
     <span class='ocr_line' id='line_1_37' title="bbox 37 1547 1195 1586; baseline 0.001 -10"><span class='ocrx_word' id='word_1_382' title='bbox 37 1548 61 1580; x_wconf 75' lang='lat' dir='ltr'><strong>c</strong></span> <span class='ocrx_word' id='word_1_383' title='bbox 69 1558 89 1579; x_wconf 85' lang='lat' dir='ltr'>H</span> <span class='ocrx_word' id='word_1_384' title='bbox 97 1552 112 1578; x_wconf 79' lang='grc' dir='ltr'><strong>ἓ</strong></span> <span class='ocrx_word' id='word_1_385' title='bbox 120 1551 160 1578; x_wconf 71' lang='lat' dir='ltr'>No</span> <span class='ocrx_word' id='word_1_386' title='bbox 170 1560 184 1578; x_wconf 69' lang='grc' dir='ltr'>ις</span> <span class='ocrx_word' id='word_1_387' title='bbox 192 1560 209 1579; x_wconf 95' lang='lat'>0</span> <span class='ocrx_word' id='word_1_388' title='bbox 217 1559 229 1579; x_wconf 87' lang='lat' dir='ltr'>s</span> <span class='ocrx_word' id='word_1_389' title='bbox 239 1559 256 1579; x_wconf 84' lang='lat' dir='ltr'>c</span> <span class='ocrx_word' id='word_1_390' title='bbox 266 1561 274 1578; x_wconf 85' lang='lat'><em>1</em></span> <span class='ocrx_word' id='word_1_391' title='bbox 285 1560 304 1579; x_wconf 77' lang='lat' dir='ltr'>A</span> <span class='ocrx_word' id='word_1_392' title='bbox 316 1574 324 1585; x_wconf 76' lang='lat'><strong>‚</strong></span> <span class='ocrx_word' id='word_1_393' title='bbox 346 1550 538 1586; x_wconf 54' lang='lat' dir='ltr'>[xmssa&#39;aum]</span> <span class='ocrx_word' id='word_1_394' title='bbox 560 1549 629 1578; x_wconf 88' lang='lat' dir='ltr'>Urbs</span> <span class='ocrx_word' id='word_1_395' title='bbox 639 1549 760 1585; x_wconf 73' lang='lat' dir='ltr'>AEgypti,</span> <span class='ocrx_word' id='word_1_396' title='bbox 781 1558 796 1577; x_wconf 93' lang='lat' dir='ltr'>e</span> <span class='ocrx_word' id='word_1_397' title='bbox 806 1549 919 1584; x_wconf 79' lang='lat' dir='ltr'>regione</span> <span class='ocrx_word' id='word_1_398' title='bbox 931 1548 1078 1586; x_wconf 75' lang='lat' dir='ltr'>Diospolis,</span> <span class='ocrx_word' id='word_1_399' title='bbox 1100 1547 1135 1577; x_wconf 88' lang='lat' dir='ltr'>ab</span> <span class='ocrx_word' id='word_1_400' title='bbox 1147 1557 1195 1577; x_wconf 74' lang='lat' dir='ltr'>an—</span> 
     </span>
    </p>

    <p class='ocr_par' dir='ltr' id='par_1_20' title="bbox 57 1585 1192 1624">
     <span class='ocr_line' id='line_1_38' title="bbox 57 1585 1192 1624; baseline 0 -9"><span class='ocrx_word' id='word_1_401' title='bbox 57 1586 161 1616; x_wconf 78' lang='lat' dir='ltr'>‚serum</span> <span class='ocrx_word' id='word_1_402' title='bbox 171 1610 179 1622; x_wconf 86' lang='lat'>,</span> <span class='ocrx_word' id='word_1_403' title='bbox 201 1594 231 1617; x_wconf 90' lang='lat' dir='ltr'>ut</span> <span class='ocrx_word' id='word_1_404' title='bbox 241 1588 351 1617; x_wconf 87' lang='lat' dir='ltr'>videtur</span> <span class='ocrx_word' id='word_1_405' title='bbox 363 1610 370 1623; x_wconf 91' lang='lat'>,</span> <span class='ocrx_word' id='word_1_406' title='bbox 391 1587 498 1624; x_wconf 82' lang='lat' dir='ltr'>pascuis</span> <span class='ocrx_word' id='word_1_407' title='bbox 511 1588 583 1617; x_wconf 58' lang='lat' dir='ltr'>dista</span> <span class='ocrx_word' id='word_1_408' title='bbox 594 1609 602 1622; x_wconf 87' lang='lat'>,</span> <span class='ocrx_word' id='word_1_409' title='bbox 625 1587 671 1624; x_wconf 88' lang='lat' dir='ltr'>qui</span> <span class='ocrx_word' id='word_1_410' title='bbox 683 1594 776 1615; x_wconf 84' lang='lat' dir='ltr'>tamen</span> <span class='ocrx_word' id='word_1_411' title='bbox 792 1585 850 1614; x_wconf 81' lang='lat' dir='ltr'>illic</span> <span class='ocrx_word' id='word_1_412' title='bbox 861 1586 930 1615; x_wconf 86' lang='lat' dir='ltr'>nulli</span> <span class='ocrx_word' id='word_1_413' title='bbox 940 1592 1081 1624; x_wconf 84' lang='lat' dir='ltr'>apparent.</span> <span class='ocrx_word' id='word_1_414' title='bbox 1102 1586 1192 1622; x_wconf 82' lang='lat' dir='ltr'>Hujus</span> 
     </span>
    </p>

    <p class='ocr_par' dir='ltr' id='par_1_21' title="bbox 73 1623 1191 1662">
     <span class='ocr_line' id='line_1_39' title="bbox 73 1623 1191 1662; baseline -0.002 -8"><span class='ocrx_word' id='word_1_415' title='bbox 73 1624 172 1654; x_wconf 79' lang='lat' dir='ltr'>incolae</span> <span class='ocrx_word' id='word_1_416' title='bbox 182 1626 314 1655; x_wconf 85' lang='lat' dir='ltr'>dicuntur</span> <span class='ocrx_word' id='word_1_417' title='bbox 325 1626 563 1660; x_wconf 85' lang='lat' dir='ltr'>Chenobosciatae,</span> <span class='ocrx_word' id='word_1_418' title='bbox 585 1626 631 1662; x_wconf 86' lang='lat' dir='ltr'>qui</span> <span class='ocrx_word' id='word_1_419' title='bbox 643 1625 716 1653; x_wconf 88' lang='lat' dir='ltr'>circa</span> <span class='ocrx_word' id='word_1_420' title='bbox 726 1624 891 1653; x_wconf 90' lang='lat' dir='ltr'>Crocodilos</span> <span class='ocrx_word' id='word_1_421' title='bbox 901 1632 1083 1661; x_wconf 81' lang='lat' dir='ltr'>occupantur.</span> <span class='ocrx_word' id='word_1_422' title='bbox 1095 1623 1191 1661; x_wconf 79' lang='lat' dir='ltr'>Steph.</span> 
     </span>
    </p>

    <p class='ocr_par' dir='ltr' id='par_1_22' title="bbox 36 1657 1195 1699">
     <span class='ocr_line' id='line_1_40' title="bbox 36 1657 1195 1699; baseline -0.002 -7"><span class='ocrx_word' id='word_1_423' title='bbox 36 1657 89 1692; x_wconf 67' lang='lat' dir='ltr'>CH</span> <span class='ocrx_word' id='word_1_424' title='bbox 98 1666 115 1692; x_wconf 72' lang='grc' dir='ltr'><strong>ἓ</strong></span> <span class='ocrx_word' id='word_1_425' title='bbox 125 1672 142 1691; x_wconf 72' lang='grc' dir='ltr'><strong>Ν</strong></span> <span class='ocrx_word' id='word_1_426' title='bbox 154 1665 171 1693; x_wconf 86' lang='grc' dir='ltr'>ὅ</span> <span class='ocrx_word' id='word_1_427' title='bbox 181 1674 196 1692; x_wconf 72' lang='grc' dir='ltr'><strong>Β</strong></span> <span class='ocrx_word' id='word_1_428' title='bbox 207 1673 223 1692; x_wconf 94' lang='lat' dir='ltr'>o</span> <span class='ocrx_word' id='word_1_429' title='bbox 232 1673 243 1693; x_wconf 92' lang='lat' dir='ltr'>s</span> <span class='ocrx_word' id='word_1_430' title='bbox 254 1668 291 1693; x_wconf 74' lang='lat' dir='ltr'>ci</span> <span class='ocrx_word' id='word_1_431' title='bbox 300 1674 316 1693; x_wconf 87' lang='grc' dir='ltr'>υ</span> <span class='ocrx_word' id='word_1_432' title='bbox 325 1673 346 1693; x_wconf 76' lang='lat' dir='ltr'>M</span> <span class='ocrx_word' id='word_1_433' title='bbox 361 1686 368 1699; x_wconf 91' lang='lat'>,</span> <span class='ocrx_word' id='word_1_434' title='bbox 390 1664 408 1693; x_wconf 87' lang='lat' dir='ltr'>i.</span> <span class='ocrx_word' id='word_1_435' title='bbox 431 1674 459 1693; x_wconf 91' lang='lat' dir='ltr'>n.</span> <span class='ocrx_word' id='word_1_436' title='bbox 480 1662 679 1699; x_wconf 61' lang='grc' dir='ltr'>[χηνοέοακέιον]</span> <span class='ocrx_word' id='word_1_437' title='bbox 700 1662 790 1691; x_wconf 89' lang='lat' dir='ltr'>Locus</span> <span class='ocrx_word' id='word_1_438' title='bbox 802 1662 849 1691; x_wconf 86' lang='lat' dir='ltr'>ubi</span> <span class='ocrx_word' id='word_1_439' title='bbox 863 1662 969 1692; x_wconf 87' lang='lat' dir='ltr'>anseres</span> <span class='ocrx_word' id='word_1_440' title='bbox 984 1662 1104 1692; x_wconf 89' lang='lat' dir='ltr'>aluntur.</span> <span class='ocrx_word' id='word_1_441' title='bbox 1141 1662 1195 1691; x_wconf 79' lang='lat' dir='ltr'>Co-</span> 
     </span>
    </p>
   </div>
   <div class='ocr_carea' id='block_1_2' title="bbox 0 1738 1202 3977">
    <p class='ocr_par' dir='ltr' id='par_1_23' title="bbox 0 1738 1202 3977">
     <span class='ocr_line' id='line_1_41' title="bbox 39 1738 394 1772; baseline 0.006 -5"><span class='ocrx_word' id='word_1_442' title='bbox 39 1768 43 1772; x_wconf 60' lang='lat'>,</span> <span class='ocrx_word' id='word_1_443' title='bbox 73 1738 206 1768; x_wconf 88' lang='lat' dir='ltr'>noboscia</span> <span class='ocrx_word' id='word_1_444' title='bbox 216 1740 394 1769; x_wconf 83' lang='lat' dir='ltr'>constituant.</span> 
     </span>
     <span class='ocr_line' id='line_1_42' title="bbox 36 1774 1195 1814; baseline -0.001 -9"><span class='ocrx_word' id='word_1_445' title='bbox 36 1775 60 1806; x_wconf 84' lang='lat' dir='ltr'>C</span> <span class='ocrx_word' id='word_1_446' title='bbox 69 1786 89 1805; x_wconf 99' lang='lat' dir='ltr'>H</span> <span class='ocrx_word' id='word_1_447' title='bbox 99 1780 114 1806; x_wconf 75' lang='grc' dir='ltr'><strong>ἓ</strong></span> <span class='ocrx_word' id='word_1_448' title='bbox 123 1786 143 1805; x_wconf 84' lang='lat' dir='ltr'>N</span> <span class='ocrx_word' id='word_1_449' title='bbox 153 1779 170 1806; x_wconf 82' lang='lat'><em>6</em></span> <span class='ocrx_word' id='word_1_450' title='bbox 180 1788 200 1806; x_wconf 69' lang='grc' dir='ltr'>ιι</span> <span class='ocrx_word' id='word_1_451' title='bbox 210 1787 228 1806; x_wconf 82' lang='lat' dir='ltr'>ir</span> <span class='ocrx_word' id='word_1_452' title='bbox 239 1787 255 1806; x_wconf 86' lang='lat' dir='ltr'>c</span> <span class='ocrx_word' id='word_1_453' title='bbox 264 1787 284 1806; x_wconf 87' lang='lat' dir='ltr'>H</span> <span class='ocrx_word' id='word_1_454' title='bbox 293 1788 310 1807; x_wconf 92' lang='grc' dir='ltr'>ο</span> <span class='ocrx_word' id='word_1_455' title='bbox 319 1787 350 1813; x_wconf 81' lang='lat' dir='ltr'>N,</span> <span class='ocrx_word' id='word_1_456' title='bbox 371 1777 540 1814; x_wconf 60' lang='grc' dir='ltr'>[χηνόμυχιν]</span> <span class='ocrx_word' id='word_1_457' title='bbox 560 1775 654 1807; x_wconf 85' lang='lat' dir='ltr'>Herba</span> <span class='ocrx_word' id='word_1_458' title='bbox 664 1774 700 1806; x_wconf 87' lang='lat' dir='ltr'>ad</span> <span class='ocrx_word' id='word_1_459' title='bbox 710 1777 788 1812; x_wconf 74' lang='lat' dir='ltr'>cuius</span> <span class='ocrx_word' id='word_1_460' title='bbox 797 1775 939 1814; x_wconf 64' lang='lat' dir='ltr'>aspectum</span> <span class='ocrx_word' id='word_1_461' title='bbox 949 1775 1136 1814; x_wconf 79' lang='lat' dir='ltr'>expavescunt</span> <span class='ocrx_word' id='word_1_462' title='bbox 1145 1782 1195 1806; x_wconf 72' lang='lat' dir='ltr'>ann</span> 
     </span>
     <span class='ocr_line' id='line_1_43' title="bbox 72 1814 488 1853; baseline 0.005 -10"><span class='ocrx_word' id='word_1_463' title='bbox 72 1814 152 1844; x_wconf 89' lang='lat' dir='ltr'>seres.</span> <span class='ocrx_word' id='word_1_464' title='bbox 175 1815 244 1844; x_wconf 83' lang='lat' dir='ltr'>Piin.</span> <span class='ocrx_word' id='word_1_465' title='bbox 255 1815 302 1844; x_wconf 90' lang='lat' dir='ltr'>lib.</span> <span class='ocrx_word' id='word_1_466' title='bbox 313 1825 358 1846; x_wconf 80' lang='lat'>21.</span> <span class='ocrx_word' id='word_1_467' title='bbox 370 1825 429 1853; x_wconf 86' lang='lat' dir='ltr'>cap.</span> <span class='ocrx_word' id='word_1_468' title='bbox 447 1827 456 1845; x_wconf 93' lang='lat' dir='ltr'>i</span> <span class='ocrx_word' id='word_1_469' title='bbox 465 1826 488 1845; x_wconf 90' lang='lat'>1.</span> 
     </span>
     <span class='ocr_line' id='line_1_44' title="bbox 20 1850 1194 1890; baseline -0.002 -8"><span class='ocrx_word' id='word_1_470' title='bbox 20 1862 24 1884; x_wconf 79' lang='grc' dir='ltr'>ι</span> <span class='ocrx_word' id='word_1_471' title='bbox 35 1851 59 1882; x_wconf 92' lang='lat' dir='ltr'>C</span> <span class='ocrx_word' id='word_1_472' title='bbox 68 1862 87 1881; x_wconf 84' lang='lat' dir='ltr'>H</span> <span class='ocrx_word' id='word_1_473' title='bbox 97 1856 112 1881; x_wconf 76' lang='grc' dir='ltr'>Ξ·</span> <span class='ocrx_word' id='word_1_474' title='bbox 122 1862 142 1881; x_wconf 81' lang='lat' dir='ltr'>N</span> <span class='ocrx_word' id='word_1_475' title='bbox 152 1854 169 1882; x_wconf 85' lang='grc' dir='ltr'>ὅ</span> <span class='ocrx_word' id='word_1_476' title='bbox 180 1863 194 1882; x_wconf 82' lang='lat'>1’</span> <span class='ocrx_word' id='word_1_477' title='bbox 205 1863 223 1882; x_wconf 88' lang='grc' dir='ltr'>υ</span> <span class='ocrx_word' id='word_1_478' title='bbox 232 1863 244 1882; x_wconf 88' lang='lat' dir='ltr'>s</span> <span class='ocrx_word' id='word_1_479' title='bbox 254 1875 262 1888; x_wconf 96' lang='lat'>,</span> <span class='ocrx_word' id='word_1_480' title='bbox 287 1854 435 1889; x_wconf 64' lang='grc' dir='ltr'>[χηνόπες]</span> <span class='ocrx_word' id='word_1_481' title='bbox 456 1853 550 1882; x_wconf 87' lang='lat' dir='ltr'>Latine</span> <span class='ocrx_word' id='word_1_482' title='bbox 563 1852 669 1882; x_wconf 80' lang='lat' dir='ltr'>Anseris</span> <span class='ocrx_word' id='word_1_483' title='bbox 678 1862 727 1890; x_wconf 79' lang='lat' dir='ltr'>pes</span> <span class='ocrx_word' id='word_1_484' title='bbox 737 1850 852 1881; x_wconf 86' lang='lat' dir='ltr'>dicitur:</span> <span class='ocrx_word' id='word_1_485' title='bbox 876 1861 931 1888; x_wconf 90' lang='lat' dir='ltr'>quo</span> <span class='ocrx_word' id='word_1_486' title='bbox 941 1852 1055 1881; x_wconf 89' lang='lat' dir='ltr'>nomine</span> <span class='ocrx_word' id='word_1_487' title='bbox 1074 1851 1148 1880; x_wconf 59' lang='lat' dir='ltr'>dista</span> <span class='ocrx_word' id='word_1_488' title='bbox 1156 1851 1194 1880; x_wconf 86' lang='lat' dir='ltr'>est</span> 
     </span>
     <span class='ocr_line' id='line_1_45' title="bbox 20 1886 1193 1931; baseline -0.002 -11"><span class='ocrx_word' id='word_1_489' title='bbox 20 1886 23 1931; x_wconf 68' lang='grc' dir='ltr'>ξ</span> <span class='ocrx_word' id='word_1_490' title='bbox 74 1890 203 1920; x_wconf 80' lang='lat' dir='ltr'>&amp;Herba</span> <span class='ocrx_word' id='word_1_491' title='bbox 216 1912 224 1927; x_wconf 84' lang='lat'>‚</span> <span class='ocrx_word' id='word_1_492' title='bbox 246 1899 306 1929; x_wconf 79' lang='lat' dir='ltr'>quae</span> <span class='ocrx_word' id='word_1_493' title='bbox 315 1891 400 1921; x_wconf 87' lang='lat' dir='ltr'>habet</span> <span class='ocrx_word' id='word_1_494' title='bbox 410 1891 529 1929; x_wconf 79' lang='lat' dir='ltr'>effigiem</span> <span class='ocrx_word' id='word_1_495' title='bbox 544 1890 661 1920; x_wconf 85' lang='lat' dir='ltr'>anserini</span> <span class='ocrx_word' id='word_1_496' title='bbox 677 1891 765 1927; x_wconf 86' lang='lat' dir='ltr'>pedis.</span> <span class='ocrx_word' id='word_1_497' title='bbox 788 1890 855 1919; x_wconf 86' lang='lat' dir='ltr'>Plin.</span> <span class='ocrx_word' id='word_1_498' title='bbox 868 1888 916 1919; x_wconf 88' lang='lat' dir='ltr'>lib.</span> <span class='ocrx_word' id='word_1_499' title='bbox 932 1900 973 1919; x_wconf 87' lang='lat' dir='ltr'>ii.</span> <span class='ocrx_word' id='word_1_500' title='bbox 990 1900 1050 1927; x_wconf 88' lang='lat' dir='ltr'>cap.</span> <span class='ocrx_word' id='word_1_501' title='bbox 1063 1895 1089 1923; x_wconf 85' lang='lat'>8.</span> <span class='ocrx_word' id='word_1_502' title='bbox 1111 1889 1193 1918; x_wconf 78' lang='lat' dir='ltr'>Ceras</span> 
     </span>
     <span class='ocr_line' id='line_1_46' title="bbox 72 1927 1193 1996; baseline -0.002 -39"><span class='ocrx_word' id='word_1_503' title='bbox 72 1938 108 1995; x_wconf 51' lang='grc' dir='ltr'>(ἐξ</span> <span class='ocrx_word' id='word_1_504' title='bbox 117 1928 390 1996; x_wconf 50' lang='lat' dir='ltr'>ofinniumdarborum</span> <span class='ocrx_word' id='word_1_505' title='bbox 407 1929 581 1966; x_wconf 82' lang='lat' dir='ltr'>satorumque</span> <span class='ocrx_word' id='word_1_506' title='bbox 598 1929 712 1958; x_wconf 86' lang='lat' dir='ltr'>floribus</span> <span class='ocrx_word' id='word_1_507' title='bbox 728 1928 912 1965; x_wconf 81' lang='lat' dir='ltr'>confingunt,</span> <span class='ocrx_word' id='word_1_508' title='bbox 933 1935 1051 1966; x_wconf 82' lang='lat' dir='ltr'>excepta</span> <span class='ocrx_word' id='word_1_509' title='bbox 1071 1927 1193 1962; x_wconf 86' lang='lat' dir='ltr'>rumice,</span> 
     </span>
     <span class='ocr_line' id='line_1_47' title="bbox 111 1976 287 1996; baseline -0.011 0"><span class='ocrx_word' id='word_1_510' title='bbox 111 1976 125 1996; x_wconf 95' lang='lat' dir='ltr'>c</span> <span class='ocrx_word' id='word_1_511' title='bbox 149 1976 202 1995; x_wconf 90' lang='lat' dir='ltr'>eno</span> <span class='ocrx_word' id='word_1_512' title='bbox 224 1977 241 1996; x_wconf 90' lang='lat' dir='ltr'>o</span> <span class='ocrx_word' id='word_1_513' title='bbox 263 1976 287 1995; x_wconf 90' lang='lat' dir='ltr'>e.</span> 
     </span>
     <span class='ocr_line' id='line_1_48' title="bbox 37 1977 1192 2041; baseline -0.003 -7"><span class='ocrx_word' id='word_1_514' title='bbox 37 2002 110 2034; x_wconf 72' lang='lat' dir='ltr'>Cui.-</span> <span class='ocrx_word' id='word_1_515' title='bbox 120 2014 136 2032; x_wconf 95' lang='grc' dir='ltr'><strong>ο</strong></span> <span class='ocrx_word' id='word_1_516' title='bbox 147 2014 161 2033; x_wconf 76' lang='lat'>1³</span> <span class='ocrx_word' id='word_1_517' title='bbox 170 1977 221 2040; x_wconf 54' lang='grc' dir='ltr'>Εεῗ</span> <span class='ocrx_word' id='word_1_518' title='bbox 243 2005 296 2034; x_wconf 86' lang='lat' dir='ltr'>sive</span> <span class='ocrx_word' id='word_1_519' title='bbox 316 2004 338 2034; x_wconf 94' lang='lat' dir='ltr'>C</span> <span class='ocrx_word' id='word_1_520' title='bbox 348 2014 369 2033; x_wconf 88' lang='lat' dir='ltr'>H</span> <span class='ocrx_word' id='word_1_521' title='bbox 380 2014 416 2033; x_wconf 72' lang='lat' dir='ltr'>izo</span> <span class='ocrx_word' id='word_1_522' title='bbox 425 2014 439 2033; x_wconf 76' lang='lat'>1³</span> <span class='ocrx_word' id='word_1_523' title='bbox 449 2014 461 2033; x_wconf 91' lang='lat' dir='ltr'>s</span> <span class='ocrx_word' id='word_1_524' title='bbox 473 2026 481 2040; x_wconf 85' lang='lat'>,</span> <span class='ocrx_word' id='word_1_525' title='bbox 502 2002 619 2040; x_wconf 59' lang='lat' dir='ltr'>[xe‘oexla]</span> <span class='ocrx_word' id='word_1_526' title='bbox 642 2003 753 2041; x_wconf 76' lang='lat' dir='ltr'>AEgypti</span> <span class='ocrx_word' id='word_1_527' title='bbox 776 2013 823 2033; x_wconf 85' lang='lat' dir='ltr'>rex</span> <span class='ocrx_word' id='word_1_528' title='bbox 837 2004 890 2033; x_wconf 85' lang='lat' dir='ltr'>fuit</span> <span class='ocrx_word' id='word_1_529' title='bbox 901 2026 909 2038; x_wconf 93' lang='lat'>,</span> <span class='ocrx_word' id='word_1_530' title='bbox 938 2002 1074 2041; x_wconf 80' lang='lat' dir='ltr'>Mycerini</span> <span class='ocrx_word' id='word_1_531' title='bbox 1094 2008 1172 2040; x_wconf 83' lang='lat' dir='ltr'>pater</span> <span class='ocrx_word' id='word_1_532' title='bbox 1185 2024 1192 2038; x_wconf 96' lang='lat'>,</span> 
     </span>
     <span class='ocr_line' id='line_1_49' title="bbox 30 2041 1194 2081; baseline -0.003 -10"><span class='ocrx_word' id='word_1_533' title='bbox 30 2070 31 2075; x_wconf 69' lang='grc'>,</span> <span class='ocrx_word' id='word_1_534' title='bbox 73 2042 152 2078; x_wconf 83' lang='lat' dir='ltr'>cujus</span> <span class='ocrx_word' id='word_1_535' title='bbox 162 2051 233 2080; x_wconf 88' lang='lat' dir='ltr'>opus</span> <span class='ocrx_word' id='word_1_536' title='bbox 240 2042 278 2072; x_wconf 87' lang='lat' dir='ltr'>est</span> <span class='ocrx_word' id='word_1_537' title='bbox 290 2043 411 2071; x_wconf 79' lang='lat' dir='ltr'>maxima</span> <span class='ocrx_word' id='word_1_538' title='bbox 418 2043 504 2072; x_wconf 88' lang='lat' dir='ltr'>totius</span> <span class='ocrx_word' id='word_1_539' title='bbox 514 2042 626 2079; x_wconf 81' lang='lat' dir='ltr'>IEgypti</span> <span class='ocrx_word' id='word_1_540' title='bbox 639 2043 760 2081; x_wconf 65' lang='lat' dir='ltr'>pyramis</span> <span class='ocrx_word' id='word_1_541' title='bbox 771 2064 778 2076; x_wconf 92' lang='lat'>,</span> <span class='ocrx_word' id='word_1_542' title='bbox 801 2042 925 2078; x_wconf 86' lang='lat' dir='ltr'>adquam</span> <span class='ocrx_word' id='word_1_543' title='bbox 937 2041 1094 2071; x_wconf 78' lang='lat' dir='ltr'>faciendam</span> <span class='ocrx_word' id='word_1_544' title='bbox 1109 2041 1194 2069; x_wconf 84' lang='lat' dir='ltr'>denas</span> 
     </span>
     <span class='ocr_line' id='line_1_50' title="bbox 73 2078 1194 2118; baseline -0.002 -9"><span class='ocrx_word' id='word_1_545' title='bbox 73 2079 222 2110; x_wconf 86' lang='lat' dir='ltr'>hominum</span> <span class='ocrx_word' id='word_1_546' title='bbox 234 2081 372 2118; x_wconf 85' lang='lat' dir='ltr'>myriades</span> <span class='ocrx_word' id='word_1_547' title='bbox 382 2081 410 2110; x_wconf 91' lang='lat' dir='ltr'>in</span> <span class='ocrx_word' id='word_1_548' title='bbox 422 2090 506 2118; x_wconf 89' lang='lat' dir='ltr'>opere</span> <span class='ocrx_word' id='word_1_549' title='bbox 520 2078 643 2109; x_wconf 75' lang='lat' dir='ltr'>habuisse</span> <span class='ocrx_word' id='word_1_550' title='bbox 659 2081 777 2113; x_wconf 88' lang='lat' dir='ltr'>dicitur,</span> <span class='ocrx_word' id='word_1_551' title='bbox 800 2082 825 2109; x_wconf 69' lang='grc' dir='ltr'>ἃ</span> <span class='ocrx_word' id='word_1_552' title='bbox 842 2090 893 2117; x_wconf 90' lang='lat' dir='ltr'>pro</span> <span class='ocrx_word' id='word_1_553' title='bbox 904 2089 918 2108; x_wconf 86' lang='lat' dir='ltr'>a</span> <span class='ocrx_word' id='word_1_554' title='bbox 942 2080 986 2115; x_wconf 92' lang='lat' dir='ltr'>io,</span> <span class='ocrx_word' id='word_1_555' title='bbox 1005 2088 1092 2117; x_wconf 88' lang='lat' dir='ltr'>cepa,</span> <span class='ocrx_word' id='word_1_556' title='bbox 1114 2080 1140 2108; x_wconf 74' lang='grc' dir='ltr'>δι</span> <span class='ocrx_word' id='word_1_557' title='bbox 1157 2078 1194 2108; x_wconf 65' lang='lat' dir='ltr'>ale.</span> 
     </span>
     <span class='ocr_line' id='line_1_51' title="bbox 73 2116 1009 2157; baseline -0.001 -10"><span class='ocrx_word' id='word_1_558' title='bbox 73 2117 112 2147; x_wconf 83' lang='lat' dir='ltr'>lio</span> <span class='ocrx_word' id='word_1_559' title='bbox 124 2140 132 2153; x_wconf 93' lang='lat'>,</span> <span class='ocrx_word' id='word_1_560' title='bbox 152 2118 230 2148; x_wconf 83' lang='lat' dir='ltr'>mille</span> <span class='ocrx_word' id='word_1_561' title='bbox 244 2117 372 2148; x_wconf 83' lang='lat' dir='ltr'>sexcenta</span> <span class='ocrx_word' id='word_1_562' title='bbox 381 2118 484 2148; x_wconf 87' lang='lat' dir='ltr'>talenta</span> <span class='ocrx_word' id='word_1_563' title='bbox 494 2117 664 2157; x_wconf 79' lang='lat' dir='ltr'>expendisse.</span> <span class='ocrx_word' id='word_1_564' title='bbox 688 2119 764 2147; x_wconf 61' lang='lat' dir='ltr'>Aue.</span> <span class='ocrx_word' id='word_1_565' title='bbox 774 2116 910 2147; x_wconf 90' lang='lat' dir='ltr'>Herodot.</span> <span class='ocrx_word' id='word_1_566' title='bbox 934 2117 971 2146; x_wconf 89' lang='lat' dir='ltr'>ib.</span> <span class='ocrx_word' id='word_1_567' title='bbox 984 2127 1009 2146; x_wconf 89' lang='lat'>2.</span> 
     </span>
     <span class='ocr_line' id='line_1_52' title="bbox 37 2154 1193 2192; baseline -0.003 -6"><span class='ocrx_word' id='word_1_568' title='bbox 37 2155 88 2186; x_wconf 86' lang='lat' dir='ltr'>CH</span> <span class='ocrx_word' id='word_1_569' title='bbox 98 2165 137 2185; x_wconf 80' lang='lat'>130</span> <span class='ocrx_word' id='word_1_570' title='bbox 146 2166 161 2185; x_wconf 79' lang='lat' dir='ltr'>P</span> <span class='ocrx_word' id='word_1_571' title='bbox 170 2167 179 2185; x_wconf 92' lang='lat' dir='ltr'>i</span> <span class='ocrx_word' id='word_1_572' title='bbox 189 2166 237 2185; x_wconf 81' lang='lat' dir='ltr'>NA</span> <span class='ocrx_word' id='word_1_573' title='bbox 248 2178 255 2191; x_wconf 85' lang='lat'>,</span> <span class='ocrx_word' id='word_1_574' title='bbox 277 2167 307 2186; x_wconf 69' lang='lat' dir='ltr'>ze.</span> <span class='ocrx_word' id='word_1_575' title='bbox 330 2155 400 2186; x_wconf 84' lang='lat' dir='ltr'>Gall.</span> <span class='ocrx_word' id='word_1_576' title='bbox 417 2157 533 2192; x_wconf 79' lang='lat' dir='ltr'>Clmpine.</span> <span class='ocrx_word' id='word_1_577' title='bbox 556 2156 684 2186; x_wconf 80' lang='lat' dir='ltr'>Mensura</span> <span class='ocrx_word' id='word_1_578' title='bbox 697 2156 734 2184; x_wconf 85' lang='lat' dir='ltr'>est</span> <span class='ocrx_word' id='word_1_579' title='bbox 751 2156 920 2192; x_wconf 87' lang='lat' dir='ltr'>liquidorum</span> <span class='ocrx_word' id='word_1_580' title='bbox 931 2177 940 2190; x_wconf 86' lang='lat'>,</span> <span class='ocrx_word' id='word_1_581' title='bbox 962 2154 1086 2184; x_wconf 73' lang='lat' dir='ltr'>dimidiae</span> <span class='ocrx_word' id='word_1_582' title='bbox 1108 2154 1193 2192; x_wconf 64' lang='lat' dir='ltr'>pintae</span> 
     </span>
     <span class='ocr_line' id='line_1_53' title="bbox 70 2192 1195 2232; baseline -0.001 -9"><span class='ocrx_word' id='word_1_583' title='bbox 70 2198 167 2231; x_wconf 73' lang='lat' dir='ltr'>capax.</span> <span class='ocrx_word' id='word_1_584' title='bbox 209 2194 332 2223; x_wconf 90' lang='lat' dir='ltr'>Tantum</span> <span class='ocrx_word' id='word_1_585' title='bbox 339 2195 414 2223; x_wconf 89' lang='lat' dir='ltr'>enim</span> <span class='ocrx_word' id='word_1_586' title='bbox 424 2195 509 2232; x_wconf 86' lang='lat' dir='ltr'>capit,</span> <span class='ocrx_word' id='word_1_587' title='bbox 531 2201 666 2231; x_wconf 89' lang='lat' dir='ltr'>quantuni</span> <span class='ocrx_word' id='word_1_588' title='bbox 677 2194 773 2223; x_wconf 80' lang='lat' dir='ltr'>haustu</span> <span class='ocrx_word' id='word_1_589' title='bbox 784 2204 840 2222; x_wconf 90' lang='lat' dir='ltr'>uno</span> <span class='ocrx_word' id='word_1_590' title='bbox 852 2193 1006 2222; x_wconf 89' lang='lat' dir='ltr'>sitibundus</span> <span class='ocrx_word' id='word_1_591' title='bbox 1017 2193 1104 2222; x_wconf 83' lang='lat' dir='ltr'>homo</span> <span class='ocrx_word' id='word_1_592' title='bbox 1116 2192 1195 2222; x_wconf 87' lang='lat' dir='ltr'>absu-</span> 
     </span>
     <span class='ocr_line' id='line_1_54' title="bbox 22 2229 1179 2270; baseline -0.002 -9"><span class='ocrx_word' id='word_1_593' title='bbox 22 2233 23 2239; x_wconf 75' lang='grc'>’</span> <span class='ocrx_word' id='word_1_594' title='bbox 73 2241 149 2261; x_wconf 83' lang='lat' dir='ltr'>mere</span> <span class='ocrx_word' id='word_1_595' title='bbox 157 2231 254 2270; x_wconf 73' lang='lat' dir='ltr'>poss&#39;et.</span> <span class='ocrx_word' id='word_1_596' title='bbox 276 2232 317 2262; x_wconf 85' lang='lat' dir='ltr'>Ex</span> <span class='ocrx_word' id='word_1_597' title='bbox 328 2232 396 2262; x_wconf 89' lang='lat' dir='ltr'>Bud.</span> <span class='ocrx_word' id='word_1_598' title='bbox 411 2233 446 2261; x_wconf 89' lang='lat' dir='ltr'>de</span> <span class='ocrx_word' id='word_1_599' title='bbox 460 2231 517 2262; x_wconf 82' lang='lat' dir='ltr'>Asse</span> <span class='ocrx_word' id='word_1_600' title='bbox 526 2232 574 2261; x_wconf 91' lang='lat' dir='ltr'>lib.</span> <span class='ocrx_word' id='word_1_601' title='bbox 591 2243 614 2268; x_wconf 84' lang='lat'>5.</span> <span class='ocrx_word' id='word_1_602' title='bbox 626 2232 691 2268; x_wconf 70' lang='grc' dir='ltr'>χέω,</span> <span class='ocrx_word' id='word_1_603' title='bbox 713 2232 819 2261; x_wconf 87' lang='lat' dir='ltr'>fundo:</span> <span class='ocrx_word' id='word_1_604' title='bbox 842 2229 918 2266; x_wconf 75' lang='grc' dir='ltr'><strong><em>π’τνω,</em></strong></span> <span class='ocrx_word' id='word_1_605' title='bbox 938 2231 1014 2261; x_wconf 87' lang='lat' dir='ltr'>bibo.</span> <span class='ocrx_word' id='word_1_606' title='bbox 1062 2231 1179 2268; x_wconf 83' lang='lat' dir='ltr'>[Nugae.</span> 
     </span>
     <span class='ocr_line' id='line_1_55' title="bbox 39 2267 1198 2337; baseline -0.002 -37"><span class='ocrx_word' id='word_1_607' title='bbox 39 2267 62 2300; x_wconf 76' lang='lat' dir='ltr'>C</span> <span class='ocrx_word' id='word_1_608' title='bbox 72 2280 92 2300; x_wconf 85' lang='grc' dir='ltr'>Η</span> <span class='ocrx_word' id='word_1_609' title='bbox 101 2279 139 2337; x_wconf 68' lang='lat' dir='ltr'>nd?</span> <span class='ocrx_word' id='word_1_610' title='bbox 147 2278 196 2337; x_wconf 51' lang='lat' dir='ltr'>{aba</span> <span class='ocrx_word' id='word_1_611' title='bbox 205 2279 220 2299; x_wconf 71' lang='lat' dir='ltr'>iz</span> <span class='ocrx_word' id='word_1_612' title='bbox 228 2279 249 2300; x_wconf 79' lang='lat' dir='ltr'>N</span> <span class='ocrx_word' id='word_1_613' title='bbox 260 2292 268 2306; x_wconf 84' lang='lat'>,</span> <span class='ocrx_word' id='word_1_614' title='bbox 290 2270 412 2308; x_wconf 85' lang='lat' dir='ltr'>Cheopis</span> <span class='ocrx_word' id='word_1_615' title='bbox 422 2271 504 2300; x_wconf 85' lang='lat' dir='ltr'>frater</span> <span class='ocrx_word' id='word_1_616' title='bbox 513 2292 521 2306; x_wconf 81' lang='lat'>‚</span> <span class='ocrx_word' id='word_1_617' title='bbox 544 2271 656 2309; x_wconf 80' lang='lat' dir='ltr'>IEgypti</span> <span class='ocrx_word' id='word_1_618' title='bbox 671 2272 696 2300; x_wconf 67' lang='grc' dir='ltr'><strong><em>ἃ</em></strong></span> <span class='ocrx_word' id='word_1_619' title='bbox 711 2269 768 2308; x_wconf 88' lang='lat' dir='ltr'>ipse</span> <span class='ocrx_word' id='word_1_620' title='bbox 782 2279 830 2300; x_wconf 71' lang='lat' dir='ltr'>rex</span> <span class='ocrx_word' id='word_1_621' title='bbox 839 2269 900 2308; x_wconf 80' lang='lat' dir='ltr'>post</span> <span class='ocrx_word' id='word_1_622' title='bbox 911 2269 1030 2299; x_wconf 84' lang='lat' dir='ltr'>fratrem.</span> <span class='ocrx_word' id='word_1_623' title='bbox 1051 2270 1127 2299; x_wconf 60' lang='lat' dir='ltr'>Aust.</span> <span class='ocrx_word' id='word_1_624' title='bbox 1142 2268 1198 2298; x_wconf 78' lang='lat' dir='ltr'>He-</span> 
     </span>
     <span class='ocr_line' id='line_1_56' title="bbox 76 2318 234 2338; baseline 0.006 -1"><span class='ocrx_word' id='word_1_625' title='bbox 76 2318 105 2337; x_wconf 83' lang='lat' dir='ltr'>ro</span> <span class='ocrx_word' id='word_1_626' title='bbox 129 2331 134 2337; x_wconf 95' lang='lat'>.</span> <span class='ocrx_word' id='word_1_627' title='bbox 159 2318 166 2336; x_wconf 91' lang='lat' dir='ltr'>i</span> <span class='ocrx_word' id='word_1_628' title='bbox 189 2330 195 2337; x_wconf 92' lang='lat'>.</span> <span class='ocrx_word' id='word_1_629' title='bbox 208 2318 234 2338; x_wconf 89' lang='lat'>2.</span> 
     </span>
     <span class='ocr_line' id='line_1_57' title="bbox 40 2344 1195 2384; baseline 0 -9"><span class='ocrx_word' id='word_1_630' title='bbox 40 2346 63 2376; x_wconf 91' lang='lat' dir='ltr'>C</span> <span class='ocrx_word' id='word_1_631' title='bbox 71 2356 89 2376; x_wconf 88' lang='grc' dir='ltr'>Η</span> <span class='ocrx_word' id='word_1_632' title='bbox 97 2356 110 2374; x_wconf 76' lang='lat' dir='ltr'>iz</span> <span class='ocrx_word' id='word_1_633' title='bbox 119 2355 134 2374; x_wconf 77' lang='lat' dir='ltr'>t&lt;</span> <span class='ocrx_word' id='word_1_634' title='bbox 144 2356 164 2375; x_wconf 81' lang='grc' dir='ltr'>Α</span> <span class='ocrx_word' id='word_1_635' title='bbox 173 2357 194 2375; x_wconf 83' lang='lat' dir='ltr'>M</span> <span class='ocrx_word' id='word_1_636' title='bbox 204 2356 222 2375; x_wconf 77' lang='lat' dir='ltr'>Y</span> <span class='ocrx_word' id='word_1_637' title='bbox 232 2356 250 2375; x_wconf 76' lang='lat' dir='ltr'>i)</span> <span class='ocrx_word' id='word_1_638' title='bbox 261 2356 274 2375; x_wconf 78' lang='lat' dir='ltr'>a</span> <span class='ocrx_word' id='word_1_639' title='bbox 284 2356 306 2382; x_wconf 88' lang='lat' dir='ltr'>s,</span> <span class='ocrx_word' id='word_1_640' title='bbox 330 2345 440 2384; x_wconf 81' lang='lat' dir='ltr'>Lapidis</span> <span class='ocrx_word' id='word_1_641' title='bbox 450 2355 537 2383; x_wconf 87' lang='lat' dir='ltr'>genus</span> <span class='ocrx_word' id='word_1_642' title='bbox 546 2345 666 2383; x_wconf 80' lang='lat' dir='ltr'>pretiosi.</span> <span class='ocrx_word' id='word_1_643' title='bbox 707 2344 775 2375; x_wconf 87' lang='lat' dir='ltr'>Plin.</span> <span class='ocrx_word' id='word_1_644' title='bbox 788 2344 836 2374; x_wconf 83' lang='lat' dir='ltr'>lib.</span> <span class='ocrx_word' id='word_1_645' title='bbox 849 2350 891 2382; x_wconf 71' lang='lat'>37.</span> <span class='ocrx_word' id='word_1_646' title='bbox 903 2354 963 2383; x_wconf 71' lang='lat' dir='ltr'>cap.</span> <span class='ocrx_word' id='word_1_647' title='bbox 981 2353 1023 2374; x_wconf 80' lang='lat'>1&#39;0.</span> <span class='ocrx_word' id='word_1_648' title='bbox 1046 2345 1195 2383; x_wconf 79' lang='lat' dir='ltr'>Cherarriy-</span> 
     </span>
     <span class='ocr_line' id='line_1_58' title="bbox 51 2383 1196 2421; baseline -0.001 -7"><span class='ocrx_word' id='word_1_649' title='bbox 51 2399 56 2403; x_wconf 89' lang='lat'>-</span> <span class='ocrx_word' id='word_1_650' title='bbox 76 2383 124 2414; x_wconf 86' lang='lat' dir='ltr'>des</span> <span class='ocrx_word' id='word_1_651' title='bbox 135 2384 233 2414; x_wconf 87' lang='lat' dir='ltr'>eadem</span> <span class='ocrx_word' id='word_1_652' title='bbox 242 2383 309 2414; x_wconf 80' lang='lat' dir='ltr'>effet</span> <span class='ocrx_word' id='word_1_653' title='bbox 317 2394 398 2421; x_wconf 90' lang='lat' dir='ltr'>quam</span> <span class='ocrx_word' id='word_1_654' title='bbox 408 2384 564 2413; x_wconf 89' lang='lat' dir='ltr'>ostracitem</span> <span class='ocrx_word' id='word_1_655' title='bbox 574 2390 684 2418; x_wconf 83' lang='lat' dir='ltr'>vocant,</span> <span class='ocrx_word' id='word_1_656' title='bbox 700 2384 748 2412; x_wconf 81' lang='lat' dir='ltr'>nisi</span> <span class='ocrx_word' id='word_1_657' title='bbox 757 2384 831 2420; x_wconf 88' lang='lat' dir='ltr'>quod</span> <span class='ocrx_word' id='word_1_658' title='bbox 842 2384 915 2413; x_wconf 89' lang='lat' dir='ltr'>lianc</span> <span class='ocrx_word' id='word_1_659' title='bbox 927 2383 1043 2413; x_wconf 81' lang='lat' dir='ltr'>ceruleae</span> <span class='ocrx_word' id='word_1_660' title='bbox 1053 2384 1196 2413; x_wconf 88' lang='lat' dir='ltr'>interdum</span> 
     </span>
     <span class='ocr_line' id='line_1_59' title="bbox 22 2421 839 2462; baseline -0.001 -11"><span class='ocrx_word' id='word_1_661' title='bbox 22 2455 23 2462; x_wconf 14' lang='grc' dir='ltr'>ἵ</span> <span class='ocrx_word' id='word_1_662' title='bbox 42 2454 45 2456; x_wconf 63' lang='grc'><strong>,</strong></span> <span class='ocrx_word' id='word_1_663' title='bbox 74 2421 156 2451; x_wconf 89' lang='lat' dir='ltr'>bullae</span> <span class='ocrx_word' id='word_1_664' title='bbox 166 2422 291 2460; x_wconf 87' lang='lat' dir='ltr'>cingunt.</span> <span class='ocrx_word' id='word_1_665' title='bbox 313 2422 399 2452; x_wconf 88' lang='lat' dir='ltr'>Hard.</span> <span class='ocrx_word' id='word_1_666' title='bbox 419 2422 563 2451; x_wconf 86' lang='lat' dir='ltr'>Cadmitis.</span> <span class='ocrx_word' id='word_1_667' title='bbox 602 2421 665 2451; x_wconf 78' lang='lat' dir='ltr'>Mis.</span> <span class='ocrx_word' id='word_1_668' title='bbox 689 2421 839 2451; x_wconf 74' lang='lat' dir='ltr'>Cal-amitis.</span> 
     </span>
     <span class='ocr_line' id='line_1_60' title="bbox 0 2455 1197 2497; baseline -0.001 -7"><span class='ocrx_word' id='word_1_669' title='bbox 0 2472 2 2478; x_wconf 95' lang='lat'><em>·</em></span> <span class='ocrx_word' id='word_1_670' title='bbox 40 2458 89 2490; x_wconf 78' lang='lat' dir='ltr'>CH</span> <span class='ocrx_word' id='word_1_671' title='bbox 98 2461 113 2489; x_wconf 70' lang='grc' dir='ltr'>ἔ.</span> <span class='ocrx_word' id='word_1_672' title='bbox 123 2470 137 2488; x_wconf 72' lang='lat' dir='ltr'>a</span> <span class='ocrx_word' id='word_1_673' title='bbox 147 2462 163 2489; x_wconf 71' lang='grc' dir='ltr'>ῐῑ</span> <span class='ocrx_word' id='word_1_674' title='bbox 171 2471 191 2488; x_wconf 86' lang='lat' dir='ltr'>M</span> <span class='ocrx_word' id='word_1_675' title='bbox 202 2463 220 2490; x_wconf 69' lang='grc' dir='ltr'><strong>ὁ</strong></span> <span class='ocrx_word' id='word_1_676' title='bbox 229 2470 246 2489; x_wconf 89' lang='lat' dir='ltr'>c</span> <span class='ocrx_word' id='word_1_677' title='bbox 255 2470 270 2488; x_wconf 84' lang='lat' dir='ltr'>R</span> <span class='ocrx_word' id='word_1_678' title='bbox 279 2463 295 2489; x_wconf 73' lang='grc' dir='ltr'><strong>Ᾰ</strong></span> <span class='ocrx_word' id='word_1_679' title='bbox 304 2469 325 2489; x_wconf 80' lang='lat' dir='ltr'><strong>T</strong></span> <span class='ocrx_word' id='word_1_680' title='bbox 334 2470 347 2489; x_wconf 70' lang='lat' dir='ltr'>iz</span> <span class='ocrx_word' id='word_1_681' title='bbox 356 2470 378 2495; x_wconf 91' lang='lat' dir='ltr'>s,</span> <span class='ocrx_word' id='word_1_682' title='bbox 396 2460 441 2490; x_wconf 89' lang='lat' dir='ltr'>vel</span> <span class='ocrx_word' id='word_1_683' title='bbox 451 2460 710 2493; x_wconf 61' lang='lat' dir='ltr'>CHiizoiiocaarits,</span> <span class='ocrx_word' id='word_1_684' title='bbox 722 2461 735 2495; x_wconf 90' lang='lat'>[</span> <span class='ocrx_word' id='word_1_685' title='bbox 745 2455 948 2495; x_wconf 52' lang='lat' dir='ltr'>xrgosswxqjm]</span> <span class='ocrx_word' id='word_1_686' title='bbox 959 2458 1073 2497; x_wconf 75' lang='lat' dir='ltr'>Insignis</span> <span class='ocrx_word' id='word_1_687' title='bbox 1082 2459 1197 2497; x_wconf 84' lang='lat' dir='ltr'>quidam</span> 
     </span>
     <span class='ocr_line' id='line_1_61' title="bbox 21 2496 1197 2535; baseline 0 -8"><span class='ocrx_word' id='word_1_688' title='bbox 21 2506 24 2527; x_wconf 69' lang='lat' dir='ltr'>i</span> <span class='ocrx_word' id='word_1_689' title='bbox 75 2497 172 2527; x_wconf 83' lang='lat' dir='ltr'>artifex</span> <span class='ocrx_word' id='word_1_690' title='bbox 188 2498 251 2532; x_wconf 79' lang='lat' dir='ltr'>fuit,</span> <span class='ocrx_word' id='word_1_691' title='bbox 270 2499 348 2533; x_wconf 76' lang='lat' dir='ltr'>cujus</span> <span class='ocrx_word' id='word_1_692' title='bbox 355 2508 426 2534; x_wconf 82' lang='lat' dir='ltr'>opus</span> <span class='ocrx_word' id='word_1_693' title='bbox 436 2497 557 2535; x_wconf 75' lang='lat' dir='ltr'>Eplieiiae</span> <span class='ocrx_word' id='word_1_694' title='bbox 567 2497 664 2527; x_wconf 77' lang='lat' dir='ltr'>Dianae</span> <span class='ocrx_word' id='word_1_695' title='bbox 676 2497 813 2535; x_wconf 88' lang='lat' dir='ltr'>templum</span> <span class='ocrx_word' id='word_1_696' title='bbox 824 2496 920 2526; x_wconf 81' lang='lat' dir='ltr'>Strabo</span> <span class='ocrx_word' id='word_1_697' title='bbox 932 2498 1010 2527; x_wconf 73' lang='lat' dir='ltr'>fuisse</span> <span class='ocrx_word' id='word_1_698' title='bbox 1020 2498 1068 2533; x_wconf 83' lang='lat' dir='ltr'>ait,</span> <span class='ocrx_word' id='word_1_699' title='bbox 1087 2497 1197 2535; x_wconf 87' lang='lat' dir='ltr'>pollici-</span> 
     </span>
     <span class='ocr_line' id='line_1_62' title="bbox 21 2530 1196 2573; baseline 0 -8"><span class='ocrx_word' id='word_1_700' title='bbox 21 2530 25 2569; x_wconf 69' lang='grc' dir='ltr'>’ς</span> <span class='ocrx_word' id='word_1_701' title='bbox 75 2535 418 2573; x_wconf 73' lang='lat' dir='ltr'>tumqueAlexandro,sese</span> <span class='ocrx_word' id='word_1_702' title='bbox 427 2542 553 2565; x_wconf 85' lang='lat' dir='ltr'>montem</span> <span class='ocrx_word' id='word_1_703' title='bbox 565 2536 635 2564; x_wconf 84' lang='lat' dir='ltr'>Atlio</span> <span class='ocrx_word' id='word_1_704' title='bbox 650 2538 676 2565; x_wconf 86' lang='lat' dir='ltr'>in</span> <span class='ocrx_word' id='word_1_705' title='bbox 690 2537 748 2571; x_wconf 68' lang='lat' dir='ltr'>ejus</span> <span class='ocrx_word' id='word_1_706' title='bbox 759 2535 874 2564; x_wconf 81' lang='lat' dir='ltr'>formam</span> <span class='ocrx_word' id='word_1_707' title='bbox 886 2534 1125 2568; x_wconf 72' lang='lat' dir='ltr'>fabricaturum‚ut</span> <span class='ocrx_word' id='word_1_708' title='bbox 1135 2542 1196 2565; x_wconf 93' lang='lat' dir='ltr'>tan-</span> 
     </span>
     <span class='ocr_line' id='line_1_63' title="bbox 2 2572 1194 2611; baseline 0.001 -8"><span class='ocrx_word' id='word_1_709' title='bbox 2 2587 5 2592; x_wconf 90' lang='lat'>·</span> <span class='ocrx_word' id='word_1_710' title='bbox 22 2578 24 2595; x_wconf 86' lang='lat'><strong>¹</strong></span> <span class='ocrx_word' id='word_1_711' title='bbox 75 2583 158 2610; x_wconf 78' lang='lat' dir='ltr'>quam</span> <span class='ocrx_word' id='word_1_712' title='bbox 168 2583 204 2603; x_wconf 81' lang='lat' dir='ltr'>ex</span> <span class='ocrx_word' id='word_1_713' title='bbox 242 2580 300 2603; x_wconf 89' lang='lat' dir='ltr'>utto</span> <span class='ocrx_word' id='word_1_714' title='bbox 315 2575 436 2611; x_wconf 89' lang='lat' dir='ltr'>quodam</span> <span class='ocrx_word' id='word_1_715' title='bbox 452 2575 481 2603; x_wconf 91' lang='lat' dir='ltr'>iri</span> <span class='ocrx_word' id='word_1_716' title='bbox 501 2573 624 2611; x_wconf 78' lang='lat' dir='ltr'>phialam</span> <span class='ocrx_word' id='word_1_717' title='bbox 643 2573 801 2602; x_wconf 85' lang='lat' dir='ltr'>effunderet</span> <span class='ocrx_word' id='word_1_718' title='bbox 821 2572 952 2601; x_wconf 78' lang='lat' dir='ltr'>libamen.</span> <span class='ocrx_word' id='word_1_719' title='bbox 980 2573 1047 2602; x_wconf 81' lang='lat' dir='ltr'>Haec</span> <span class='ocrx_word' id='word_1_720' title='bbox 1063 2573 1110 2603; x_wconf 90' lang='lat' dir='ltr'>ille</span> <span class='ocrx_word' id='word_1_721' title='bbox 1123 2574 1194 2604; x_wconf 86' lang='lat' dir='ltr'>libro</span> 
     </span>
     <span class='ocr_line' id='line_1_64' title="bbox 22 2610 1198 2648; baseline 0.001 -7"><span class='ocrx_word' id='word_1_722' title='bbox 22 2619 25 2644; x_wconf 67' lang='lat' dir='ltr'>i</span> <span class='ocrx_word' id='word_1_723' title='bbox 71 2611 224 2648; x_wconf 65' lang='lat' dir='ltr'>&#39;Geogr.i4.</span> <span class='ocrx_word' id='word_1_724' title='bbox 253 2612 341 2642; x_wconf 79' lang='lat' dir='ltr'>arlant</span> <span class='ocrx_word' id='word_1_725' title='bbox 351 2620 444 2641; x_wconf 89' lang='lat' dir='ltr'>tamen</span> <span class='ocrx_word' id='word_1_726' title='bbox 457 2612 571 2641; x_wconf 70' lang='lat' dir='ltr'>codd&amp;</span> <span class='ocrx_word' id='word_1_727' title='bbox 581 2610 893 2643; x_wconf 80' lang='lat' dir='ltr'>aliisCliiroerates,aliis</span> <span class='ocrx_word' id='word_1_728' title='bbox 906 2610 1141 2645; x_wconf 83' lang='lat' dir='ltr'>Dinocrates‚aliis</span> <span class='ocrx_word' id='word_1_729' title='bbox 1151 2612 1198 2642; x_wconf 80' lang='lat' dir='ltr'>Di-</span> 
     </span>
     <span class='ocr_line' id='line_1_65' title="bbox 43 2648 1195 2686; baseline 0.002 -8"><span class='ocrx_word' id='word_1_730' title='bbox 43 2682 46 2686; x_wconf 21' lang='lat'>,</span> <span class='ocrx_word' id='word_1_731' title='bbox 76 2650 221 2685; x_wconf 87' lang='lat' dir='ltr'>nochares,</span> <span class='ocrx_word' id='word_1_732' title='bbox 233 2650 293 2679; x_wconf 91' lang='lat' dir='ltr'>aliis</span> <span class='ocrx_word' id='word_1_733' title='bbox 303 2650 458 2679; x_wconf 84' lang='lat' dir='ltr'>Stasicrates</span> <span class='ocrx_word' id='word_1_734' title='bbox 466 2650 588 2686; x_wconf 91' lang='lat' dir='ltr'>denique</span> <span class='ocrx_word' id='word_1_735' title='bbox 596 2650 705 2678; x_wconf 83' lang='lat' dir='ltr'>dicitur.</span> <span class='ocrx_word' id='word_1_736' title='bbox 728 2649 758 2679; x_wconf 89' lang='lat' dir='ltr'>V.</span> <span class='ocrx_word' id='word_1_737' title='bbox 779 2648 847 2686; x_wconf 71' lang='lat' dir='ltr'>Xyl.</span> <span class='ocrx_word' id='word_1_738' title='bbox 862 2650 886 2678; x_wconf 75' lang='grc' dir='ltr'>δι</span> <span class='ocrx_word' id='word_1_739' title='bbox 898 2648 1012 2678; x_wconf 86' lang='lat' dir='ltr'>Casaub.</span> <span class='ocrx_word' id='word_1_740' title='bbox 1024 2649 1059 2678; x_wconf 81' lang='lat' dir='ltr'>ad</span> <span class='ocrx_word' id='word_1_741' title='bbox 1069 2650 1195 2680; x_wconf 79' lang='lat' dir='ltr'>strabon.</span> 
     </span>
     <span class='ocr_line' id='line_1_66' title="bbox 41 2686 1198 2726; baseline 0.001 -9"><span class='ocrx_word' id='word_1_742' title='bbox 41 2686 64 2717; x_wconf 86' lang='lat' dir='ltr'>C</span> <span class='ocrx_word' id='word_1_743' title='bbox 73 2697 93 2717; x_wconf 88' lang='lat' dir='ltr'>H</span> <span class='ocrx_word' id='word_1_744' title='bbox 103 2690 118 2716; x_wconf 76' lang='grc' dir='ltr'><strong>ἓ</strong></span> <span class='ocrx_word' id='word_1_745' title='bbox 128 2697 142 2716; x_wconf 76' lang='lat' dir='ltr'>R</span> <span class='ocrx_word' id='word_1_746' title='bbox 153 2698 162 2716; x_wconf 92' lang='lat' dir='ltr'>i</span> <span class='ocrx_word' id='word_1_747' title='bbox 172 2697 191 2716; x_wconf 80' lang='grc' dir='ltr'>Λ</span> <span class='ocrx_word' id='word_1_748' title='bbox 203 2709 211 2724; x_wconf 91' lang='grc'>,</span> <span class='ocrx_word' id='word_1_749' title='bbox 233 2689 253 2717; x_wconf 83' lang='grc' dir='ltr'><strong>Α</strong></span> <span class='ocrx_word' id='word_1_750' title='bbox 272 2688 434 2725; x_wconf 81' lang='lat' dir='ltr'>quibusdam</span> <span class='ocrx_word' id='word_1_751' title='bbox 445 2698 478 2726; x_wconf 90' lang='lat' dir='ltr'>ap</span> <span class='ocrx_word' id='word_1_752' title='bbox 502 2687 602 2717; x_wconf 86' lang='lat' dir='ltr'>ellatur</span> <span class='ocrx_word' id='word_1_753' title='bbox 616 2687 768 2725; x_wconf 84' lang='lat' dir='ltr'>Raphanus</span> <span class='ocrx_word' id='word_1_754' title='bbox 783 2686 908 2716; x_wconf 75' lang='lat' dir='ltr'>silvestris</span> <span class='ocrx_word' id='word_1_755' title='bbox 919 2708 927 2722; x_wconf 92' lang='lat'>,</span> <span class='ocrx_word' id='word_1_756' title='bbox 948 2696 1031 2723; x_wconf 85' lang='lat' dir='ltr'>quem</span> <span class='ocrx_word' id='word_1_757' title='bbox 1044 2686 1135 2717; x_wconf 87' lang='lat' dir='ltr'>Latini</span> <span class='ocrx_word' id='word_1_758' title='bbox 1150 2689 1198 2718; x_wconf 88' lang='lat' dir='ltr'>Ar-</span> 
     </span>
     <span class='ocr_line' id='line_1_67' title="bbox 77 2724 835 2764; baseline -0.003 -9"><span class='ocrx_word' id='word_1_759' title='bbox 77 2726 228 2755; x_wconf 73' lang='lat' dir='ltr'>moraciani</span> <span class='ocrx_word' id='word_1_760' title='bbox 240 2726 392 2764; x_wconf 88' lang='lat' dir='ltr'>appellant.</span> <span class='ocrx_word' id='word_1_761' title='bbox 431 2725 462 2755; x_wconf 86' lang='lat' dir='ltr'>V.</span> <span class='ocrx_word' id='word_1_762' title='bbox 511 2725 576 2754; x_wconf 88' lang='lat' dir='ltr'>uell.</span> <span class='ocrx_word' id='word_1_763' title='bbox 593 2724 642 2754; x_wconf 88' lang='lat' dir='ltr'>lib.</span> <span class='ocrx_word' id='word_1_764' title='bbox 653 2735 678 2754; x_wconf 79' lang='lat'>2.</span> <span class='ocrx_word' id='word_1_765' title='bbox 697 2735 758 2763; x_wconf 86' lang='lat' dir='ltr'>cap.</span> <span class='ocrx_word' id='word_1_766' title='bbox 776 2734 835 2761; x_wconf 87' lang='lat'>123.</span> 
     </span>
     <span class='ocr_line' id='line_1_68' title="bbox 42 2761 1196 2801; baseline 0.001 -8"><span class='ocrx_word' id='word_1_767' title='bbox 42 2761 91 2793; x_wconf 80' lang='lat' dir='ltr'>CH</span> <span class='ocrx_word' id='word_1_768' title='bbox 101 2773 115 2792; x_wconf 74' lang='lat' dir='ltr'>a</span> <span class='ocrx_word' id='word_1_769' title='bbox 123 2773 137 2791; x_wconf 70' lang='lat' dir='ltr'>a</span> <span class='ocrx_word' id='word_1_770' title='bbox 149 2774 156 2791; x_wconf 87' lang='lat' dir='ltr'>i</span> <span class='ocrx_word' id='word_1_771' title='bbox 168 2773 216 2792; x_wconf 60' lang='lat' dir='ltr'>NJ</span> <span class='ocrx_word' id='word_1_772' title='bbox 225 2773 244 2792; x_wconf 80' lang='lat' dir='ltr'>u</span> <span class='ocrx_word' id='word_1_773' title='bbox 254 2774 265 2792; x_wconf 88' lang='lat' dir='ltr'>s</span> <span class='ocrx_word' id='word_1_774' title='bbox 277 2785 285 2797; x_wconf 86' lang='lat'>‚</span> <span class='ocrx_word' id='word_1_775' title='bbox 306 2764 478 2799; x_wconf 52' lang='grc' dir='ltr'>[Κέω-τῶ]</span> <span class='ocrx_word' id='word_1_776' title='bbox 501 2763 568 2793; x_wconf 85' lang='lat' dir='ltr'>Puer</span> <span class='ocrx_word' id='word_1_777' title='bbox 578 2764 732 2792; x_wconf 83' lang='lat' dir='ltr'>admodum</span> <span class='ocrx_word' id='word_1_778' title='bbox 743 2763 854 2800; x_wconf 83' lang='lat' dir='ltr'>insignis</span> <span class='ocrx_word' id='word_1_779' title='bbox 863 2761 933 2792; x_wconf 86' lang='lat' dir='ltr'>facie</span> <span class='ocrx_word' id='word_1_780' title='bbox 945 2763 972 2792; x_wconf 71' lang='grc' dir='ltr'>δε</span> <span class='ocrx_word' id='word_1_781' title='bbox 985 2762 1106 2793; x_wconf 79' lang='lat' dir='ltr'>candore</span> <span class='ocrx_word' id='word_1_782' title='bbox 1117 2785 1126 2800; x_wconf 91' lang='lat'>,</span> <span class='ocrx_word' id='word_1_783' title='bbox 1147 2764 1196 2801; x_wconf 78' lang='lat' dir='ltr'>qui</span> 
     </span>
     <span class='ocr_line' id='line_1_69' title="bbox 76 2799 676 2839; baseline 0 -9"><span class='ocrx_word' id='word_1_784' title='bbox 76 2799 194 2839; x_wconf 85' lang='lat' dir='ltr'>seipsum</span> <span class='ocrx_word' id='word_1_785' title='bbox 204 2801 353 2839; x_wconf 84' lang='lat' dir='ltr'>prostituit.</span> <span class='ocrx_word' id='word_1_786' title='bbox 376 2802 442 2831; x_wconf 90' lang='lat' dir='ltr'>Hor.</span> <span class='ocrx_word' id='word_1_787' title='bbox 455 2811 479 2831; x_wconf 69' lang='grc' dir='ltr'>ι,</span> <span class='ocrx_word' id='word_1_788' title='bbox 494 2801 582 2831; x_wconf 88' lang='lat' dir='ltr'>Serm.</span> <span class='ocrx_word' id='word_1_789' title='bbox 596 2811 622 2831; x_wconf 84' lang='lat'>2.</span> <span class='ocrx_word' id='word_1_790' title='bbox 633 2807 676 2834; x_wconf 83' lang='lat'>8¹.</span> 
     </span>
     <span class='ocr_line' id='line_1_70' title="bbox 169 2837 1069 2875; baseline 0 -7"><span class='ocrx_word' id='word_1_791' title='bbox 169 2839 231 2874; x_wconf 89' lang='lat' dir='ltr'>(Sit</span> <span class='ocrx_word' id='word_1_792' title='bbox 239 2839 367 2870; x_wconf 89' lang='lat' dir='ltr'>licethoc</span> <span class='ocrx_word' id='word_1_793' title='bbox 377 2839 509 2869; x_wconf 87' lang='lat' dir='ltr'>Cherinte</span> <span class='ocrx_word' id='word_1_794' title='bbox 520 2839 622 2875; x_wconf 82' lang='lat' dir='ltr'>tuum)</span> <span class='ocrx_word' id='word_1_795' title='bbox 642 2846 768 2868; x_wconf 85' lang='lat' dir='ltr'>tenerum</span> <span class='ocrx_word' id='word_1_796' title='bbox 778 2838 817 2867; x_wconf 88' lang='lat' dir='ltr'>est</span> <span class='ocrx_word' id='word_1_797' title='bbox 825 2837 914 2868; x_wconf 83' lang='lat' dir='ltr'>femur</span> <span class='ocrx_word' id='word_1_798' title='bbox 922 2860 929 2873; x_wconf 90' lang='lat'>,</span> <span class='ocrx_word' id='word_1_799' title='bbox 952 2844 999 2868; x_wconf 84' lang='lat' dir='ltr'>aut</span> <span class='ocrx_word' id='word_1_800' title='bbox 1007 2847 1069 2868; x_wconf 87' lang='lat' dir='ltr'>crus</span> 
     </span>
     <span class='ocr_line' id='line_1_71' title="bbox 44 2876 810 2913; baseline -0.003 -6"><span class='ocrx_word' id='word_1_801' title='bbox 44 2911 47 2913; x_wconf 51' lang='grc'><em>,</em></span> <span class='ocrx_word' id='word_1_802' title='bbox 168 2876 291 2907; x_wconf 61' lang='lat' dir='ltr'>Rectius.</span> <span class='ocrx_word' id='word_1_803' title='bbox 387 2877 502 2907; x_wconf 60' lang='lat' dir='ltr'>Restius</span> <span class='ocrx_word' id='word_1_804' title='bbox 512 2877 637 2907; x_wconf 88' lang='lat' dir='ltr'>scribitur</span> <span class='ocrx_word' id='word_1_805' title='bbox 653 2876 810 2906; x_wconf 85' lang='lat' dir='ltr'>Cerintlius.</span> 
     </span>
     <span class='ocr_line' id='line_1_72' title="bbox 0 2913 1199 2953; baseline 0 -9"><span class='ocrx_word' id='word_1_806' title='bbox 0 2926 1 2941; x_wconf 65' lang='lat'>2</span> <span class='ocrx_word' id='word_1_807' title='bbox 43 2913 65 2945; x_wconf 78' lang='lat' dir='ltr'>C</span> <span class='ocrx_word' id='word_1_808' title='bbox 73 2923 140 2944; x_wconf 62' lang='grc' dir='ltr'>ΗΜ</span> <span class='ocrx_word' id='word_1_809' title='bbox 149 2924 171 2944; x_wconf 79' lang='lat' dir='ltr'>N</span> <span class='ocrx_word' id='word_1_810' title='bbox 180 2926 190 2944; x_wconf 92' lang='lat' dir='ltr'>i</span> <span class='ocrx_word' id='word_1_811' title='bbox 200 2924 234 2945; x_wconf 78' lang='lat' dir='ltr'>i²s</span> <span class='ocrx_word' id='word_1_812' title='bbox 246 2937 254 2950; x_wconf 88' lang='lat'>,</span> <span class='ocrx_word' id='word_1_813' title='bbox 274 2915 336 2945; x_wconf 75' lang='lat' dir='ltr'>ibis.</span> <span class='ocrx_word' id='word_1_814' title='bbox 361 2913 494 2952; x_wconf 53' lang='grc' dir='ltr'>[χέρνιψ]</span> <span class='ocrx_word' id='word_1_815' title='bbox 515 2917 590 2952; x_wconf 83' lang='lat' dir='ltr'>Aqua</span> <span class='ocrx_word' id='word_1_816' title='bbox 598 2916 672 2953; x_wconf 82' lang='lat' dir='ltr'>apud</span> <span class='ocrx_word' id='word_1_817' title='bbox 681 2923 787 2943; x_wconf 87' lang='lat' dir='ltr'>veteres</span> <span class='ocrx_word' id='word_1_818' title='bbox 798 2913 942 2943; x_wconf 60' lang='lat' dir='ltr'>dicebatur</span> <span class='ocrx_word' id='word_1_819' title='bbox 953 2935 960 2947; x_wconf 82' lang='lat'>,</span> <span class='ocrx_word' id='word_1_820' title='bbox 983 2924 1036 2951; x_wconf 81' lang='lat' dir='ltr'>qua</span> <span class='ocrx_word' id='word_1_821' title='bbox 1050 2914 1199 2953; x_wconf 73' lang='lat' dir='ltr'>expurgari</span> 
     </span>
     <span class='ocr_line' id='line_1_73' title="bbox 77 2951 1197 2989; baseline 0.001 -7"><span class='ocrx_word' id='word_1_822' title='bbox 77 2953 211 2982; x_wconf 83' lang='lat' dir='ltr'>adeuntes</span> <span class='ocrx_word' id='word_1_823' title='bbox 218 2953 253 2982; x_wconf 87' lang='lat' dir='ltr'>ad</span> <span class='ocrx_word' id='word_1_824' title='bbox 264 2952 336 2982; x_wconf 86' lang='lat' dir='ltr'>sacra</span> <span class='ocrx_word' id='word_1_825' title='bbox 345 2952 417 2982; x_wconf 89' lang='lat' dir='ltr'>soliti</span> <span class='ocrx_word' id='word_1_826' title='bbox 429 2959 507 2982; x_wconf 89' lang='lat' dir='ltr'>erant</span> <span class='ocrx_word' id='word_1_827' title='bbox 516 2975 523 2988; x_wconf 85' lang='lat'>,</span> <span class='ocrx_word' id='word_1_828' title='bbox 545 2954 573 2982; x_wconf 91' lang='lat' dir='ltr'>in</span> <span class='ocrx_word' id='word_1_829' title='bbox 584 2963 637 2989; x_wconf 83' lang='lat' dir='ltr'>qua</span> <span class='ocrx_word' id='word_1_830' title='bbox 649 2953 779 2982; x_wconf 88' lang='lat' dir='ltr'>nimirum</span> <span class='ocrx_word' id='word_1_831' title='bbox 790 2959 893 2980; x_wconf 86' lang='lat' dir='ltr'>torrem</span> <span class='ocrx_word' id='word_1_832' title='bbox 903 2961 938 2980; x_wconf 79' lang='lat' dir='ltr'>ex</span> <span class='ocrx_word' id='word_1_833' title='bbox 947 2951 1026 2981; x_wconf 85' lang='lat' dir='ltr'>altari</span> <span class='ocrx_word' id='word_1_834' title='bbox 1039 2974 1047 2986; x_wconf 80' lang='lat'>,</span> <span class='ocrx_word' id='word_1_835' title='bbox 1069 2953 1116 2982; x_wconf 86' lang='lat' dir='ltr'>ubi</span> <span class='ocrx_word' id='word_1_836' title='bbox 1136 2963 1197 2983; x_wconf 88' lang='lat' dir='ltr'>rem</span> 
     </span>
     <span class='ocr_line' id='line_1_74' title="bbox 79 2990 1195 3029; baseline 0.001 -9"><span class='ocrx_word' id='word_1_837' title='bbox 79 2991 201 3020; x_wconf 82' lang='lat' dir='ltr'>divinam</span> <span class='ocrx_word' id='word_1_838' title='bbox 212 2991 354 3026; x_wconf 73' lang='lat' dir='ltr'>fecissent,</span> <span class='ocrx_word' id='word_1_839' title='bbox 376 2991 451 3029; x_wconf 89' lang='lat' dir='ltr'>prius</span> <span class='ocrx_word' id='word_1_840' title='bbox 467 2991 656 3020; x_wconf 80' lang='lat' dir='ltr'>extinxissent.</span> <span class='ocrx_word' id='word_1_841' title='bbox 697 2990 799 3020; x_wconf 85' lang='lat' dir='ltr'>Scribit</span> <span class='ocrx_word' id='word_1_842' title='bbox 810 2996 903 3018; x_wconf 84' lang='lat' dir='ltr'>autem</span> <span class='ocrx_word' id='word_1_843' title='bbox 920 2990 1030 3019; x_wconf 84' lang='lat' dir='ltr'>Servius</span> <span class='ocrx_word' id='word_1_844' title='bbox 1040 2990 1070 3018; x_wconf 90' lang='lat' dir='ltr'>in</span> <span class='ocrx_word' id='word_1_845' title='bbox 1080 3002 1106 3025; x_wconf 85' lang='lat'>4.</span> <span class='ocrx_word' id='word_1_846' title='bbox 1131 2991 1195 3021; x_wconf 83' lang='lat' dir='ltr'>AEn.</span> 
     </span>
     <span class='ocr_line' id='line_1_75' title="bbox 77 3027 1197 3067; baseline 0 -9"><span class='ocrx_word' id='word_1_847' title='bbox 77 3032 110 3063; x_wconf 70' lang='lat'>¹⁶³</span> <span class='ocrx_word' id='word_1_848' title='bbox 118 3039 141 3063; x_wconf 83' lang='grc' dir='ltr'>ς.</span> <span class='ocrx_word' id='word_1_849' title='bbox 163 3029 238 3066; x_wconf 86' lang='lat' dir='ltr'>quod</span> <span class='ocrx_word' id='word_1_850' title='bbox 248 3030 295 3066; x_wconf 89' lang='lat' dir='ltr'>qui</span> <span class='ocrx_word' id='word_1_851' title='bbox 305 3029 412 3067; x_wconf 83' lang='lat' dir='ltr'>superis</span> <span class='ocrx_word' id='word_1_852' title='bbox 421 3028 611 3058; x_wconf 78' lang='lat' dir='ltr'>sacrificabant</span> <span class='ocrx_word' id='word_1_853' title='bbox 621 3051 628 3064; x_wconf 80' lang='grc'><em>,</em></span> <span class='ocrx_word' id='word_1_854' title='bbox 648 3027 849 3058; x_wconf 82' lang='lat' dir='ltr'>abluebantur:</span> <span class='ocrx_word' id='word_1_855' title='bbox 872 3028 920 3064; x_wconf 92' lang='lat' dir='ltr'>qui</span> <span class='ocrx_word' id='word_1_856' title='bbox 932 3037 997 3058; x_wconf 86' lang='lat' dir='ltr'>vero</span> <span class='ocrx_word' id='word_1_857' title='bbox 1012 3028 1072 3057; x_wconf 89' lang='lat' dir='ltr'>deis</span> <span class='ocrx_word' id='word_1_858' title='bbox 1083 3028 1178 3058; x_wconf 88' lang='lat' dir='ltr'>inferis</span> <span class='ocrx_word' id='word_1_859' title='bbox 1188 3050 1197 3065; x_wconf 90' lang='lat'><em>‚</em></span> 
     </span>
     <span class='ocr_line' id='line_1_76' title="bbox 78 3066 677 3106; baseline 0 -10"><span class='ocrx_word' id='word_1_860' title='bbox 78 3066 307 3106; x_wconf 76' lang='lat' dir='ltr'>aspergebantur:</span> <span class='ocrx_word' id='word_1_861' title='bbox 331 3067 406 3096; x_wconf 89' lang='lat' dir='ltr'>unde</span> <span class='ocrx_word' id='word_1_862' title='bbox 417 3067 487 3096; x_wconf 86' lang='lat' dir='ltr'>illud</span> <span class='ocrx_word' id='word_1_863' title='bbox 499 3070 525 3098; x_wconf 93' lang='lat'>6.</span> <span class='ocrx_word' id='word_1_864' title='bbox 538 3067 600 3097; x_wconf 82' lang='lat' dir='ltr'>AEn.</span> <span class='ocrx_word' id='word_1_865' title='bbox 613 3076 677 3103; x_wconf 76' lang='lat'>230.</span> 
     </span>
     <span class='ocr_line' id='line_1_77' title="bbox 171 3105 1199 3143; baseline 0 -9"><span class='ocrx_word' id='word_1_866' title='bbox 171 3105 308 3143; x_wconf 82' lang='lat' dir='ltr'>Spargens</span> <span class='ocrx_word' id='word_1_867' title='bbox 319 3115 379 3134; x_wconf 89' lang='lat' dir='ltr'>rore</span> <span class='ocrx_word' id='word_1_868' title='bbox 389 3105 459 3140; x_wconf 85' lang='lat' dir='ltr'>levi,</span> <span class='ocrx_word' id='word_1_869' title='bbox 473 3107 525 3134; x_wconf 62' lang='lat' dir='ltr'>Sec.</span> <span class='ocrx_word' id='word_1_870' title='bbox 1196 3141 1199 3143; x_wconf 32' lang='lat'><em>¹</em></span> 
     </span>
     <span class='ocr_line' id='line_1_78' title="bbox 0 3139 1200 3180; baseline -0.001 -8"><span class='ocrx_word' id='word_1_871' title='bbox 0 3155 2 3166; x_wconf 57' lang='grc'>’-</span> <span class='ocrx_word' id='word_1_872' title='bbox 44 3139 94 3172; x_wconf 76' lang='lat' dir='ltr'>CH</span> <span class='ocrx_word' id='word_1_873' title='bbox 104 3152 118 3171; x_wconf 74' lang='lat' dir='ltr'>a</span> <span class='ocrx_word' id='word_1_874' title='bbox 126 3152 143 3171; x_wconf 78' lang='lat' dir='ltr'>R</span> <span class='ocrx_word' id='word_1_875' title='bbox 152 3152 173 3172; x_wconf 86' lang='lat' dir='ltr'>N</span> <span class='ocrx_word' id='word_1_876' title='bbox 185 3152 221 3172; x_wconf 80' lang='grc' dir='ltr'>ιτ</span> <span class='ocrx_word' id='word_1_877' title='bbox 229 3153 242 3172; x_wconf 78' lang='grc' dir='ltr'>ε</span> <span class='ocrx_word' id='word_1_878' title='bbox 252 3153 279 3179; x_wconf 80' lang='lat' dir='ltr'>s,</span> <span class='ocrx_word' id='word_1_879' title='bbox 304 3143 447 3179; x_wconf 46' lang='lat' dir='ltr'>[zerim]</span> <span class='ocrx_word' id='word_1_880' title='bbox 469 3143 564 3173; x_wconf 90' lang='lat' dir='ltr'>Genus</span> <span class='ocrx_word' id='word_1_881' title='bbox 573 3141 674 3180; x_wconf 88' lang='lat' dir='ltr'>lapidis</span> <span class='ocrx_word' id='word_1_882' title='bbox 685 3141 763 3171; x_wconf 89' lang='lat' dir='ltr'>ebori</span> <span class='ocrx_word' id='word_1_883' title='bbox 773 3139 914 3173; x_wconf 80' lang='lat' dir='ltr'>simillimi.</span> <span class='ocrx_word' id='word_1_884' title='bbox 932 3140 961 3168; x_wconf 89' lang='lat' dir='ltr'>in</span> <span class='ocrx_word' id='word_1_885' title='bbox 972 3150 1029 3178; x_wconf 89' lang='lat' dir='ltr'>quo</span> <span class='ocrx_word' id='word_1_886' title='bbox 1039 3141 1200 3171; x_wconf 89' lang='lat' dir='ltr'>condeban-</span> 
     </span>
     <span class='ocr_line' id='line_1_79' title="bbox 25 3176 1201 3221; baseline 0 -12"><span class='ocrx_word' id='word_1_887' title='bbox 25 3176 28 3221; x_wconf 53' lang='grc' dir='ltr'>ζ</span> <span class='ocrx_word' id='word_1_888' title='bbox 79 3182 124 3209; x_wconf 69' lang='lat' dir='ltr'>‘tur</span> <span class='ocrx_word' id='word_1_889' title='bbox 135 3190 259 3219; x_wconf 87' lang='lat' dir='ltr'>corpora.</span> <span class='ocrx_word' id='word_1_890' title='bbox 301 3181 368 3210; x_wconf 90' lang='lat' dir='ltr'>Plin.</span> <span class='ocrx_word' id='word_1_891' title='bbox 381 3181 428 3210; x_wconf 92' lang='lat' dir='ltr'>lib.</span> <span class='ocrx_word' id='word_1_892' title='bbox 443 3184 484 3216; x_wconf 84' lang='lat'>36.</span> <span class='ocrx_word' id='word_1_893' title='bbox 504 3190 564 3219; x_wconf 88' lang='lat' dir='ltr'>cap.</span> <span class='ocrx_word' id='word_1_894' title='bbox 581 3189 623 3217; x_wconf 89' lang='lat'>17.</span> <span class='ocrx_word' id='word_1_895' title='bbox 646 3180 744 3211; x_wconf 80' lang='lat' dir='ltr'>Mitior</span> <span class='ocrx_word' id='word_1_896' title='bbox 755 3180 792 3209; x_wconf 89' lang='lat' dir='ltr'>est</span> <span class='ocrx_word' id='word_1_897' title='bbox 812 3186 905 3208; x_wconf 83' lang='lat' dir='ltr'>autem</span> <span class='ocrx_word' id='word_1_898' title='bbox 924 3178 1062 3208; x_wconf 84' lang='lat' dir='ltr'>servandis</span> <span class='ocrx_word' id='word_1_899' title='bbox 1078 3181 1201 3217; x_wconf 90' lang='lat' dir='ltr'>corpori-</span> 
     </span>
     <span class='ocr_line' id='line_1_80' title="bbox 78 3216 1201 3255; baseline 0.001 -8"><span class='ocrx_word' id='word_1_900' title='bbox 78 3217 129 3248; x_wconf 90' lang='lat' dir='ltr'>bus</span> <span class='ocrx_word' id='word_1_901' title='bbox 139 3228 192 3248; x_wconf 86' lang='lat' dir='ltr'>nec</span> <span class='ocrx_word' id='word_1_902' title='bbox 201 3218 380 3249; x_wconf 82' lang='lat' dir='ltr'>absumendis</span> <span class='ocrx_word' id='word_1_903' title='bbox 391 3219 530 3248; x_wconf 80' lang='lat' dir='ltr'>chernites</span> <span class='ocrx_word' id='word_1_904' title='bbox 539 3240 549 3255; x_wconf 88' lang='lat'>‚</span> <span class='ocrx_word' id='word_1_905' title='bbox 569 3218 647 3248; x_wconf 84' lang='lat' dir='ltr'>ebori</span> <span class='ocrx_word' id='word_1_906' title='bbox 666 3217 836 3253; x_wconf 84' lang='lat' dir='ltr'>simillimus,</span> <span class='ocrx_word' id='word_1_907' title='bbox 858 3217 888 3246; x_wconf 90' lang='lat' dir='ltr'>in</span> <span class='ocrx_word' id='word_1_908' title='bbox 907 3226 962 3254; x_wconf 89' lang='lat' dir='ltr'>quo</span> <span class='ocrx_word' id='word_1_909' title='bbox 975 3216 1091 3248; x_wconf 88' lang='lat' dir='ltr'>Darium</span> <span class='ocrx_word' id='word_1_910' title='bbox 1102 3218 1201 3248; x_wconf 83' lang='lat' dir='ltr'>condi-</span> 
     </span>
     <span class='ocr_line' id='line_1_81' title="bbox 77 3257 250 3286; baseline 0.006 -2"><span class='ocrx_word' id='word_1_911' title='bbox 77 3261 136 3286; x_wconf 86' lang='lat' dir='ltr'>tum</span> <span class='ocrx_word' id='word_1_912' title='bbox 148 3257 250 3286; x_wconf 86' lang='lat' dir='ltr'>ferunt.</span> 
     </span>
     <span class='ocr_line' id='line_1_82' title="bbox 0 3289 1202 3330; baseline 0.002 -9"><span class='ocrx_word' id='word_1_913' title='bbox 0 3305 2 3312; x_wconf 53' lang='grc' dir='ltr'><em>ν</em></span> <span class='ocrx_word' id='word_1_914' title='bbox 43 3292 333 3330; x_wconf 67' lang='grc' dir='ltr'>ΕΗιῑιικοΝΞευε,</span> <span class='ocrx_word' id='word_1_915' title='bbox 354 3293 408 3323; x_wconf 77' lang='lat' dir='ltr'>sive</span> <span class='ocrx_word' id='word_1_916' title='bbox 423 3293 522 3324; x_wconf 81' lang='lat' dir='ltr'>CHER</span> <span class='ocrx_word' id='word_1_917' title='bbox 533 3296 714 3329; x_wconf 62' lang='lat' dir='ltr'>sonfisus,</span> <span class='ocrx_word' id='word_1_918' title='bbox 735 3293 923 3329; x_wconf 61' lang='lat' dir='ltr'>[xsbfibmr&amp;¹‚</span> <span class='ocrx_word' id='word_1_919' title='bbox 942 3289 1117 3328; x_wconf 47' lang='grc' dir='ltr'>Χεςσένητζζνλ]</span> <span class='ocrx_word' id='word_1_920' title='bbox 1138 3293 1202 3330; x_wconf 81' lang='grc' dir='ltr'>(ηἰ-</span> 
     </span>
     <span class='ocr_line' id='line_1_83' title="bbox 79 3328 1201 3371; baseline 0 -10"><span class='ocrx_word' id='word_1_921' title='bbox 79 3330 120 3361; x_wconf 87' lang='lat' dir='ltr'>hil</span> <span class='ocrx_word' id='word_1_922' title='bbox 129 3332 204 3361; x_wconf 88' lang='lat' dir='ltr'>enim</span> <span class='ocrx_word' id='word_1_923' title='bbox 213 3332 366 3369; x_wconf 85' lang='lat' dir='ltr'>differunt)</span> <span class='ocrx_word' id='word_1_924' title='bbox 386 3331 532 3362; x_wconf 86' lang='lat' dir='ltr'>Pcninsula</span> <span class='ocrx_word' id='word_1_925' title='bbox 540 3332 587 3361; x_wconf 90' lang='lat' dir='ltr'>est.</span> <span class='ocrx_word' id='word_1_926' title='bbox 630 3332 731 3371; x_wconf 66' lang='lat' dir='ltr'>Graecis</span> <span class='ocrx_word' id='word_1_927' title='bbox 739 3328 920 3368; x_wconf 57' lang='lat' dir='ltr'>enimpct‘ev&amp;</span> <span class='ocrx_word' id='word_1_928' title='bbox 931 3352 939 3366; x_wconf 79' lang='lat'>‚</span> <span class='ocrx_word' id='word_1_929' title='bbox 957 3338 1042 3360; x_wconf 88' lang='lat' dir='ltr'>terra:</span> <span class='ocrx_word' id='word_1_930' title='bbox 1066 3331 1143 3362; x_wconf 55' lang='lat' dir='ltr'>nie&amp;</span> <span class='ocrx_word' id='word_1_931' title='bbox 1153 3341 1201 3361; x_wconf 87' lang='lat' dir='ltr'>au-</span> 
     </span>
     <span class='ocr_line' id='line_1_84' title="bbox 81 3369 1201 3408; baseline 0.001 -10"><span class='ocrx_word' id='word_1_932' title='bbox 81 3371 137 3399; x_wconf 81' lang='lat' dir='ltr'>tem</span> <span class='ocrx_word' id='word_1_933' title='bbox 145 3369 232 3400; x_wconf 85' lang='lat' dir='ltr'>insula</span> <span class='ocrx_word' id='word_1_934' title='bbox 242 3370 353 3400; x_wconf 89' lang='lat' dir='ltr'>dicitur.</span> <span class='ocrx_word' id='word_1_935' title='bbox 394 3370 524 3407; x_wconf 81' lang='lat' dir='ltr'>Quatuor</span> <span class='ocrx_word' id='word_1_936' title='bbox 536 3370 655 3408; x_wconf 77' lang='lat' dir='ltr'>insignes</span> <span class='ocrx_word' id='word_1_937' title='bbox 675 3369 835 3399; x_wconf 76' lang='lat' dir='ltr'>Chersonesi</span> <span class='ocrx_word' id='word_1_938' title='bbox 850 3374 1057 3398; x_wconf 86' lang='lat' dir='ltr'>memorantur:</span> <span class='ocrx_word' id='word_1_939' title='bbox 1080 3369 1201 3400; x_wconf 85' lang='lat' dir='ltr'>Taurica</span> 
     </span>
     <span class='ocr_line' id='line_1_85' title="bbox 0 3405 1200 3446; baseline 0.001 -10"><span class='ocrx_word' id='word_1_940' title='bbox 0 3409 7 3430; x_wconf 71' lang='grc' dir='ltr'>ι’</span> <span class='ocrx_word' id='word_1_941' title='bbox 28 3425 30 3439; x_wconf 49' lang='lat' dir='ltr'>i</span> <span class='ocrx_word' id='word_1_942' title='bbox 79 3406 108 3436; x_wconf 84' lang='lat' dir='ltr'>in</span> <span class='ocrx_word' id='word_1_943' title='bbox 120 3407 424 3444; x_wconf 78' lang='lat' dir='ltr'>Euxino&amp;Maeotide,</span> <span class='ocrx_word' id='word_1_944' title='bbox 445 3418 505 3446; x_wconf 82' lang='lat' dir='ltr'>quae</span> <span class='ocrx_word' id='word_1_945' title='bbox 521 3407 607 3437; x_wconf 88' lang='lat' dir='ltr'>hodie</span> <span class='ocrx_word' id='word_1_946' title='bbox 627 3409 740 3443; x_wconf 74' lang='lat' dir='ltr'>Precopia</span> <span class='ocrx_word' id='word_1_947' title='bbox 756 3408 933 3436; x_wconf 83' lang='lat' dir='ltr'>nominatur:</span> <span class='ocrx_word' id='word_1_948' title='bbox 955 3405 1091 3436; x_wconf 87' lang='lat' dir='ltr'>Thracia:</span> <span class='ocrx_word' id='word_1_949' title='bbox 1112 3408 1200 3437; x_wconf 82' lang='lat' dir='ltr'>Aurea</span> 
     </span>
     <span class='ocr_line' id='line_1_86' title="bbox 80 3443 1199 3483; baseline 0 -9"><span class='ocrx_word' id='word_1_950' title='bbox 80 3446 178 3481; x_wconf 78' lang='lat' dir='ltr'>tertia,</span> <span class='ocrx_word' id='word_1_951' title='bbox 197 3445 277 3483; x_wconf 87' lang='lat' dir='ltr'>supra</span> <span class='ocrx_word' id='word_1_952' title='bbox 286 3446 410 3483; x_wconf 84' lang='lat' dir='ltr'>Gangem</span> <span class='ocrx_word' id='word_1_953' title='bbox 420 3448 449 3476; x_wconf 84' lang='lat' dir='ltr'>in</span> <span class='ocrx_word' id='word_1_954' title='bbox 460 3453 567 3481; x_wconf 88' lang='lat' dir='ltr'>ortum,</span> <span class='ocrx_word' id='word_1_955' title='bbox 588 3447 665 3482; x_wconf 89' lang='lat' dir='ltr'>juxta</span> <span class='ocrx_word' id='word_1_956' title='bbox 677 3445 763 3474; x_wconf 88' lang='lat' dir='ltr'>sinum</span> <span class='ocrx_word' id='word_1_957' title='bbox 781 3446 826 3482; x_wconf 90' lang='lat' dir='ltr'>qui</span> <span class='ocrx_word' id='word_1_958' title='bbox 840 3445 957 3482; x_wconf 80' lang='lat' dir='ltr'>Magnus</span> <span class='ocrx_word' id='word_1_959' title='bbox 971 3443 1117 3474; x_wconf 72' lang='lat' dir='ltr'>Ptolemaeo</span> <span class='ocrx_word' id='word_1_960' title='bbox 1130 3445 1199 3474; x_wconf 90' lang='lat' dir='ltr'>dici-</span> 
     </span>
     <span class='ocr_line' id='line_1_87' title="bbox 80 3481 1202 3522; baseline 0.001 -10"><span class='ocrx_word' id='word_1_961' title='bbox 80 3489 140 3513; x_wconf 86' lang='lat' dir='ltr'>tur:</span> <span class='ocrx_word' id='word_1_962' title='bbox 161 3484 195 3513; x_wconf 88' lang='lat' dir='ltr'>Et</span> <span class='ocrx_word' id='word_1_963' title='bbox 205 3484 344 3513; x_wconf 88' lang='lat' dir='ltr'>Cimbrica</span> <span class='ocrx_word' id='word_1_964' title='bbox 355 3484 586 3522; x_wconf 86' lang='lat' dir='ltr'>Septentrionalis</span> <span class='ocrx_word' id='word_1_965' title='bbox 594 3506 601 3518; x_wconf 84' lang='lat'>‚</span> <span class='ocrx_word' id='word_1_966' title='bbox 623 3494 683 3520; x_wconf 78' lang='lat' dir='ltr'>quae</span> <span class='ocrx_word' id='word_1_967' title='bbox 694 3484 811 3512; x_wconf 85' lang='lat' dir='ltr'>Daniam</span> <span class='ocrx_word' id='word_1_968' title='bbox 824 3483 917 3516; x_wconf 83' lang='lat' dir='ltr'>habet,</span> <span class='ocrx_word' id='word_1_969' title='bbox 935 3489 1016 3518; x_wconf 86' lang='lat' dir='ltr'>quam</span> <span class='ocrx_word' id='word_1_970' title='bbox 1027 3481 1142 3512; x_wconf 87' lang='lat' dir='ltr'>Daciam</span> <span class='ocrx_word' id='word_1_971' title='bbox 1153 3483 1202 3513; x_wconf 79' lang='lat' dir='ltr'>Sa-</span> 
     </span>
     <span class='ocr_line' id='line_1_88' title="bbox 80 3519 1199 3560; baseline 0.001 -10"><span class='ocrx_word' id='word_1_972' title='bbox 80 3524 117 3550; x_wconf 71' lang='grc' dir='ltr'>)ῐο</span> <span class='ocrx_word' id='word_1_973' title='bbox 128 3523 320 3558; x_wconf 89' lang='lat' dir='ltr'>grammaticus</span> <span class='ocrx_word' id='word_1_974' title='bbox 330 3529 419 3551; x_wconf 86' lang='lat' dir='ltr'>vocat.</span> <span class='ocrx_word' id='word_1_975' title='bbox 458 3521 663 3560; x_wconf 86' lang='lat' dir='ltr'>Peloponnesus</span> <span class='ocrx_word' id='word_1_976' title='bbox 675 3531 739 3550; x_wconf 91' lang='lat' dir='ltr'>vero</span> <span class='ocrx_word' id='word_1_977' title='bbox 752 3521 840 3557; x_wconf 83' lang='lat' dir='ltr'>major</span> <span class='ocrx_word' id='word_1_978' title='bbox 848 3519 1040 3556; x_wconf 86' lang='lat' dir='ltr'>celebriorque</span> <span class='ocrx_word' id='word_1_979' title='bbox 1048 3519 1094 3555; x_wconf 85' lang='lat' dir='ltr'>est,</span> <span class='ocrx_word' id='word_1_980' title='bbox 1117 3529 1199 3558; x_wconf 85' lang='lat' dir='ltr'>quam</span> 
     </span>
     <span class='ocr_line' id='line_1_89' title="bbox 81 3557 1200 3597; baseline -0.003 -9"><span class='ocrx_word' id='word_1_981' title='bbox 81 3565 113 3588; x_wconf 89' lang='lat' dir='ltr'>ut</span> <span class='ocrx_word' id='word_1_982' title='bbox 125 3557 285 3589; x_wconf 84' lang='lat' dir='ltr'>Chersonesi</span> <span class='ocrx_word' id='word_1_983' title='bbox 299 3570 402 3590; x_wconf 85' lang='lat' dir='ltr'>nomen</span> <span class='ocrx_word' id='word_1_984' title='bbox 421 3560 550 3590; x_wconf 87' lang='lat' dir='ltr'>admittat</span> <span class='ocrx_word' id='word_1_985' title='bbox 560 3582 567 3595; x_wconf 90' lang='lat'>,</span> <span class='ocrx_word' id='word_1_986' title='bbox 589 3569 748 3597; x_wconf 82' lang='lat' dir='ltr'>quanquam</span> <span class='ocrx_word' id='word_1_987' title='bbox 760 3561 786 3588; x_wconf 68' lang='lat' dir='ltr'>Bc</span> <span class='ocrx_word' id='word_1_988' title='bbox 801 3558 886 3596; x_wconf 85' lang='lat' dir='ltr'>ipsam</span> <span class='ocrx_word' id='word_1_989' title='bbox 902 3558 1024 3587; x_wconf 85' lang='lat' dir='ltr'>nominis</span> <span class='ocrx_word' id='word_1_990' title='bbox 1039 3565 1134 3595; x_wconf 85' lang='lat' dir='ltr'>etymo</span> <span class='ocrx_word' id='word_1_991' title='bbox 1145 3559 1200 3589; x_wconf 88' lang='lat' dir='ltr'>fre.</span> 
     </span>
     <span class='ocr_line' id='line_1_90' title="bbox 81 3595 1200 3635; baseline -0.003 -9"><span class='ocrx_word' id='word_1_992' title='bbox 81 3603 134 3632; x_wconf 82' lang='lat' dir='ltr'>tus,</span> <span class='ocrx_word' id='word_1_993' title='bbox 155 3597 356 3627; x_wconf 88' lang='lat' dir='ltr'>Chersonesum</span> <span class='ocrx_word' id='word_1_994' title='bbox 367 3599 463 3628; x_wconf 84' lang='lat' dir='ltr'>Strabo</span> <span class='ocrx_word' id='word_1_995' title='bbox 474 3598 617 3627; x_wconf 89' lang='lat' dir='ltr'>nominat:</span> <span class='ocrx_word' id='word_1_996' title='bbox 640 3599 666 3627; x_wconf 73' lang='grc' dir='ltr'>δι</span> <span class='ocrx_word' id='word_1_997' title='bbox 678 3597 795 3626; x_wconf 86' lang='lat' dir='ltr'>minoris</span> <span class='ocrx_word' id='word_1_998' title='bbox 808 3596 872 3626; x_wconf 86' lang='lat' dir='ltr'>Asiae</span> <span class='ocrx_word' id='word_1_999' title='bbox 883 3597 910 3624; x_wconf 93' lang='lat' dir='ltr'>in</span> <span class='ocrx_word' id='word_1_1000' title='bbox 922 3595 1045 3624; x_wconf 82' lang='lat' dir='ltr'>nostrum</span> <span class='ocrx_word' id='word_1_1001' title='bbox 1054 3605 1128 3626; x_wconf 84' lang='lat' dir='ltr'>mare</span> <span class='ocrx_word' id='word_1_1002' title='bbox 1136 3607 1200 3635; x_wconf 87' lang='lat' dir='ltr'>pro.</span> 
     </span>
     <span class='ocr_line' id='line_1_91' title="bbox 83 3633 1081 3672; baseline 0.001 -9"><span class='ocrx_word' id='word_1_1003' title='bbox 83 3634 174 3664; x_wconf 87' lang='lat' dir='ltr'>cursus</span> <span class='ocrx_word' id='word_1_1004' title='bbox 184 3635 369 3665; x_wconf 85' lang='lat' dir='ltr'>Cherronesus</span> <span class='ocrx_word' id='word_1_1005' title='bbox 378 3637 468 3666; x_wconf 68' lang='lat' dir='ltr'>dictus</span> <span class='ocrx_word' id='word_1_1006' title='bbox 477 3658 485 3672; x_wconf 86' lang='lat'>,</span> <span class='ocrx_word' id='word_1_1007' title='bbox 507 3636 588 3665; x_wconf 88' lang='lat' dir='ltr'>bonis</span> <span class='ocrx_word' id='word_1_1008' title='bbox 595 3636 753 3664; x_wconf 58' lang='lat' dir='ltr'>auctoribus</span> <span class='ocrx_word' id='word_1_1009' title='bbox 762 3656 770 3670; x_wconf 88' lang='lat'>,</span> <span class='ocrx_word' id='word_1_1010' title='bbox 790 3642 820 3663; x_wconf 88' lang='lat' dir='ltr'>ut</span> <span class='ocrx_word' id='word_1_1011' title='bbox 831 3634 924 3663; x_wconf 87' lang='lat' dir='ltr'>scribit</span> <span class='ocrx_word' id='word_1_1012' title='bbox 935 3633 954 3661; x_wconf 89' lang='lat' dir='ltr'>V</span> <span class='ocrx_word' id='word_1_1013' title='bbox 957 3633 1081 3664; x_wconf 88' lang='lat' dir='ltr'>adianus.</span> 
     </span>
     <span class='ocr_line' id='line_1_92' title="bbox 13 3669 1025 3709; baseline -0.002 -7"><span class='ocrx_word' id='word_1_1014' title='bbox 13 3695 16 3698; x_wconf 59' lang='grc'><em>»</em></span> <span class='ocrx_word' id='word_1_1015' title='bbox 48 3670 168 3702; x_wconf 70' lang='lat' dir='ltr'>CHRRR</span> <span class='ocrx_word' id='word_1_1016' title='bbox 179 3682 224 3702; x_wconf 67' lang='lat' dir='ltr'>ou</span> <span class='ocrx_word' id='word_1_1017' title='bbox 233 3683 247 3702; x_wconf 73' lang='lat' dir='ltr'>iz</span> <span class='ocrx_word' id='word_1_1018' title='bbox 257 3683 296 3703; x_wconf 84' lang='lat' dir='ltr'>Ns</span> <span class='ocrx_word' id='word_1_1019' title='bbox 306 3685 317 3702; x_wconf 88' lang='lat'>1</span> <span class='ocrx_word' id='word_1_1020' title='bbox 326 3683 338 3702; x_wconf 87' lang='lat' dir='ltr'>s</span> <span class='ocrx_word' id='word_1_1021' title='bbox 348 3696 356 3709; x_wconf 93' lang='lat'>,</span> <span class='ocrx_word' id='word_1_1022' title='bbox 378 3684 401 3703; x_wconf 91' lang='lat' dir='ltr'>e.</span> <span class='ocrx_word' id='word_1_1023' title='bbox 422 3674 483 3709; x_wconf 82' lang='lat' dir='ltr'>Adj.</span> <span class='ocrx_word' id='word_1_1024' title='bbox 505 3674 544 3703; x_wconf 79' lang='lat' dir='ltr'>Ex</span> <span class='ocrx_word' id='word_1_1025' title='bbox 557 3669 736 3702; x_wconf 86' lang='lat' dir='ltr'>Chersoneso.</span> <span class='ocrx_word' id='word_1_1026' title='bbox 757 3673 814 3702; x_wconf 85' lang='lat' dir='ltr'>Cic.</span> <span class='ocrx_word' id='word_1_1027' title='bbox 831 3673 860 3700; x_wconf 85' lang='lat' dir='ltr'>iri</span> <span class='ocrx_word' id='word_1_1028' title='bbox 873 3672 961 3701; x_wconf 89' lang='lat' dir='ltr'>Pison.</span> <span class='ocrx_word' id='word_1_1029' title='bbox 980 3675 1025 3706; x_wconf 88' lang='lat'>86.</span> 
     </span>
     <span class='ocr_line' id='line_1_93' title="bbox 50 3709 1126 3752; baseline 0 -13"><span class='ocrx_word' id='word_1_1030' title='bbox 50 3709 348 3746; x_wconf 71' lang='lat' dir='ltr'>Cnassonerfcs,</span> <span class='ocrx_word' id='word_1_1031' title='bbox 370 3712 437 3741; x_wconf 87' lang='lat' dir='ltr'>Adv.</span> <span class='ocrx_word' id='word_1_1032' title='bbox 462 3709 772 3745; x_wconf 81' lang='lat' dir='ltr'>VarrodeL.L.4·.3i.</span> <span class='ocrx_word' id='word_1_1033' title='bbox 934 3746 940 3752; x_wconf 47' lang='lat'><em>·</em></span> <span class='ocrx_word' id='word_1_1034' title='bbox 1125 3741 1126 3744; x_wconf 50' lang='lat'>,</span> 
     </span>
     <span class='ocr_line' id='line_1_94' title="bbox 32 3746 1199 3786; baseline 0.003 -10"><span class='ocrx_word' id='word_1_1035' title='bbox 32 3759 33 3784; x_wconf 46' lang='grc' dir='ltr'>ι</span> <span class='ocrx_word' id='word_1_1036' title='bbox 49 3746 166 3777; x_wconf 76' lang='lat' dir='ltr'>CHaRs</span> <span class='ocrx_word' id='word_1_1037' title='bbox 175 3750 214 3777; x_wconf 71' lang='lat' dir='ltr'>iu</span> <span class='ocrx_word' id='word_1_1038' title='bbox 223 3759 259 3783; x_wconf 79' lang='lat' dir='ltr'>A,</span> <span class='ocrx_word' id='word_1_1039' title='bbox 282 3758 313 3779; x_wconf 81' lang='lat' dir='ltr'>ae.</span> <span class='ocrx_word' id='word_1_1040' title='bbox 336 3749 469 3786; x_wconf 67' lang='grc' dir='ltr'>[χερωνὲ]</span> <span class='ocrx_word' id='word_1_1041' title='bbox 490 3749 583 3779; x_wconf 89' lang='lat' dir='ltr'>Genus</span> <span class='ocrx_word' id='word_1_1042' title='bbox 604 3748 643 3778; x_wconf 88' lang='lat' dir='ltr'>est</span> <span class='ocrx_word' id='word_1_1043' title='bbox 661 3748 804 3777; x_wconf 82' lang='lat' dir='ltr'>testudinis</span> <span class='ocrx_word' id='word_1_1044' title='bbox 825 3746 955 3776; x_wconf 86' lang='lat' dir='ltr'>terrestris</span> <span class='ocrx_word' id='word_1_1045' title='bbox 967 3768 975 3782; x_wconf 89' lang='lat'>,</span> <span class='ocrx_word' id='word_1_1046' title='bbox 996 3746 1025 3775; x_wconf 84' lang='lat' dir='ltr'>in</span> <span class='ocrx_word' id='word_1_1047' title='bbox 1042 3747 1199 3779; x_wconf 81' lang='lat' dir='ltr'>aridissimis</span> 
     </span>
     <span class='ocr_line' id='line_1_95' title="bbox 32 3783 1104 3822; baseline 0.001 -8"><span class='ocrx_word' id='word_1_1048' title='bbox 32 3804 33 3807; x_wconf 60' lang='lat'><em>=</em></span> <span class='ocrx_word' id='word_1_1049' title='bbox 83 3785 180 3814; x_wconf 78' lang='lat' dir='ltr'>Africae</span> <span class='ocrx_word' id='word_1_1050' title='bbox 190 3785 318 3821; x_wconf 77' lang='lat' dir='ltr'>desertis,</span> <span class='ocrx_word' id='word_1_1051' title='bbox 339 3787 447 3816; x_wconf 90' lang='lat' dir='ltr'>roscido</span> <span class='ocrx_word' id='word_1_1052' title='bbox 460 3788 576 3816; x_wconf 85' lang='lat' dir='ltr'>hutnore</span> <span class='ocrx_word' id='word_1_1053' title='bbox 588 3789 691 3816; x_wconf 88' lang='lat' dir='ltr'>vivens.</span> <span class='ocrx_word' id='word_1_1054' title='bbox 716 3788 789 3815; x_wconf 55' lang='lat' dir='ltr'>Auci.</span> <span class='ocrx_word' id='word_1_1055' title='bbox 806 3785 872 3814; x_wconf 88' lang='lat' dir='ltr'>Plin.</span> <span class='ocrx_word' id='word_1_1056' title='bbox 887 3783 935 3813; x_wconf 89' lang='lat' dir='ltr'>lib.</span> <span class='ocrx_word' id='word_1_1057' title='bbox 949 3795 973 3819; x_wconf 85' lang='lat'>9.</span> <span class='ocrx_word' id='word_1_1058' title='bbox 987 3795 1048 3822; x_wconf 89' lang='lat' dir='ltr'>cap.</span> <span class='ocrx_word' id='word_1_1059' title='bbox 1064 3795 1104 3815; x_wconf 88' lang='grc' dir='ltr'>ιο.</span> 
     </span>
     <span class='ocr_line' id='line_1_96' title="bbox 49 3818 1201 3862; baseline -0.001 -11"><span class='ocrx_word' id='word_1_1060' title='bbox 49 3818 118 3852; x_wconf 63' lang='lat' dir='ltr'>Citii</span> <span class='ocrx_word' id='word_1_1061' title='bbox 128 3832 144 3851; x_wconf 84' lang='lat' dir='ltr'>R</span> <span class='ocrx_word' id='word_1_1062' title='bbox 152 3832 165 3852; x_wconf 91' lang='lat' dir='ltr'>s</span> <span class='ocrx_word' id='word_1_1063' title='bbox 173 3832 203 3852; x_wconf 79' lang='lat'>11³</span> <span class='ocrx_word' id='word_1_1064' title='bbox 213 3832 233 3852; x_wconf 98' lang='grc' dir='ltr'>Η</span> <span class='ocrx_word' id='word_1_1065' title='bbox 243 3832 284 3852; x_wconf 75' lang='lat' dir='ltr'>Ro</span> <span class='ocrx_word' id='word_1_1066' title='bbox 293 3833 312 3852; x_wconf 78' lang='lat' dir='ltr'>N</span> <span class='ocrx_word' id='word_1_1067' title='bbox 325 3846 332 3858; x_wconf 87' lang='lat'>‚</span> <span class='ocrx_word' id='word_1_1068' title='bbox 355 3824 528 3862; x_wconf 63' lang='grc' dir='ltr'>[Χῳσάφςων]</span> <span class='ocrx_word' id='word_1_1069' title='bbox 550 3825 726 3854; x_wconf 70' lang='grc' dir='ltr'>Λτεὴίῑεξῖοη</span> <span class='ocrx_word' id='word_1_1070' title='bbox 741 3824 853 3860; x_wconf 88' lang='lat' dir='ltr'>quidam</span> <span class='ocrx_word' id='word_1_1071' title='bbox 863 3822 918 3851; x_wconf 88' lang='lat' dir='ltr'>fuit</span> <span class='ocrx_word' id='word_1_1072' title='bbox 928 3823 1057 3857; x_wconf 86' lang='lat' dir='ltr'>eximius,</span> <span class='ocrx_word' id='word_1_1073' title='bbox 1079 3824 1125 3861; x_wconf 90' lang='lat' dir='ltr'>qui</span> <span class='ocrx_word' id='word_1_1074' title='bbox 1135 3823 1201 3853; x_wconf 90' lang='lat' dir='ltr'>Dia.</span> 
     </span>
     <span class='ocr_line' id='line_1_97' title="bbox 0 3859 1200 3900; baseline 0.003 -11"><span class='ocrx_word' id='word_1_1075' title='bbox 0 3875 4 3883; x_wconf 59' lang='grc' dir='ltr'>ι</span> <span class='ocrx_word' id='word_1_1076' title='bbox 32 3859 33 3875; x_wconf 62' lang='lat'>³</span> <span class='ocrx_word' id='word_1_1077' title='bbox 83 3870 126 3890; x_wconf 82' lang='lat' dir='ltr'>nae</span> <span class='ocrx_word' id='word_1_1078' title='bbox 134 3860 255 3898; x_wconf 85' lang='lat' dir='ltr'>Ephefiae</span> <span class='ocrx_word' id='word_1_1079' title='bbox 266 3862 403 3899; x_wconf 86' lang='lat' dir='ltr'>templum</span> <span class='ocrx_word' id='word_1_1080' title='bbox 414 3863 491 3900; x_wconf 86' lang='lat' dir='ltr'>prius</span> <span class='ocrx_word' id='word_1_1081' title='bbox 502 3864 570 3892; x_wconf 90' lang='lat' dir='ltr'>mire</span> <span class='ocrx_word' id='word_1_1082' title='bbox 579 3863 728 3892; x_wconf 85' lang='lat' dir='ltr'>fabricatus</span> <span class='ocrx_word' id='word_1_1083' title='bbox 745 3862 801 3896; x_wconf 86' lang='lat' dir='ltr'>est,</span> <span class='ocrx_word' id='word_1_1084' title='bbox 824 3860 918 3899; x_wconf 90' lang='lat' dir='ltr'>postea</span> <span class='ocrx_word' id='word_1_1085' title='bbox 934 3860 1004 3890; x_wconf 90' lang='lat' dir='ltr'>alius</span> <span class='ocrx_word' id='word_1_1086' title='bbox 1022 3860 1090 3890; x_wconf 89' lang='lat' dir='ltr'>fecit</span> <span class='ocrx_word' id='word_1_1087' title='bbox 1109 3863 1200 3898; x_wconf 86' lang='lat' dir='ltr'>majus</span> 
     </span>
     <span class='ocr_line' id='line_1_98' title="bbox 85 3898 470 3935; baseline 0.008 -8"><span class='ocrx_word' id='word_1_1088' title='bbox 85 3898 143 3928; x_wconf 90' lang='lat' dir='ltr'>illo.</span> <span class='ocrx_word' id='word_1_1089' title='bbox 165 3899 242 3928; x_wconf 55' lang='lat' dir='ltr'>Auci.</span> <span class='ocrx_word' id='word_1_1090' title='bbox 254 3899 352 3929; x_wconf 86' lang='lat' dir='ltr'>Strabo</span> <span class='ocrx_word' id='word_1_1091' title='bbox 364 3900 411 3929; x_wconf 90' lang='lat' dir='ltr'>lib.</span> <span class='ocrx_word' id='word_1_1092' title='bbox 428 3911 470 3935; x_wconf 81' lang='lat'>14.</span> 
     </span>
     <span class='ocr_line' id='line_1_99' title="bbox 0 3933 1196 3977; baseline 0.002 -11"><span class='ocrx_word' id='word_1_1093' title='bbox 0 3941 12 3977; x_wconf 63' lang='grc' dir='ltr'>ξ·</span> <span class='ocrx_word' id='word_1_1094' title='bbox 50 3933 100 3966; x_wconf 82' lang='lat' dir='ltr'>CH</span> <span class='ocrx_word' id='word_1_1095' title='bbox 109 3945 148 3966; x_wconf 72' lang='lat' dir='ltr'>sii.</span> <span class='ocrx_word' id='word_1_1096' title='bbox 158 3946 194 3966; x_wconf 84' lang='lat' dir='ltr'>so</span> <span class='ocrx_word' id='word_1_1097' title='bbox 202 3946 215 3966; x_wconf 83' lang='lat' dir='ltr'>s</span> <span class='ocrx_word' id='word_1_1098' title='bbox 230 3959 239 3974; x_wconf 96' lang='lat'>,</span> <span class='ocrx_word' id='word_1_1099' title='bbox 267 3937 320 3967; x_wconf 86' lang='lat' dir='ltr'>sive</span> <span class='ocrx_word' id='word_1_1100' title='bbox 340 3937 362 3967; x_wconf 88' lang='lat' dir='ltr'>C</span> <span class='ocrx_word' id='word_1_1101' title='bbox 371 3947 391 3968; x_wconf 88' lang='lat' dir='ltr'>H</span> <span class='ocrx_word' id='word_1_1102' title='bbox 402 3948 416 3968; x_wconf 71' lang='grc' dir='ltr'><strong>Β</strong></span> <span class='ocrx_word' id='word_1_1103' title='bbox 425 3949 442 3968; x_wconf 74' lang='lat' dir='ltr'>r.</span> <span class='ocrx_word' id='word_1_1104' title='bbox 450 3948 462 3969; x_wconf 88' lang='lat' dir='ltr'>s</span> <span class='ocrx_word' id='word_1_1105' title='bbox 473 3948 490 3968; x_wconf 90' lang='grc' dir='ltr'><strong>ο</strong></span> <span class='ocrx_word' id='word_1_1106' title='bbox 499 3947 520 3968; x_wconf 71' lang='grc' dir='ltr'>Η</span> <span class='ocrx_word' id='word_1_1107' title='bbox 549 3935 694 3975; x_wconf 46' lang='grc' dir='ltr'>[χέει-Θ]</span> <span class='ocrx_word' id='word_1_1108' title='bbox 713 3936 828 3976; x_wconf 85' lang='lat' dir='ltr'>proprie</span> <span class='ocrx_word' id='word_1_1109' title='bbox 849 3936 936 3967; x_wconf 85' lang='lat' dir='ltr'>Terra</span> <span class='ocrx_word' id='word_1_1110' title='bbox 954 3935 1062 3967; x_wconf 85' lang='lat' dir='ltr'>inculta</span> <span class='ocrx_word' id='word_1_1111' title='bbox 1085 3937 1196 3968; x_wconf 82' lang='lat' dir='ltr'>dicitur.</span> 
     </span>
    </p>
   </div>
   <div class='ocr_carea' id='block_1_3' title="bbox 19 957 29 2502">
    <p class='ocr_par' dir='ltr' id='par_1_24' title="bbox 19 957 29 2502">
     <span class='ocr_line' id='line_1_100' title="bbox 19 957 29 2502; baseline 0 0"><span class='ocrx_word' id='word_1_1112' title='bbox 19 957 29 2502; x_wconf 95' lang='lat' dir='ltr'> </span> 
     </span>
    </p>
   </div>
   <div class='ocr_carea' id='block_1_4' title="bbox 25 2838 36 4135">
    <p class='ocr_par' dir='ltr' id='par_1_25' title="bbox 25 2838 36 4135">
     <span class='ocr_line' id='line_1_101' title="bbox 25 2838 36 4135; baseline 0 0"><span class='ocrx_word' id='word_1_1113' title='bbox 25 2838 36 4135; x_wconf 95' lang='lat' dir='ltr'> </span> 
     </span>
    </p>
   </div>
   <div class='ocr_carea' id='block_1_5' title="bbox 57 1700 1238 1740">
    <p class='ocr_par' dir='ltr' id='par_1_26' title="bbox 57 1700 1238 1740">
     <span class='ocr_line' id='line_1_102' title="bbox 57 1700 1238 1740; baseline 0 -11"><span class='ocrx_word' id='word_1_1114' title='bbox 57 1700 166 1730; x_wconf 72' lang='lat' dir='ltr'>&#39;lumel.</span> <span class='ocrx_word' id='word_1_1115' title='bbox 183 1700 231 1731; x_wconf 90' lang='lat' dir='ltr'>lib.</span> <span class='ocrx_word' id='word_1_1116' title='bbox 243 1707 268 1735; x_wconf 89' lang='lat'>8.</span> <span class='ocrx_word' id='word_1_1117' title='bbox 283 1711 344 1740; x_wconf 88' lang='lat' dir='ltr'>cap.</span> <span class='ocrx_word' id='word_1_1118' title='bbox 361 1712 402 1738; x_wconf 90' lang='lat'>14.</span> <span class='ocrx_word' id='word_1_1119' title='bbox 426 1702 484 1739; x_wconf 82' lang='lat' dir='ltr'>Qui</span> <span class='ocrx_word' id='word_1_1120' title='bbox 498 1709 564 1731; x_wconf 89' lang='lat' dir='ltr'>vero</span> <span class='ocrx_word' id='word_1_1121' title='bbox 582 1710 676 1739; x_wconf 83' lang='lat' dir='ltr'>greges</span> <span class='ocrx_word' id='word_1_1122' title='bbox 688 1701 816 1730; x_wconf 78' lang='lat' dir='ltr'>nantium</span> <span class='ocrx_word' id='word_1_1123' title='bbox 827 1700 965 1738; x_wconf 72' lang='lat' dir='ltr'>possidere</span> <span class='ocrx_word' id='word_1_1124' title='bbox 977 1701 1107 1735; x_wconf 76' lang='lat' dir='ltr'>student,</span> <span class='ocrx_word' id='word_1_1125' title='bbox 1129 1700 1194 1729; x_wconf 70' lang='lat' dir='ltr'>che-</span> <span class='ocrx_word' id='word_1_1126' title='bbox 1233 1724 1238 1729; x_wconf 78' lang='grc'><strong>.</strong></span> 
     </span>
    </p>
   </div>
   <div class='ocr_carea' id='block_1_6' title="bbox 1692 111 2403 168">
    <p class='ocr_par' dir='ltr' id='par_1_27' title="bbox 1692 111 2403 168">
     <span class='ocr_line' id='line_1_103' title="bbox 1692 111 2403 168; baseline 0.015 -19"><span class='ocrx_word' id='word_1_1127' title='bbox 1692 111 1721 150; x_wconf 86' lang='lat' dir='ltr'>C</span> <span class='ocrx_word' id='word_1_1128' title='bbox 1819 114 1854 151; x_wconf 78' lang='lat' dir='ltr'>H</span> <span class='ocrx_word' id='word_1_1129' title='bbox 1950 115 1967 152; x_wconf 81' lang='grc' dir='ltr'>Ι</span> <span class='ocrx_word' id='word_1_1130' title='bbox 2337 134 2403 168; x_wconf 87' lang='lat'>501</span> 
     </span>
    </p>
   </div>
   <div class='ocr_carea' id='block_1_7' title="bbox 1255 194 2415 462">
    <p class='ocr_par' dir='ltr' id='par_1_28' title="bbox 1290 194 2411 307">
     <span class='ocr_line' id='line_1_104' title="bbox 1290 194 2408 239; baseline 0.008 -16"><span class='ocrx_word' id='word_1_1131' title='bbox 1290 194 1409 224; x_wconf 80' lang='lat' dir='ltr'>Martial.</span> <span class='ocrx_word' id='word_1_1132' title='bbox 1421 194 1468 224; x_wconf 90' lang='lat' dir='ltr'>lib.</span> <span class='ocrx_word' id='word_1_1133' title='bbox 1482 204 1524 230; x_wconf 87' lang='lat'>14.</span> <span class='ocrx_word' id='word_1_1134' title='bbox 1537 200 1580 229; x_wconf 76' lang='lat'>88.</span> <span class='ocrx_word' id='word_1_1135' title='bbox 1602 195 1761 226; x_wconf 68' lang='lat' dir='ltr'>Feminmm</span> <span class='ocrx_word' id='word_1_1136' title='bbox 1773 196 1894 226; x_wconf 88' lang='lat' dir='ltr'>Clierson</span> <span class='ocrx_word' id='word_1_1137' title='bbox 1905 220 1913 233; x_wconf 91' lang='lat'>,</span> <span class='ocrx_word' id='word_1_1138' title='bbox 1935 207 1986 235; x_wconf 89' lang='lat' dir='ltr'>pro</span> <span class='ocrx_word' id='word_1_1139' title='bbox 2003 198 2136 229; x_wconf 86' lang='lat' dir='ltr'>Terrestri</span> <span class='ocrx_word' id='word_1_1140' title='bbox 2156 200 2294 231; x_wconf 74' lang='lat' dir='ltr'>testudine</span> <span class='ocrx_word' id='word_1_1141' title='bbox 2308 202 2408 239; x_wconf 79' lang='lat' dir='ltr'>posuit,</span> 
     </span>
     <span class='ocr_line' id='line_1_105' title="bbox 1292 232 2411 277; baseline 0.01 -17"><span class='ocrx_word' id='word_1_1142' title='bbox 1292 233 1370 267; x_wconf 75' lang='lat' dir='ltr'>[Nisi</span> <span class='ocrx_word' id='word_1_1143' title='bbox 1385 233 1454 262; x_wconf 87' lang='lat' dir='ltr'>forte</span> <span class='ocrx_word' id='word_1_1144' title='bbox 1464 232 1576 261; x_wconf 80' lang='lat' dir='ltr'>Cherlin</span> <span class='ocrx_word' id='word_1_1145' title='bbox 1589 234 1692 271; x_wconf 79' lang='lat' dir='ltr'>scripsit</span> <span class='ocrx_word' id='word_1_1146' title='bbox 1703 256 1711 268; x_wconf 90' lang='lat'>,</span> <span class='ocrx_word' id='word_1_1147' title='bbox 1732 235 1808 271; x_wconf 86' lang='lat' dir='ltr'>quod</span> <span class='ocrx_word' id='word_1_1148' title='bbox 1823 236 1861 264; x_wconf 86' lang='lat' dir='ltr'>cst</span> <span class='ocrx_word' id='word_1_1149' title='bbox 1884 246 1898 264; x_wconf 86' lang='lat' dir='ltr'>a</span> <span class='ocrx_word' id='word_1_1150' title='bbox 1923 239 1999 265; x_wconf 75' lang='lat' dir='ltr'>recto</span> <span class='ocrx_word' id='word_1_1151' title='bbox 2020 237 2099 273; x_wconf 64' lang='grc' dir='ltr'><strong><em>χςσές</em></strong></span> <span class='ocrx_word' id='word_1_1152' title='bbox 2112 259 2121 273; x_wconf 83' lang='grc'><em>,</em></span> <span class='ocrx_word' id='word_1_1153' title='bbox 2146 237 2206 268; x_wconf 57' lang='lat'>1¹8&amp;-</span> <span class='ocrx_word' id='word_1_1154' title='bbox 2218 260 2226 273; x_wconf 88' lang='lat'>,</span> <span class='ocrx_word' id='word_1_1155' title='bbox 2248 249 2301 277; x_wconf 79' lang='lat' dir='ltr'>qua</span> <span class='ocrx_word' id='word_1_1156' title='bbox 2322 241 2411 272; x_wconf 83' lang='lat' dir='ltr'>soima</span> 
     </span>
     <span class='ocr_line' id='line_1_106' title="bbox 1290 270 1771 307; baseline 0.004 -9"><span class='ocrx_word' id='word_1_1157' title='bbox 1290 270 1410 306; x_wconf 79' lang='lat' dir='ltr'>plurima</span> <span class='ocrx_word' id='word_1_1158' title='bbox 1425 271 1499 307; x_wconf 80' lang='lat' dir='ltr'>apud</span> <span class='ocrx_word' id='word_1_1159' title='bbox 1512 270 1622 300; x_wconf 73' lang='lat' dir='ltr'>Grzi‘cos</span> <span class='ocrx_word' id='word_1_1160' title='bbox 1632 271 1771 307; x_wconf 72' lang='lat' dir='ltr'>leguntur.</span> 
     </span>
    </p>

    <p class='ocr_par' dir='ltr' id='par_1_29' title="bbox 1255 306 2415 381">
     <span class='ocr_line' id='line_1_107' title="bbox 1255 306 2415 350; baseline 0.007 -15"><span class='ocrx_word' id='word_1_1161' title='bbox 1255 306 1278 335; x_wconf 90' lang='lat' dir='ltr'>C</span> <span class='ocrx_word' id='word_1_1162' title='bbox 1287 316 1307 335; x_wconf 84' lang='lat' dir='ltr'>ii</span> <span class='ocrx_word' id='word_1_1163' title='bbox 1320 316 1332 335; x_wconf 71' lang='lat' dir='ltr'>s</span> <span class='ocrx_word' id='word_1_1164' title='bbox 1341 317 1355 335; x_wconf 77' lang='lat' dir='ltr'><strong>R</strong></span> <span class='ocrx_word' id='word_1_1165' title='bbox 1366 317 1378 336; x_wconf 87' lang='lat' dir='ltr'>s</span> <span class='ocrx_word' id='word_1_1166' title='bbox 1390 311 1405 336; x_wconf 60' lang='lat' dir='ltr'>i&gt;</span> <span class='ocrx_word' id='word_1_1167' title='bbox 1419 318 1435 335; x_wconf 80' lang='grc' dir='ltr'>ι)</span> <span class='ocrx_word' id='word_1_1168' title='bbox 1444 318 1458 335; x_wconf 78' lang='lat' dir='ltr'>i&lt;</span> <span class='ocrx_word' id='word_1_1169' title='bbox 1468 318 1484 335; x_wconf 89' lang='lat' dir='ltr'>o</span> <span class='ocrx_word' id='word_1_1170' title='bbox 1494 318 1506 336; x_wconf 90' lang='lat' dir='ltr'>s</span> <span class='ocrx_word' id='word_1_1171' title='bbox 1518 330 1525 341; x_wconf 74' lang='lat'>,</span> <span class='ocrx_word' id='word_1_1172' title='bbox 1548 307 1723 345; x_wconf 47' lang='grc' dir='ltr'>ζ’χέξαυδμέγ]</span> <span class='ocrx_word' id='word_1_1173' title='bbox 1745 309 1865 347; x_wconf 83' lang='lat' dir='ltr'>Serpens</span> <span class='ocrx_word' id='word_1_1174' title='bbox 1875 311 1921 347; x_wconf 86' lang='lat' dir='ltr'>qui</span> <span class='ocrx_word' id='word_1_1175' title='bbox 1932 317 1987 340; x_wconf 71' lang='lat' dir='ltr'>tam</span> <span class='ocrx_word' id='word_1_1176' title='bbox 1998 311 2025 340; x_wconf 91' lang='lat' dir='ltr'>in</span> <span class='ocrx_word' id='word_1_1177' title='bbox 2034 313 2120 349; x_wconf 80' lang='lat' dir='ltr'>aquis,</span> <span class='ocrx_word' id='word_1_1178' title='bbox 2133 322 2215 350; x_wconf 80' lang='lat' dir='ltr'>quam</span> <span class='ocrx_word' id='word_1_1179' title='bbox 2224 313 2252 342; x_wconf 90' lang='lat' dir='ltr'>iri</span> <span class='ocrx_word' id='word_1_1180' title='bbox 2268 316 2345 344; x_wconf 88' lang='lat' dir='ltr'>terris</span> <span class='ocrx_word' id='word_1_1181' title='bbox 2355 325 2415 346; x_wconf 87' lang='lat' dir='ltr'>mo.</span> 
     </span>
     <span class='ocr_line' id='line_1_108' title="bbox 1294 345 1886 381; baseline 0.008 -9"><span class='ocrx_word' id='word_1_1182' title='bbox 1294 351 1368 373; x_wconf 78' lang='lat' dir='ltr'>ratur</span> <span class='ocrx_word' id='word_1_1183' title='bbox 1379 366 1386 378; x_wconf 94' lang='lat'>,</span> <span class='ocrx_word' id='word_1_1184' title='bbox 1408 345 1442 373; x_wconf 84' lang='lat' dir='ltr'>de</span> <span class='ocrx_word' id='word_1_1185' title='bbox 1459 354 1514 381; x_wconf 88' lang='lat' dir='ltr'>quo</span> <span class='ocrx_word' id='word_1_1186' title='bbox 1526 347 1589 374; x_wconf 75' lang='lat' dir='ltr'>vide</span> <span class='ocrx_word' id='word_1_1187' title='bbox 1602 347 1630 374; x_wconf 87' lang='lat' dir='ltr'>iii</span> <span class='ocrx_word' id='word_1_1188' title='bbox 1651 357 1668 375; x_wconf 71' lang='lat' dir='ltr'>c</span> <span class='ocrx_word' id='word_1_1189' title='bbox 1680 357 1697 375; x_wconf 80' lang='lat' dir='ltr'>ii</span> <span class='ocrx_word' id='word_1_1190' title='bbox 1710 357 1723 375; x_wconf 72' lang='lat' dir='ltr'>E.</span> <span class='ocrx_word' id='word_1_1191' title='bbox 1732 358 1747 375; x_wconf 90' lang='lat' dir='ltr'>i.</span> <span class='ocrx_word' id='word_1_1192' title='bbox 1757 355 1774 375; x_wconf 79' lang='lat' dir='ltr'>i·</span> <span class='ocrx_word' id='word_1_1193' title='bbox 1786 358 1803 375; x_wconf 78' lang='lat' dir='ltr'>r)</span> <span class='ocrx_word' id='word_1_1194' title='bbox 1814 357 1827 376; x_wconf 79' lang='lat' dir='ltr'>R</span> <span class='ocrx_word' id='word_1_1195' title='bbox 1839 358 1855 376; x_wconf 86' lang='lat' dir='ltr'>u</span> <span class='ocrx_word' id='word_1_1196' title='bbox 1864 358 1886 377; x_wconf 86' lang='lat' dir='ltr'>s.</span> 
     </span>
    </p>

    <p class='ocr_par' dir='ltr' id='par_1_30' title="bbox 1256 381 2412 462">
     <span class='ocr_line' id='line_1_109' title="bbox 1256 381 2412 424; baseline 0.01 -16"><span class='ocrx_word' id='word_1_1197' title='bbox 1256 381 1305 410; x_wconf 80' lang='lat' dir='ltr'>CH</span> <span class='ocrx_word' id='word_1_1198' title='bbox 1318 384 1467 424; x_wconf 59' lang='lat' dir='ltr'>Musei,</span> <span class='ocrx_word' id='word_1_1199' title='bbox 1488 384 1649 418; x_wconf 64' lang='lat' dir='ltr'>[xrgiwuoi]</span> <span class='ocrx_word' id='word_1_1200' title='bbox 1669 384 1767 422; x_wconf 82' lang='lat' dir='ltr'>Populi</span> <span class='ocrx_word' id='word_1_1201' title='bbox 1788 386 1941 414; x_wconf 63' lang='lat' dir='ltr'>Germanic</span> <span class='ocrx_word' id='word_1_1202' title='bbox 1961 386 2033 415; x_wconf 88' lang='lat' dir='ltr'>circa</span> <span class='ocrx_word' id='word_1_1203' title='bbox 2056 386 2172 416; x_wconf 84' lang='lat' dir='ltr'>fluvium</span> <span class='ocrx_word' id='word_1_1204' title='bbox 2193 388 2292 419; x_wconf 83' lang='lat' dir='ltr'>Albini.</span> <span class='ocrx_word' id='word_1_1205' title='bbox 2315 389 2412 420; x_wconf 80' lang='lat' dir='ltr'>Claud.</span> 
     </span>
     <span class='ocr_line' id='line_1_110' title="bbox 1294 419 2277 462; baseline 0.008 -15"><span class='ocrx_word' id='word_1_1206' title='bbox 1294 420 1374 448; x_wconf 76' lang='lat' dir='ltr'>Conl.</span> <span class='ocrx_word' id='word_1_1207' title='bbox 1390 419 1496 449; x_wconf 82' lang='lat' dir='ltr'>Honor.</span> <span class='ocrx_word' id='word_1_1208' title='bbox 1506 431 1533 455; x_wconf 84' lang='lat'>4.</span> <span class='ocrx_word' id='word_1_1209' title='bbox 1547 431 1580 456; x_wconf 80' lang='lat'>45</span> <span class='ocrx_word' id='word_1_1210' title='bbox 1589 432 1596 448; x_wconf 94' lang='lat' dir='ltr'>i</span> <span class='ocrx_word' id='word_1_1211' title='bbox 1605 443 1611 450; x_wconf 88' lang='lat'>.</span> <span class='ocrx_word' id='word_1_1212' title='bbox 1731 423 1902 460; x_wconf 84' lang='lat' dir='ltr'>—ingentes</span> <span class='ocrx_word' id='word_1_1213' title='bbox 1915 424 2007 453; x_wconf 80' lang='lat' dir='ltr'>Albim</span> <span class='ocrx_word' id='word_1_1214' title='bbox 2021 424 2127 462; x_wconf 82' lang='lat' dir='ltr'>liquere</span> <span class='ocrx_word' id='word_1_1215' title='bbox 2139 425 2277 456; x_wconf 79' lang='lat' dir='ltr'>Cherusci.</span> 
     </span>
    </p>
   </div>
   <div class='ocr_carea' id='block_1_8' title="bbox 1687 485 1955 521">
    <p class='ocr_par' dir='ltr' id='par_1_31' title="bbox 1687 485 1955 521">
     <span class='ocr_line' id='line_1_111' title="bbox 1687 485 1955 521; baseline 0.007 -2"><span class='ocrx_word' id='word_1_1216' title='bbox 1687 485 1716 519; x_wconf 94' lang='lat' dir='ltr'>C</span> <span class='ocrx_word' id='word_1_1217' title='bbox 1817 486 1850 520; x_wconf 90' lang='lat' dir='ltr'>H</span> <span class='ocrx_word' id='word_1_1218' title='bbox 1941 486 1955 521; x_wconf 93' lang='lat'><em>1</em></span> 
     </span>
    </p>
   </div>
   <div class='ocr_carea' id='block_1_9' title="bbox 1255 526 2416 573">
    <p class='ocr_par' dir='ltr' id='par_1_32' title="bbox 1255 526 2416 573">
     <span class='ocr_line' id='line_1_112' title="bbox 1255 526 2416 573; baseline 0.01 -18"><span class='ocrx_word' id='word_1_1219' title='bbox 1255 526 1354 556; x_wconf 71' lang='lat' dir='ltr'>CiiiA</span> <span class='ocrx_word' id='word_1_1220' title='bbox 1377 528 1456 556; x_wconf 86' lang='lat' dir='ltr'>Ficus</span> <span class='ocrx_word' id='word_1_1221' title='bbox 1471 549 1479 562; x_wconf 80' lang='lat'>‚</span> <span class='ocrx_word' id='word_1_1222' title='bbox 1513 529 1566 558; x_wconf 90' lang='lat' dir='ltr'>sive</span> <span class='ocrx_word' id='word_1_1223' title='bbox 1588 530 1687 561; x_wconf 60' lang='lat' dir='ltr'>ciria</span> <span class='ocrx_word' id='word_1_1224' title='bbox 1707 533 1752 562; x_wconf 89' lang='lat' dir='ltr'>vel</span> <span class='ocrx_word' id='word_1_1225' title='bbox 1773 534 1900 563; x_wconf 69' lang='lat' dir='ltr'>Caium</span> <span class='ocrx_word' id='word_1_1226' title='bbox 1918 534 2060 571; x_wconf 86' lang='lat' dir='ltr'>absolute,</span> <span class='ocrx_word' id='word_1_1227' title='bbox 2083 535 2140 565; x_wconf 89' lang='lat' dir='ltr'>Fici</span> <span class='ocrx_word' id='word_1_1228' title='bbox 2161 535 2264 573; x_wconf 86' lang='lat' dir='ltr'>species</span> <span class='ocrx_word' id='word_1_1229' title='bbox 2285 537 2324 566; x_wconf 91' lang='lat' dir='ltr'>est</span> <span class='ocrx_word' id='word_1_1230' title='bbox 2339 542 2416 573; x_wconf 86' lang='lat' dir='ltr'>grato</span> 
     </span>
    </p>
   </div>
   <div class='ocr_carea' id='block_1_10' title="bbox 1293 565 2416 641">
    <p class='ocr_par' dir='ltr' id='par_1_33' title="bbox 1293 565 2416 641">
     <span class='ocr_line' id='line_1_113' title="bbox 1293 565 2416 612; baseline 0.011 -20"><span class='ocrx_word' id='word_1_1231' title='bbox 1293 566 1413 600; x_wconf 80' lang='lat' dir='ltr'>quodam</span> <span class='ocrx_word' id='word_1_1232' title='bbox 1430 565 1523 609; x_wconf 65' lang='lat' dir='ltr'>sapore</span> <span class='ocrx_word' id='word_1_1233' title='bbox 1539 567 1815 610; x_wconf 78' lang='lat' dir='ltr'>palatumpungens,</span> <span class='ocrx_word' id='word_1_1234' title='bbox 1837 572 1951 610; x_wconf 88' lang='lat' dir='ltr'>vinique</span> <span class='ocrx_word' id='word_1_1235' title='bbox 1961 574 2077 609; x_wconf 85' lang='lat' dir='ltr'>veteris,</span> <span class='ocrx_word' id='word_1_1236' title='bbox 2099 573 2214 611; x_wconf 82' lang='lat' dir='ltr'>salisque</span> <span class='ocrx_word' id='word_1_1237' title='bbox 2233 573 2358 612; x_wconf 82' lang='lat' dir='ltr'>saporem</span> <span class='ocrx_word' id='word_1_1238' title='bbox 2375 584 2416 604; x_wconf 78' lang='lat' dir='ltr'>re-</span> 
     </span>
     <span class='ocr_line' id='line_1_114' title="bbox 1293 603 1697 641; baseline 0.01 -10"><span class='ocrx_word' id='word_1_1239' title='bbox 1293 603 1393 632; x_wconf 81' lang='lat' dir='ltr'>serens.</span> <span class='ocrx_word' id='word_1_1240' title='bbox 1417 603 1533 633; x_wconf 72' lang='lat' dir='ltr'>martial.</span> <span class='ocrx_word' id='word_1_1241' title='bbox 1549 605 1595 633; x_wconf 90' lang='lat' dir='ltr'>lib.</span> <span class='ocrx_word' id='word_1_1242' title='bbox 1614 615 1638 641; x_wconf 88' lang='lat'>7.</span> <span class='ocrx_word' id='word_1_1243' title='bbox 1653 617 1697 641; x_wconf 84' lang='lat'>²4.</span> 
     </span>
    </p>
   </div>
   <div class='ocr_carea' id='block_1_11' title="bbox 1293 640 2418 1050">
    <p class='ocr_par' dir='ltr' id='par_1_34' title="bbox 1372 640 2415 834">
     <span class='ocr_line' id='line_1_115' title="bbox 1372 640 2046 685; baseline 0.016 -18"><span class='ocrx_word' id='word_1_1244' title='bbox 1372 640 1475 670; x_wconf 79' lang='lat' dir='ltr'>Infanti</span> <span class='ocrx_word' id='word_1_1245' title='bbox 1492 641 1629 685; x_wconf 75' lang='lat' dir='ltr'>melimela</span> <span class='ocrx_word' id='word_1_1246' title='bbox 1641 645 1706 673; x_wconf 83' lang='lat' dir='ltr'>dato</span> <span class='ocrx_word' id='word_1_1247' title='bbox 1720 667 1727 679; x_wconf 86' lang='lat'><strong>‚</strong></span> <span class='ocrx_word' id='word_1_1248' title='bbox 1749 646 1888 683; x_wconf 87' lang='lat' dir='ltr'>fatuasque</span> <span class='ocrx_word' id='word_1_1249' title='bbox 1898 647 2024 678; x_wconf 89' lang='lat' dir='ltr'>mariscas</span> <span class='ocrx_word' id='word_1_1250' title='bbox 2037 670 2046 683; x_wconf 80' lang='lat'>,</span> 
     </span>
     <span class='ocr_line' id='line_1_116' title="bbox 1415 677 2415 724; baseline 0.013 -19"><span class='ocrx_word' id='word_1_1251' title='bbox 1415 677 1484 721; x_wconf 72' lang='lat' dir='ltr'>Nam</span> <span class='ocrx_word' id='word_1_1252' title='bbox 1497 679 1564 721; x_wconf 80' lang='lat' dir='ltr'>milii</span> <span class='ocrx_word' id='word_1_1253' title='bbox 1573 702 1582 723; x_wconf 24' lang='grc' dir='ltr'>,Α</span> <span class='ocrx_word' id='word_1_1254' title='bbox 1600 691 1660 723; x_wconf 72' lang='lat' dir='ltr'>qua:</span> <span class='ocrx_word' id='word_1_1255' title='bbox 1671 683 1749 711; x_wconf 90' lang='lat' dir='ltr'>novit</span> <span class='ocrx_word' id='word_1_1256' title='bbox 1758 693 1882 721; x_wconf 75' lang='lat' dir='ltr'>pungere</span> <span class='ocrx_word' id='word_1_1257' title='bbox 1892 706 1899 718; x_wconf 91' lang='lat'>,</span> <span class='ocrx_word' id='word_1_1258' title='bbox 1921 686 1983 714; x_wconf 77' lang='lat' dir='ltr'>chia</span> <span class='ocrx_word' id='word_1_1259' title='bbox 1994 708 2001 719; x_wconf 84' lang='lat'>,</span> <span class='ocrx_word' id='word_1_1260' title='bbox 2023 685 2125 723; x_wconf 82' lang='lat' dir='ltr'>placet.</span> <span class='ocrx_word' id='word_1_1261' title='bbox 2163 685 2242 717; x_wconf 89' lang='lat' dir='ltr'>Idem</span> <span class='ocrx_word' id='word_1_1262' title='bbox 2253 686 2302 717; x_wconf 90' lang='lat' dir='ltr'>lib.</span> <span class='ocrx_word' id='word_1_1263' title='bbox 2315 696 2358 724; x_wconf 78' lang='lat'>13.</span> <span class='ocrx_word' id='word_1_1264' title='bbox 2368 695 2415 724; x_wconf 82' lang='lat'>23.</span> 
     </span>
     <span class='ocr_line' id='line_1_117' title="bbox 1375 714 2047 759; baseline 0.016 -17"><span class='ocrx_word' id='word_1_1265' title='bbox 1375 714 1445 744; x_wconf 83' lang='lat' dir='ltr'>Chia</span> <span class='ocrx_word' id='word_1_1266' title='bbox 1457 715 1513 744; x_wconf 81' lang='lat' dir='ltr'>seni</span> <span class='ocrx_word' id='word_1_1267' title='bbox 1527 717 1619 746; x_wconf 73' lang='lat' dir='ltr'>similis</span> <span class='ocrx_word' id='word_1_1268' title='bbox 1630 719 1739 748; x_wconf 79' lang='lat' dir='ltr'>Baccho</span> <span class='ocrx_word' id='word_1_1269' title='bbox 1750 742 1757 755; x_wconf 93' lang='lat'>,</span> <span class='ocrx_word' id='word_1_1270' title='bbox 1780 731 1861 758; x_wconf 83' lang='lat' dir='ltr'>quem</span> <span class='ocrx_word' id='word_1_1271' title='bbox 1873 722 1945 751; x_wconf 79' lang='lat' dir='ltr'>Setia</span> <span class='ocrx_word' id='word_1_1272' title='bbox 1958 723 2028 753; x_wconf 86' lang='lat' dir='ltr'>misit</span> <span class='ocrx_word' id='word_1_1273' title='bbox 2038 745 2047 759; x_wconf 91' lang='lat'>,</span> 
     </span>
     <span class='ocr_line' id='line_1_118' title="bbox 1414 752 2028 796; baseline 0.015 -15"><span class='ocrx_word' id='word_1_1274' title='bbox 1414 752 1473 790; x_wconf 82' lang='lat' dir='ltr'>Ipsa</span> <span class='ocrx_word' id='word_1_1275' title='bbox 1482 762 1590 783; x_wconf 88' lang='lat' dir='ltr'>merum</span> <span class='ocrx_word' id='word_1_1276' title='bbox 1602 756 1693 785; x_wconf 87' lang='lat' dir='ltr'>secum</span> <span class='ocrx_word' id='word_1_1277' title='bbox 1706 766 1810 794; x_wconf 85' lang='lat' dir='ltr'>portat,</span> <span class='ocrx_word' id='word_1_1278' title='bbox 1833 761 1857 789; x_wconf 66' lang='grc' dir='ltr'><strong>ἃ</strong></span> <span class='ocrx_word' id='word_1_1279' title='bbox 1868 759 1923 796; x_wconf 77' lang='lat' dir='ltr'>ipsi</span> <span class='ocrx_word' id='word_1_1280' title='bbox 1937 760 2028 790; x_wconf 73' lang='lat' dir='ltr'>sulem.</span> 
     </span>
     <span class='ocr_line' id='line_1_119' title="bbox 1421 791 2022 834; baseline 0.015 -16"><span class='ocrx_word' id='word_1_1281' title='bbox 1421 827 1427 833; x_wconf 47' lang='grc'><em>.</em></span> <span class='ocrx_word' id='word_1_1282' title='bbox 1449 806 1487 812; x_wconf 82' lang='grc'><em>-</em></span> <span class='ocrx_word' id='word_1_1283' title='bbox 1499 798 1527 820; x_wconf 88' lang='lat' dir='ltr'>at</span> <span class='ocrx_word' id='word_1_1284' title='bbox 1535 791 1623 821; x_wconf 88' lang='lat' dir='ltr'>sermo</span> <span class='ocrx_word' id='word_1_1285' title='bbox 1634 793 1726 829; x_wconf 64' lang='lat' dir='ltr'>lingua</span> <span class='ocrx_word' id='word_1_1286' title='bbox 1738 797 1894 825; x_wconf 79' lang='lat' dir='ltr'>concinnus</span> <span class='ocrx_word' id='word_1_1287' title='bbox 1907 805 2022 834; x_wconf 73' lang='lat' dir='ltr'>utraque</span> 
     </span>
    </p>

    <p class='ocr_par' dir='ltr' id='par_1_35' title="bbox 1295 827 2418 873">
     <span class='ocr_line' id='line_1_120' title="bbox 1295 827 2418 873; baseline 0.012 -18"><span class='ocrx_word' id='word_1_1288' title='bbox 1295 862 1297 865; x_wconf 26' lang='grc' dir='ltr'><strong><em>ι</em></strong></span> <span class='ocrx_word' id='word_1_1289' title='bbox 1342 827 1462 870; x_wconf 62' lang='grc' dir='ltr'>βυεινιοι·</span> <span class='ocrx_word' id='word_1_1290' title='bbox 1473 850 1481 863; x_wconf 90' lang='lat'>,</span> <span class='ocrx_word' id='word_1_1291' title='bbox 1503 836 1533 858; x_wconf 92' lang='lat' dir='ltr'>ut</span> <span class='ocrx_word' id='word_1_1292' title='bbox 1543 830 1614 859; x_wconf 90' lang='lat' dir='ltr'>Chio</span> <span class='ocrx_word' id='word_1_1293' title='bbox 1624 839 1690 860; x_wconf 84' lang='lat' dir='ltr'>nota</span> <span class='ocrx_word' id='word_1_1294' title='bbox 1701 833 1718 860; x_wconf 79' lang='lat' dir='ltr'>li</span> <span class='ocrx_word' id='word_1_1295' title='bbox 1729 834 1871 862; x_wconf 85' lang='lat' dir='ltr'>commista</span> <span class='ocrx_word' id='word_1_1296' title='bbox 1885 835 1987 864; x_wconf 76' lang='lat' dir='ltr'>Falerni</span> <span class='ocrx_word' id='word_1_1297' title='bbox 2003 836 2050 865; x_wconf 84' lang='lat' dir='ltr'>est.</span> <span class='ocrx_word' id='word_1_1298' title='bbox 2172 837 2246 873; x_wconf 86' lang='lat' dir='ltr'>[Hic</span> <span class='ocrx_word' id='word_1_1299' title='bbox 2262 837 2364 868; x_wconf 90' lang='lat' dir='ltr'>Vinum</span> <span class='ocrx_word' id='word_1_1300' title='bbox 2379 839 2418 868; x_wconf 87' lang='lat' dir='ltr'>est</span> 
     </span>
    </p>

    <p class='ocr_par' dir='ltr' id='par_1_36' title="bbox 1295 864 2102 911">
     <span class='ocr_line' id='line_1_121' title="bbox 1295 864 2102 911; baseline 0.012 -18"><span class='ocrx_word' id='word_1_1301' title='bbox 1295 864 1407 908; x_wconf 78' lang='lat' dir='ltr'>Chium.</span> <span class='ocrx_word' id='word_1_1302' title='bbox 1448 865 1476 895; x_wconf 95' lang='lat' dir='ltr'>V.</span> <span class='ocrx_word' id='word_1_1303' title='bbox 1501 876 1518 895; x_wconf 86' lang='lat' dir='ltr'>c</span> <span class='ocrx_word' id='word_1_1304' title='bbox 1528 877 1622 911; x_wconf 77' lang='lat' dir='ltr'>iiius.</span> <span class='ocrx_word' id='word_1_1305' title='bbox 1651 879 1706 905; x_wconf 89' lang='lat' dir='ltr'>quo</span> <span class='ocrx_word' id='word_1_1306' title='bbox 1717 870 1775 899; x_wconf 83' lang='lat' dir='ltr'>haec</span> <span class='ocrx_word' id='word_1_1307' title='bbox 1793 874 1818 900; x_wconf 58' lang='grc' dir='ltr'>ἃ</span> <span class='ocrx_word' id='word_1_1308' title='bbox 1832 872 1903 908; x_wconf 84' lang='lat' dir='ltr'>seqq.</span> <span class='ocrx_word' id='word_1_1309' title='bbox 1917 874 2102 910; x_wconf 79' lang='lat' dir='ltr'>pertinebant.</span> 
     </span>
    </p>

    <p class='ocr_par' dir='ltr' id='par_1_37' title="bbox 1293 901 2417 1049">
     <span class='ocr_line' id='line_1_122' title="bbox 1293 901 2416 949; baseline 0.011 -18"><span class='ocrx_word' id='word_1_1310' title='bbox 1293 901 1444 948; x_wconf 19' lang='lat' dir='ltr'>Cliialterra</span> <span class='ocrx_word' id='word_1_1311' title='bbox 1457 925 1464 938; x_wconf 97' lang='lat'>,</span> <span class='ocrx_word' id='word_1_1312' title='bbox 1486 905 1557 939; x_wconf 72' lang='lat' dir='ltr'>[xix</span> <span class='ocrx_word' id='word_1_1313' title='bbox 1579 906 1632 940; x_wconf 70' lang='lat' dir='ltr'>yn]</span> <span class='ocrx_word' id='word_1_1314' title='bbox 1653 907 1738 936; x_wconf 86' lang='lat' dir='ltr'>Terra</span> <span class='ocrx_word' id='word_1_1315' title='bbox 1758 908 1796 937; x_wconf 88' lang='lat' dir='ltr'>est</span> <span class='ocrx_word' id='word_1_1316' title='bbox 1814 908 1923 944; x_wconf 81' lang='lat' dir='ltr'>albida,</span> <span class='ocrx_word' id='word_1_1317' title='bbox 1945 911 1998 939; x_wconf 87' lang='lat' dir='ltr'>sive</span> <span class='ocrx_word' id='word_1_1318' title='bbox 2015 912 2157 947; x_wconf 86' lang='lat' dir='ltr'>cineritia,</span> <span class='ocrx_word' id='word_1_1319' title='bbox 2177 912 2275 942; x_wconf 77' lang='lat' dir='ltr'>Samia:</span> <span class='ocrx_word' id='word_1_1320' title='bbox 2299 912 2416 949; x_wconf 77' lang='lat' dir='ltr'>fimilis,</span> 
     </span>
     <span class='ocr_line' id='line_1_123' title="bbox 1311 948 2417 985; baseline 0.012 -17"><span class='ocrx_word' id='word_1_1321' title='bbox 1311 951 1374 976; x_wconf 65' lang='lat' dir='ltr'>quaev</span> <span class='ocrx_word' id='word_1_1322' title='bbox 1388 948 1480 970; x_wconf 90' lang='lat' dir='ltr'>cutem</span> <span class='ocrx_word' id='word_1_1323' title='bbox 1494 950 1605 985; x_wconf 68' lang='lat' dir='ltr'>erugat,</span> <span class='ocrx_word' id='word_1_1324' title='bbox 1629 951 1775 982; x_wconf 87' lang='lat' dir='ltr'>totumque</span> <span class='ocrx_word' id='word_1_1325' title='bbox 1788 955 1888 983; x_wconf 87' lang='lat' dir='ltr'>corpus</span> <span class='ocrx_word' id='word_1_1326' title='bbox 1899 948 2010 977; x_wconf 81' lang='lat' dir='ltr'>amabili</span> <span class='ocrx_word' id='word_1_1327' title='bbox 2022 949 2123 980; x_wconf 90' lang='lat' dir='ltr'>coloris</span> <span class='ocrx_word' id='word_1_1328' title='bbox 2136 950 2260 980; x_wconf 85' lang='lat' dir='ltr'>bonitate</span> <span class='ocrx_word' id='word_1_1329' title='bbox 2272 961 2417 981; x_wconf 80' lang='lat' dir='ltr'>commen·</span> 
     </span>
     <span class='ocr_line' id='line_1_124' title="bbox 1310 979 1871 1049; baseline 0.012 -43"><span class='ocrx_word' id='word_1_1330' title='bbox 1310 979 1364 1007; x_wconf 87' lang='lat' dir='ltr'>dat.</span> <span class='ocrx_word' id='word_1_1331' title='bbox 1384 979 1486 1008; x_wconf 62' lang='lat' dir='ltr'>Auftor</span> <span class='ocrx_word' id='word_1_1332' title='bbox 1499 980 1618 1010; x_wconf 76' lang='lat' dir='ltr'>Dioicor.</span> <span class='ocrx_word' id='word_1_1333' title='bbox 1635 981 1681 1011; x_wconf 82' lang='lat' dir='ltr'>lib.</span> <span class='ocrx_word' id='word_1_1334' title='bbox 1698 992 1795 1049; x_wconf 58' lang='lat' dir='ltr'>escag.</span> <span class='ocrx_word' id='word_1_1335' title='bbox 1811 993 1871 1014; x_wconf 87' lang='lat' dir='ltr'>ior.</span> 
     </span>
    </p>

    <p class='ocr_par' dir='ltr' id='par_1_38' title="bbox 1787 1031 1802 1050">
     <span class='ocr_line' id='line_1_125' title="bbox 1787 1031 1802 1050; baseline 0 0"><span class='ocrx_word' id='word_1_1336' title='bbox 1787 1031 1802 1050; x_wconf 87' lang='lat' dir='ltr'>o</span> 
     </span>
    </p>
   </div>
   <div class='ocr_carea' id='block_1_12' title="bbox 1249 1015 2422 1893">
    <p class='ocr_par' dir='ltr' id='par_1_39' title="bbox 1253 1015 2417 1091">
     <span class='ocr_line' id='line_1_126' title="bbox 1253 1015 2417 1062; baseline 0.012 -19"><span class='ocrx_word' id='word_1_1337' title='bbox 1253 1015 1471 1059; x_wconf 71' lang='lat' dir='ltr'>CHipoRus,</span> <span class='ocrx_word' id='word_1_1338' title='bbox 1495 1017 1604 1048; x_wconf 73' lang='lat' dir='ltr'>fluvius</span> <span class='ocrx_word' id='word_1_1339' title='bbox 1626 1020 1664 1048; x_wconf 83' lang='lat' dir='ltr'>est</span> <span class='ocrx_word' id='word_1_1340' title='bbox 1682 1020 1763 1050; x_wconf 80' lang='lat' dir='ltr'>Mace</span> <span class='ocrx_word' id='word_1_1341' title='bbox 1804 1022 1877 1057; x_wconf 81' lang='lat' dir='ltr'>niae,</span> <span class='ocrx_word' id='word_1_1342' title='bbox 1899 1023 1946 1059; x_wconf 91' lang='lat' dir='ltr'>qui</span> <span class='ocrx_word' id='word_1_1343' title='bbox 1983 1032 2013 1051; x_wconf 88' lang='lat' dir='ltr'>er</span> <span class='ocrx_word' id='word_1_1344' title='bbox 2035 1023 2220 1062; x_wconf 79' lang='lat' dir='ltr'>Mygdoniam</span> <span class='ocrx_word' id='word_1_1345' title='bbox 2245 1026 2354 1062; x_wconf 84' lang='lat' dir='ltr'>fluens,</span> <span class='ocrx_word' id='word_1_1346' title='bbox 2385 1027 2417 1058; x_wconf 85' lang='lat' dir='ltr'>in</span> 
     </span>
     <span class='ocr_line' id='line_1_127' title="bbox 1294 1032 2048 1091; baseline 0.011 -10"><span class='ocrx_word' id='word_1_1347' title='bbox 1294 1055 1393 1082; x_wconf 73' lang='lat' dir='ltr'>Airium</span> <span class='ocrx_word' id='word_1_1348' title='bbox 1403 1054 1688 1091; x_wconf 67' lang='lat' dir='ltr'>Mygdoniaefluvium</span> <span class='ocrx_word' id='word_1_1349' title='bbox 1700 1060 1792 1087; x_wconf 86' lang='lat' dir='ltr'>intrat.</span> <span class='ocrx_word' id='word_1_1350' title='bbox 1815 1059 1950 1089; x_wconf 87' lang='lat' dir='ltr'>Herodot.</span> <span class='ocrx_word' id='word_1_1351' title='bbox 1963 1032 2011 1089; x_wconf 81' lang='lat' dir='ltr'>lib.</span> <span class='ocrx_word' id='word_1_1352' title='bbox 2042 1084 2048 1090; x_wconf 94' lang='lat'>.</span> 
     </span>
    </p>

    <p class='ocr_par' dir='ltr' id='par_1_40' title="bbox 1252 1090 2420 1275">
     <span class='ocr_line' id='line_1_128' title="bbox 1252 1090 2416 1140; baseline 0.013 -21"><span class='ocrx_word' id='word_1_1353' title='bbox 1252 1090 1277 1120; x_wconf 91' lang='lat' dir='ltr'>C</span> <span class='ocrx_word' id='word_1_1354' title='bbox 1287 1101 1304 1120; x_wconf 90' lang='grc' dir='ltr'>Η</span> <span class='ocrx_word' id='word_1_1355' title='bbox 1317 1102 1367 1134; x_wconf 65' lang='grc' dir='ltr'>ιω</span> <span class='ocrx_word' id='word_1_1356' title='bbox 1381 1102 1398 1119; x_wconf 78' lang='grc' dir='ltr'>Α</span> <span class='ocrx_word' id='word_1_1357' title='bbox 1408 1102 1429 1136; x_wconf 76' lang='lat' dir='ltr'>s,</span> <span class='ocrx_word' id='word_1_1358' title='bbox 1451 1093 1519 1122; x_wconf 76' lang='lat' dir='ltr'>adis.</span> <span class='ocrx_word' id='word_1_1359' title='bbox 1536 1093 1659 1132; x_wconf 61' lang='grc' dir='ltr'>[χιλιὰς]</span> <span class='ocrx_word' id='word_1_1360' title='bbox 1678 1096 1818 1126; x_wconf 88' lang='lat' dir='ltr'>Numerus</span> <span class='ocrx_word' id='word_1_1361' title='bbox 1829 1098 1876 1134; x_wconf 91' lang='lat' dir='ltr'>qui</span> <span class='ocrx_word' id='word_1_1362' title='bbox 1889 1097 1969 1127; x_wconf 87' lang='lat' dir='ltr'>mille</span> <span class='ocrx_word' id='word_1_1363' title='bbox 1980 1100 2115 1129; x_wconf 84' lang='lat' dir='ltr'>continet.</span> <span class='ocrx_word' id='word_1_1364' title='bbox 2129 1100 2199 1130; x_wconf 85' lang='lat' dir='ltr'>Gell.</span> <span class='ocrx_word' id='word_1_1365' title='bbox 2209 1100 2257 1129; x_wconf 90' lang='lat' dir='ltr'>lib.</span> <span class='ocrx_word' id='word_1_1366' title='bbox 2272 1111 2293 1130; x_wconf 94' lang='lat' dir='ltr'>i.</span> <span class='ocrx_word' id='word_1_1367' title='bbox 2307 1106 2416 1140; x_wconf 87' lang='lat' dir='ltr'>cap.i6.</span> 
     </span>
     <span class='ocr_line' id='line_1_129' title="bbox 1287 1127 2420 1176; baseline 0.011 -19"><span class='ocrx_word' id='word_1_1368' title='bbox 1287 1127 1369 1172; x_wconf 69' lang='lat' dir='ltr'>Mille</span> <span class='ocrx_word' id='word_1_1369' title='bbox 1380 1139 1455 1159; x_wconf 89' lang='lat' dir='ltr'>enim</span> <span class='ocrx_word' id='word_1_1370' title='bbox 1469 1140 1527 1174; x_wconf 82' lang='lat' dir='ltr'>non</span> <span class='ocrx_word' id='word_1_1371' title='bbox 1543 1142 1593 1169; x_wconf 90' lang='lat' dir='ltr'>pro</span> <span class='ocrx_word' id='word_1_1372' title='bbox 1603 1142 1637 1161; x_wconf 90' lang='lat' dir='ltr'>eo</span> <span class='ocrx_word' id='word_1_1373' title='bbox 1648 1134 1771 1171; x_wconf 82' lang='lat' dir='ltr'>ponitur,</span> <span class='ocrx_word' id='word_1_1374' title='bbox 1783 1135 1858 1169; x_wconf 89' lang='lat' dir='ltr'>quod</span> <span class='ocrx_word' id='word_1_1375' title='bbox 1871 1135 1965 1166; x_wconf 57' lang='lat' dir='ltr'>Graece</span> <span class='ocrx_word' id='word_1_1376' title='bbox 1975 1132 2052 1173; x_wconf 63' lang='grc' dir='ltr'>χ’λισι</span> <span class='ocrx_word' id='word_1_1377' title='bbox 2068 1138 2182 1173; x_wconf 85' lang='lat' dir='ltr'>dicitur,</span> <span class='ocrx_word' id='word_1_1378' title='bbox 2204 1139 2250 1168; x_wconf 92' lang='lat' dir='ltr'>sed</span> <span class='ocrx_word' id='word_1_1379' title='bbox 2263 1141 2338 1176; x_wconf 89' lang='lat' dir='ltr'>quod</span> <span class='ocrx_word' id='word_1_1380' title='bbox 2357 1141 2420 1171; x_wconf 79' lang='lat' dir='ltr'>chi.</span> 
     </span>
     <span class='ocr_line' id='line_1_130' title="bbox 1290 1166 2420 1211; baseline 0.011 -16"><span class='ocrx_word' id='word_1_1381' title='bbox 1290 1166 1360 1210; x_wconf 80' lang='lat' dir='ltr'>lias:</span> <span class='ocrx_word' id='word_1_1382' title='bbox 1384 1168 1409 1196; x_wconf 69' lang='grc' dir='ltr'>ἃ</span> <span class='ocrx_word' id='word_1_1383' title='bbox 1420 1168 1497 1197; x_wconf 89' lang='lat' dir='ltr'>sicuti</span> <span class='ocrx_word' id='word_1_1384' title='bbox 1508 1178 1562 1198; x_wconf 80' lang='lat' dir='ltr'>una</span> <span class='ocrx_word' id='word_1_1385' title='bbox 1574 1170 1687 1207; x_wconf 80' lang='lat' dir='ltr'>chilias,</span> <span class='ocrx_word' id='word_1_1386' title='bbox 1709 1173 1735 1201; x_wconf 71' lang='lat'>8&lt;</span> <span class='ocrx_word' id='word_1_1387' title='bbox 1746 1172 1807 1201; x_wconf 72' lang='lat' dir='ltr'>dua:</span> <span class='ocrx_word' id='word_1_1388' title='bbox 1816 1173 1950 1203; x_wconf 85' lang='lat' dir='ltr'>chiliades</span> <span class='ocrx_word' id='word_1_1389' title='bbox 1961 1195 1968 1207; x_wconf 95' lang='lat'>,</span> <span class='ocrx_word' id='word_1_1390' title='bbox 1990 1175 2027 1203; x_wconf 86' lang='lat' dir='ltr'>ita</span> <span class='ocrx_word' id='word_1_1391' title='bbox 2038 1184 2125 1203; x_wconf 89' lang='lat' dir='ltr'>unum</span> <span class='ocrx_word' id='word_1_1392' title='bbox 2139 1176 2224 1211; x_wconf 87' lang='lat' dir='ltr'>mille,</span> <span class='ocrx_word' id='word_1_1393' title='bbox 2247 1179 2271 1206; x_wconf 73' lang='grc'>62</span> <span class='ocrx_word' id='word_1_1394' title='bbox 2285 1178 2342 1206; x_wconf 89' lang='lat' dir='ltr'>duo</span> <span class='ocrx_word' id='word_1_1395' title='bbox 2356 1180 2420 1208; x_wconf 86' lang='lat' dir='ltr'>mil-</span> 
     </span>
     <span class='ocr_line' id='line_1_131' title="bbox 1289 1204 2417 1252; baseline 0.012 -19"><span class='ocrx_word' id='word_1_1396' title='bbox 1289 1204 1327 1234; x_wconf 85' lang='lat' dir='ltr'>lia</span> <span class='ocrx_word' id='word_1_1397' title='bbox 1339 1226 1346 1240; x_wconf 82' lang='lat'>,</span> <span class='ocrx_word' id='word_1_1398' title='bbox 1370 1212 1442 1235; x_wconf 88' lang='lat' dir='ltr'>certa</span> <span class='ocrx_word' id='word_1_1399' title='bbox 1454 1213 1536 1242; x_wconf 81' lang='lat' dir='ltr'>atque</span> <span class='ocrx_word' id='word_1_1400' title='bbox 1551 1208 1655 1238; x_wconf 68' lang='lat' dir='ltr'>directa</span> <span class='ocrx_word' id='word_1_1401' title='bbox 1665 1210 1774 1240; x_wconf 81' lang='lat' dir='ltr'>ratione</span> <span class='ocrx_word' id='word_1_1402' title='bbox 1785 1211 1895 1241; x_wconf 86' lang='lat' dir='ltr'>dicitur.</span> <span class='ocrx_word' id='word_1_1403' title='bbox 1926 1210 2057 1242; x_wconf 81' lang='lat' dir='ltr'>Dissentit</span> <span class='ocrx_word' id='word_1_1404' title='bbox 2069 1212 2190 1244; x_wconf 84' lang='lat' dir='ltr'>Gronov.</span> <span class='ocrx_word' id='word_1_1405' title='bbox 2204 1224 2287 1252; x_wconf 88' lang='lat' dir='ltr'>quem</span> <span class='ocrx_word' id='word_1_1406' title='bbox 2299 1217 2417 1246; x_wconf 89' lang='lat' dir='ltr'>omnino</span> 
     </span>
     <span class='ocr_line' id='line_1_132' title="bbox 1290 1242 1638 1275; baseline 0.009 -5"><span class='ocrx_word' id='word_1_1407' title='bbox 1290 1242 1322 1271; x_wconf 95' lang='lat' dir='ltr'>V.</span> <span class='ocrx_word' id='word_1_1408' title='bbox 1346 1243 1382 1272; x_wconf 91' lang='lat' dir='ltr'>de</span> <span class='ocrx_word' id='word_1_1409' title='bbox 1400 1244 1461 1273; x_wconf 86' lang='lat' dir='ltr'>Pec.</span> <span class='ocrx_word' id='word_1_1410' title='bbox 1482 1244 1539 1273; x_wconf 86' lang='lat' dir='ltr'>Vet.</span> <span class='ocrx_word' id='word_1_1411' title='bbox 1559 1255 1582 1275; x_wconf 91' lang='lat' dir='ltr'>i·.</span> <span class='ocrx_word' id='word_1_1412' title='bbox 1598 1256 1638 1274; x_wconf 90' lang='lat' dir='ltr'>io.</span> 
     </span>
    </p>

    <p class='ocr_par' dir='ltr' id='par_1_41' title="bbox 1251 1279 2422 1516">
     <span class='ocr_line' id='line_1_133' title="bbox 1251 1279 2418 1327; baseline 0.009 -19"><span class='ocrx_word' id='word_1_1413' title='bbox 1251 1279 1540 1326; x_wconf 65' lang='lat' dir='ltr'>CiiitiARCHus,</span> <span class='ocrx_word' id='word_1_1414' title='bbox 1562 1283 1932 1326; x_wconf 37' lang='lat' dir='ltr'>i.·velCHic1Ai‹·Ci·1A,</span> <span class='ocrx_word' id='word_1_1415' title='bbox 1954 1297 1984 1317; x_wconf 82' lang='lat' dir='ltr'>ae.</span> <span class='ocrx_word' id='word_1_1416' title='bbox 2007 1292 2045 1317; x_wconf 85' lang='lat' dir='ltr'>m.</span> <span class='ocrx_word' id='word_1_1417' title='bbox 2078 1287 2220 1325; x_wconf 55' lang='lat' dir='ltr'>[ffli&#39;xeffl</span> <span class='ocrx_word' id='word_1_1418' title='bbox 2238 1284 2250 1316; x_wconf 73' lang='grc' dir='ltr'>ἓ</span> <span class='ocrx_word' id='word_1_1419' title='bbox 2268 1291 2418 1327; x_wconf 46' lang='grc' dir='ltr'>χιλιάρχης]</span> 
     </span>
     <span class='ocr_line' id='line_1_134' title="bbox 1288 1318 2418 1361; baseline 0.012 -15"><span class='ocrx_word' id='word_1_1420' title='bbox 1288 1318 1347 1361; x_wconf 75' lang='lat' dir='ltr'>Qui</span> <span class='ocrx_word' id='word_1_1421' title='bbox 1360 1320 1454 1356; x_wconf 65' lang='lat' dir='ltr'>praeest</span> <span class='ocrx_word' id='word_1_1422' title='bbox 1469 1320 1545 1349; x_wconf 88' lang='lat' dir='ltr'>mille</span> <span class='ocrx_word' id='word_1_1423' title='bbox 1558 1322 1703 1357; x_wconf 81' lang='lat' dir='ltr'>militibus,</span> <span class='ocrx_word' id='word_1_1424' title='bbox 1724 1323 1779 1353; x_wconf 84' lang='lat' dir='ltr'>hoc</span> <span class='ocrx_word' id='word_1_1425' title='bbox 1788 1324 1826 1353; x_wconf 86' lang='lat' dir='ltr'>est</span> <span class='ocrx_word' id='word_1_1426' title='bbox 1839 1324 1939 1354; x_wconf 89' lang='lat' dir='ltr'>decem</span> <span class='ocrx_word' id='word_1_1427' title='bbox 1951 1326 2170 1356; x_wconf 88' lang='lat' dir='ltr'>centurionibus.</span> <span class='ocrx_word' id='word_1_1428' title='bbox 2196 1327 2264 1356; x_wconf 88' lang='lat' dir='ltr'>Bud.</span> <span class='ocrx_word' id='word_1_1429' title='bbox 2278 1329 2304 1356; x_wconf 88' lang='lat' dir='ltr'>in</span> <span class='ocrx_word' id='word_1_1430' title='bbox 2321 1337 2418 1360; x_wconf 86' lang='lat' dir='ltr'>annot.</span> 
     </span>
     <span class='ocr_line' id='line_1_135' title="bbox 1289 1356 2419 1401; baseline 0.011 -17"><span class='ocrx_word' id='word_1_1431' title='bbox 1289 1356 1458 1399; x_wconf 55' lang='lat' dir='ltr'>insandetft.</span> <span class='ocrx_word' id='word_1_1432' title='bbox 1500 1359 1561 1394; x_wconf 83' lang='lat' dir='ltr'>[lta</span> <span class='ocrx_word' id='word_1_1433' title='bbox 1575 1360 1663 1389; x_wconf 86' lang='lat' dir='ltr'>Graeci</span> <span class='ocrx_word' id='word_1_1434' title='bbox 1676 1361 1833 1391; x_wconf 84' lang='lat' dir='ltr'>constanter</span> <span class='ocrx_word' id='word_1_1435' title='bbox 1845 1362 2037 1393; x_wconf 89' lang='lat' dir='ltr'>Romanorum</span> <span class='ocrx_word' id='word_1_1436' title='bbox 2053 1363 2194 1394; x_wconf 88' lang='lat' dir='ltr'>Tribunos</span> <span class='ocrx_word' id='word_1_1437' title='bbox 2214 1374 2365 1401; x_wconf 82' lang='lat' dir='ltr'>vocarunt,</span> <span class='ocrx_word' id='word_1_1438' title='bbox 2388 1374 2419 1397; x_wconf 87' lang='lat' dir='ltr'>ut</span> 
     </span>
     <span class='ocr_line' id='line_1_136' title="bbox 1292 1394 2419 1440; baseline 0.01 -18"><span class='ocrx_word' id='word_1_1439' title='bbox 1292 1394 1397 1437; x_wconf 77' lang='lat' dir='ltr'>ibidem</span> <span class='ocrx_word' id='word_1_1440' title='bbox 1408 1395 1572 1440; x_wconf 65' lang='lat' dir='ltr'>docetssud.</span> <span class='ocrx_word' id='word_1_1441' title='bbox 1598 1398 1698 1428; x_wconf 84' lang='lat' dir='ltr'>Verum</span> <span class='ocrx_word' id='word_1_1442' title='bbox 1709 1409 1725 1428; x_wconf 87' lang='lat' dir='ltr'>a</span> <span class='ocrx_word' id='word_1_1443' title='bbox 1738 1401 1949 1437; x_wconf 85' lang='lat' dir='ltr'>comparatione</span> <span class='ocrx_word' id='word_1_1444' title='bbox 1960 1401 2104 1438; x_wconf 81' lang='lat' dir='ltr'>dignitatis</span> <span class='ocrx_word' id='word_1_1445' title='bbox 2117 1402 2211 1440; x_wconf 86' lang='lat' dir='ltr'>potius</span> <span class='ocrx_word' id='word_1_1446' title='bbox 2222 1424 2229 1438; x_wconf 92' lang='lat'>,</span> <span class='ocrx_word' id='word_1_1447' title='bbox 2251 1413 2333 1440; x_wconf 74' lang='lat' dir='ltr'>quain</span> <span class='ocrx_word' id='word_1_1448' title='bbox 2342 1405 2419 1440; x_wconf 89' lang='lat' dir='ltr'>quod</span> 
     </span>
     <span class='ocr_line' id='line_1_137' title="bbox 1294 1432 2422 1477; baseline 0.011 -17"><span class='ocrx_word' id='word_1_1449' title='bbox 1294 1432 1322 1474; x_wconf 72' lang='lat' dir='ltr'>hi</span> <span class='ocrx_word' id='word_1_1450' title='bbox 1340 1442 1451 1476; x_wconf 84' lang='lat' dir='ltr'>quoque</span> <span class='ocrx_word' id='word_1_1451' title='bbox 1462 1434 1584 1477; x_wconf 79' lang='lat' dir='ltr'>millenis</span> <span class='ocrx_word' id='word_1_1452' title='bbox 1593 1435 1730 1466; x_wconf 77' lang='lat' dir='ltr'>militibus</span> <span class='ocrx_word' id='word_1_1453' title='bbox 1739 1439 1862 1475; x_wconf 66' lang='lat' dir='ltr'>praefeffi</span> <span class='ocrx_word' id='word_1_1454' title='bbox 1884 1437 1988 1474; x_wconf 80' lang='lat' dir='ltr'>essent,</span> <span class='ocrx_word' id='word_1_1455' title='bbox 2009 1449 2095 1475; x_wconf 88' lang='lat' dir='ltr'>quum</span> <span class='ocrx_word' id='word_1_1456' title='bbox 2105 1440 2218 1477; x_wconf 87' lang='lat' dir='ltr'>potius,</span> <span class='ocrx_word' id='word_1_1457' title='bbox 2244 1451 2280 1470; x_wconf 82' lang='lat' dir='ltr'>ex</span> <span class='ocrx_word' id='word_1_1458' title='bbox 2299 1442 2370 1472; x_wconf 88' lang='lat' dir='ltr'>senis</span> <span class='ocrx_word' id='word_1_1459' title='bbox 2390 1444 2422 1473; x_wconf 89' lang='lat' dir='ltr'>in</span> 
     </span>
     <span class='ocr_line' id='line_1_138' title="bbox 1294 1470 2181 1516; baseline 0.01 -18"><span class='ocrx_word' id='word_1_1460' title='bbox 1294 1470 1406 1513; x_wconf 67' lang='lat' dir='ltr'>singulis</span> <span class='ocrx_word' id='word_1_1461' title='bbox 1418 1471 1574 1516; x_wconf 78' lang='lat' dir='ltr'>legionibus</span> <span class='ocrx_word' id='word_1_1462' title='bbox 1586 1495 1594 1506; x_wconf 89' lang='lat'>‚</span> <span class='ocrx_word' id='word_1_1463' title='bbox 1617 1474 1675 1503; x_wconf 87' lang='lat' dir='ltr'>bini</span> <span class='ocrx_word' id='word_1_1464' title='bbox 1684 1484 1734 1511; x_wconf 88' lang='lat' dir='ltr'>per</span> <span class='ocrx_word' id='word_1_1465' title='bbox 1745 1475 1820 1505; x_wconf 90' lang='lat' dir='ltr'>vices</span> <span class='ocrx_word' id='word_1_1466' title='bbox 1828 1476 1881 1505; x_wconf 74' lang='lat' dir='ltr'>toti</span> <span class='ocrx_word' id='word_1_1467' title='bbox 1892 1475 1996 1514; x_wconf 84' lang='lat' dir='ltr'>legioni</span> <span class='ocrx_word' id='word_1_1468' title='bbox 2010 1477 2181 1513; x_wconf 71' lang='lat' dir='ltr'>praefuerint.</span> 
     </span>
    </p>

    <p class='ocr_par' dir='ltr' id='par_1_42' title="bbox 1290 1507 2417 1583">
     <span class='ocr_line' id='line_1_139' title="bbox 1290 1507 2417 1576; baseline 0.011 -40"><span class='ocrx_word' id='word_1_1469' title='bbox 1290 1507 1350 1537; x_wconf 82' lang='lat' dir='ltr'>Hos</span> <span class='ocrx_word' id='word_1_1470' title='bbox 1361 1517 1482 1576; x_wconf 45' lang='grc' dir='ltr'>ιέιιὶιιιυίηι</span> <span class='ocrx_word' id='word_1_1471' title='bbox 1493 1511 1610 1540; x_wconf 82' lang='lat' dir='ltr'>instituit</span> <span class='ocrx_word' id='word_1_1472' title='bbox 1622 1514 1697 1549; x_wconf 85' lang='lat' dir='ltr'>apud</span> <span class='ocrx_word' id='word_1_1473' title='bbox 1710 1512 1883 1543; x_wconf 81' lang='lat' dir='ltr'>Macedonas</span> <span class='ocrx_word' id='word_1_1474' title='bbox 1897 1514 2053 1545; x_wconf 77' lang='lat' dir='ltr'>Alexander</span> <span class='ocrx_word' id='word_1_1475' title='bbox 2062 1537 2070 1551; x_wconf 89' lang='lat'>‚</span> <span class='ocrx_word' id='word_1_1476' title='bbox 2092 1523 2123 1544; x_wconf 90' lang='lat' dir='ltr'>ut</span> <span class='ocrx_word' id='word_1_1477' title='bbox 2132 1515 2214 1546; x_wconf 87' lang='lat' dir='ltr'>refert</span> <span class='ocrx_word' id='word_1_1478' title='bbox 2225 1515 2347 1554; x_wconf 87' lang='lat' dir='ltr'>Curtius,</span> <span class='ocrx_word' id='word_1_1479' title='bbox 2362 1527 2417 1555; x_wconf 84' lang='lat'>5.2.</span> 
     </span>
     <span class='ocr_line' id='line_1_140' title="bbox 1311 1555 1570 1583; baseline 0.012 -9"><span class='ocrx_word' id='word_1_1480' title='bbox 1311 1555 1385 1575; x_wconf 89' lang='lat' dir='ltr'>con.</span> <span class='ocrx_word' id='word_1_1481' title='bbox 1430 1558 1449 1576; x_wconf 85' lang='lat'>1(</span> <span class='ocrx_word' id='word_1_1482' title='bbox 1460 1558 1496 1576; x_wconf 88' lang='lat' dir='ltr'>or.</span> <span class='ocrx_word' id='word_1_1483' title='bbox 1508 1558 1533 1583; x_wconf 83' lang='lat'>9.</span> <span class='ocrx_word' id='word_1_1484' title='bbox 1546 1558 1570 1583; x_wconf 86' lang='lat'>3.</span> 
     </span>
    </p>

    <p class='ocr_par' dir='ltr' id='par_1_43' title="bbox 1290 1583 2421 1782">
     <span class='ocr_line' id='line_1_141' title="bbox 1290 1583 2421 1630; baseline 0.009 -18"><span class='ocrx_word' id='word_1_1485' title='bbox 1290 1583 1464 1614; x_wconf 82' lang='lat' dir='ltr'>Chiliarchus</span> <span class='ocrx_word' id='word_1_1486' title='bbox 1483 1586 1558 1624; x_wconf 83' lang='lat' dir='ltr'>apud</span> <span class='ocrx_word' id='word_1_1487' title='bbox 1575 1585 1666 1617; x_wconf 87' lang='lat' dir='ltr'>Persas</span> <span class='ocrx_word' id='word_1_1488' title='bbox 1683 1588 1795 1623; x_wconf 85' lang='lat' dir='ltr'>majoris</span> <span class='ocrx_word' id='word_1_1489' title='bbox 1815 1588 1958 1626; x_wconf 86' lang='lat' dir='ltr'>dignitatis</span> <span class='ocrx_word' id='word_1_1490' title='bbox 1985 1590 2109 1620; x_wconf 82' lang='lat' dir='ltr'>officium</span> <span class='ocrx_word' id='word_1_1491' title='bbox 2128 1590 2196 1628; x_wconf 84' lang='lat' dir='ltr'>fuit,</span> <span class='ocrx_word' id='word_1_1492' title='bbox 2227 1591 2264 1622; x_wconf 90' lang='lat' dir='ltr'>de</span> <span class='ocrx_word' id='word_1_1493' title='bbox 2287 1602 2343 1630; x_wconf 91' lang='lat' dir='ltr'>quo</span> <span class='ocrx_word' id='word_1_1494' title='bbox 2365 1593 2421 1624; x_wconf 82' lang='lat' dir='ltr'>Ne.</span> 
     </span>
     <span class='ocr_line' id='line_1_142' title="bbox 1307 1623 2419 1669; baseline 0.009 -18"><span class='ocrx_word' id='word_1_1495' title='bbox 1307 1631 1360 1665; x_wconf 77' lang='lat' dir='ltr'>P0.⁵</span> <span class='ocrx_word' id='word_1_1496' title='bbox 1372 1632 1398 1657; x_wconf 82' lang='lat'>9.</span> <span class='ocrx_word' id='word_1_1497' title='bbox 1415 1632 1439 1658; x_wconf 90' lang='lat'>3.</span> <span class='ocrx_word' id='word_1_1498' title='bbox 1461 1623 1562 1653; x_wconf 90' lang='lat' dir='ltr'>Conon</span> <span class='ocrx_word' id='word_1_1499' title='bbox 1579 1634 1594 1653; x_wconf 91' lang='lat' dir='ltr'>a</span> <span class='ocrx_word' id='word_1_1500' title='bbox 1613 1625 1789 1655; x_wconf 81' lang='lat' dir='ltr'>Pharnabazo</span> <span class='ocrx_word' id='word_1_1501' title='bbox 1812 1627 1848 1656; x_wconf 88' lang='lat' dir='ltr'>ad</span> <span class='ocrx_word' id='word_1_1502' title='bbox 1868 1637 1961 1665; x_wconf 81' lang='lat' dir='ltr'>regem</span> <span class='ocrx_word' id='word_1_1503' title='bbox 1982 1627 2094 1664; x_wconf 83' lang='lat' dir='ltr'>missus,</span> <span class='ocrx_word' id='word_1_1504' title='bbox 2116 1630 2294 1667; x_wconf 87' lang='lat' dir='ltr'>posteaquam</span> <span class='ocrx_word' id='word_1_1505' title='bbox 2326 1633 2419 1669; x_wconf 86' lang='lat' dir='ltr'>venit,</span> 
     </span>
     <span class='ocr_line' id='line_1_143' title="bbox 1307 1663 2420 1709; baseline 0.008 -21"><span class='ocrx_word' id='word_1_1506' title='bbox 1307 1669 1430 1704; x_wconf 79' lang='lat' dir='ltr'>primuni</span> <span class='ocrx_word' id='word_1_1507' title='bbox 1459 1671 1494 1690; x_wconf 82' lang='lat' dir='ltr'>ex</span> <span class='ocrx_word' id='word_1_1508' title='bbox 1523 1672 1603 1692; x_wconf 89' lang='lat' dir='ltr'>more</span> <span class='ocrx_word' id='word_1_1509' title='bbox 1632 1663 1770 1693; x_wconf 82' lang='lat' dir='ltr'>Persarum</span> <span class='ocrx_word' id='word_1_1510' title='bbox 1799 1665 1834 1694; x_wconf 91' lang='lat' dir='ltr'>ad</span> <span class='ocrx_word' id='word_1_1511' title='bbox 1868 1665 2060 1695; x_wconf 82' lang='lat' dir='ltr'>Cliiliarchum</span> <span class='ocrx_word' id='word_1_1512' title='bbox 2074 1687 2082 1700; x_wconf 81' lang='lat'>‚</span> <span class='ocrx_word' id='word_1_1513' title='bbox 2116 1667 2163 1704; x_wconf 89' lang='lat' dir='ltr'>qui</span> <span class='ocrx_word' id='word_1_1514' title='bbox 2190 1667 2342 1698; x_wconf 88' lang='lat' dir='ltr'>secundum</span> <span class='ocrx_word' id='word_1_1515' title='bbox 2361 1680 2420 1709; x_wconf 87' lang='lat' dir='ltr'>gra.</span> 
     </span>
     <span class='ocr_line' id='line_1_144' title="bbox 1310 1696 2417 1746; baseline 0.012 -21"><span class='ocrx_word' id='word_1_1516' title='bbox 1310 1696 1378 1727; x_wconf 88' lang='lat' dir='ltr'>duni</span> <span class='ocrx_word' id='word_1_1517' title='bbox 1401 1700 1512 1742; x_wconf 81' lang='lat' dir='ltr'>imperii</span> <span class='ocrx_word' id='word_1_1518' title='bbox 1534 1700 1662 1736; x_wconf 84' lang='lat' dir='ltr'>tenebat,</span> <span class='ocrx_word' id='word_1_1519' title='bbox 1683 1701 1858 1733; x_wconf 84' lang='lat' dir='ltr'>Tithrausten</span> <span class='ocrx_word' id='word_1_1520' title='bbox 1880 1703 2011 1739; x_wconf 81' lang='lat' dir='ltr'>accessit,</span> <span class='ocrx_word' id='word_1_1521' title='bbox 2034 1703 2253 1742; x_wconf 84' lang='lat' dir='ltr'>seque-ostendit</span> <span class='ocrx_word' id='word_1_1522' title='bbox 2271 1716 2336 1737; x_wconf 89' lang='lat' dir='ltr'>cum</span> <span class='ocrx_word' id='word_1_1523' title='bbox 2352 1718 2417 1746; x_wconf 86' lang='lat' dir='ltr'>rege</span> 
     </span>
     <span class='ocr_line' id='line_1_145' title="bbox 1310 1735 2342 1782; baseline 0.01 -18"><span class='ocrx_word' id='word_1_1524' title='bbox 1310 1735 1433 1773; x_wconf 86' lang='lat' dir='ltr'>colloqui</span> <span class='ocrx_word' id='word_1_1525' title='bbox 1449 1737 1535 1767; x_wconf 89' lang='lat' dir='ltr'>velle:</span> <span class='ocrx_word' id='word_1_1526' title='bbox 1559 1748 1642 1768; x_wconf 88' lang='lat' dir='ltr'>nemo</span> <span class='ocrx_word' id='word_1_1527' title='bbox 1662 1740 1738 1779; x_wconf 86' lang='lat' dir='ltr'>enim</span> <span class='ocrx_word' id='word_1_1528' title='bbox 1760 1740 1814 1769; x_wconf 89' lang='lat' dir='ltr'>sine</span> <span class='ocrx_word' id='word_1_1529' title='bbox 1834 1741 1888 1770; x_wconf 90' lang='lat' dir='ltr'>hoc</span> <span class='ocrx_word' id='word_1_1530' title='bbox 1909 1742 2070 1771; x_wconf 85' lang='lat' dir='ltr'>admittitur.</span> <span class='ocrx_word' id='word_1_1531' title='bbox 2094 1742 2141 1772; x_wconf 88' lang='lat' dir='ltr'>ubi</span> <span class='ocrx_word' id='word_1_1532' title='bbox 2163 1743 2194 1772; x_wconf 92' lang='lat' dir='ltr'>V.</span> <span class='ocrx_word' id='word_1_1533' title='bbox 2218 1744 2342 1782; x_wconf 84' lang='lat' dir='ltr'>interpp.</span> 
     </span>
    </p>

    <p class='ocr_par' dir='ltr' id='par_1_44' title="bbox 1249 1768 2421 1893">
     <span class='ocr_line' id='line_1_146' title="bbox 1249 1768 2421 1819; baseline 0.01 -18"><span class='ocrx_word' id='word_1_1534' title='bbox 1249 1768 1304 1801; x_wconf 74' lang='lat' dir='ltr'>‘CH</span> <span class='ocrx_word' id='word_1_1535' title='bbox 1315 1784 1323 1801; x_wconf 93' lang='lat' dir='ltr'>i</span> <span class='ocrx_word' id='word_1_1536' title='bbox 1334 1784 1349 1801; x_wconf 88' lang='lat' dir='ltr'>L</span> <span class='ocrx_word' id='word_1_1537' title='bbox 1361 1784 1369 1801; x_wconf 94' lang='lat' dir='ltr'>i</span> <span class='ocrx_word' id='word_1_1538' title='bbox 1381 1784 1479 1817; x_wconf 51' lang='lat' dir='ltr'>„isra</span> <span class='ocrx_word' id='word_1_1539' title='bbox 1491 1798 1498 1810; x_wconf 84' lang='lat'>,</span> <span class='ocrx_word' id='word_1_1540' title='bbox 1522 1777 1677 1812; x_wconf 46' lang='lat' dir='ltr'>[xstitit-rei]</span> <span class='ocrx_word' id='word_1_1541' title='bbox 1699 1778 1828 1807; x_wconf 62' lang='lat' dir='ltr'>Haeretici</span> <span class='ocrx_word' id='word_1_1542' title='bbox 1854 1779 1968 1815; x_wconf 83' lang='lat' dir='ltr'>quidam</span> <span class='ocrx_word' id='word_1_1543' title='bbox 1988 1780 2102 1809; x_wconf 86' lang='lat' dir='ltr'>fuerunt</span> <span class='ocrx_word' id='word_1_1544' title='bbox 2115 1802 2123 1816; x_wconf 90' lang='lat'>‚</span> <span class='ocrx_word' id='word_1_1545' title='bbox 2145 1780 2181 1810; x_wconf 81' lang='lat' dir='ltr'>sic</span> <span class='ocrx_word' id='word_1_1546' title='bbox 2202 1781 2268 1811; x_wconf 71' lang='lat' dir='ltr'>dieti</span> <span class='ocrx_word' id='word_1_1547' title='bbox 2287 1783 2360 1819; x_wconf 83' lang='lat' dir='ltr'>Quia</span> <span class='ocrx_word' id='word_1_1548' title='bbox 2379 1793 2421 1813; x_wconf 83' lang='lat' dir='ltr'>re-</span> 
     </span>
     <span class='ocr_line' id='line_1_147' title="bbox 1292 1814 2420 1851; baseline 0.011 -12"><span class='ocrx_word' id='word_1_1549' title='bbox 1292 1820 1414 1848; x_wconf 86' lang='lat' dir='ltr'>gnumin</span> <span class='ocrx_word' id='word_1_1550' title='bbox 1426 1815 1504 1842; x_wconf 82' lang='lat' dir='ltr'>terris</span> <span class='ocrx_word' id='word_1_1551' title='bbox 1515 1814 1593 1843; x_wconf 82' lang='lat' dir='ltr'>mille</span> <span class='ocrx_word' id='word_1_1552' title='bbox 1604 1824 1741 1845; x_wconf 84' lang='lat' dir='ltr'>annorum</span> <span class='ocrx_word' id='word_1_1553' title='bbox 1754 1816 1852 1845; x_wconf 89' lang='lat' dir='ltr'>Christi</span> <span class='ocrx_word' id='word_1_1554' title='bbox 1865 1823 1930 1846; x_wconf 90' lang='lat' dir='ltr'>ante</span> <span class='ocrx_word' id='word_1_1555' title='bbox 1953 1817 2132 1848; x_wconf 78' lang='lat' dir='ltr'>novissimum</span> <span class='ocrx_word' id='word_1_1556' title='bbox 2145 1819 2222 1848; x_wconf 90' lang='lat' dir='ltr'>diem</span> <span class='ocrx_word' id='word_1_1557' title='bbox 2236 1820 2356 1850; x_wconf 88' lang='lat' dir='ltr'>futurum</span> <span class='ocrx_word' id='word_1_1558' title='bbox 2371 1822 2420 1851; x_wconf 85' lang='lat' dir='ltr'>sta-</span> 
     </span>
     <span class='ocr_line' id='line_1_148' title="bbox 1288 1849 2418 1893; baseline 0.011 -16"><span class='ocrx_word' id='word_1_1559' title='bbox 1288 1849 1415 1883; x_wconf 80' lang='lat' dir='ltr'>tuebant.</span> <span class='ocrx_word' id='word_1_1560' title='bbox 1457 1851 1547 1881; x_wconf 88' lang='lat' dir='ltr'>Hosce</span> <span class='ocrx_word' id='word_1_1561' title='bbox 1559 1852 1704 1882; x_wconf 80' lang='lat' dir='ltr'>Milliarios</span> <span class='ocrx_word' id='word_1_1562' title='bbox 1715 1854 1910 1891; x_wconf 76' lang='lat' dir='ltr'>interpretatur</span> <span class='ocrx_word' id='word_1_1563' title='bbox 1925 1856 2102 1893; x_wconf 82' lang='lat' dir='ltr'>Augustinus,</span> <span class='ocrx_word' id='word_1_1564' title='bbox 2113 1866 2145 1886; x_wconf 84' lang='lat' dir='ltr'>ut</span> <span class='ocrx_word' id='word_1_1565' title='bbox 2155 1857 2237 1887; x_wconf 87' lang='lat' dir='ltr'>refert</span> <span class='ocrx_word' id='word_1_1566' title='bbox 2246 1858 2310 1888; x_wconf 86' lang='lat' dir='ltr'>Cael.</span> <span class='ocrx_word' id='word_1_1567' title='bbox 2324 1859 2418 1890; x_wconf 90' lang='lat' dir='ltr'>Rhod.</span> 
     </span>
    </p>
   </div>
   <div class='ocr_carea' id='block_1_13' title="bbox 1252 1885 2422 2730">
    <p class='ocr_par' dir='ltr' id='par_1_45' title="bbox 1289 1885 2422 1933">
     <span class='ocr_line' id='line_1_149' title="bbox 1289 1885 2422 1933; baseline 0.009 -18"><span class='ocrx_word' id='word_1_1568' title='bbox 1289 1885 1375 1931; x_wconf 39' lang='lat' dir='ltr'>lib-i.</span> <span class='ocrx_word' id='word_1_1569' title='bbox 1396 1898 1506 1926; x_wconf 80' lang='lat' dir='ltr'>cap.14.</span> <span class='ocrx_word' id='word_1_1570' title='bbox 1530 1889 1560 1919; x_wconf 93' lang='lat' dir='ltr'>V.</span> <span class='ocrx_word' id='word_1_1571' title='bbox 1583 1890 1749 1928; x_wconf 81' lang='lat' dir='ltr'>August.lib.</span> <span class='ocrx_word' id='word_1_1572' title='bbox 1761 1901 1806 1922; x_wconf 83' lang='lat'>20.</span> <span class='ocrx_word' id='word_1_1573' title='bbox 1819 1901 1878 1930; x_wconf 77' lang='lat' dir='ltr'>cap.</span> <span class='ocrx_word' id='word_1_1574' title='bbox 1893 1902 1918 1930; x_wconf 86' lang='lat'>7.</span> <span class='ocrx_word' id='word_1_1575' title='bbox 1935 1894 1971 1923; x_wconf 86' lang='lat' dir='ltr'>de</span> <span class='ocrx_word' id='word_1_1576' title='bbox 1987 1894 2018 1923; x_wconf 89' lang='lat' dir='ltr'>C.</span> <span class='ocrx_word' id='word_1_1577' title='bbox 2031 1893 2065 1924; x_wconf 93' lang='lat' dir='ltr'>D.</span> <span class='ocrx_word' id='word_1_1578' title='bbox 2078 1893 2201 1926; x_wconf 58' lang='lat' dir='ltr'>Laetant.</span> <span class='ocrx_word' id='word_1_1579' title='bbox 2217 1905 2240 1933; x_wconf 84' lang='lat'>7.</span> <span class='ocrx_word' id='word_1_1580' title='bbox 2258 1905 2300 1933; x_wconf 85' lang='lat'>14.</span> <span class='ocrx_word' id='word_1_1581' title='bbox 2312 1897 2422 1927; x_wconf 76' lang='lat' dir='ltr'>Vocan-</span> 
     </span>
    </p>

    <p class='ocr_par' dir='ltr' id='par_1_46' title="bbox 1292 1925 1638 1958">
     <span class='ocr_line' id='line_1_150' title="bbox 1292 1925 1638 1958; baseline 0.014 -6"><span class='ocrx_word' id='word_1_1582' title='bbox 1292 1932 1334 1953; x_wconf 84' lang='lat' dir='ltr'>tur</span> <span class='ocrx_word' id='word_1_1583' title='bbox 1344 1925 1429 1954; x_wconf 84' lang='lat' dir='ltr'>iidem</span> <span class='ocrx_word' id='word_1_1584' title='bbox 1439 1928 1464 1957; x_wconf 65' lang='grc' dir='ltr'>ὃ(</span> <span class='ocrx_word' id='word_1_1585' title='bbox 1476 1927 1638 1958; x_wconf 79' lang='lat' dir='ltr'>Millenarii.</span> 
     </span>
    </p>

    <p class='ocr_par' dir='ltr' id='par_1_47' title="bbox 1253 1961 2422 2123">
     <span class='ocr_line' id='line_1_151' title="bbox 1253 1961 2422 2006; baseline 0.01 -16"><span class='ocrx_word' id='word_1_1586' title='bbox 1253 1961 1596 2006; x_wconf 62' lang='lat' dir='ltr'>CiiiLioDx⁷NAMis,</span> <span class='ocrx_word' id='word_1_1587' title='bbox 1621 1964 1812 2003; x_wconf 66' lang='grc' dir='ltr'>[χιλιοδύναμις</span> <span class='ocrx_word' id='word_1_1588' title='bbox 1832 1967 2014 2004; x_wconf 89' lang='lat' dir='ltr'>Dioscoridi]</span> <span class='ocrx_word' id='word_1_1589' title='bbox 2035 1969 2348 2001; x_wconf 78' lang='lat' dir='ltr'>CH1L10DYNAMA</span> <span class='ocrx_word' id='word_1_1590' title='bbox 2367 1972 2422 2002; x_wconf 86' lang='lat' dir='ltr'>Pli-</span> 
     </span>
     <span class='ocr_line' id='line_1_152' title="bbox 1289 2001 2420 2045; baseline 0.011 -16"><span class='ocrx_word' id='word_1_1591' title='bbox 1289 2010 1348 2030; x_wconf 89' lang='lat' dir='ltr'>nio.</span> <span class='ocrx_word' id='word_1_1592' title='bbox 1380 2001 1471 2032; x_wconf 86' lang='lat' dir='ltr'>Herba</span> <span class='ocrx_word' id='word_1_1593' title='bbox 1488 2003 1544 2037; x_wconf 85' lang='lat' dir='ltr'>est,</span> <span class='ocrx_word' id='word_1_1594' title='bbox 1566 2014 1625 2042; x_wconf 84' lang='lat' dir='ltr'>quae</span> <span class='ocrx_word' id='word_1_1595' title='bbox 1636 2005 1692 2033; x_wconf 91' lang='lat' dir='ltr'>alio</span> <span class='ocrx_word' id='word_1_1596' title='bbox 1710 2006 1825 2035; x_wconf 91' lang='lat' dir='ltr'>nomine</span> <span class='ocrx_word' id='word_1_1597' title='bbox 1838 2005 1998 2036; x_wconf 86' lang='lat' dir='ltr'>Polemonia</span> <span class='ocrx_word' id='word_1_1598' title='bbox 2019 2009 2046 2038; x_wconf 84' lang='lat'>&amp;</span> <span class='ocrx_word' id='word_1_1599' title='bbox 2065 2007 2238 2038; x_wconf 85' lang='lat' dir='ltr'>Philctaerion</span> <span class='ocrx_word' id='word_1_1600' title='bbox 2261 2010 2363 2039; x_wconf 89' lang='lat' dir='ltr'>dicitur</span> <span class='ocrx_word' id='word_1_1601' title='bbox 2375 2033 2382 2045; x_wconf 81' lang='grc'><strong>.</strong></span> <span class='ocrx_word' id='word_1_1602' title='bbox 2404 2020 2420 2041; x_wconf 82' lang='lat' dir='ltr'>a</span> 
     </span>
     <span class='ocr_line' id='line_1_153' title="bbox 1291 2042 2420 2083; baseline 0.01 -16"><span class='ocrx_word' id='word_1_1603' title='bbox 1291 2049 1389 2083; x_wconf 54' lang='lat' dir='ltr'>19³quss</span> <span class='ocrx_word' id='word_1_1604' title='bbox 1411 2042 1580 2077; x_wconf 83' lang='lat' dir='ltr'>certamine,</span> <span class='ocrx_word' id='word_1_1605' title='bbox 1610 2043 1656 2079; x_wconf 90' lang='lat' dir='ltr'>qui</span> <span class='ocrx_word' id='word_1_1606' title='bbox 1675 2043 1735 2078; x_wconf 83' lang='lat' dir='ltr'>ejus</span> <span class='ocrx_word' id='word_1_1607' title='bbox 1759 2043 1953 2073; x_wconf 80' lang='lat' dir='ltr'>inventionem</span> <span class='ocrx_word' id='word_1_1608' title='bbox 1973 2044 2022 2074; x_wconf 91' lang='lat' dir='ltr'>sibi</span> <span class='ocrx_word' id='word_1_1609' title='bbox 2044 2047 2170 2075; x_wconf 88' lang='lat' dir='ltr'>certatim</span> <span class='ocrx_word' id='word_1_1610' title='bbox 2190 2047 2420 2079; x_wconf 85' lang='lat' dir='ltr'>vendicaverunt.</span> 
     </span>
     <span class='ocr_line' id='line_1_154' title="bbox 1292 2076 2422 2123; baseline 0.01 -18"><span class='ocrx_word' id='word_1_1611' title='bbox 1292 2076 1514 2121; x_wconf 72' lang='lat' dir='ltr'>(.hiliodynnniis</span> <span class='ocrx_word' id='word_1_1612' title='bbox 1528 2083 1622 2109; x_wconf 75' lang='lat' dir='ltr'>autem</span> <span class='ocrx_word' id='word_1_1613' title='bbox 1639 2090 1655 2109; x_wconf 86' lang='lat' dir='ltr'>a</span> <span class='ocrx_word' id='word_1_1614' title='bbox 1672 2081 1888 2118; x_wconf 78' lang='lat' dir='ltr'>Cappadocibus</span> <span class='ocrx_word' id='word_1_1615' title='bbox 1907 2083 2050 2113; x_wconf 84' lang='lat' dir='ltr'>nominata</span> <span class='ocrx_word' id='word_1_1616' title='bbox 2067 2083 2107 2113; x_wconf 90' lang='lat' dir='ltr'>est</span> <span class='ocrx_word' id='word_1_1617' title='bbox 2119 2106 2128 2120; x_wconf 87' lang='lat'>‚</span> <span class='ocrx_word' id='word_1_1618' title='bbox 2157 2091 2273 2123; x_wconf 85' lang='lat' dir='ltr'>propter</span> <span class='ocrx_word' id='word_1_1619' title='bbox 2284 2087 2374 2116; x_wconf 85' lang='lat' dir='ltr'>varios</span> <span class='ocrx_word' id='word_1_1620' title='bbox 2391 2088 2422 2117; x_wconf 86' lang='lat' dir='ltr'>in</span> 
     </span>
    </p>

    <p class='ocr_par' dir='ltr' id='par_1_48' title="bbox 1254 2115 1904 2155">
     <span class='ocr_line' id='line_1_155' title="bbox 1254 2115 1904 2155; baseline 0.011 -13"><span class='ocrx_word' id='word_1_1621' title='bbox 1254 2147 1257 2151; x_wconf 25' lang='lat'>⁵</span> <span class='ocrx_word' id='word_1_1622' title='bbox 1291 2115 1432 2145; x_wconf 85' lang='lat' dir='ltr'>medicina</span> <span class='ocrx_word' id='word_1_1623' title='bbox 1444 2117 1513 2146; x_wconf 84' lang='lat' dir='ltr'>usus.</span> <span class='ocrx_word' id='word_1_1624' title='bbox 1552 2117 1582 2147; x_wconf 96' lang='lat' dir='ltr'>V.</span> <span class='ocrx_word' id='word_1_1625' title='bbox 1605 2117 1674 2147; x_wconf 89' lang='lat' dir='ltr'>Plin.</span> <span class='ocrx_word' id='word_1_1626' title='bbox 1685 2117 1733 2148; x_wconf 90' lang='lat' dir='ltr'>lib.</span> <span class='ocrx_word' id='word_1_1627' title='bbox 1747 2128 1793 2155; x_wconf 85' lang='lat'>25.</span> <span class='ocrx_word' id='word_1_1628' title='bbox 1806 2129 1837 2149; x_wconf 88' lang='lat' dir='ltr'>ca</span> <span class='ocrx_word' id='word_1_1629' title='bbox 1862 2122 1904 2148; x_wconf 93' lang='lat'>.6.</span> 
     </span>
    </p>

    <p class='ocr_par' dir='ltr' id='par_1_49' title="bbox 1253 2130 2422 2237">
     <span class='ocr_line' id='line_1_156' title="bbox 1253 2130 2422 2195; baseline 0.009 -15"><span class='ocrx_word' id='word_1_1630' title='bbox 1253 2151 1278 2181; x_wconf 86' lang='lat' dir='ltr'>C</span> <span class='ocrx_word' id='word_1_1631' title='bbox 1289 2161 1308 2180; x_wconf 91' lang='lat' dir='ltr'>H</span> <span class='ocrx_word' id='word_1_1632' title='bbox 1319 2163 1327 2179; x_wconf 93' lang='lat' dir='ltr'>i</span> <span class='ocrx_word' id='word_1_1633' title='bbox 1336 2163 1371 2195; x_wconf 72' lang='lat' dir='ltr'>L.¹</span> <span class='ocrx_word' id='word_1_1634' title='bbox 1381 2163 1397 2182; x_wconf 95' lang='lat' dir='ltr'>o</span> <span class='ocrx_word' id='word_1_1635' title='bbox 1406 2163 1420 2182; x_wconf 74' lang='grc' dir='ltr'>Ρ</span> <span class='ocrx_word' id='word_1_1636' title='bbox 1430 2164 1449 2182; x_wconf 90' lang='grc' dir='ltr'>Η</span> <span class='ocrx_word' id='word_1_1637' title='bbox 1458 2164 1475 2183; x_wconf 75' lang='grc' dir='ltr'>γ</span> <span class='ocrx_word' id='word_1_1638' title='bbox 1486 2166 1501 2182; x_wconf 84' lang='lat' dir='ltr'>L</span> <span class='ocrx_word' id='word_1_1639' title='bbox 1510 2166 1525 2183; x_wconf 91' lang='lat' dir='ltr'>L</span> <span class='ocrx_word' id='word_1_1640' title='bbox 1535 2165 1553 2184; x_wconf 94' lang='lat' dir='ltr'>o</span> <span class='ocrx_word' id='word_1_1641' title='bbox 1562 2165 1583 2184; x_wconf 84' lang='lat' dir='ltr'>N</span> <span class='ocrx_word' id='word_1_1642' title='bbox 1592 2177 1601 2191; x_wconf 84' lang='lat'>,</span> <span class='ocrx_word' id='word_1_1643' title='bbox 1625 2157 1820 2192; x_wconf 58' lang='lat' dir='ltr'>[ae‘M‘PWM&#39;]</span> <span class='ocrx_word' id='word_1_1644' title='bbox 1840 2130 1935 2188; x_wconf 52' lang='lat' dir='ltr'>Herba</span> <span class='ocrx_word' id='word_1_1645' title='bbox 1949 2157 1998 2193; x_wconf 87' lang='lat' dir='ltr'>est,</span> <span class='ocrx_word' id='word_1_1646' title='bbox 2019 2167 2078 2194; x_wconf 86' lang='lat' dir='ltr'>quae</span> <span class='ocrx_word' id='word_1_1647' title='bbox 2090 2158 2247 2189; x_wconf 88' lang='lat' dir='ltr'>notioribus</span> <span class='ocrx_word' id='word_1_1648' title='bbox 2258 2161 2422 2192; x_wconf 80' lang='lat' dir='ltr'>nominibus</span> 
     </span>
     <span class='ocr_line' id='line_1_157' title="bbox 1292 2190 2421 2237; baseline 0.01 -18"><span class='ocrx_word' id='word_1_1649' title='bbox 1292 2190 1416 2221; x_wconf 87' lang='lat' dir='ltr'>Achillea</span> <span class='ocrx_word' id='word_1_1650' title='bbox 1429 2212 1437 2226; x_wconf 77' lang='lat'>,</span> <span class='ocrx_word' id='word_1_1651' title='bbox 1467 2193 1492 2222; x_wconf 72' lang='grc' dir='ltr'>ἂ</span> <span class='ocrx_word' id='word_1_1652' title='bbox 1513 2193 1643 2223; x_wconf 75' lang='lat' dir='ltr'>militaris</span> <span class='ocrx_word' id='word_1_1653' title='bbox 1663 2194 1749 2224; x_wconf 90' lang='lat' dir='ltr'>herba</span> <span class='ocrx_word' id='word_1_1654' title='bbox 1765 2194 1876 2225; x_wconf 87' lang='lat' dir='ltr'>dicitnr.</span> <span class='ocrx_word' id='word_1_1655' title='bbox 1921 2195 2108 2235; x_wconf 80' lang='lat' dir='ltr'>Cliiliophylli</span> <span class='ocrx_word' id='word_1_1656' title='bbox 2128 2206 2234 2228; x_wconf 90' lang='lat' dir='ltr'>nomen</span> <span class='ocrx_word' id='word_1_1657' title='bbox 2253 2200 2381 2237; x_wconf 88' lang='lat' dir='ltr'>accepit,</span> <span class='ocrx_word' id='word_1_1658' title='bbox 2404 2210 2421 2230; x_wconf 89' lang='lat' dir='ltr'>a</span> 
     </span>
    </p>

    <p class='ocr_par' dir='ltr' id='par_1_50' title="bbox 1252 2228 1932 2276">
     <span class='ocr_line' id='line_1_158' title="bbox 1252 2228 1932 2276; baseline 0.01 -20"><span class='ocrx_word' id='word_1_1659' title='bbox 1252 2265 1254 2270; x_wconf 60' lang='lat'>.</span> <span class='ocrx_word' id='word_1_1660' title='bbox 1293 2228 1477 2260; x_wconf 86' lang='lat' dir='ltr'>multitudine</span> <span class='ocrx_word' id='word_1_1661' title='bbox 1489 2230 1629 2276; x_wconf 38' lang='lat' dir='ltr'>soliorum:</span> <span class='ocrx_word' id='word_1_1662' title='bbox 1662 2231 1720 2261; x_wconf 86' lang='lat' dir='ltr'>Lat.</span> <span class='ocrx_word' id='word_1_1663' title='bbox 1775 2231 1932 2263; x_wconf 88' lang='lat' dir='ltr'>illefolium.</span> 
     </span>
    </p>

    <p class='ocr_par' dir='ltr' id='par_1_51' title="bbox 1252 2265 2421 2486">
     <span class='ocr_line' id='line_1_159' title="bbox 1252 2265 2419 2312; baseline 0.009 -17"><span class='ocrx_word' id='word_1_1664' title='bbox 1252 2265 1384 2311; x_wconf 69' lang='lat' dir='ltr'>Ci-iiio,</span> <span class='ocrx_word' id='word_1_1665' title='bbox 1398 2269 1468 2298; x_wconf 67' lang='lat' dir='ltr'>(inis.</span> <span class='ocrx_word' id='word_1_1666' title='bbox 1485 2270 1592 2312; x_wconf 22' lang='lat' dir='ltr'>[lxmam5</span> <span class='ocrx_word' id='word_1_1667' title='bbox 1611 2268 1621 2297; x_wconf 63' lang='lat' dir='ltr'>ii</span> <span class='ocrx_word' id='word_1_1668' title='bbox 1638 2270 1739 2305; x_wconf 62' lang='grc' dir='ltr'>Χείλων]</span> <span class='ocrx_word' id='word_1_1669' title='bbox 1775 2271 2072 2306; x_wconf 79' lang='lat' dir='ltr'>acedaemonius‚unus</span> <span class='ocrx_word' id='word_1_1670' title='bbox 2081 2282 2117 2302; x_wconf 81' lang='lat' dir='ltr'>ex</span> <span class='ocrx_word' id='word_1_1671' title='bbox 2128 2272 2234 2312; x_wconf 90' lang='lat' dir='ltr'>septem</span> <span class='ocrx_word' id='word_1_1672' title='bbox 2247 2273 2419 2312; x_wconf 85' lang='lat' dir='ltr'>sapientibus</span> 
     </span>
     <span class='ocr_line' id='line_1_160' title="bbox 1292 2304 2420 2350; baseline 0.009 -17"><span class='ocrx_word' id='word_1_1673' title='bbox 1292 2304 1413 2348; x_wconf 77' lang='lat' dir='ltr'>Graeciae.</span> <span class='ocrx_word' id='word_1_1674' title='bbox 1454 2306 1540 2340; x_wconf 76' lang='lat' dir='ltr'>Cuius</span> <span class='ocrx_word' id='word_1_1675' title='bbox 1551 2307 1616 2336; x_wconf 79' lang='lat' dir='ltr'>teste</span> <span class='ocrx_word' id='word_1_1676' title='bbox 1633 2307 1796 2345; x_wconf 59' lang='lat' dir='ltr'>Piin.1ib.17.</span> <span class='ocrx_word' id='word_1_1677' title='bbox 1809 2318 1870 2347; x_wconf 82' lang='lat' dir='ltr'>cap.</span> <span class='ocrx_word' id='word_1_1678' title='bbox 1885 2318 1929 2345; x_wconf 89' lang='lat'>3²-</span> <span class='ocrx_word' id='word_1_1679' title='bbox 1962 2310 2013 2339; x_wconf 89' lang='lat' dir='ltr'>tria</span> <span class='ocrx_word' id='word_1_1680' title='bbox 2032 2310 2106 2340; x_wconf 60' lang='lat' dir='ltr'>dieta</span> <span class='ocrx_word' id='word_1_1681' title='bbox 2124 2311 2238 2341; x_wconf 87' lang='lat' dir='ltr'>fuerunt</span> <span class='ocrx_word' id='word_1_1682' title='bbox 2256 2312 2371 2350; x_wconf 84' lang='lat' dir='ltr'>Delphis</span> <span class='ocrx_word' id='word_1_1683' title='bbox 2390 2314 2420 2343; x_wconf 90' lang='lat' dir='ltr'>in</span> 
     </span>
     <span class='ocr_line' id='line_1_161' title="bbox 1290 2342 2421 2389; baseline 0.007 -18"><span class='ocrx_word' id='word_1_1684' title='bbox 1290 2342 1400 2380; x_wconf 82' lang='lat' dir='ltr'>templo</span> <span class='ocrx_word' id='word_1_1685' title='bbox 1414 2344 1550 2381; x_wconf 85' lang='lat' dir='ltr'>Apollinis</span> <span class='ocrx_word' id='word_1_1686' title='bbox 1560 2344 1734 2375; x_wconf 88' lang='lat' dir='ltr'>consecrata:</span> <span class='ocrx_word' id='word_1_1687' title='bbox 1757 2345 1841 2376; x_wconf 84' lang='lat' dir='ltr'>Nosse</span> <span class='ocrx_word' id='word_1_1688' title='bbox 1854 2347 1880 2376; x_wconf 88' lang='lat' dir='ltr'>se</span> <span class='ocrx_word' id='word_1_1689' title='bbox 1897 2357 1980 2384; x_wconf 86' lang='lat' dir='ltr'>quem</span> <span class='ocrx_word' id='word_1_1690' title='bbox 2005 2357 2038 2377; x_wconf 88' lang='lat' dir='ltr'>ue</span> <span class='ocrx_word' id='word_1_1691' title='bbox 2048 2370 2057 2383; x_wconf 90' lang='lat'>,</span> <span class='ocrx_word' id='word_1_1692' title='bbox 2078 2350 2105 2379; x_wconf 86' lang='lat'>&amp;</span> <span class='ocrx_word' id='word_1_1693' title='bbox 2117 2348 2197 2378; x_wconf 87' lang='lat' dir='ltr'>Nihil</span> <span class='ocrx_word' id='word_1_1694' title='bbox 2207 2351 2325 2380; x_wconf 88' lang='lat' dir='ltr'>nimium</span> <span class='ocrx_word' id='word_1_1695' title='bbox 2335 2361 2421 2389; x_wconf 79' lang='lat' dir='ltr'>cupe-</span> 
     </span>
     <span class='ocr_line' id='line_1_162' title="bbox 1292 2381 2418 2425; baseline 0.008 -15"><span class='ocrx_word' id='word_1_1696' title='bbox 1292 2389 1337 2409; x_wconf 86' lang='lat' dir='ltr'>re:</span> <span class='ocrx_word' id='word_1_1697' title='bbox 1360 2381 1554 2420; x_wconf 88' lang='lat' dir='ltr'>Comitemque</span> <span class='ocrx_word' id='word_1_1698' title='bbox 1563 2384 1622 2412; x_wconf 81' lang='lat' dir='ltr'>aeris</span> <span class='ocrx_word' id='word_1_1699' title='bbox 1632 2383 1715 2413; x_wconf 87' lang='lat' dir='ltr'>alieni</span> <span class='ocrx_word' id='word_1_1700' title='bbox 1724 2390 1806 2422; x_wconf 88' lang='lat' dir='ltr'>atque</span> <span class='ocrx_word' id='word_1_1701' title='bbox 1815 2384 1870 2414; x_wconf 91' lang='lat' dir='ltr'>litis</span> <span class='ocrx_word' id='word_1_1702' title='bbox 1882 2383 1936 2414; x_wconf 81' lang='lat' dir='ltr'>effe</span> <span class='ocrx_word' id='word_1_1703' title='bbox 1948 2386 1985 2414; x_wconf 89' lang='lat' dir='ltr'>nii</span> <span class='ocrx_word' id='word_1_1704' title='bbox 2000 2386 2094 2416; x_wconf 85' lang='lat' dir='ltr'>eriam.</span> <span class='ocrx_word' id='word_1_1705' title='bbox 2126 2387 2202 2423; x_wconf 83' lang='lat' dir='ltr'>Quin</span> <span class='ocrx_word' id='word_1_1706' title='bbox 2215 2389 2241 2417; x_wconf 71' lang='lat'>6&lt;</span> <span class='ocrx_word' id='word_1_1707' title='bbox 2254 2388 2338 2418; x_wconf 88' lang='lat' dir='ltr'>furius</span> <span class='ocrx_word' id='word_1_1708' title='bbox 2348 2391 2418 2425; x_wconf 86' lang='lat' dir='ltr'>ejus,</span> 
     </span>
     <span class='ocr_line' id='line_1_163' title="bbox 1292 2420 2421 2486; baseline 0.005 -38"><span class='ocrx_word' id='word_1_1709' title='bbox 1292 2425 1400 2486; x_wconf 33' lang='lat' dir='ltr'>&#39;quukiaeih</span> <span class='ocrx_word' id='word_1_1710' title='bbox 1422 2422 1526 2450; x_wconf 70' lang='lat' dir='ltr'>victore</span> <span class='ocrx_word' id='word_1_1711' title='bbox 1538 2420 1677 2459; x_wconf 82' lang='lat' dir='ltr'>Olympiae</span> <span class='ocrx_word' id='word_1_1712' title='bbox 1686 2421 1764 2458; x_wconf 87' lang='lat' dir='ltr'>silio,</span> <span class='ocrx_word' id='word_1_1713' title='bbox 1788 2422 1891 2460; x_wconf 82' lang='lat' dir='ltr'>gaudio</span> <span class='ocrx_word' id='word_1_1714' title='bbox 1903 2423 2070 2461; x_wconf 81' lang='lat' dir='ltr'>expirasset,</span> <span class='ocrx_word' id='word_1_1715' title='bbox 2091 2430 2150 2454; x_wconf 85' lang='lat' dir='ltr'>tota</span> <span class='ocrx_word' id='word_1_1716' title='bbox 2168 2424 2274 2455; x_wconf 85' lang='lat' dir='ltr'>Graecia</span> <span class='ocrx_word' id='word_1_1717' title='bbox 2292 2427 2421 2465; x_wconf 77' lang='lat' dir='ltr'>prosecu-</span> 
     </span>
     <span class='ocr_line' id='line_1_164' title="bbox 1292 2463 1377 2486; baseline 0.012 -1"><span class='ocrx_word' id='word_1_1718' title='bbox 1292 2463 1345 2485; x_wconf 76' lang='lat' dir='ltr'>tae</span> <span class='ocrx_word' id='word_1_1719' title='bbox 1371 2480 1377 2486; x_wconf 95' lang='lat'>.</span> 
     </span>
    </p>

    <p class='ocr_par' dir='ltr' id='par_1_52' title="bbox 1292 2494 2422 2730">
     <span class='ocr_line' id='line_1_165' title="bbox 1292 2494 2419 2538; baseline 0.009 -15"><span class='ocrx_word' id='word_1_1720' title='bbox 1292 2494 1393 2531; x_wconf 88' lang='lat' dir='ltr'>Cliilo,</span> <span class='ocrx_word' id='word_1_1721' title='bbox 1414 2494 1524 2525; x_wconf 90' lang='lat' dir='ltr'>Dicitur</span> <span class='ocrx_word' id='word_1_1722' title='bbox 1535 2497 1560 2526; x_wconf 73' lang='grc' dir='ltr'>δι</span> <span class='ocrx_word' id='word_1_1723' title='bbox 1576 2496 1710 2527; x_wconf 85' lang='lat' dir='ltr'>Romanis</span> <span class='ocrx_word' id='word_1_1724' title='bbox 1717 2504 1905 2535; x_wconf 85' lang='lat' dir='ltr'>cognomento</span> <span class='ocrx_word' id='word_1_1725' title='bbox 1920 2509 1935 2528; x_wconf 90' lang='lat' dir='ltr'>a</span> <span class='ocrx_word' id='word_1_1726' title='bbox 1947 2499 2143 2537; x_wconf 80' lang='lat' dir='ltr'>magnitudine</span> <span class='ocrx_word' id='word_1_1727' title='bbox 2153 2499 2302 2538; x_wconf 88' lang='lat' dir='ltr'>labrorum,</span> <span class='ocrx_word' id='word_1_1728' title='bbox 2315 2501 2419 2534; x_wconf 88' lang='lat' dir='ltr'>Festus.</span> 
     </span>
     <span class='ocr_line' id='line_1_166' title="bbox 1305 2533 2420 2576; baseline 0.008 -15"><span class='ocrx_word' id='word_1_1729' title='bbox 1305 2534 1400 2576; x_wconf 51' lang='lat' dir='ltr'>22th</span> <span class='ocrx_word' id='word_1_1730' title='bbox 1413 2535 1488 2563; x_wconf 87' lang='lat' dir='ltr'>enini</span> <span class='ocrx_word' id='word_1_1731' title='bbox 1499 2533 1607 2564; x_wconf 84' lang='lat' dir='ltr'>labrum</span> <span class='ocrx_word' id='word_1_1732' title='bbox 1618 2535 1758 2572; x_wconf 76' lang='lat' dir='ltr'>significat.</span> <span class='ocrx_word' id='word_1_1733' title='bbox 1772 2536 1908 2566; x_wconf 75' lang='lat' dir='ltr'>Charisius</span> <span class='ocrx_word' id='word_1_1734' title='bbox 1921 2537 1970 2566; x_wconf 91' lang='lat' dir='ltr'>lib.</span> <span class='ocrx_word' id='word_1_1735' title='bbox 1989 2547 2010 2567; x_wconf 91' lang='lat' dir='ltr'>i.</span> <span class='ocrx_word' id='word_1_1736' title='bbox 2023 2538 2137 2568; x_wconf 90' lang='lat' dir='ltr'>Cilones</span> <span class='ocrx_word' id='word_1_1737' title='bbox 2147 2538 2289 2575; x_wconf 87' lang='lat' dir='ltr'>dicuntur,</span> <span class='ocrx_word' id='word_1_1738' title='bbox 2300 2550 2420 2576; x_wconf 89' lang='lat' dir='ltr'>quorum</span> 
     </span>
     <span class='ocr_line' id='line_1_167' title="bbox 1310 2571 2422 2615; baseline 0.007 -15"><span class='ocrx_word' id='word_1_1739' title='bbox 1310 2579 1403 2608; x_wconf 82' lang='lat' dir='ltr'>capita</span> <span class='ocrx_word' id='word_1_1740' title='bbox 1415 2571 1571 2608; x_wconf 81' lang='lat' dir='ltr'>oblonga&amp;</span> <span class='ocrx_word' id='word_1_1741' title='bbox 1584 2573 1738 2610; x_wconf 73' lang='lat' dir='ltr'>compressa</span> <span class='ocrx_word' id='word_1_1742' title='bbox 1748 2573 1817 2603; x_wconf 90' lang='lat' dir='ltr'>sunt.</span> <span class='ocrx_word' id='word_1_1743' title='bbox 1856 2573 1991 2605; x_wconf 89' lang='lat' dir='ltr'>Chilones</span> <span class='ocrx_word' id='word_1_1744' title='bbox 2010 2582 2103 2605; x_wconf 87' lang='lat' dir='ltr'>autem</span> <span class='ocrx_word' id='word_1_1745' title='bbox 2117 2586 2182 2606; x_wconf 89' lang='lat' dir='ltr'>cum</span> <span class='ocrx_word' id='word_1_1746' title='bbox 2198 2576 2363 2615; x_wconf 88' lang='lat' dir='ltr'>aspiratione</span> <span class='ocrx_word' id='word_1_1747' title='bbox 2385 2588 2422 2608; x_wconf 75' lang='lat' dir='ltr'>ex</span> 
     </span>
     <span class='ocr_line' id='line_1_168' title="bbox 1312 2608 2422 2654; baseline 0.009 -17"><span class='ocrx_word' id='word_1_1748' title='bbox 1312 2608 1409 2638; x_wconf 81' lang='lat' dir='ltr'>Graeco</span> <span class='ocrx_word' id='word_1_1749' title='bbox 1421 2619 1436 2638; x_wconf 87' lang='lat' dir='ltr'>a</span> <span class='ocrx_word' id='word_1_1750' title='bbox 1446 2609 1763 2648; x_wconf 83' lang='lat' dir='ltr'>labrisirnprobioribus,</span> <span class='ocrx_word' id='word_1_1751' title='bbox 1773 2622 1833 2649; x_wconf 81' lang='lat' dir='ltr'>quae</span> <span class='ocrx_word' id='word_1_1752' title='bbox 1845 2612 1885 2641; x_wconf 88' lang='lat' dir='ltr'>illi</span> <span class='ocrx_word' id='word_1_1753' title='bbox 1896 2614 1977 2646; x_wconf 70' lang='grc' dir='ltr'>χείλη,</span> <span class='ocrx_word' id='word_1_1754' title='bbox 1997 2614 2076 2643; x_wconf 87' lang='lat' dir='ltr'>unde</span> <span class='ocrx_word' id='word_1_1755' title='bbox 2090 2613 2238 2650; x_wconf 87' lang='lat' dir='ltr'>Chilones,</span> <span class='ocrx_word' id='word_1_1756' title='bbox 2261 2616 2422 2654; x_wconf 78' lang='lat' dir='ltr'>improbius</span> 
     </span>
     <span class='ocr_line' id='line_1_169' title="bbox 1311 2645 2420 2693; baseline 0.006 -19"><span class='ocrx_word' id='word_1_1757' title='bbox 1311 2645 1418 2676; x_wconf 82' lang='lat' dir='ltr'>labrati.</span> <span class='ocrx_word' id='word_1_1758' title='bbox 1437 2649 1454 2683; x_wconf 87' lang='lat'>[</span> <span class='ocrx_word' id='word_1_1759' title='bbox 1463 2647 1583 2685; x_wconf 88' lang='lat' dir='ltr'>Utroque</span> <span class='ocrx_word' id='word_1_1760' title='bbox 1593 2649 1680 2678; x_wconf 85' lang='lat' dir='ltr'>modo</span> <span class='ocrx_word' id='word_1_1761' title='bbox 1691 2657 1785 2679; x_wconf 88' lang='lat' dir='ltr'>tamen</span> <span class='ocrx_word' id='word_1_1762' title='bbox 1799 2671 1808 2685; x_wconf 82' lang='lat'>‚</span> <span class='ocrx_word' id='word_1_1763' title='bbox 1830 2650 1926 2679; x_wconf 87' lang='lat' dir='ltr'>addita</span> <span class='ocrx_word' id='word_1_1764' title='bbox 1938 2652 1964 2681; x_wconf 71' lang='grc' dir='ltr'><strong>ἃ</strong></span> <span class='ocrx_word' id='word_1_1765' title='bbox 1973 2651 2088 2688; x_wconf 87' lang='lat' dir='ltr'>dempta</span> <span class='ocrx_word' id='word_1_1766' title='bbox 2107 2652 2293 2690; x_wconf 86' lang='lat' dir='ltr'>adspiratione</span> <span class='ocrx_word' id='word_1_1767' title='bbox 2303 2675 2310 2688; x_wconf 84' lang='lat'>,</span> <span class='ocrx_word' id='word_1_1768' title='bbox 2334 2655 2363 2683; x_wconf 90' lang='lat' dir='ltr'>id</span> <span class='ocrx_word' id='word_1_1769' title='bbox 2378 2655 2420 2693; x_wconf 85' lang='lat' dir='ltr'>ip.</span> 
     </span>
     <span class='ocr_line' id='line_1_170' title="bbox 1311 2683 2421 2730; baseline 0.007 -17"><span class='ocrx_word' id='word_1_1770' title='bbox 1311 2683 1371 2713; x_wconf 82' lang='lat' dir='ltr'>sum</span> <span class='ocrx_word' id='word_1_1771' title='bbox 1385 2694 1544 2722; x_wconf 86' lang='lat' dir='ltr'>cognomen</span> <span class='ocrx_word' id='word_1_1772' title='bbox 1553 2686 1681 2716; x_wconf 81' lang='lat' dir='ltr'>scribitur</span> <span class='ocrx_word' id='word_1_1773' title='bbox 1694 2688 1722 2716; x_wconf 88' lang='lat' dir='ltr'>in</span> <span class='ocrx_word' id='word_1_1774' title='bbox 1734 2688 1854 2717; x_wconf 85' lang='lat' dir='ltr'>denariis</span> <span class='ocrx_word' id='word_1_1775' title='bbox 1867 2688 2102 2725; x_wconf 70' lang='lat' dir='ltr'>gentisfflaminiae</span> <span class='ocrx_word' id='word_1_1776' title='bbox 2112 2690 2421 2730; x_wconf 65' lang='lat' dir='ltr'>apudFulerfian.</span> 
     </span>
    </p>
   </div>
   <div class='ocr_carea' id='block_1_14' title="bbox 1291 2720 2420 2796">
    <p class='ocr_par' dir='ltr' id='par_1_53' title="bbox 1291 2720 2420 2796">
     <span class='ocr_line' id='line_1_171' title="bbox 1291 2720 2420 2796; baseline 0.007 -45"><span class='ocrx_word' id='word_1_1777' title='bbox 1291 2720 1555 2796; x_wconf 46' lang='lat' dir='ltr'>Peiglipipgghillp,</span> <span class='ocrx_word' id='word_1_1778' title='bbox 1573 2725 1620 2761; x_wconf 89' lang='lat' dir='ltr'>qui</span> <span class='ocrx_word' id='word_1_1779' title='bbox 1634 2725 1674 2755; x_wconf 82' lang='lat' dir='ltr'>M.</span> <span class='ocrx_word' id='word_1_1780' title='bbox 1686 2725 1854 2755; x_wconf 82' lang='lat' dir='ltr'>Marcellum</span> <span class='ocrx_word' id='word_1_1781' title='bbox 1867 2727 1981 2763; x_wconf 87' lang='lat' dir='ltr'>occidit,</span> <span class='ocrx_word' id='word_1_1782' title='bbox 1992 2735 2075 2757; x_wconf 80' lang='lat' dir='ltr'>notus</span> <span class='ocrx_word' id='word_1_1783' title='bbox 2084 2737 2120 2757; x_wconf 75' lang='lat' dir='ltr'>ex</span> <span class='ocrx_word' id='word_1_1784' title='bbox 2129 2728 2186 2758; x_wconf 87' lang='lat' dir='ltr'>Ser.</span> <span class='ocrx_word' id='word_1_1785' title='bbox 2199 2728 2316 2767; x_wconf 82' lang='lat' dir='ltr'>Sulpicii</span> <span class='ocrx_word' id='word_1_1786' title='bbox 2328 2739 2371 2767; x_wconf 88' lang='lat' dir='ltr'>ep.</span> <span class='ocrx_word' id='word_1_1787' title='bbox 2384 2730 2420 2759; x_wconf 90' lang='lat' dir='ltr'>ad</span> 
     </span>
    </p>
   </div>
   <div class='ocr_carea' id='block_1_15' title="bbox 1257 2797 1619 2834">
    <p class='ocr_par' dir='ltr' id='par_1_54' title="bbox 1257 2797 1619 2834">
     <span class='ocr_line' id='line_1_172' title="bbox 1257 2797 1619 2834; baseline 0.014 -8"><span class='ocrx_word' id='word_1_1788' title='bbox 1257 2797 1476 2834; x_wconf 64' lang='lat' dir='ltr'>CHILRTER,</span> <span class='ocrx_word' id='word_1_1789' title='bbox 1497 2800 1559 2830; x_wconf 64' lang='lat' dir='ltr'>eris.</span> <span class='ocrx_word' id='word_1_1790' title='bbox 1581 2810 1619 2831; x_wconf 90' lang='lat' dir='ltr'>m.</span> 
     </span>
    </p>
   </div>
   <div class='ocr_carea' id='block_1_16' title="bbox 2105 760 2414 799">
    <p class='ocr_par' dir='ltr' id='par_1_55' title="bbox 2105 760 2414 799">
     <span class='ocr_line' id='line_1_173' title="bbox 2105 760 2414 799; baseline 0.006 -8"><span class='ocrx_word' id='word_1_1791' title='bbox 2105 760 2174 792; x_wconf 89' lang='lat' dir='ltr'>Hor.</span> <span class='ocrx_word' id='word_1_1792' title='bbox 2188 771 2212 791; x_wconf 85' lang='lat' dir='ltr'>i.</span> <span class='ocrx_word' id='word_1_1793' title='bbox 2222 762 2307 793; x_wconf 88' lang='lat' dir='ltr'>Serm.</span> <span class='ocrx_word' id='word_1_1794' title='bbox 2322 772 2414 799; x_wconf 84' lang='lat'>10.24.</span> 
     </span>
    </p>
   </div>
   <div class='ocr_carea' id='block_1_17' title="bbox 1257 2797 2427 4009">
    <p class='ocr_par' dir='ltr' id='par_1_56' title="bbox 1293 2797 2422 2917">
     <span class='ocr_line' id='line_1_174' title="bbox 1336 2797 2422 2842; baseline 0.01 -19"><span class='ocrx_word' id='word_1_1795' title='bbox 1336 2837 1340 2842; x_wconf 25' lang='grc' dir='ltr'>ι</span> <span class='ocrx_word' id='word_1_1796' title='bbox 1642 2797 1800 2837; x_wconf 43' lang='lat' dir='ltr'>[manriq]</span> <span class='ocrx_word' id='word_1_1797' title='bbox 1821 2801 1952 2837; x_wconf 83' lang='lat' dir='ltr'>Ferrum,</span> <span class='ocrx_word' id='word_1_1798' title='bbox 1976 2802 2052 2839; x_wconf 90' lang='lat' dir='ltr'>quod</span> <span class='ocrx_word' id='word_1_1799' title='bbox 2064 2802 2094 2832; x_wconf 89' lang='lat' dir='ltr'>in</span> <span class='ocrx_word' id='word_1_1800' title='bbox 2113 2813 2143 2832; x_wconf 90' lang='lat' dir='ltr'>os</span> <span class='ocrx_word' id='word_1_1801' title='bbox 2162 2804 2225 2840; x_wconf 90' lang='lat' dir='ltr'>equi</span> <span class='ocrx_word' id='word_1_1802' title='bbox 2242 2804 2365 2840; x_wconf 88' lang='lat' dir='ltr'>inditur,</span> <span class='ocrx_word' id='word_1_1803' title='bbox 2390 2811 2422 2835; x_wconf 83' lang='lat' dir='ltr'>ut</span> 
     </span>
     <span class='ocr_line' id='line_1_175' title="bbox 1295 2837 2422 2881; baseline 0.007 -16"><span class='ocrx_word' id='word_1_1804' title='bbox 1295 2837 1407 2872; x_wconf 78' lang='lat' dir='ltr'>quidam</span> <span class='ocrx_word' id='word_1_1805' title='bbox 1420 2837 1526 2866; x_wconf 86' lang='lat' dir='ltr'>volunt.</span> <span class='ocrx_word' id='word_1_1806' title='bbox 1539 2838 1636 2868; x_wconf 85' lang='lat' dir='ltr'>Suidas</span> <span class='ocrx_word' id='word_1_1807' title='bbox 1648 2848 1712 2869; x_wconf 87' lang='lat' dir='ltr'>vero</span> <span class='ocrx_word' id='word_1_1808' title='bbox 1724 2839 1838 2875; x_wconf 89' lang='lat' dir='ltr'>[Immo</span> <span class='ocrx_word' id='word_1_1809' title='bbox 1850 2838 1984 2876; x_wconf 66' lang='lat' dir='ltr'>Hesych]</span> <span class='ocrx_word' id='word_1_1810' title='bbox 1999 2841 2058 2870; x_wconf 85' lang='lat' dir='ltr'>vult</span> <span class='ocrx_word' id='word_1_1811' title='bbox 2071 2840 2125 2870; x_wconf 88' lang='lat' dir='ltr'>esse</span> <span class='ocrx_word' id='word_1_1812' title='bbox 2137 2842 2289 2879; x_wconf 85' lang='lat' dir='ltr'>Capistrum</span> <span class='ocrx_word' id='word_1_1813' title='bbox 2301 2852 2316 2872; x_wconf 86' lang='lat' dir='ltr'>a</span> <span class='ocrx_word' id='word_1_1814' title='bbox 2329 2844 2422 2881; x_wconf 85' lang='lat' dir='ltr'>capite</span> 
     </span>
     <span class='ocr_line' id='line_1_176' title="bbox 1293 2873 2314 2917; baseline 0.007 -15"><span class='ocrx_word' id='word_1_1815' title='bbox 1293 2873 1452 2912; x_wconf 85' lang='lat' dir='ltr'>suspensum</span> <span class='ocrx_word' id='word_1_1816' title='bbox 1462 2897 1470 2911; x_wconf 95' lang='lat'>,</span> <span class='ocrx_word' id='word_1_1817' title='bbox 1495 2876 1524 2904; x_wconf 91' lang='lat' dir='ltr'>in</span> <span class='ocrx_word' id='word_1_1818' title='bbox 1535 2886 1589 2913; x_wconf 85' lang='lat' dir='ltr'>quo</span> <span class='ocrx_word' id='word_1_1819' title='bbox 1600 2877 1678 2906; x_wconf 85' lang='lat' dir='ltr'>cibus</span> <span class='ocrx_word' id='word_1_1820' title='bbox 1687 2878 1811 2915; x_wconf 83' lang='lat' dir='ltr'>ponitur.</span> <span class='ocrx_word' id='word_1_1821' title='bbox 1844 2877 1874 2907; x_wconf 96' lang='lat' dir='ltr'>V.</span> <span class='ocrx_word' id='word_1_1822' title='bbox 1896 2877 2012 2915; x_wconf 87' lang='lat' dir='ltr'>Buleng.</span> <span class='ocrx_word' id='word_1_1823' title='bbox 2022 2878 2058 2908; x_wconf 88' lang='lat' dir='ltr'>de</span> <span class='ocrx_word' id='word_1_1824' title='bbox 2071 2879 2154 2916; x_wconf 86' lang='lat' dir='ltr'>Equis</span> <span class='ocrx_word' id='word_1_1825' title='bbox 2166 2901 2174 2913; x_wconf 89' lang='lat'>,</span> <span class='ocrx_word' id='word_1_1826' title='bbox 2197 2889 2258 2916; x_wconf 86' lang='lat' dir='ltr'>cap.</span> <span class='ocrx_word' id='word_1_1827' title='bbox 2274 2889 2314 2917; x_wconf 84' lang='lat'>17.</span> 
     </span>
    </p>

    <p class='ocr_par' dir='ltr' id='par_1_57' title="bbox 1257 2911 2423 3029">
     <span class='ocr_line' id='line_1_177' title="bbox 1257 2911 2423 2957; baseline 0.008 -20"><span class='ocrx_word' id='word_1_1828' title='bbox 1257 2911 1282 2941; x_wconf 92' lang='lat' dir='ltr'>C</span> <span class='ocrx_word' id='word_1_1829' title='bbox 1292 2921 1310 2940; x_wconf 84' lang='grc' dir='ltr'>Η</span> <span class='ocrx_word' id='word_1_1830' title='bbox 1319 2914 1330 2940; x_wconf 80' lang='grc' dir='ltr'><strong>ῑ</strong></span> <span class='ocrx_word' id='word_1_1831' title='bbox 1340 2923 1358 2940; x_wconf 75' lang='grc' dir='ltr'><strong><em>Μ</em></strong></span> <span class='ocrx_word' id='word_1_1832' title='bbox 1369 2923 1392 2955; x_wconf 61' lang='lat'>{²</span> <span class='ocrx_word' id='word_1_1833' title='bbox 1400 2923 1416 2941; x_wconf 76' lang='lat' dir='ltr'>R</span> <span class='ocrx_word' id='word_1_1834' title='bbox 1427 2923 1446 2941; x_wconf 76' lang='grc' dir='ltr'>Α</span> <span class='ocrx_word' id='word_1_1835' title='bbox 1457 2934 1465 2948; x_wconf 85' lang='lat'>,</span> <span class='ocrx_word' id='word_1_1836' title='bbox 1485 2923 1516 2943; x_wconf 78' lang='lat' dir='ltr'>ae,</span> <span class='ocrx_word' id='word_1_1837' title='bbox 1539 2915 1558 2943; x_wconf 78' lang='lat' dir='ltr'>f.</span> <span class='ocrx_word' id='word_1_1838' title='bbox 1582 2913 1734 2952; x_wconf 26' lang='grc' dir='ltr'>[ιχέμωιρρι]</span> <span class='ocrx_word' id='word_1_1839' title='bbox 1761 2915 1887 2945; x_wconf 88' lang='lat' dir='ltr'>Homero</span> <span class='ocrx_word' id='word_1_1840' title='bbox 1896 2937 1904 2951; x_wconf 93' lang='lat'>,</span> <span class='ocrx_word' id='word_1_1841' title='bbox 1928 2916 2035 2945; x_wconf 83' lang='lat' dir='ltr'>Animal</span> <span class='ocrx_word' id='word_1_1842' title='bbox 2046 2917 2083 2946; x_wconf 86' lang='lat' dir='ltr'>est</span> <span class='ocrx_word' id='word_1_1843' title='bbox 2093 2917 2264 2947; x_wconf 85' lang='lat' dir='ltr'>indomabile</span> <span class='ocrx_word' id='word_1_1844' title='bbox 2275 2940 2283 2952; x_wconf 86' lang='lat'>‚</span> <span class='ocrx_word' id='word_1_1845' title='bbox 2304 2919 2423 2957; x_wconf 83' lang='lat' dir='ltr'>inexpu-</span> 
     </span>
     <span class='ocr_line' id='line_1_178' title="bbox 1296 2949 2421 2991; baseline 0.008 -13"><span class='ocrx_word' id='word_1_1846' title='bbox 1296 2949 1408 2987; x_wconf 82' lang='lat' dir='ltr'>gnabile</span> <span class='ocrx_word' id='word_1_1847' title='bbox 1418 2973 1425 2986; x_wconf 88' lang='lat'>‚</span> <span class='ocrx_word' id='word_1_1848' title='bbox 1440 2960 1532 2988; x_wconf 87' lang='lat' dir='ltr'>neque</span> <span class='ocrx_word' id='word_1_1849' title='bbox 1543 2952 1676 2987; x_wconf 87' lang='lat' dir='ltr'>humano,</span> <span class='ocrx_word' id='word_1_1850' title='bbox 1690 2952 1738 2982; x_wconf 87' lang='lat' dir='ltr'>sed</span> <span class='ocrx_word' id='word_1_1851' title='bbox 1750 2953 1846 2983; x_wconf 90' lang='lat' dir='ltr'>divino</span> <span class='ocrx_word' id='word_1_1852' title='bbox 1854 2963 1958 2991; x_wconf 77' lang='lat' dir='ltr'>genere</span> <span class='ocrx_word' id='word_1_1853' title='bbox 1969 2960 2070 2984; x_wconf 88' lang='lat' dir='ltr'>ortum.</span> <span class='ocrx_word' id='word_1_1854' title='bbox 2093 2955 2256 2984; x_wconf 83' lang='lat' dir='ltr'>Chimaeram</span> <span class='ocrx_word' id='word_1_1855' title='bbox 2268 2957 2421 2987; x_wconf 84' lang='lat' dir='ltr'>monstrum</span> 
     </span>
     <span class='ocr_line' id='line_1_179' title="bbox 1295 2988 2302 3029; baseline 0.007 -13"><span class='ocrx_word' id='word_1_1856' title='bbox 1295 2989 1421 3017; x_wconf 79' lang='lat' dir='ltr'>triforme</span> <span class='ocrx_word' id='word_1_1857' title='bbox 1431 2988 1560 3019; x_wconf 87' lang='lat' dir='ltr'>describit</span> <span class='ocrx_word' id='word_1_1858' title='bbox 1571 2990 1683 3019; x_wconf 81' lang='lat' dir='ltr'>Hefiod.</span> <span class='ocrx_word' id='word_1_1859' title='bbox 1692 2992 1721 3019; x_wconf 93' lang='lat' dir='ltr'>in</span> <span class='ocrx_word' id='word_1_1860' title='bbox 1736 2991 1842 3029; x_wconf 78' lang='lat' dir='ltr'>Tlieog.</span> <span class='ocrx_word' id='word_1_1861' title='bbox 1859 3001 1919 3027; x_wconf 78' lang='lat'>323.</span> <span class='ocrx_word' id='word_1_1862' title='bbox 1933 2991 1977 3021; x_wconf 72' lang='lat' dir='ltr'>his</span> <span class='ocrx_word' id='word_1_1863' title='bbox 1986 2992 2106 3022; x_wconf 87' lang='lat' dir='ltr'>versibus</span> <span class='ocrx_word' id='word_1_1864' title='bbox 2116 2994 2151 3022; x_wconf 91' lang='lat' dir='ltr'>de</span> <span class='ocrx_word' id='word_1_1865' title='bbox 2162 2993 2208 3022; x_wconf 87' lang='lat' dir='ltr'>Gr.</span> <span class='ocrx_word' id='word_1_1866' title='bbox 2220 3003 2302 3023; x_wconf 89' lang='lat' dir='ltr'>conv.</span> 
     </span>
    </p>

    <p class='ocr_par' dir='ltr' id='par_1_58' title="bbox 1389 3027 2174 3067">
     <span class='ocr_line' id='line_1_180' title="bbox 1389 3027 2174 3067; baseline 0.005 -12"><span class='ocrx_word' id='word_1_1867' title='bbox 1389 3027 1463 3056; x_wconf 88' lang='lat' dir='ltr'>Huic</span> <span class='ocrx_word' id='word_1_1868' title='bbox 1473 3027 1524 3056; x_wconf 89' lang='lat' dir='ltr'>tria</span> <span class='ocrx_word' id='word_1_1869' title='bbox 1534 3027 1596 3057; x_wconf 84' lang='lat' dir='ltr'>sun&#39;t</span> <span class='ocrx_word' id='word_1_1870' title='bbox 1604 3029 1695 3066; x_wconf 82' lang='lat' dir='ltr'>capita</span> <span class='ocrx_word' id='word_1_1871' title='bbox 1709 3050 1717 3064; x_wconf 85' lang='lat'>,</span> <span class='ocrx_word' id='word_1_1872' title='bbox 1739 3030 1765 3059; x_wconf 68' lang='grc' dir='ltr'><strong>ἃ</strong></span> <span class='ocrx_word' id='word_1_1873' title='bbox 1776 3029 1863 3060; x_wconf 86' lang='lat' dir='ltr'>fertur</span> <span class='ocrx_word' id='word_1_1874' title='bbox 1871 3030 1993 3067; x_wconf 88' lang='lat' dir='ltr'>primum</span> <span class='ocrx_word' id='word_1_1875' title='bbox 2004 3030 2057 3058; x_wconf 85' lang='lat' dir='ltr'>esse</span> <span class='ocrx_word' id='word_1_1876' title='bbox 2067 3029 2157 3059; x_wconf 90' lang='lat' dir='ltr'>leonis</span> <span class='ocrx_word' id='word_1_1877' title='bbox 2166 3052 2174 3065; x_wconf 91' lang='lat'>,</span> 
     </span>
    </p>

    <p class='ocr_par' dir='ltr' id='par_1_59' title="bbox 1388 3063 2185 3104">
     <span class='ocr_line' id='line_1_181' title="bbox 1388 3063 2185 3104; baseline 0.005 -11"><span class='ocrx_word' id='word_1_1878' title='bbox 1388 3063 1498 3094; x_wconf 88' lang='lat' dir='ltr'>Pulchri</span> <span class='ocrx_word' id='word_1_1879' title='bbox 1507 3065 1581 3095; x_wconf 90' lang='lat' dir='ltr'>oculi</span> <span class='ocrx_word' id='word_1_1880' title='bbox 1592 3088 1599 3102; x_wconf 89' lang='lat'>‚</span> <span class='ocrx_word' id='word_1_1881' title='bbox 1622 3074 1767 3104; x_wconf 77' lang='lat' dir='ltr'>capraeque</span> <span class='ocrx_word' id='word_1_1882' title='bbox 1778 3066 1873 3100; x_wconf 81' lang='lat' dir='ltr'>simul.</span> <span class='ocrx_word' id='word_1_1883' title='bbox 1894 3066 2025 3104; x_wconf 83' lang='lat' dir='ltr'>fortisque</span> <span class='ocrx_word' id='word_1_1884' title='bbox 2035 3067 2163 3097; x_wconf 88' lang='lat' dir='ltr'>draconis</span> <span class='ocrx_word' id='word_1_1885' title='bbox 2177 3077 2185 3097; x_wconf 89' lang='lat'>:</span> 
     </span>
    </p>

    <p class='ocr_par' dir='ltr' id='par_1_60' title="bbox 1390 3102 2184 3143">
     <span class='ocr_line' id='line_1_182' title="bbox 1390 3102 2184 3143; baseline 0.005 -12"><span class='ocrx_word' id='word_1_1886' title='bbox 1390 3104 1462 3132; x_wconf 85' lang='lat' dir='ltr'>Ante</span> <span class='ocrx_word' id='word_1_1887' title='bbox 1475 3102 1520 3132; x_wconf 90' lang='lat' dir='ltr'>leo</span> <span class='ocrx_word' id='word_1_1888' title='bbox 1533 3125 1541 3138; x_wconf 93' lang='lat'>,</span> <span class='ocrx_word' id='word_1_1889' title='bbox 1562 3113 1691 3141; x_wconf 87' lang='lat' dir='ltr'>retroque</span> <span class='ocrx_word' id='word_1_1890' title='bbox 1701 3105 1785 3134; x_wconf 87' lang='lat' dir='ltr'>draco</span> <span class='ocrx_word' id='word_1_1891' title='bbox 1794 3127 1802 3141; x_wconf 88' lang='lat'>,</span> <span class='ocrx_word' id='word_1_1892' title='bbox 1824 3105 2005 3142; x_wconf 82' lang='lat' dir='ltr'>mediumque</span> <span class='ocrx_word' id='word_1_1893' title='bbox 2016 3104 2120 3143; x_wconf 86' lang='lat' dir='ltr'>capella</span> <span class='ocrx_word' id='word_1_1894' title='bbox 2131 3105 2184 3135; x_wconf 88' lang='lat' dir='ltr'>est:</span> 
     </span>
    </p>

    <p class='ocr_par' dir='ltr' id='par_1_61' title="bbox 1297 3140 2421 3253">
     <span class='ocr_line' id='line_1_183' title="bbox 1390 3140 2421 3181; baseline 0.007 -12"><span class='ocrx_word' id='word_1_1895' title='bbox 1390 3140 1503 3178; x_wconf 79' lang='lat' dir='ltr'>Pegasus</span> <span class='ocrx_word' id='word_1_1896' title='bbox 1515 3142 1587 3171; x_wconf 88' lang='lat' dir='ltr'>hanc</span> <span class='ocrx_word' id='word_1_1897' title='bbox 1596 3143 1671 3177; x_wconf 84' lang='lat' dir='ltr'>vicit,</span> <span class='ocrx_word' id='word_1_1898' title='bbox 1694 3144 1720 3173; x_wconf 73' lang='grc' dir='ltr'>ἃ</span> <span class='ocrx_word' id='word_1_1899' title='bbox 1729 3144 1844 3179; x_wconf 85' lang='lat' dir='ltr'>magnus</span> <span class='ocrx_word' id='word_1_1900' title='bbox 1857 3142 2096 3180; x_wconf 85' lang='lat' dir='ltr'>Bellerophontes.</span> <span class='ocrx_word' id='word_1_1901' title='bbox 2173 3142 2244 3174; x_wconf 81' lang='lat' dir='ltr'>Inde</span> <span class='ocrx_word' id='word_1_1902' title='bbox 2253 3143 2365 3181; x_wconf 75' lang='lat' dir='ltr'>elegans</span> <span class='ocrx_word' id='word_1_1903' title='bbox 2374 3145 2421 3176; x_wconf 77' lang='lat' dir='ltr'>illa</span> 
     </span>
     <span class='ocr_line' id='line_1_184' title="bbox 1297 3176 2420 3220; baseline 0.007 -14"><span class='ocrx_word' id='word_1_1904' title='bbox 1297 3176 1408 3207; x_wconf 78' lang='lat' dir='ltr'>Horatii</span> <span class='ocrx_word' id='word_1_1905' title='bbox 1431 3179 1595 3217; x_wconf 82' lang='lat' dir='ltr'>metaphora</span> <span class='ocrx_word' id='word_1_1906' title='bbox 1612 3181 1648 3209; x_wconf 90' lang='lat' dir='ltr'>ad</span> <span class='ocrx_word' id='word_1_1907' title='bbox 1669 3180 1785 3210; x_wconf 84' lang='lat' dir='ltr'>Puerum</span> <span class='ocrx_word' id='word_1_1908' title='bbox 1806 3180 1923 3210; x_wconf 87' lang='lat' dir='ltr'>obsoleti</span> <span class='ocrx_word' id='word_1_1909' title='bbox 1949 3180 2031 3210; x_wconf 87' lang='lat' dir='ltr'>scorti</span> <span class='ocrx_word' id='word_1_1910' title='bbox 2063 3189 2158 3210; x_wconf 85' lang='lat' dir='ltr'>amore</span> <span class='ocrx_word' id='word_1_1911' title='bbox 2177 3189 2292 3220; x_wconf 85' lang='lat' dir='ltr'>captum</span> <span class='ocrx_word' id='word_1_1912' title='bbox 2303 3205 2311 3219; x_wconf 87' lang='lat'>,</span> <span class='ocrx_word' id='word_1_1913' title='bbox 2333 3183 2381 3213; x_wconf 91' lang='lat' dir='ltr'>lib.</span> <span class='ocrx_word' id='word_1_1914' title='bbox 2396 3194 2420 3215; x_wconf 89' lang='lat' dir='ltr'>i.</span> 
     </span>
     <span class='ocr_line' id='line_1_185' title="bbox 1298 3216 1504 3253; baseline 0.005 -8"><span class='ocrx_word' id='word_1_1915' title='bbox 1298 3216 1388 3246; x_wconf 83' lang='lat' dir='ltr'>Carni.</span> <span class='ocrx_word' id='word_1_1916' title='bbox 1401 3226 1445 3253; x_wconf 86' lang='lat'>27.</span> <span class='ocrx_word' id='word_1_1917' title='bbox 1459 3226 1504 3252; x_wconf 86' lang='lat'>24.</span> 
     </span>
    </p>

    <p class='ocr_par' dir='ltr' id='par_1_62' title="bbox 1297 3254 2427 3438">
     <span class='ocr_line' id='line_1_186' title="bbox 1391 3254 1761 3292; baseline 0.005 -9"><span class='ocrx_word' id='word_1_1918' title='bbox 1391 3254 1442 3283; x_wconf 83' lang='lat' dir='ltr'>Vix</span> <span class='ocrx_word' id='word_1_1919' title='bbox 1455 3255 1590 3292; x_wconf 71' lang='lat' dir='ltr'>illigatum</span> <span class='ocrx_word' id='word_1_1920' title='bbox 1601 3262 1629 3285; x_wconf 93' lang='lat' dir='ltr'>te</span> <span class='ocrx_word' id='word_1_1921' title='bbox 1644 3255 1761 3285; x_wconf 86' lang='lat' dir='ltr'>triformi</span> 
     </span>
     <span class='ocr_line' id='line_1_187' title="bbox 1297 3292 2422 3331; baseline 0.004 -9"><span class='ocrx_word' id='word_1_1922' title='bbox 1297 3329 1299 3331; x_wconf 21' lang='grc' dir='ltr'><strong><em>ι</em></strong></span> <span class='ocrx_word' id='word_1_1923' title='bbox 1432 3292 1545 3331; x_wconf 81' lang='lat' dir='ltr'>Pegasus</span> <span class='ocrx_word' id='word_1_1924' title='bbox 1562 3294 1694 3331; x_wconf 76' lang='lat' dir='ltr'>expediet</span> <span class='ocrx_word' id='word_1_1925' title='bbox 1707 3294 1854 3323; x_wconf 85' lang='lat' dir='ltr'>Chimaera.</span> <span class='ocrx_word' id='word_1_1926' title='bbox 1937 3292 1995 3323; x_wconf 86' lang='lat' dir='ltr'>Cic.</span> <span class='ocrx_word' id='word_1_1927' title='bbox 2009 3292 2057 3322; x_wconf 84' lang='lat' dir='ltr'>lib.</span> <span class='ocrx_word' id='word_1_1928' title='bbox 2069 3302 2092 3322; x_wconf 89' lang='lat'>1.</span> <span class='ocrx_word' id='word_1_1929' title='bbox 2115 3293 2150 3322; x_wconf 91' lang='lat' dir='ltr'>de</span> <span class='ocrx_word' id='word_1_1930' title='bbox 2165 3293 2230 3324; x_wconf 84' lang='lat' dir='ltr'>Nat.</span> <span class='ocrx_word' id='word_1_1931' title='bbox 2249 3294 2333 3325; x_wconf 84' lang='lat' dir='ltr'>Deor.</span> <span class='ocrx_word' id='word_1_1932' title='bbox 2359 3305 2422 3330; x_wconf 78' lang='lat'>109.</span> 
     </span>
     <span class='ocr_line' id='line_1_188' title="bbox 1297 3329 2424 3370; baseline 0.005 -12"><span class='ocrx_word' id='word_1_1933' title='bbox 1297 3329 1376 3367; x_wconf 91' lang='lat' dir='ltr'>Quid</span> <span class='ocrx_word' id='word_1_1934' title='bbox 1391 3331 1466 3367; x_wconf 89' lang='lat' dir='ltr'>quod</span> <span class='ocrx_word' id='word_1_1935' title='bbox 1489 3341 1581 3360; x_wconf 82' lang='lat' dir='ltr'>earum</span> <span class='ocrx_word' id='word_1_1936' title='bbox 1597 3341 1705 3366; x_wconf 86' lang='lat' dir='ltr'>reruni,</span> <span class='ocrx_word' id='word_1_1937' title='bbox 1728 3331 1794 3367; x_wconf 57' lang='lat' dir='ltr'>qud</span> <span class='ocrx_word' id='word_1_1938' title='bbox 1805 3340 1948 3368; x_wconf 88' lang='lat' dir='ltr'>nunquam</span> <span class='ocrx_word' id='word_1_1939' title='bbox 1969 3331 2085 3360; x_wconf 85' lang='lat' dir='ltr'>omnino</span> <span class='ocrx_word' id='word_1_1940' title='bbox 2107 3331 2220 3361; x_wconf 87' lang='lat' dir='ltr'>fuerunt</span> <span class='ocrx_word' id='word_1_1941' title='bbox 2231 3354 2239 3366; x_wconf 87' lang='lat'>,</span> <span class='ocrx_word' id='word_1_1942' title='bbox 2261 3343 2352 3370; x_wconf 89' lang='lat' dir='ltr'>neque</span> <span class='ocrx_word' id='word_1_1943' title='bbox 2368 3334 2424 3363; x_wconf 74' lang='lat' dir='ltr'>esse</span> 
     </span>
     <span class='ocr_line' id='line_1_189' title="bbox 1297 3368 2427 3438; baseline 0.004 -41"><span class='ocrx_word' id='word_1_1944' title='bbox 1297 3372 1468 3438; x_wconf 48' lang='lat' dir='ltr'>potueruriltfzi</span> <span class='ocrx_word' id='word_1_1945' title='bbox 1492 3369 1648 3406; x_wconf 72' lang='lat' dir='ltr'>utScyllae,</span> <span class='ocrx_word' id='word_1_1946' title='bbox 1670 3376 1700 3399; x_wconf 90' lang='lat' dir='ltr'>ut</span> <span class='ocrx_word' id='word_1_1947' title='bbox 1711 3369 1875 3398; x_wconf 66' lang='lat' dir='ltr'>Chimaerae?</span> <span class='ocrx_word' id='word_1_1948' title='bbox 1916 3368 2026 3399; x_wconf 84' lang='lat' dir='ltr'>Servius</span> <span class='ocrx_word' id='word_1_1949' title='bbox 2037 3368 2181 3408; x_wconf 80' lang='lat' dir='ltr'>explicans</span> <span class='ocrx_word' id='word_1_1950' title='bbox 2199 3370 2281 3401; x_wconf 90' lang='lat' dir='ltr'>illum</span> <span class='ocrx_word' id='word_1_1951' title='bbox 2299 3371 2371 3409; x_wconf 87' lang='lat' dir='ltr'>Virg.</span> <span class='ocrx_word' id='word_1_1952' title='bbox 2384 3372 2427 3401; x_wconf 86' lang='lat' dir='ltr'>lo-</span> 
     </span>
    </p>

    <p class='ocr_par' dir='ltr' id='par_1_63' title="bbox 1318 3408 1569 3441">
     <span class='ocr_line' id='line_1_190' title="bbox 1318 3408 1569 3441; baseline 0 -5"><span class='ocrx_word' id='word_1_1953' title='bbox 1318 3415 1384 3436; x_wconf 85' lang='lat' dir='ltr'>cum</span> <span class='ocrx_word' id='word_1_1954' title='bbox 1395 3411 1421 3436; x_wconf 86' lang='lat'>⁶.</span> <span class='ocrx_word' id='word_1_1955' title='bbox 1456 3408 1492 3436; x_wconf 81' lang='grc' dir='ltr'>ἠ.</span> <span class='ocrx_word' id='word_1_1956' title='bbox 1505 3413 1569 3441; x_wconf 69' lang='lat'>288.</span> 
     </span>
    </p>

    <p class='ocr_par' dir='ltr' id='par_1_64' title="bbox 1298 3439 2425 3702">
     <span class='ocr_line' id='line_1_191' title="bbox 1493 3439 2423 3483; baseline 0.003 -10"><span class='ocrx_word' id='word_1_1957' title='bbox 1493 3460 1530 3465; x_wconf 85' lang='lat'>—</span> <span class='ocrx_word' id='word_1_1958' title='bbox 1543 3444 1713 3480; x_wconf 82' lang='lat' dir='ltr'>flammisque</span> <span class='ocrx_word' id='word_1_1959' title='bbox 1725 3450 1827 3473; x_wconf 84' lang='lat' dir='ltr'>armata</span> <span class='ocrx_word' id='word_1_1960' title='bbox 1838 3442 1984 3473; x_wconf 84' lang='lat' dir='ltr'>Chimaera.</span> <span class='ocrx_word' id='word_1_1961' title='bbox 2065 3439 2175 3474; x_wconf 80' lang='lat' dir='ltr'>Revera</span> <span class='ocrx_word' id='word_1_1962' title='bbox 2189 3445 2320 3483; x_wconf 88' lang='lat' dir='ltr'>(inquit)</span> <span class='ocrx_word' id='word_1_1963' title='bbox 2341 3456 2423 3477; x_wconf 90' lang='lat' dir='ltr'>mons</span> 
     </span>
     <span class='ocr_line' id='line_1_192' title="bbox 1298 3481 2425 3519; baseline 0.002 -8"><span class='ocrx_word' id='word_1_1964' title='bbox 1298 3481 1338 3511; x_wconf 87' lang='lat' dir='ltr'>est</span> <span class='ocrx_word' id='word_1_1965' title='bbox 1351 3481 1442 3519; x_wconf 83' lang='lat' dir='ltr'>Lyciae</span> <span class='ocrx_word' id='word_1_1966' title='bbox 1454 3505 1461 3518; x_wconf 88' lang='lat'>,</span> <span class='ocrx_word' id='word_1_1967' title='bbox 1489 3483 1661 3517; x_wconf 80' lang='lat' dir='ltr'>cuiushodie</span> <span class='ocrx_word' id='word_1_1968' title='bbox 1671 3482 1748 3511; x_wconf 77' lang='lat' dir='ltr'>ardet</span> <span class='ocrx_word' id='word_1_1969' title='bbox 1758 3490 1912 3517; x_wconf 69' lang='lat' dir='ltr'>cacumew,</span> <span class='ocrx_word' id='word_1_1970' title='bbox 1932 3482 2010 3516; x_wconf 68' lang='lat' dir='ltr'>juxta</span> <span class='ocrx_word' id='word_1_1971' title='bbox 2027 3483 2102 3518; x_wconf 90' lang='lat' dir='ltr'>quod</span> <span class='ocrx_word' id='word_1_1972' title='bbox 2123 3483 2185 3512; x_wconf 88' lang='lat' dir='ltr'>sunt</span> <span class='ocrx_word' id='word_1_1973' title='bbox 2195 3483 2308 3513; x_wconf 84' lang='lat' dir='ltr'>leones:</span> <span class='ocrx_word' id='word_1_1974' title='bbox 2330 3486 2425 3514; x_wconf 84' lang='lat' dir='ltr'>media</span> 
     </span>
     <span class='ocr_line' id='line_1_193' title="bbox 1300 3518 2424 3558; baseline 0 -9"><span class='ocrx_word' id='word_1_1975' title='bbox 1300 3527 1394 3549; x_wconf 86' lang='lat' dir='ltr'>autem</span> <span class='ocrx_word' id='word_1_1976' title='bbox 1405 3521 1504 3558; x_wconf 77' lang='lat' dir='ltr'>pascua</span> <span class='ocrx_word' id='word_1_1977' title='bbox 1514 3519 1591 3549; x_wconf 88' lang='lat' dir='ltr'>sunt:</span> <span class='ocrx_word' id='word_1_1978' title='bbox 1617 3521 1748 3549; x_wconf 69' lang='lat' dir='ltr'>iiiia-sero</span> <span class='ocrx_word' id='word_1_1979' title='bbox 1760 3519 1863 3548; x_wconf 86' lang='lat' dir='ltr'>montis</span> <span class='ocrx_word' id='word_1_1980' title='bbox 1875 3541 1882 3554; x_wconf 84' lang='lat'>,</span> <span class='ocrx_word' id='word_1_1981' title='bbox 1905 3518 2078 3556; x_wconf 86' lang='lat' dir='ltr'>serpentibus</span> <span class='ocrx_word' id='word_1_1982' title='bbox 2093 3520 2187 3558; x_wconf 85' lang='lat' dir='ltr'>plena.</span> <span class='ocrx_word' id='word_1_1983' title='bbox 2229 3522 2313 3551; x_wconf 86' lang='lat' dir='ltr'>Hunc</span> <span class='ocrx_word' id='word_1_1984' title='bbox 2334 3522 2424 3552; x_wconf 78' lang='lat' dir='ltr'>Bene.</span> 
     </span>
     <span class='ocr_line' id='line_1_194' title="bbox 1299 3556 2422 3596; baseline 0.002 -9"><span class='ocrx_word' id='word_1_1985' title='bbox 1299 3559 1410 3596; x_wconf 81' lang='lat' dir='ltr'>rophon</span> <span class='ocrx_word' id='word_1_1986' title='bbox 1421 3558 1600 3587; x_wconf 75' lang='lat' dir='ltr'>habitabilem</span> <span class='ocrx_word' id='word_1_1987' title='bbox 1610 3558 1676 3586; x_wconf 72' lang='lat' dir='ltr'>fecit</span> <span class='ocrx_word' id='word_1_1988' title='bbox 1686 3579 1693 3591; x_wconf 85' lang='lat'>,</span> <span class='ocrx_word' id='word_1_1989' title='bbox 1717 3557 1792 3586; x_wconf 87' lang='lat' dir='ltr'>unde</span> <span class='ocrx_word' id='word_1_1990' title='bbox 1803 3556 1966 3586; x_wconf 77' lang='lat' dir='ltr'>Chimaeram</span> <span class='ocrx_word' id='word_1_1991' title='bbox 1978 3558 2082 3587; x_wconf 83' lang='lat' dir='ltr'>dicitur</span> <span class='ocrx_word' id='word_1_1992' title='bbox 2093 3558 2232 3588; x_wconf 85' lang='lat' dir='ltr'>occidisse.</span> <span class='ocrx_word' id='word_1_1993' title='bbox 2257 3559 2324 3588; x_wconf 85' lang='lat' dir='ltr'>Plin.</span> <span class='ocrx_word' id='word_1_1994' title='bbox 2335 3560 2384 3589; x_wconf 89' lang='lat' dir='ltr'>lib.</span> <span class='ocrx_word' id='word_1_1995' title='bbox 2396 3570 2422 3590; x_wconf 91' lang='lat'>2.</span> 
     </span>
     <span class='ocr_line' id='line_1_195' title="bbox 1300 3594 2425 3634; baseline -0.001 -10"><span class='ocrx_word' id='word_1_1996' title='bbox 1300 3605 1362 3634; x_wconf 81' lang='lat' dir='ltr'>cap.</span> <span class='ocrx_word' id='word_1_1997' title='bbox 1377 3602 1437 3625; x_wconf 82' lang='lat'>106.</span> <span class='ocrx_word' id='word_1_1998' title='bbox 1460 3596 1565 3632; x_wconf 77' lang='lat' dir='ltr'>Flagrat</span> <span class='ocrx_word' id='word_1_1999' title='bbox 1577 3596 1604 3623; x_wconf 91' lang='lat' dir='ltr'>in</span> <span class='ocrx_word' id='word_1_2000' title='bbox 1616 3594 1755 3624; x_wconf 79' lang='lat' dir='ltr'>Phaselide</span> <span class='ocrx_word' id='word_1_2001' title='bbox 1766 3603 1848 3623; x_wconf 87' lang='lat' dir='ltr'>mons</span> <span class='ocrx_word' id='word_1_2002' title='bbox 1860 3594 1995 3624; x_wconf 64' lang='lat' dir='ltr'>Chimaera</span> <span class='ocrx_word' id='word_1_2003' title='bbox 2007 3617 2014 3629; x_wconf 89' lang='lat'>,</span> <span class='ocrx_word' id='word_1_2004' title='bbox 2038 3596 2064 3624; x_wconf 73' lang='lat' dir='ltr'>Sc</span> <span class='ocrx_word' id='word_1_2005' title='bbox 2075 3596 2190 3633; x_wconf 85' lang='lat' dir='ltr'>quidem</span> <span class='ocrx_word' id='word_1_2006' title='bbox 2200 3597 2352 3626; x_wconf 86' lang='lat' dir='ltr'>immortali</span> <span class='ocrx_word' id='word_1_2007' title='bbox 2366 3598 2425 3627; x_wconf 91' lang='lat' dir='ltr'>die.</span> 
     </span>
     <span class='ocr_line' id='line_1_196' title="bbox 1299 3632 2422 3672; baseline 0.003 -9"><span class='ocrx_word' id='word_1_2008' title='bbox 1299 3633 1351 3663; x_wconf 86' lang='lat' dir='ltr'>bus</span> <span class='ocrx_word' id='word_1_2009' title='bbox 1362 3636 1387 3664; x_wconf 68' lang='grc' dir='ltr'><strong>ἃ</strong></span> <span class='ocrx_word' id='word_1_2010' title='bbox 1399 3634 1527 3663; x_wconf 55' lang='lat' dir='ltr'>nostibus</span> <span class='ocrx_word' id='word_1_2011' title='bbox 1539 3633 1659 3662; x_wconf 83' lang='lat' dir='ltr'>flamma.</span> <span class='ocrx_word' id='word_1_2012' title='bbox 1701 3632 1797 3669; x_wconf 81' lang='lat' dir='ltr'>ignem</span> <span class='ocrx_word' id='word_1_2013' title='bbox 1810 3633 1869 3668; x_wconf 80' lang='lat' dir='ltr'>ejus</span> <span class='ocrx_word' id='word_1_2014' title='bbox 1878 3633 1993 3672; x_wconf 80' lang='lat' dir='ltr'>accendi</span> <span class='ocrx_word' id='word_1_2015' title='bbox 2006 3642 2076 3670; x_wconf 86' lang='lat' dir='ltr'>aqua</span> <span class='ocrx_word' id='word_1_2016' title='bbox 2091 3655 2100 3669; x_wconf 86' lang='lat'>,</span> <span class='ocrx_word' id='word_1_2017' title='bbox 2119 3634 2248 3672; x_wconf 57' lang='lat' dir='ltr'>extingei</span> <span class='ocrx_word' id='word_1_2018' title='bbox 2257 3645 2321 3666; x_wconf 84' lang='lat' dir='ltr'>vero</span> <span class='ocrx_word' id='word_1_2019' title='bbox 2332 3643 2403 3665; x_wconf 84' lang='lat' dir='ltr'>terra</span> <span class='ocrx_word' id='word_1_2020' title='bbox 2412 3657 2422 3672; x_wconf 85' lang='lat'><strong>‚</strong></span> 
     </span>
     <span class='ocr_line' id='line_1_197' title="bbox 1298 3670 1778 3702; baseline -0.006 -1"><span class='ocrx_word' id='word_1_2021' title='bbox 1298 3679 1347 3702; x_wconf 81' lang='lat' dir='ltr'>aut</span> <span class='ocrx_word' id='word_1_2022' title='bbox 1355 3672 1432 3700; x_wconf 87' lang='lat' dir='ltr'>foeno</span> <span class='ocrx_word' id='word_1_2023' title='bbox 1444 3671 1561 3700; x_wconf 84' lang='lat' dir='ltr'>Gnidius</span> <span class='ocrx_word' id='word_1_2024' title='bbox 1573 3670 1673 3700; x_wconf 76' lang='lat' dir='ltr'>Ctesias</span> <span class='ocrx_word' id='word_1_2025' title='bbox 1685 3670 1778 3698; x_wconf 81' lang='lat' dir='ltr'>tradit.</span> 
     </span>
    </p>

    <p class='ocr_par' dir='ltr' id='par_1_65' title="bbox 1298 3705 2249 3780">
     <span class='ocr_line' id='line_1_198' title="bbox 1298 3705 2249 3747; baseline -0.001 -8"><span class='ocrx_word' id='word_1_2026' title='bbox 1298 3709 1591 3746; x_wconf 68' lang='lat' dir='ltr'>Fiammarn&#39;spirantes</span> <span class='ocrx_word' id='word_1_2027' title='bbox 1602 3718 1649 3737; x_wconf 87' lang='lat' dir='ltr'>ore</span> <span class='ocrx_word' id='word_1_2028' title='bbox 1663 3714 1734 3736; x_wconf 86' lang='lat' dir='ltr'>tetro</span> <span class='ocrx_word' id='word_1_2029' title='bbox 1746 3705 1898 3736; x_wconf 78' lang='lat' dir='ltr'>Chiniaerae.</span> <span class='ocrx_word' id='word_1_2030' title='bbox 1921 3706 2030 3738; x_wconf 73' lang='lat' dir='ltr'>Luc-ret.</span> <span class='ocrx_word' id='word_1_2031' title='bbox 2043 3707 2092 3738; x_wconf 89' lang='lat' dir='ltr'>lib.</span> <span class='ocrx_word' id='word_1_2032' title='bbox 2102 3716 2128 3739; x_wconf 84' lang='lat'>2.</span> <span class='ocrx_word' id='word_1_2033' title='bbox 2143 3717 2209 3747; x_wconf 70' lang='lat'>704.</span> <span class='ocrx_word' id='word_1_2034' title='bbox 2239 3709 2249 3747; x_wconf 68' lang='grc' dir='ltr'><em>Ι</em></span> 
     </span>
     <span class='ocr_line' id='line_1_199' title="bbox 1298 3745 1932 3780; baseline -0.003 -4"><span class='ocrx_word' id='word_1_2035' title='bbox 1298 3747 1464 3778; x_wconf 73' lang='lat' dir='ltr'>Tremendae</span> <span class='ocrx_word' id='word_1_2036' title='bbox 1476 3747 1594 3775; x_wconf 75' lang='lat' dir='ltr'>flamma.</span> <span class='ocrx_word' id='word_1_2037' title='bbox 1618 3745 1683 3774; x_wconf 51' lang='lat' dir='ltr'>Hor.</span> <span class='ocrx_word' id='word_1_2038' title='bbox 1699 3757 1717 3780; x_wconf 90' lang='lat'>4</span> <span class='ocrx_word' id='word_1_2039' title='bbox 1742 3746 1836 3773; x_wconf 84' lang='lat' dir='ltr'>Carm.</span> <span class='ocrx_word' id='word_1_2040' title='bbox 1849 3754 1874 3774; x_wconf 88' lang='lat'>2.</span> <span class='ocrx_word' id='word_1_2041' title='bbox 1891 3749 1932 3774; x_wconf 89' lang='lat'>16.</span> 
     </span>
    </p>

    <p class='ocr_par' dir='ltr' id='par_1_66' title="bbox 1298 3782 2046 3820">
     <span class='ocr_line' id='line_1_200' title="bbox 1298 3782 2046 3820; baseline -0.001 -5"><span class='ocrx_word' id='word_1_2042' title='bbox 1298 3785 1420 3815; x_wconf 80' lang='lat' dir='ltr'>AEtnaeos</span> <span class='ocrx_word' id='word_1_2043' title='bbox 1430 3784 1525 3813; x_wconf 86' lang='lat' dir='ltr'>efflans</span> <span class='ocrx_word' id='word_1_2044' title='bbox 1534 3783 1660 3812; x_wconf 82' lang='lat' dir='ltr'>saucibus</span> <span class='ocrx_word' id='word_1_2045' title='bbox 1676 3784 1760 3819; x_wconf 73' lang='lat' dir='ltr'>ignes.</span> <span class='ocrx_word' id='word_1_2046' title='bbox 1782 3782 1856 3819; x_wconf 85' lang='lat' dir='ltr'>Virg.</span> <span class='ocrx_word' id='word_1_2047' title='bbox 1868 3791 1892 3819; x_wconf 82' lang='lat'>7.</span> <span class='ocrx_word' id='word_1_2048' title='bbox 1908 3783 1969 3813; x_wconf 67' lang='lat' dir='ltr'>liin.</span> <span class='ocrx_word' id='word_1_2049' title='bbox 1982 3792 2046 3820; x_wconf 83' lang='lat'>302.</span> 
     </span>
    </p>

    <p class='ocr_par' dir='ltr' id='par_1_67' title="bbox 1297 3820 1874 3860">
     <span class='ocr_line' id='line_1_201' title="bbox 1297 3820 1874 3860; baseline -0.007 -8"><span class='ocrx_word' id='word_1_2050' title='bbox 1297 3823 1388 3858; x_wconf 64' lang='lat' dir='ltr'>laneae</span> <span class='ocrx_word' id='word_1_2051' title='bbox 1401 3822 1516 3860; x_wconf 82' lang='lat' dir='ltr'>spii-itus.</span> <span class='ocrx_word' id='word_1_2052' title='bbox 1541 3821 1609 3850; x_wconf 88' lang='lat' dir='ltr'>Hor.</span> <span class='ocrx_word' id='word_1_2053' title='bbox 1624 3831 1647 3850; x_wconf 87' lang='lat'>2.</span> <span class='ocrx_word' id='word_1_2054' title='bbox 1662 3820 1753 3849; x_wconf 79' lang='lat' dir='ltr'>Carni.</span> <span class='ocrx_word' id='word_1_2055' title='bbox 1772 3829 1814 3856; x_wconf 86' lang='lat'>17.</span> <span class='ocrx_word' id='word_1_2056' title='bbox 1832 3829 1874 3855; x_wconf 86' lang='lat'>13.</span> 
     </span>
    </p>

    <p class='ocr_par' dir='ltr' id='par_1_68' title="bbox 1296 3852 2359 4001">
     <span class='ocr_line' id='line_1_202' title="bbox 1297 3852 2359 3899; baseline 0.002 -10"><span class='ocrx_word' id='word_1_2057' title='bbox 1297 3852 1434 3890; x_wconf 66' lang='lat' dir='ltr'>Chimaera</span> <span class='ocrx_word' id='word_1_2058' title='bbox 1445 3859 1556 3888; x_wconf 88' lang='lat' dir='ltr'>estitem</span> <span class='ocrx_word' id='word_1_2059' title='bbox 1566 3881 1574 3893; x_wconf 86' lang='lat'>,</span> <span class='ocrx_word' id='word_1_2060' title='bbox 1597 3859 1680 3888; x_wconf 74' lang='lat' dir='ltr'>Navis</span> <span class='ocrx_word' id='word_1_2061' title='bbox 1693 3867 1797 3887; x_wconf 86' lang='lat' dir='ltr'>nomen</span> <span class='ocrx_word' id='word_1_2062' title='bbox 1807 3858 1882 3896; x_wconf 87' lang='lat' dir='ltr'>apud</span> <span class='ocrx_word' id='word_1_2063' title='bbox 1895 3857 1969 3897; x_wconf 82' lang='lat' dir='ltr'>Virg.</span> <span class='ocrx_word' id='word_1_2064' title='bbox 1981 3870 2004 3897; x_wconf 82' lang='grc' dir='ltr'>ς.</span> <span class='ocrx_word' id='word_1_2065' title='bbox 2020 3860 2082 3891; x_wconf 77' lang='lat' dir='ltr'>ffin.</span> <span class='ocrx_word' id='word_1_2066' title='bbox 2095 3865 2157 3897; x_wconf 82' lang='lat'>118.</span> <span class='ocrx_word' id='word_1_2067' title='bbox 2178 3860 2226 3892; x_wconf 89' lang='lat' dir='ltr'>Sil.</span> <span class='ocrx_word' id='word_1_2068' title='bbox 2243 3872 2283 3899; x_wconf 87' lang='lat'>14.</span> <span class='ocrx_word' id='word_1_2069' title='bbox 2295 3866 2359 3898; x_wconf 82' lang='lat'>498.</span> 
     </span>
     <span class='ocr_line' id='line_1_203' title="bbox 1296 3896 1827 3934; baseline -0.004 -7"><span class='ocrx_word' id='word_1_2070' title='bbox 1296 3898 1398 3934; x_wconf 87' lang='lat' dir='ltr'>Ingens</span> <span class='ocrx_word' id='word_1_2071' title='bbox 1406 3897 1550 3926; x_wconf 71' lang='lat' dir='ltr'>Chimaera.</span> <span class='ocrx_word' id='word_1_2072' title='bbox 1575 3896 1643 3934; x_wconf 85' lang='lat' dir='ltr'>Virg.</span> <span class='ocrx_word' id='word_1_2073' title='bbox 1659 3907 1681 3929; x_wconf 82' lang='grc' dir='ltr'>ς.</span> <span class='ocrx_word' id='word_1_2074' title='bbox 1694 3896 1827 3932; x_wconf 70' lang='grc' dir='ltr'>ῘΕῃ.2η.</span> 
     </span>
     <span class='ocr_line' id='line_1_204' title="bbox 1296 3934 1830 4001; baseline -0.007 -34"><span class='ocrx_word' id='word_1_2075' title='bbox 1296 3935 1408 3973; x_wconf 67' lang='lat' dir='ltr'>ingenti</span> <span class='ocrx_word' id='word_1_2076' title='bbox 1418 3935 1502 3966; x_wconf 87' lang='lat' dir='ltr'>mole.</span> <span class='ocrx_word' id='word_1_2077' title='bbox 1524 3934 1594 3974; x_wconf 82' lang='lat' dir='ltr'>Virg.</span> <span class='ocrx_word' id='word_1_2078' title='bbox 1610 3945 1633 3972; x_wconf 81' lang='grc' dir='ltr'>ς.</span> <span class='ocrx_word' id='word_1_2079' title='bbox 1645 3934 1708 3969; x_wconf 73' lang='lat' dir='ltr'>AEn.</span> <span class='ocrx_word' id='word_1_2080' title='bbox 1722 3939 1784 3968; x_wconf 83' lang='lat'>118.</span> <span class='ocrx_word' id='word_1_2081' title='bbox 1804 3970 1830 4001; x_wconf 72' lang='lat' dir='ltr'>R</span> 
     </span>
    </p>

    <p class='ocr_par' dir='ltr' id='par_1_69' title="bbox 1838 3978 1904 4009">
     <span class='ocr_line' id='line_1_205' title="bbox 1838 3978 1904 4009; baseline 0 -7"><span class='ocrx_word' id='word_1_2082' title='bbox 1838 3981 1849 4002; x_wconf 86' lang='lat' dir='ltr'>t</span> <span class='ocrx_word' id='word_1_2083' title='bbox 1859 3981 1871 4002; x_wconf 82' lang='lat' dir='ltr'>r</span> <span class='ocrx_word' id='word_1_2084' title='bbox 1892 3978 1904 4009; x_wconf 87' lang='lat'>3</span> 
     </span>
    </p>
   </div>
   <div class='ocr_carea' id='block_1_18' title="bbox 2280 3972 2422 4002">
    <p class='ocr_par' dir='ltr' id='par_1_70' title="bbox 2280 3972 2422 4002">
     <span class='ocr_line' id='line_1_206' title="bbox 2280 3972 2422 4002; baseline -0.014 0"><span class='ocrx_word' id='word_1_2085' title='bbox 2280 3972 2422 4002; x_wconf 68' lang='lat' dir='ltr'>CHiMAE-</span> 
     </span>
    </p>
   </div>
  </div>
 </body>
</html>
