2641 4187
909 109 923 117 ι

472 133 500 169 A
600 132 630 167 C
725 133 761 168 H

42 224 327 254 ΑοΗΑιιΝεΝςις,
352 218 440 248 Idem.
475 213 661 244 Acharnenfes
689 213 809 248 Α’χᾱξνεῒς
839 213 1026 251 Aristophanis
1054 215 1202 244 Comoedia

78 259 223 298 appellata.
355 293 361 297 ι
446 291 451 296 .
649 288 654 293 ,
847 289 851 292 ⁴
936 289 941 293 .

43 299 88 328 Ac
99 308 117 325 Η
128 307 145 325 A
155 307 170 325 R
181 307 200 325 N
212 307 235 328 n,
255 295 273 323 f.
297 292 376 322 Piscis
386 299 507 320 marmus
519 286 751 326 prztstanuslimus
761 309 769 321 ,
792 296 900 324 capitur
918 298 989 318 cuca
1004 289 1105 318 JEnum
1117 290 1205 319 Thra-

81 335 139 364 ciae.
169 334 258 360 Αἰνεεῠς
280 329 402 366 ἔχειξιῶυ
425 328 499 365 apud
527 326 689 358 Athanoeum
714 335 739 361 7.
767 335 791 360 9.
820 326 906 362 princ.
936 336 970 355 ex
989 326 1083 356 Calliae
1107 327 1206 364 Cyclo.

81 373 171 410 pibus.
196 370 320 404 Plin.32.
349 377 391 395 11.
418 366 456 394 est
479 365 591 393 Aczirne.

45 411 91 442 Ac
101 414 172 438 HKT
182 418 225 441 its,
244 416 274 435 ze.
292 407 306 441 [
321 405 422 437 Α’χαὶτκς
435 404 449 438 ]
470 403 581 431 Nomen
592 400 735 438 proprium
747 401 858 429 comitls
869 400 971 435 IEncoe,
986 401 1042 437 qui,
1066 402 1132 430 teste
1147 402 1207 431 Ser-

78 448 125 477 vio
141 468 148 480 ,
169 440 526 474 a1blicitudinedicrusest.
558 439 686 468 Diximus
702 437 910 475 (inquithuaeri
921 448 969 467 cur
981 439 1097 468 Achates
1112 440 1206 468 ll-lncae

84 486 115 514 {it
125 492 218 512 comes
232 484 283 511 Sec.
296 480 396 509 melius
405 484 498 508 tannen
508 477 562 505 hoc
573 476 684 512 fingitur
696 479 852 504 uttractum
863 486 965 504 nomen
977 477 1008 505 {it
1019 487 1034 505 a
1045 478 1138 505 Graeca
1149 484 1209 514 oty-

81 521 219 557 mologia,
241 519 279 551 13³2<
288 523 311 547 G*
338 517 414 546 enim
435 516 535 544 dicitur
552 513 716 548 solicitudO,
738 523 798 549 qua:
818 523 913 550 regum
935 513 1087 552 semperest
1102 524 1205 547 eomes,

82 557 206 591 Haecille
219 579 227 593 ,
254 553 576 591 illudVirgiliienarrans
590 574 597 585 ,
618 551 664 580 lib.
684 561 706 580 1.
721 550 785 580 AEn.
801 559 860 585 312,

209 611 246 617 -ψ
266 593 322 630 ipse
341 602 399 621 uno
424 591 545 629 graditur
563 590 712 618 comitatus
739 588 851 617 Achate.

84 634 159 665 Alius
179 633 217 663 est
235 632 350 661 Achates
365 630 400 658 (le
423 639 479 666 quo
507 627 605 657 Auson.
622 625 702 663 ldyll.
731 637 771 655 10.
798 630 859 661 316.

101 688 107 692 *
149 672 166 701 S
189 672 239 699 irat
257 669 332 698 enim
353 668 418 696 tecti
439 666 576 696 testudine
595 665 682 693 Corus
702 664 826 693 Achates.

84 709 138 740 Ubi
165 681 282 738 Achates
297 706 407 735 videtur
430 704 543 742 quidam
560 702 636 731 fuisse
659 712 742 739 quem
761 702 789 730 in
808 701 915 730 deliciis
939 702 1065 731 habuerit
1091 701 1208 732 Arfinoe.

102 747 137 776 Et
154 753 183 775 ut
200 745 310 774 Arsmoe
333 744 427 772 Venus
447 744 472 772 Sc
493 741 601 770 Chloris
619 740 834 776 cognominata,
870 740 907 768 ita
921 740 1037 770 Achates
1061 740 1147 769 Corus
1166 739 1211 768 vel

105 784 259 823 Zephvrus.
280 781 334 817 jos.
346 780 415 810 Scal.
435 791 456 809 1.
475 779 573 809 Auson.
599 778 673 807 Lecl.
685 789 710 813 4.

50 817 231 857 Aeni-eris,
247 830 284 849 m.
307 819 457 856 [ἀχάτης]
480 818 603 847 Gemma.
621 815 688 844 Plin.
710 814 758 843 lib.
777 823 819 851 37.
832 824 891 852 cap.
909 824 949 845 ιο,
983 815 1099 844 Achates
1113 824 1212 851 magna

85 861 139 891 fuit
150 859 333 891 authoritate,
366 857 484 886 nuncin
504 854 581 884 nulla
596 853 649 882 est:
678 853 796 890 Reperta
816 852 937 890 primum
957 853 985 881 in
1003 853 1112 887 Sicilia,
1133 853 1212 888 juxta

85 899 190 929 flumen
201 896 325 931 eiusdem
342 895 480 925 nominis:
504 892 596 930 postca
605 891 731 929 plurimis
753 890 839 924 locis,
870 891 1010 919 excedens
1026 890 1212 928 amplitudine

85 935 247 969 numerosa,
268 932 444 963 varietatibus
456 930 565 960 diverlis
587 929 759 957 mutantibus
769 928 937 964 cognomina
953 929 1020 961 eius.
1044 929 1091 958 ubi
1103 928 1213 957 videtur

86 974 141 1004 effe
155 973 262 1011 generis
274 971 422 1001 foeminini.
482 968 536 998 Sed
548 967 606 996 haze
627 967 762 1003 adjectiva
781 966 927 997 foeminina
938 967 1093 996 referuntur
1101 966 1145 1002 „ad
1156 966 1212 999 hoc

89 1021 195 1044 nomen
218 1011 334 1040 Gemma
347 1007 531 1038 subauditum.

89 1050 207 1084 ‚Achates
218 1071 227 1084 ,
247 1046 372 1077 Annulus
384 1046 486 1076 dicitur
496 1066 504 1079 ,
529 1043 575 1080 qui
590 1043 708 1073 minimo
723 1042 810 1078 digito
821 1041 936 1077 gestatur
952 1052 958 1071 :
980 1053 1035 1080 quo
1047 1052 1112 1071 vero
1124 1041 1214 1071 index

107 1094 237 1123 ornatur,
252 1086 407 1116 coriannos.
444 1081 535 1111 Latini
547 1088 640 1109 autem
652 1080 720 1110 levis
729 1080 848 1108 materia·
863 1079 998 1109 annulum
1009 1103 1016 1115 ,
1038 1081 1084 1118 qui
1095 1081 1214 1111 minimo

108 1125 225 1165 gestatur
236 1147 244 1161 ,
265 1123 386 1154 aestivum
394 1125 567 1157 nuncupant.
591 1117 665 1148 Alex.
675 1118 708 1147 ab
722 1117 798 1148 Alex.
810 1117 855 1147 lib.
869 1128 891 1153 ς.
914 1128 974 1156 cap.
988 1118 1037 1148 ult.

53 1164 229 1196 Aeni-001<
241 1172 296 1195 us,
318 1160 348 1189 V.
372 1166 597 1187 ecussnoaus.

53 1203 128 1233 Aen
138 1206 200 1232 Ett‘)
210 1210 259 1235 os,
282 1199 295 1235 [
310 1196 445 1231 Α’χελωός]
466 1195 541 1233 Epiri
556 1194 656 1228 fluvius
668 1216 676 1228 ,
696 1204 711 1222 a
725 1193 814 1222 Pindo
828 1198 924 1221 monte
947 1192 1036 1222 fluens
1047 1215 1054 1228 ‚
1073 1194 1120 1231 qui
1136 1195 1216 1224 Acar.

91 1241 202 1274 naniam
211 1237 245 1268 ab
252 1235 350 1267 AEtolis
359 1234 478 1263 dividit:
510 1232 606 1263 Thoas
616 1232 692 1270 prius
702 1239 816 1261 vocatus
834 1240 849 1259 a
868 1230 1025 1260 celeritate:
1047 1241 1151 1261 nomen
1166 1232 1215 1261 sub

89 1277 212 1308 Acheloo
225 1284 288 1312 rege
298 1272 425 1307 mutavit,
436 1272 483 1309 qui
493 1280 557 1300 cum
566 1269 724 1300 Alcmaeone
734 1279 749 1298 e
761 1268 899 1299 Thessalia
907 1269 1055 1306 profestus,
1066 1271 1141 1307 apud
1150 1280 1216 1301 eum

88 1315 222 1346 consedit.
273 1310 386 1342 Acheloi
405 1316 498 1339 autem
517 1308 600 1346 ipsius
622 1307 731 1338 AEtoliae
743 1329 751 1343 ,
782 1306 835 1336 sive
850 1305 923 1344 Epiri
942 1306 1064 1336 fluminis
1083 1308 1215 1344 fabulam,

89 1354 206 1385 Diodor.
218 1351 266 1380 lib.
290 1361 313 1386 ς.
329 1348 420 1380 ecfert.
445 1346 543 1377 Strabo
554 1356 665 1383 quoque
683 1345 730 1377 lib.
748 1355 789 1374 10.
807 1346 833 1374 δι
851 1344 933 1376 Ovid.
958 1355 982 1380 9.
1000 1344 1070 1375 Met.
1082 1357 1125 1383 95.
1139 1346 1214 1376 conf.

89 1391 182 1423 Barth.
201 1389 237 1421 ad
251 1387 341 1419 Theb.
357 1386 436 1419 Statii
447 1396 475 1423 p.
494 1388 558 1420 650-
602 1384 673 1421 Hug.
687 1383 762 1414 Grot.
775 1392 799 1412 2.
812 1382 847 1411 de
856 1381 921 1417 Jure
934 1382 1002 1411 Belli
1018 1384 1045 1412 Sc
1057 1384 1141 1419 Pacis,
1154 1394 1215 1421 cap.

93 1439 118 1466 3.
140 1440 167 1459 n.
184 1431 226 1457 16.
289 1426 331 1455 De
354 1425 470 1456 taurinis
486 1422 624 1452 Cornibus
643 1420 766 1451 Acheloo
791 1420 910 1451 tributis.
956 1420 986 1449 V.
1007 1421 1156 1458 Spanhem.
1181 1423 1218 1451 de

91 1467 148 1498 Usu
169 1464 290 1496 &Praest.
307 1463 392 1495 Num.
419 1461 485 1492 Diss'.
513 1470 538 1498 7.
563 1470 590 1499 p.
618 1470 684 1497 490.
724 1459 810 1489 Nunc
824 1457 908 1496 vulgo
932 1458 1033 1489 dicitur
1052 1459 1217 1496 Pachicolam,

92 1505 284 1534 Pachicolamus.

92 1542 247 1574 Acheloum
257 1540 365 1570 Oceani
382 1541 408 1569 ἃ
421 1538 547 1576 Tethyos
558 1536 637 1567 fuisse
648 1535 737 1566 filium
752 1534 837 1565 tradit
854 1534 883 1565 in
897 1533 1063 1573 Theogonia
1072 1535 1217 1570 Hesiodus,

92 1580 203 1614 AEtolus
224 1578 369 1608 Achelous.
394 1577 549 1614 Propertius
566 1575 613 1605 lib.
636 1585 662 1604 2.
678 1573 727 1603 Ele
748 1597 754 1603 .
765 1581 809 1617 34.
829 1581 871 1610 33.

169 1618 243 1648 Nam
263 1616 351 1647 rursus
366 1615 433 1645 licet
441 1614 525 1645 AEtoli
546 1613 645 1642 reseras
658 1612 731 1641 Ache
745 1621 773 1640 01

211 1654 337 1684 Fluxerit
346 1660 376 1683 ut
388 1663 489 1690 magno
498 1653 599 1681 fractus
616 1660 709 1681 amore
719 1649 818 1687 liquor.

96 1693 276 1733 Calydonius.
299 1692 382 1722 Ovid.
401 1697 426 1725 8.
447 1691 516 1723 Met.
533 1699 596 1727 727.

256 1747 293 1751 *-
311 1730 393 1759 nixus
408 1729 504 1758 cubito
526 1727 698 1766 Calydonius
716 1725 805 1756 amnis

169 1768 287 1799 Talibus
303 1767 460 1805 alloquitur.

95 1807 235 1839 Deformis
254 1816 350 1836 cornu.
372 1806 438 1835 Stat.
460 1815 484 1843 7.
503 1803 593 1833 Theb.
617 1813 682 1840 417.

260 1862 296 1865 —
316 1843 459 1873 Acheloon
477 1849 596 1879 utroque

172 1883 334 1912 Deformem
355 1891 442 1911 cornu
469 1890 553 1917 vagus
575 1878 725 1908 infamabat
743 1879 874 1908 Acarnan.

100 1921 291 1960 Naupactous.
312 1920 345 1951 Id
363 1920 419 1956 est,
440 1918 564 1953 AEtolus,
586 1928 602 1947 a
619 1918 765 1955 Naupacto
785 1917 853 1947 urbe
868 1915 987 1948 AEtoliae.
1011 1916 1094 1948 Ovid.
1107 1927 1133 1948 2.
1153 1916 1221 1949 Fast.

116 1970 149 1997 43
173 1997 380 2035 Amphiarai'des
400 1996 461 2026 Nau
485 1996 565 2025 aooo
581 1993 713 2023 Acheloo.

96 2036 249 2067 Turbidus.
273 2035 338 2064 Stat.
362 2045 387 2064 2.
405 2034 468 2064 The
489 2057 495 2062 .
519 2042 582 2070 732.

173 2073 315 2103 Turbidus
325 2072 446 2108 objectas
455 2070 592 2101 Achelous
606 2069 762 2099 Echinadas
778 2069 844 2098 exit.

99 2111 263 2179 Axcsheloush
268 2111 343 2149 apud
366 2117 473 2140 veteres
492 2108 655 2147 generaliter
669 2108 775 2145 Aquam
792 2107 968 2145 significabat.
1000 2106 1084 2136 Unde
1100 2107 1138 2137 est
1154 2106 1226 2137 illud

125 2160 166 2180 .1r
186 2160 226 2181 .1,.
265 2159 316 2180 eor
336 2172 343 2179 .
355 2159 381 2184 9.

168 2159 336 2224 gpoculaqu{
342 2187 465 2219 inventis
475 2184 606 2214 Acheloia
615 2183 725 2214 miscuit
733 2184 802 2213 uvis.
815 2183 848 2213 Id
857 2183 904 2219 est,
915 2184 1020 2221 Aquam
1030 2183 1140 2215 miscuit
1148 2183 1224 2213 vino.

102 2225 208 2255 Author
221 2226 330 2254 Servius
353 2234 388 2253 ex
400 2224 528 2262 Orpheo.
550 2221 677 2252 Macrob.
693 2231 805 2259 quoque
815 2221 863 2252 lib.
875 2233 898 2257 5.
920 2222 1028 2251 Saturn.
1045 2231 1104 2260 cap.
1121 2227 1161 2255 18.
1178 2222 1229 2250 do-

100 2264 233 2293 cethunc
249 2273 356 2294 morem
367 2262 503 2299 loquendi
525 2266 703 2328 pervagatum
720 2260 817 2296 fuiffe,
843 2266 875 2290 ut
887 2260 1043 2290 Acheloum
1064 2270 1115 2298 pro
1133 2260 1228 2297 quavis

103 2312 174 2339 aqua
188 2302 322 2336 dicerent,
340 2301 462 2338 citatque
475 2310 522 2329 mu
537 2308 629 2328 torum
638 2298 802 2328 testimonia.
844 2297 1073 2337 [Synecdochen
1086 2297 1140 2330 effe
1150 2298 1224 2330 Serv.

101 2340 197 2374 docet,
212 2345 243 2369 ut
258 2340 288 2369 in
302 2339 487 2369 antecedente
507 2336 574 2370 vers.

180 2377 332 2408 Chaoniam
352 2377 449 2414 pingui
471 2375 601 2413 glandem
621 2373 739 2403 mutavit
758 2373 843 2402 arista.

67 2415 288 2450 Acmnows,
309 2415 368 2451 Adj.
404 2413 489 2443 osseis.
513 2412 689 2449 [ἀχελώϊΘυ]
713 2411 796 2441 Ovid.
816 2415 857 2441 16.
874 2411 957 2449 Epist.
969 2414 1034 2449 265,

189 2453 228 2482 Ut
235 2454 309 2482 ferus
320 2425 429 2482 Alcides
447 2451 579 2481 Acheloia
592 2460 697 2482 cornua
707 2449 797 2487 fregit.

68 2491 324 2561 Affimtofnas,
353 2486 537 2526 [ammae]
568 2489 602 2518 Id
621 2488 676 2524 est,
701 2488 811 2518 Sirenes
844 2487 960 2518 Acheloi
988 2487 1060 2517 fih’ae.
1090 2488 1173 2519 Ovid.
1202 2499 1226 2525 5.

138 2536 174 2559 et.
203 2539 263 2566 552.

261 2586 308 2592 ---
326 2567 406 2597 vobis
423 2565 590 2597 Acheloides
610 2564 686 2594 unde

180 2604 291 2641 Pluma,
310 2605 453 2643 pedesque
475 2604 583 2638 avium,
608 2612 673 2632 cum
692 2602 806 2640 virginis
831 2612 878 2631 ora
897 2601 1018 2640 geratis?

72 2645 218 2711 AcMHELO
227 2654 236 2672 1
244 2646 261 2673 Ᾰ
268 2654 286 2672 D
296 2653 310 2672 Ε
319 2653 348 2679 s,
377 2640 582 2680 [ἀχελωὶκδες]
610 2640 723 2673 Eaedem
741 2650 802 2678 quae
826 2642 853 2670 ἃ
871 2639 1045 2671 Acheloides.
1080 2640 1165 2671 Ovid.
1187 2651 1230 2678 14,

142 2686 178 2711 et.
190 2687 232 2717 87·

184 2718 288 2754 Solvit,
312 2721 339 2749 Se
357 2717 527 2757 Hippotadae
546 2726 663 2754 regnum
678 2738 685 2751 ‚
719 2722 859 2753 terrasque
880 2715 983 2745 calenti

184 2756 322 2795 Sulphure
343 2757 481 2786 fumantes
496 2778 505 2792 ,
526 2754 783 2791 Acheloiadumque
807 2753 939 2791 relinquit

187 2795 315 2825 Sirenum
331 2795 477 2833 Scopulos.

76 2832 197 2863 Aeni-sc
207 2843 255 2867 us,
274 2833 291 2862 i.
313 2834 330 2869 [
339 2831 474 2868 Α’χηλῶι]
495 2833 609 2862 Nomen
617 2831 762 2870 proprium
775 2830 835 2860 viri.
857 2829 945 2860 Valer.
957 2830 1230 2869 FlacC.3.Argon.15.

185 2870 359 2940 lgmbrofium
368 2871 464 2901 Peleus
478 2893 486 2908 ‚
508 2871 652 2908 ingentem
660 2871 776 2899 Ancaeus
793 2867 929 2899 Achelum

210 2911 300 2940 ternit.

75 2947 258 2985 AcHEMON
268 2971 275 2983 ,
295 2947 349 2978 {ive
362 2948 468 2977 ACHM
478 2957 526 2977 on
540 2969 548 2982 ,
566 2945 698 2982 [Α’χεμὼν
708 2967 717 2980 ,
740 2940 754 2973 ir'
769 2943 884 2980 A’xuu‘m]
900 2943 978 2974 Unus
994 2944 1048 2973 suit
1065 2943 1233 2983 Cercopum,

114 2986 162 3022 qui
174 2996 231 3015 una
243 2996 308 3019 cum
318 2986 400 3015 fratre
411 2985 513 3016 Passalo
526 2984 606 3014 nullo
615 2993 673 3014 non
684 2982 846 3018 injuriarum
865 2992 965 3019 genere
975 2983 1003 3011 in
1024 2982 1138 3012 obvium
1150 2993 1236 3021 quen-

113 3033 169 3060 que
180 3023 408 3054 debacchabatur.
418 3023 501 3054 Hisce
509 3030 566 3053 erat
575 3029 662 3051 mater
670 3021 784 3050 nomine
795 3019 1045 3055 Sennonis,mulier
1051 3020 1237 3058 fatidica,quae

114 3061 187 3091 filios
197 3072 292 3092 cavere
303 3062 374 3097 iussit
386 3084 394 3097 ,
411 3072 447 3091 ne
457 3062 605 3100 quandoin
619 3059 829 3097 Meiampygum
839 3058 1004 3091 inciderent,
1016 3060 1067 3088 &Cn
1085 3058 1236 3096 Reliquum

113 3099 214 3131 fabulae
221 3101 285 3130 vide
294 3101 368 3138 apud
376 3099 477 3129 Erafin.
493 3101 523 3129 in
535 3098 662 3129 Proverb.
678 3098 721 3127 Ne
732 3098 762 3126 in
771 3095 984 3135 Melampygum
993 3096 1109 3126 incidas.

78 3138 152 3168 AcH
161 3148 175 3166 E
184 3148 200 3166 R
209 3149 217 3166 r
226 3148 247 3167 N
256 3149 275 3174 1,
298 3137 398 3176 Populi
424 3137 533 3167 Siciliae.
554 3137 614 3167 Cic.
637 3146 659 3171 3.
684 3136 759 3164 Verr.
779 3144 840 3172 170.

78 3176 126 3207 Ac
134 3185 154 3204 H
163 3186 178 3205 a
186 3186 201 3204 a
211 3187 220 3204 1
228 3186 247 3205 u
258 3186 279 3211 s,
298 3175 407 3210 Orator,
424 3182 551 3213 tempore
564 3174 674 3212 Augusti
689 3173 808 3208 Caesaris,
829 3172 874 3202 cui
886 3178 963 3202 tanta
972 3172 1103 3201 orationis
1113 3171 1238 3202 celeritas

115 3213 178 3248 fuit,
187 3215 253 3244 ut&
261 3214 361 3243 vitium
373 3213 459 3248 fieret,
473 3215 498 3243 ἃ
513 3214 648 3243 bratteata
661 3211 772 3241 Caesaris
783 3211 893 3248 Augusti
901 3210 1037 3241 sententia
1046 3210 1120 3239 adid
1130 3211 1239 3239 circun-

115 3251 218 3283 feratur
227 3274 236 3287 ,
257 3252 388 3283 Acherius
400 3250 720 3281 nostersufflaminandus
731 3249 778 3280 est.
815 3249 841 3280 Is
850 3259 915 3278 cum
927 3248 1089 3278 libertinum
1103 3258 1182 3277 reum
1192 3248 1240 3277 de-

117 3289 255 3324 fenderet,
270 3290 315 3319 cui
325 3289 508 3325 objiciebatur
517 3311 525 3325 ,
545 3289 622 3327 quod
632 3287 742 3327 patroni
755 3286 929 3317 concubinus
939 3286 1039 3321 fuisset,
1051 3286 1130 3321 dixit,
1146 3286 1240 3324 Impu-

115 3327 214 3360 dicitia
222 3329 252 3356 in
260 3329 383 3365 ingenuo
393 3327 500 3357 crimen
513 3327 561 3362 est,
570 3328 600 3356 in
612 3326 689 3356 servo
700 3324 844 3355 necessitas
855 3347 863 3361 ,
879 3326 910 3355 in
920 3324 1021 3354 liberto
1033 3324 1165 3354 officium.
1196 3324 1238 3355 Ex

118 3364 182 3395 Cael.
196 3365 244 3395 lib.
262 3366 352 3403 Antiq.
365 3365 440 3395 Lect.
455 3376 495 3402 15.
507 3375 567 3403 cap.
584 3375 626 3394 11.

83 3400 129 3432 Ac
137 3413 157 3432 H
165 3407 230 3435 ERf)
238 3415 247 3432 1
257 3414 270 3434 s
283 3426 292 3439 0
314 3404 369 3435 idis
380 3405 405 3433 ἃ
416 3404 488 3433 idos.
499 3403 517 3432 s.
532 3403 661 3439 [ἀχερᾶῑς
672 3404 687 3438 ]
704 3402 856 3441 Epitheton
870 3400 969 3439 populi
979 3400 1056 3429 albae.
1092 3399 1241 3433 Texebant

121 3441 134 3476 (
145 3442 183 3470 ait
192 3441 343 3471 Parrhasius
354 3442 384 3470 in
394 3441 492 3471 Claud.
505 3441 518 3477 )
538 3441 586 3470 fibi
596 3441 712 3471 Bacchae
721 3449 838 3473 coronas
854 3449 889 3468 ex
908 3438 969 3468 alba
979 3437 1096 3476 populo,
1121 3439 1197 3475 quod
1208 3449 1242 3468 ea

120 3479 200 3509 arbor
211 3480 318 3509 inferna
328 3479 495 3509 credebatur
506 3501 514 3514 ,
539 3481 564 3509 Sc
584 3485 591 3511 <
605 3486 637 3508 ut
649 3479 688 3508 ait
696 3477 897 3517 Harpocration
908 3477 920 3512 )
933 3477 1012 3512 juxta
1020 3477 1092 3514 ripas
1104 3477 1242 3506 Acheron-

121 3517 157 3547 tis
171 3523 260 3553 enata,
274 3527 364 3554 eoque
373 3517 406 3547 ab
420 3517 543 3547 Homero
551 3517 704 3548 Acheroida
719 3515 851 3555 appellari
859 3522 966 3552 putant.

85 3553 133 3584 Ac
141 3564 160 3583 H
168 3557 184 3584 ἒ
194 3565 234 3584 Ro
245 3565 275 3591 N,
286 3556 370 3585 ontis.
382 3565 418 3584 m.
435 3556 570 3592 [Α’χεςων]
585 3555 692 3584 Dicitur
708 3564 723 3583 a
733 3554 824 3592 poetis
834 3553 947 3583 Fluvius
957 3552 1118 3581 inferorum.
1131 3552 1241 3582 Servi-us

124 3598 217 3622 autem
226 3594 300 3633 apud
310 3593 381 3630 Virg.
394 3598 419 3623 6.
433 3593 495 3622 AEn.
515 3602 574 3629 107.
597 3592 690 3622 scribit
699 3592 794 3621 locum
814 3591 867 3620 effe
877 3592 906 3620 in
921 3590 1080 3627 Campania,
1099 3591 1242 3621 montibus

120 3629 230 3668 septum
240 3653 247 3666 ,
265 3631 336 3660 adeo
350 3639 383 3660 ut
397 3641 450 3660 nec
460 3631 597 3660 orientem
608 3653 616 3665 ‚
646 3640 699 3660 nec
710 3630 891 3660 occidentem
910 3628 996 3657 solem
1009 3627 1092 3665 poffit
1112 3628 1242 3666 aspicere,

122 3667 171 3697 sed
178 3674 287 3698 tantum
296 3669 421 3701 medium
435 3669 519 3701 diem,
536 3678 593 3697 non
606 3668 703 3706 procul
716 3678 731 3697 a
744 3668 824 3702 Baiis,
839 3667 885 3696 ubi
894 3666 1084 3696 necromantia
1098 3666 1245 3696 exerceba-

124 3713 186 3735 tur:
209 3707 255 3737 cui
266 3708 357 3736 vicina
370 3706 433 3736 loca
443 3707 536 3735 omnia
552 3706 648 3736 calidis
658 3708 685 3736 ἃ
698 3705 865 3744 sulphuratis
881 3705 957 3741 aquis
967 3703 1079 3734 scatent.
1119 3704 1163 3733 Est
1176 3706 1244 3734 item

124 3744 253 3774 Acheron
261 3767 270 3779 ,
296 3745 396 3774 fluvius
406 3744 519 3782 Epiri&
530 3745 613 3773 etiam
622 3744 750 3773 Lucaniae
765 3766 772 3779 ,
793 3744 860 3772 teste
872 3742 967 3772 Plinio.

124 3781 252 3813 Acheron
263 3783 382 3812 aServio
391 3783 420 3811 in
434 3786 459 3811 6.
483 3782 542 3811 AEn.
556 3782 611 3811 dici
625 3789 738 3820 putatur
749 3804 756 3817 ,
775 3781 846 3818 quali
866 3781 931 3809 Sine
953 3779 1063 3817 gaudio.
1101 3780 1246 3818 Siquidem

144 3821 171 3856 ἀ,
183 3820 317 3860 particula
329 3821 369 3852 est
381 3821 531 3858 privativa:
552 3831 644 3855 zareas-1
661 3820 828 3857 gaudentem
839 3818 979 3856 fignificat.
1000 3817 1072 3846 Sunt
1087 3819 1134 3856 qui
1148 3817 1247 3847 malint

144 3858 196 3926 ogi
219 3869 250 3885 τε
279 3857 368 3891 ἆκεῶυ
392 3861 415 3895 “3
439 3859 477 3894 ρέω
488 3877 495 3889 ‚
534 3857 607 3895 quasi
632 3857 744 3887 Doloris
771 3857 941 3894 tristitiaeque
965 3856 1075 3887 fluvius.
1116 3856 1188 3895 Virg.
1218 3866 1244 3887 2.

171 3905 245 3932 eorg.
260 3905 323 3931 492.

202 3933 280 3963 Felix
294 3933 340 3970 qui
356 3933 449 3971 potuit
463 3943 554 3962 rerum
569 3933 735 3969 cognoscere
745 3932 836 3962 causas
850 3942 857 3961 2

201 3972 290 4010 Atque
309 3978 400 4004 metus
411 3972 522 4003 omneis
534 3993 542 4009 ‚
560 3973 586 4003 δι
600 3970 771 4003 inexorabile
786 3970 874 4003 fatum

1706 143 1734 178 A
1832 143 1862 178 C
1957 144 1991 180 H

1369 221 1493 256 Subit-cit
1505 221 1623 260 pedibus
1638 246 1646 258 ,
1669 223 1868 262 strepitumque
1887 225 2050 256 Acherontis
2070 229 2149 257 avari.

1298 255 1330 285 ld
1342 258 1394 291 cst,
1416 261 1539 301 Omnem
1551 262 1688 290 mundum
1703 263 1731 290 in
1744 270 1861 291 mortem
1874 263 2017 294 trahentis.
2043 266 2159 295 Servius.

1301 294 1425 336 Acheron
1436 319 1443 329 ,
1462 300 1473 331 [
1489 298 1608 332 A'zs'qw]
1628 299 1695 328 teste
1705 299 1791 329 Strab.
1805 300 1851 328 lib.
1868 310 1892 336 7.
1908 311 1933 338 p.
1949 311 2011 337 224.
2036 302 2146 332 l-'luvius
2156 303 2194 332 cst
2205 304 2232 331 in
2242 312 2306 340 agro
2317 303 2423 341 Brutio,

1319 330 1364 359 ubi
1378 333 1529 362 Alexander
1542 335 1723 366 Molossorum
1735 348 1782 366 rex
1793 338 1947 367 trucidatus
1961 340 2007 374 cst,
2032 339 2176 369 Dodonaeo
2191 341 2323 378 deceptus
2332 351 2426 370 oracu-

1318 367 1358 433 lili
1368 370 1642 439 [ἓὴυτυηῗηίμῑᾳυε
1660 375 1924 405 Pandoiiamcavcrc
1935 377 2058 412 jubente.
2073 377 2101 406 V.
2116 378 2194 415 plura
2206 378 2280 415 apud
2291 380 2422 407 eundem.

1363 429 1367 433 -
1399 417 1478 443 λη.
1495 419 1520 450 8⁷
1558 417 1692 448 1x28.24.

1301 442 1427 471 Acheron
1452 448 1460 475 (
1483 454 1519 473 znt
1541 446 1688 488 lfurrhafius
1701 451 1728 479 in
1743 450 1839 480 Claud.
1854 452 1866 483 δ
1881 452 1915 481 ad
1928 450 2090 481 Heracleam
2110 452 2188 481 Ponti
2203 453 2303 482 fluvius
2320 452 2375 487 cst,
2393 453 2428 482 ab

1320 479 1475 525 Acheronte
1489 483 1732 522 Mariandynorum
1748 498 1809 526 rege
1821 489 1910 518 dietus
1925 512 1932 524 ,
1959 496 1990 517 ut
2004 489 2090 518 'selus
2110 491 2201 519 Andro
2214 491 2302 519 refert.
2341 490 2365 519 Is
2378 500 2428 528 po-

1321 516 1375 546 stca
1387 520 1539 562 Soonautes
1550 530 1564 548 a
1574 521 1778 559 Megarenlihus
1799 527 1963 563 quibusdam
1976 528 2065 556 nautis
2072 534 2185 556 vocatus
2194 528 2240 563 est,
2262 529 2306 564 qui
2320 535 2426 565 tempe-

1322 554 1417 583 statem
1429 565 1509 598 maris
1520 557 1585 587 illue
1598 561 1748 604 eyascrunt,
1765 570 1795 592 ut
1807 566 1882 594 canit
1894 563 2065 608 Apollonius.
2108 566 2239 600 Ejusdem
2260 566 2380 594 nominis
2390 565 2426 593 al-

1323 597 1365 621 ter
1376 593 1450 628 alffld
1463 595 1562 637 'nh-'ros
1584 598 1636 639 cilc-
1650 601 1777 641 hngitur,
1798 602 1832 630 ad
1848 602 2063 640 exprimendum
2078 613 2225 632 moerorem
2246 613 2300 639 quo
2311 603 2430 631 charilli-

1323 639 1384 672 mos
1395 640 1518 673 quosque
1528 641 1582 661 vua
1599 636 1709 663 functos
1721 638 1868 668 ederimus.
1912 640 1994 669 Aliter
2012 641 2168 669 Academici
2182 651 2188 670 ε
2221 650 2283 669 nam
2295 640 2429 677 quicquid

1323 667 1415 695 femsle
1433 668 1563 698 drxrsseve
1577 681 1662 707 usquc
1675 674 1708 701 ad
1720 675 1871 711 tristitiam,
1890 677 2018 706 humana:
2039 679 2176 707 varietatis
2197 688 2272 706 more
2300 688 2351 707 nos
2367 687 2426 714 ρω-

1323 705 1414 738 nitet,
1436 706 1463 733 in
1485 706 1640 750 Acheronte
1661 710 1801 745 lignificari
1827 722 1999 751 putaverunt.
2031 716 2098 746 Haec
2123 715 2240 746 Parthas.
2261 716 2390 746 meminit
2404 717 2431 745 ὅ(

1325 741 1529 771 Hermolausm
1549 744 1614 774 l'hn.
1628 746 1675 775 lib.
1690 751 1713 776 6.
1732 758 1791 786 cap.
1809 760 1830 779 1.

1306 779 1423 809 Adustus
1438 780 1573 811 Acheron.
1596 782 1698 813 Lucan.
1727 785 1773 814 lib.
1795 796 1818 821 3.
1836 792 1876 818 16.

1381 817 1516 860 Praeparat
1534 820 1694 850 innumeras
1713 833 1821 860 puppes
1837 826 1997 856 Acherontis
2007 829 2091 857 adusti

1381 854 1507 885 Portitor.
1644 859 1733 896 Aquas
1748 862 1823 891 enim
1843 864 1981 894 flammeas
2000 866 2098 896 habere
2112 867 2220 897 dicitur.

1307 891 1407 923 Durus.
1431 894 1497 924 Stat.
1512 904 1539 924 2.
1557 895 1631 933 Sylv.
1645 901 1670 925 6.
2213 898 2217 903 ⁴

1500 952 1548 976 7—-
1566 934 1622 968 jam
1640 934 1733 964 littora
1756 935 1816 965 duri

1383 968 1459 998 Saeva
1477 969 1563 999 Pilete
1582 971 1653 1001 senis
1665 995 1673 1007 ,
1696 973 1852 1011 durumque
1872 975 2026 1005 Acheronta
2041 978 2160 1007 videbas.

1310 1005 1438 1050 Fumeus.
1483 1007 1570 1051 Vir-ier.
1588 1009 1676 1039 Flacc.
1691 1010 1738 1039 lib.
1751 1023 1777 1047 4.
1789 1013 1886 1048 Argon.
1900 1013 1934 1041 de
1947 1013 2099 1045 Acheronte
2112 1016 2236 1053 Pontico,

1386 1044 1447 1074 llhc
1460 1046 1598 1083 peststeras
1608 1047 1700 1077 subter
1713 1049 1777 1086 juga
1785 1059 1906 1079 concava
1921 1057 2032 1087 torquet

1384 1082 1447 1111 Ater
1456 1094 1538 1120 aquas
1552 1085 1677 1127 Acheron
1693 1109 1701 1122 ,
1721 1088 1850 1124 vastoque
1860 1088 1984 1117 exundat
1997 1089 2073 1117 hiatu

1386 1120 1516 1156 Fumeus,
1534 1123 1559 1151 ἃ
1571 1124 1638 1152 {aeva
1648 1123 1768 1161 sequitur
1779 1125 1897 1163 caligine
1906 1135 2028 1163 campos.

1311 1155 1438 1225 Νὲἓεῐξξυε.
1471 1160 1533 1189 Sen.
1560 1160 1590 1190 in
1610 1161 1721 1199 Thycst.
1745 1173 1769 1192 1.
1806 1162 1940 1200 MoestuS,
1969 1163 2004 1193 ab
2027 1163 2146 1200 effectu,
2172 1165 2327 1201 moestitiam
2353 1167 2433 1199 indu:

1312 1231 1449 1263 Nefastus.
1471 1235 1538 1265 Stat.
1552 1247 1579 1272 4.
1594 1237 1684 1268 Theb.
1700 1248 1762 1274 522.

1312 1269 1478 1303 Profundus.
1502 1273 1610 1304 Lucret.
1635 1275 1682 1306 lib.
1704 1286 1727 1314 3.
1755 1287 1818 1313 991.

1313 1307 1469 1340 Tartareus.
1490 1311 1561 1350 Virg.
1583 1317 1608 1342 6.
1632 1314 1695 1344 AEn.
1719 1325 1782 1351 295.

1356 1386 1361 1391 .
1389 1348 1464 1392 Hinc
1485 1350 1528 1379 via
1545 1350 1668 1381 Tartarei
1694 1362 1754 1390 quae
1772 1352 1827 1382 fert
1846 1352 2011 1382 Acherontis
2028 1352 2063 1382 ad
2082 1353 2178 1383 undas.

1313 1384 1417 1417 Tristis.
1438 1386 1486 1416 Sil.
1506 1388 1563 1418 Ital.
1585 1389 1632 1419 lib.
1655 1399 1696 1427 13.

1276 1423 1491 1460 ACHERONS,
1523 1427 1605 1456 ontis.
1635 1427 1689 1457 five
1718 1429 1943 1464 AcHaRuns,
1979 1428 2061 1458 untis.
2098 1427 2177 1458 idem
2205 1428 2281 1465 quod
2301 1429 2434 1459 Acheron.

1315 1461 1403 1493 Plaut.
1435 1462 1534 1502 Amph.
1554 1475 1576 1500 5.
1597 1476 1618 1495 1.
1632 1470 1677 1496 26.

1353 1499 1484 1535 verbero,
1496 1503 1580 1532 etiam
1591 1505 1652 1540 quis
1662 1514 1714 1542 ego
1729 1503 1777 1533 sirn
1787 1513 1833 1532 me
1842 1513 1872 1532 ro
1893 1504 1942 1533 itas
1953 1505 1967 1533 ⁶?
1988 1503 2129 1534 ulmorum
2144 1504 2292 1533 Acheruns.

1335 1538 1430 1581 Quem
1439 1538 1533 1581 locum
1548 1541 1583 1570 fic
1594 1541 1708 1579 Pylades
1723 1542 1848 1579 exponit,
1897 1542 2017 1571 imorum
2028 1542 2169 1571 Acheruns
2181 1563 2188 1576 ‚
2208 1551 2310 1578 vorago
2327 1543 2351 1571 ἃ
2366 1542 2438 1574 dilli-

1334 1584 1410 1614 patio
1420 1586 1556 1620 vlrgarum
1571 1602 1578 1614 ,
1597 1590 1655 1609 non
1669 1580 1747 1610 aliter
1757 1589 1839 1617 quam
1852 1579 2010 1615 Acheruns,
2036 1580 2089 1609 sive
2111 1580 2235 1608 Acheron
2251 1579 2440 1610 fluviusinfest

1336 1624 1406 1649 nus,
1428 1624 1473 1651 qul
1493 1617 1531 1645 est
1546 1627 1649 1656 vorago
1672 1620 1698 1648 &
1718 1617 1866 1655 assumptio
1881 1618 2042 1647 animarum.
2095 1617 2204 1646 Dicitur
2220 1624 2336 1653 utroque
2355 1618 2441 1646 modo

1335 1652 1515 1696 Acheruns&
1532 1655 1666 1686 Acheron.
1694 1655 1735 1685 Ex
1750 1655 1831 1684 ulmis
1846 1664 1938 1684 autem
1958 1656 2040 1693 virgae
2059 1655 2163 1684 fiebant
2186 1655 2222 1683 ad
2268 1655 2339 1692 largas
2360 1655 2442 1686 servis

1336 1690 1415 1721 malis
1438 1693 1604 1723 inferendas.
1646 1693 1727 1723 Unde
1748 1692 1814 1722 alibi
1827 1693 2010 1723 verberonem
2027 1693 2152 1728 servum,
2180 1702 2251 1730 appe
2275 1700 2302 1722 ut
2325 1692 2441 1722 ulmitri-

1338 1728 1411 1760 bam.
1541 1731 1619 1760 Idem
1634 1732 1712 1770 Capt.
1743 1743 1766 1767 ς.
1790 1743 1816 1767 4.
1842 1741 1863 1761 1.

1375 1766 1440 1796 Vidi
1451 1778 1502 1805 ego
1512 1768 1600 1798 multa
1611 1768 1681 1807 saepe
1692 1770 1766 1808 picta
1774 1791 1782 1804 ,
1811 1779 1871 1806 quae
1881 1768 1929 1798 sub
1950 1769 2107 1798 Acheronte
2117 1767 2217 1798 fierent

1376 1804 1571 1836 Cruciamenta
1584 1817 1590 1836 ;
1612 1817 1709 1837 verum
1722 1808 1864 1836 enimvero
1876 1806 1969 1837 nullus
1976 1807 2090 1844 adaeque
2102 1807 2140 1835 est
2153 1807 2303 1841 Acheruns,

1372 1843 1460 1880 Atque
1489 1845 1536 1874 ubi
1556 1855 1607 1882 ego
1630 1845 1670 1875 fui
1699 1846 1729 1874 in
1750 1845 1915 1883 lapicidinis.
2032 1845 2142 1874 Nonius
2166 1844 2315 1874 foeminino
2359 1853 2443 1873 encre

1335 1880 1465 1910 Plautum
1479 1883 1507 1911 in
1530 1883 1584 1912 hoc
1603 1893 1683 1913 exem
1707 1883 1733 1913 lo
1748 1882 1889 1921 protulisse
1915 1882 2035 1912 testatur.
2076 1882 2155 1919 Legit
2181 1883 2324 1911 enimvero
2348 1881 2440 1911 Nulla.

1338 1918 1414 1962 Dicit
1421 1928 1512 1949 autem
1521 1921 1667 1958 Tyndarus
1676 1894 1703 1951 fg
1715 1921 1802 1950 multa
1809 1920 1904 1950 vidisse
1913 1921 1987 1959 picra
1996 1921 2184 1950 cruciamenta
2191 1929 2251 1957 quae
2260 1919 2357 1949 fierent
2368 1919 2443 1957 apud

1338 1958 1458 1992 inferos,
1482 1966 1512 1987 ut
1520 1958 1616 1997 Tityi,
1632 1960 1756 1998 Sisyphi,
1779 1959 1883 1989 Ixionis
1896 1981 1903 1993 ,
1925 1961 1952 1988 δι
1974 1958 2110 1988 aliorum:
2126 1968 2222 1987 verum
2241 1957 2349 1987 nullum
2359 1957 2445 1989 Ache-

1339 2003 1449 2025 rontem
1459 1997 1575 2026 inveniri
1585 1998 1660 2035 posse
1673 1998 1743 2027 adeo
1755 1996 1940 2027 cerumnosum
1951 2019 1959 2032 ,
1982 2004 2013 2025 ut
2025 1996 2150 2026 suntillae
2165 1995 2332 2034 lapicidinae,
2347 1995 2375 2024 in
2384 1995 2446 2032 qui-

1343 2033 1394 2063 bus
1409 2034 1515 2071 aliquot
1536 2035 1595 2064 dies
1618 2036 1706 2065 fuerat
1725 2036 1871 2065 exercitus.

1319 2072 1401 2110 Apud
1415 2079 1521 2102 veteres
1539 2073 1650 2103 Latinos
1664 2074 1769 2104 [nferos
1783 2073 1937 2111 plerunque
1954 2072 2105 2111 fignificat:
2136 2077 2170 2101 ut
2194 2071 2270 2110 apud
2283 2069 2369 2100 Plaut.
2382 2069 2445 2101 Tri.-

1339 2120 1416 2140 num.
1436 2121 1461 2140 2.
1475 2122 1501 2147 4.
1519 2121 1580 2147 124.

1375 2148 1407 2178 In
1426 2149 1517 2178 nostro
1530 2159 1594 2187 agro
1604 2150 1703 2180 ostium
1714 2151 1752 2180 est
1764 2150 1936 2180 Acheruntis.
2065 2147 2097 2177 Id
2120 2146 2168 2182 est,
2187 2146 2349 2178 Infororum.

1320 2186 1356 2217 Et
1366 2187 1442 2226 apud
1456 2187 1526 2225 Virg.
1546 2198 1587 2216 11.
1601 2188 1662 2217 AEn.
1681 2198 1725 2224 23.

1454 2244 1499 2252 -—
1516 2227 1563 2263 qui
1576 2225 1649 2255 solus
1659 2227 1749 2256 honos
1763 2226 1919 2255 Acheronte
1936 2224 1986 2254 sub
2000 2225 2058 2253 imo
2066 2224 2111 2258 est.

1286 2264 1434 2293 AcHizRu
1445 2273 1545 2292 NTEM
1556 2286 1565 2299 ,
1584 2264 1652 2294 Adv.
1677 2265 1713 2294 ad
1729 2264 1833 2293 locum.
1853 2263 1940 2293 Plaut.
1962 2262 2050 2292 Casm.
2067 2273 2092 2294 2.
2106 2268 2132 2297 8.
2148 2271 2191 2291 12.
2210 2261 2296 2295 Hunc
2307 2259 2448 2292 Acheruns

1320 2309 1380 2330 tem
1394 2302 1559 2339 praemittam
1575 2302 1660 2339 prius.
1691 2302 1747 2332 Sed

1284 2339 1526 2375 ACHERUNT1‚
1548 2340 1614 2370 Adv.
1630 2341 1660 2369 in
1679 2339 1744 2370 Ioco'
1766 2339 1852 2369 Plaut.
1873 2339 1952 2377 Capt.
1972 2350 1994 2376 ς.
2020 2350 2050 2376 ,4.
2075 2348 2098 2372 x,
2137 2338 2211 2375 Quae
2229 2336 2378 2367 Acherunti
2398 2336 2445 2365 fle.

1320 2382 1391 2406 rent.

1285 2415 1332 2445 Ac
1341 2425 1361 2444 H
1370 2425 1385 2444 a
1393 2425 1409 2444 a
1418 2425 1435 2444 o
1445 2424 1492 2444 NT
1500 2426 1509 2444 1
1519 2425 1535 2444 c
1545 2425 1584 2445 us
1598 2438 1607 2451 ,
1628 2416 1687 2451 Adj.
1713 2422 1745 2445 ut
1760 2416 1943 2446 Acherontica
1953 2415 2029 2452 regio
2039 2415 2055 2449 [
2065 2413 2235 2449 ἀχεςόνπῶν]
2247 2411 2332 2446 Plaut.
2344 2411 2444 2441 Bacch.

1324 2463 1351 2485 2.
1374 2463 1399 2484 2.
1416 2463 1461 2484 21.
1499 2454 1639 2491 Regiones
1652 2453 1744 2483 colere
1752 2454 1926 2483 mavelleme
1946 2463 1963 2483 0
1980 2452 2184 2482 Acherunticas.

1286 2493 1308 2523 A
1316 2501 1331 2521 c
1339 2501 1359 2520 H
1369 2501 1383 2520 E
1392 2501 1408 2519 R
1417 2501 1433 2520 o
1443 2501 1463 2519 N
1471 2500 1507 2519 *rr
1517 2501 1534 2520 A
1543 2513 1551 2526 ,
1581 2488 1765 2528 [Α’χεςοιτὶσι]
1787 2492 1889 2521 Civitas
1908 2501 1923 2520 e
1966 2490 2071 2528 Apulia:
2083 2512 2091 2525 ,
2122 2489 2297 2518 contermina
2308 2487 2447 2521 Lucaniae,

1325 2539 1408 2567 quam
1417 2529 1456 2558 ob
1465 2529 1519 2558 hoe
1530 2529 1637 2559 Nidum
1645 2529 1794 2567 appellavit
1803 2530 1944 2564 Horatius,
1960 2529 2024 2565 quia
2032 2537 2116 2565 parva
2125 2527 2172 2562 est,
2191 2530 2217 2557 oc
2227 2528 2257 2556 in
2268 2526 2374 2555 montis
2383 2535 2450 2554 con-

1325 2568 1419 2636 ssituta
1436 2567 1592 2635 sugcimtaoe
1603 2590 1611 2603 ,
1636 2567 1705 2598 ficut
1716 2569 1774 2597 nidi
1788 2569 1881 2597 ¹avium
1897 2567 1928 2596 in
1942 2566 2055 2597 summis
2071 2565 2222 2599 arboribus.
2265 2564 2333 2597 Haec
2346 2564 2446 2593 Acron.

1355 2616 1393 2635 or.
1437 2629 1442 2634 .
1510 2629 1515 2634 .
1549 2629 1555 2636 .
1576 2616 1586 2635 1
1606 2629 1616 2639 ,.

1288 2615 1437 2675 Aci-raab
1447 2617 1576 2680 unsih,
1592 2617 1613 2680 ῗῖ
1625 2638 1792 2680 Α’χεζίνπιοι]
1816 2642 1916 2679 Populi
1929 2641 1994 2672 sunt
2011 2642 2041 2671 in
2059 2651 2123 2679 agro
2137 2640 2233 2670 Brutio
2243 2661 2252 2676 ,
2275 2641 2352 2676 juxta
2363 2638 2448 2668 Ache-

1324 2688 1436 2713 rontem
1446 2681 1565 2711 ›fluv-ium
1579 2682 1742 2713 habitantes.
1766 2682 1834 2711 Plin.
1848 2680 1895 2710 lib.
1908 2691 1931 2717 3.
1944 2690 2005 2718 cap.
2018 2692 2041 2715 5.

1289 2721 1524 2755 AcHERusrn,
1550 2721 1566 2757 .[
1593 2721 1734 2755 Α’χεεουσιάι
1751 2720 1766 2754 ]
1791 2719 1870 2749 Palus
1902 2718 1940 2748 est
1970 2720 2001 2747 in
2020 2717 2192 2755 Campania,
2227 2716 2305 2751 jux-ta
2324 2714 2423 2744 Cumas
2436 2734 2447 2747 ‚

1329 2757 1421 2788 oriens
1434 2767 1469 2787 ex
1484 2758 1649 2787 Acheronte.
1696 2757 1739 2787 Est
1759 2758 1826 2786 item
1847 2757 1923 2786 lacus
1944 2755 2130 2794 Thesprotiae,
2155 2755 2183 2783 in
2212 2753 2312 2791 Epiro,
2335 2761 2369 2781 ex
2390 2759 2447 2788 quo

1326 2796 1390 2825 lacu
1408 2796 1523 2834 profluit
1541 2797 1630 2825 amnis
1645 2796 1771 2825 Acheron
1786 2818 1794 2830 ,
1822 2796 1868 2832 qui
1886 2796 1917 2824 in
1933 2794 2109 2824 Ambracium
2131 2792 2218 2821 finum
2237 2791 2364 2820 defertur.

1327 2834 1464 2864 Authores
1475 2834 1644 2872 Pomponius
1656 2835 1682 2863 Sc
1696 2833 1794 2863 Strabo
1807 2833 1853 2862 lib.
1873 2844 1894 2868 ς.
1912 2832 1978 2862 Plin.
1990 2841 2100 2869 quoque
2108 2830 2156 2862 lib.
2174 2842 2199 2866 4.
2213 2839 2271 2867 cap.
2293 2839 2312 2857 ι.

1327 2872 1473 2903 Acherufia
1483 2882 1611 2909 quoque,
1630 2872 1735 2910 Specus
1753 2872 1791 2900 est
1805 2871 1832 2900 in
1849 2870 1937 2900 Ponto
1952 2871 2027 2905 iuxta
2042 2868 2217 2902 Heracleam,
2238 2866 2272 2909 ad
2292 2873 2384 2909 manes
2403 2863 2449 2898 (ut

1347 2910 1439 2946 aiunt)
1480 2910 1578 2942 ervius.
1617 2909 1683 2939 Illac
1697 2911 1850 2939 extractum
1867 2908 1900 2938 ab
1919 2907 2040 2938 Hercule
2059 2907 2209 2938 Cerberum
2226 2904 2388 2933 existimant.
2409 2899 2446 2944 ⁴V.

1346 2947 1416 2977 Plin.
1466 2947 1501 2977 ib.
1539 2951 1564 2977 6.
1592 2957 1655 2985 cap.
1682 2958 1704 2977 1.
1741 2949 1767 2977 δι
1801 2947 1849 2979 lib.
1876 2956 1920 2984 27.
1960 2956 2021 2984 cap.
2045 2955 2069 2974 2.
2110 2944 2241 2981 Pompon.
2269 2939 2374 2982 Melam
2397 2937 2447 2973 hb„

1347 2996 1381 3054 AI
1403 2996 1444 3022 1.9.
1474 2987 1501 3015 δε
1521 2995 1546 3018 2..
1599 2985 1727 3016 Solinum
1750 2995 1810 3023 cap.
1839 2996 1881 3022 55.
1916 2984 1999 3014 Diod.
2030 2982 2154 3013 Siculum
2180 2980 2227 3011 lib.
2252 2988 2277 3008 2.
2310 2977 2398 3011 Ovrd.
2420 2985 2448 3013 7..

1382 3031 1418 3053 et.

1291 3063 1313 3092 A
1323 3072 1367 3091 CH
1378 3071 1392 3090 c
1402 3065 1444 3091 a&
1453 3071 1465 3091 s
1476 3072 1485 3090 r
1495 3071 1507 3091 s
1519 3083 1528 3096 ,
1550 3061 1605 3091 idis
1622 3063 1649 3091 Sc
1670 3061 1743 3092 idos.
1763 3062 1781 3091 f.
1802 3063 1821 3097 ,[
1833 3060 1990 3097 Α’χεςωσὶς]
2009 3058 2087 3088 Idem
2101 3053 2336 3094 quodAcheruiia.
2358 3052 2449 3082 Valet.

1325 3099 1416 3130 Flacc.
1435 3110 1460 3134 5.
1477 3100 1577 3136 Argon.
1588 3109 1632 3136 73..

1404 3137 1473 3167 Inde
1492 3144 1637 3175 premente
1655 3137 1731 3166 Noto
1747 3137 1834 3165 tristes
1845 3135 2024 3165 Acherusidos
2035 3143 2103 3165 oras,

1292 3176 1448 3206 Aenum
1459 3185 1487 3204 ει
1499 3186 1548 3210 us,
1571 3176 1631 3211 Adj.
1654 3175 1860 3211 [ἁχεμυσιῶυ]
1882 3173 1989 3202 Lucret.
2015 3171 2061 3200 lib.
2077 3180 2098 3205 3.
2113 3178 2154 3203 ις.

1400 3214 1439 3257 'At
1457 3220 1553 3243 contra
1566 3223 1705 3251 nusquam
1725 3219 1859 3251 apparent
1880 3209 2023 3241 Acherusia
2037 3206 2147 3249 templa-

1331 3259 1493 3331 Alceligelstiliiis
1516 3289 1624 3321 humor.
1646 3288 1694 3319 Sil.
1716 3288 1775 3318 Ital.
1794 3288 1841 3317 lib.
1858 3297 1898 3329 ¹3:
1921 3323 1925 3328 ³
2252 3319 2257 3324 Ι
2388 3317 2393 3323 ⁶

1331 3328 1478 3358 Acheruha
1499 3327 1562 3356 vita.
1599 3327 1631 3356 Id
1645 3327 1701 3361 est,
1719 3327 1824 3360 Anxia,
1842 3324 1972 3356 sollicita,
1994 3319 2161 3354 ¹erumnose„
2182 3318 2312 3361 omnibus
2330 3317 2453 3360 denique

1352 3366 1445 3404 poenis
1460 3367 1486 3394 Sc
1500 3365 1667 3397 cruciatibus
1677 3364 1788 3393 referta:
1813 3363 1911 3401 quibus
1919 3359 2061 3393 Tantalus,
2079 3362 2105 3387 ἃ
2115 3357 2243 3388 aliiaihci
2260 3355 2335 3394 apud
2349 3357 2452 3384 inferos

1353 3410 1495 3442 putantur.
1527 3403 1691 3440 metaphora
1705 3404 1750 3431 est.
1777 3402 1882 3430 Lucret.
1906 3397 1953 3440 lib.
1977 3406 2000 3434 3.
2023 3400 2104 3439 ,¹03⁶-

1408 3441 1483 3471 Hinc
1502 3440 1648 3470 Acherusia
1663 3440 1693 3468 fit
1708 3439 1850 3469 stultorum
1865 3437 1984 3471 denique
2002 3442 2067 3464 vita.
2355 3469 2360 3473 Ι

1296 3480 1319 3509 A
1329 3488 1346 3508 c
1356 3488 1375 3508 H
1385 3480 1400 3508 ἒ
1410 3489 1430 3507 T
1441 3490 1474 3514 Α,
1496 3488 1582 3508 arum.
1605 3479 1738 3514 [oizi-rm]
1761 3476 1868 3506 Cicadae
1882 3474 1944 3502 sunt
1959 3480 2059 3509 argutae
2071 3473 2097 3501 ἃ
2115 3477 2232 3500 canora‘.
2250 3468 2323 3499 Plin.
2338 3467 2397 3511 'lsz
2410 3477 2420 3495 1
2429 3477 2451 3495 r.

1336 3527 1397 3554 cap.
1413 3520 1456 3546 26.
1490 3516 1560 3553 Quae
1570 3522 1689 3549 canunt,
1712 3521 1844 3543 vocantur
1855 3512 1978 3541 Achetae:
2010 3512 2036 3539 Sc
2056 3519 2116 3547 qua:
2134 3509 2254 3538 minores
2275 3516 2311 3536 ex
2328 3516 2367 3535 eis
2382 3506 2453 3540 lunt,

1335 3554 1522 3592 Tettigoniae:
1540 3553 1587 3583 sed
1600 3553 1653 3582 illae
1667 3554 1751 3589 magis
1768 3560 1883 3580 canone.
1924 3548 2015 3577 Mares
2032 3554 2136 3576 canunt
2158 3547 2186 3574 in
2203 3552 2320 3587 utroque
2334 3551 2454 3585 gene-re:

1334 3593 1458 3622 foeminae
1472 3591 1558 3623 silent.
1600 3591 1686 3627 Quod
1704 3600 1737 3619 ex
1753 3587 1894 3618 Aristotele
1911 3585 2060 3624 descripfit,
2082 3585 2156 3623 apud
2175 3582 2345 3621 quemidem
2358 3581 2458 3617 legitur

1335 3630 1403 3660 Hist.
1427 3629 1544 3659 Animal.
1573 3640 1595 3659 t.
1638 3639 1664 3659 ο,

1299 3669 1321 3699 A
1332 3678 1378 3697 cu
1389 3679 1396 3696 x
1409 3679 1424 3696 L
1436 3679 1452 3696 c
1463 3678 1503 3696 eo
1514 3677 1543 3701 N,
1570 3639 1716 3703 Opgidum
1740 3663 1857 3692 Troadis
1869 3684 1876 3696 ,
1901 3662 1936 3689 ad
1956 3660 2069 3694 Achillis
2090 3658 2228 3690 tumulum
2256 3668 2272 3689 a
2289 3655 2458 3700 Mitylenrcis

1338 3706 1503 3739 conditum,
1517 3704 1632 3733 authore
1649 3702 1717 3731 Plin.
1734 3711 1795 3737 cap.
1814 3710 1857 3736 30.
1872 3699 1919 3728 lib.
1935 3710 1958 3734 ς.
2000 3699 2133 3728 Meminit
2152 3698 2178 3726 ἃ
2196 3695 2295 3726 Strabo
2314 3695 2361 3738 hb.
2379 3702 2419 3729 ¹3·

1300 3745 1350 3774 Ac·
1361 3754 1380 3772 H
1393 3755 1402 3771 1
1413 3755 1428 3771 1.
1443 3754 1458 3770 c
1471 3752 1520 3775 ns,
1544 3742 1651 3774 Agma
1666 3738 1811 3768 Plutarcho
1821 3760 1829 3773 ,
1854 3737 1929 3767 Servi
1944 3737 2065 3774 AEgyptii
2089 3744 2193 3763 nomen
2204 3734 2258 3769 est³
2279 3742 2358 3769 cujus
2376 3738 2460 3762 manu

1339 3781 1501 3810 interfectus
1514 3779 1566 3809 suit
1576 3777 1731 3815 Pompeius.
1816 3775 1921 3806 2¹.-nean.
1930 3775 1982 3803 lib.
1996 3780 2020 3808 8.
2040 3772 2177 3803 Pharsaliae
2199 3777 2260 3814 53.8-
2383 3806 2397 3811 ..

1512 3835 1557 3840 --
1575 3815 1669 3844 sceleri
1685 3814 1809 3843 deleftus
1824 3813 1950 3842 Achillas.
2015 3811 2149 3840 Plutarch.
2163 3811 2192 3838 in
2201 3810 2263 3838 Vita
2276 3809 2408 3844 Pompeii.

1303 3858 1326 3888 A
1336 3866 1353 3885 c
1363 3865 1384 3884 H
1394 3866 1402 3883 1
1413 3866 1429 3882 L
1439 3865 1455 3882 L
1465 3864 1479 3882 Ε
1491 3864 1509 3882 A
1520 3876 1528 3887 ,
1550 3855 1566 3888 [
1579 3855 1598 3879 A'
1622 3852 1717 3886 mam]
1730 3851 1819 3881 Insula
1834 3851 1871 3880 est
1884 3851 1998 3888 exigua,
2017 3848 2191 3886 Borysthenis
2207 3847 2275 3875 ostio
2282 3846 2406 3881 objectu:
2425 3839 2461 3869 ab

1340 3891 1446 3964 252th
1461 3892 1490 3920 in
1507 3901 1540 3920 ea
1553 3890 1661 3930 sepulto
1676 3899 1783 3922 nomen
1799 3889 1919 3919 habens:
1942 3896 1974 3918 ut
1997 3887 2081 3920 refert
2099 3886 2233 3927 Pompon.
2261 3883 2309 3913 lib.
2332 3892 2358 3911 2.
2378 3891 2405 3922 4.
2427 3877 2458 3912 V.-

1447 3952 1453 3959 .
1467 3941 1493 3965 4.
1511 3938 1553 3971 13.

2376 162 2419 204 39

2228 3129 2358 3159 Praeterit.

2223 3204 2258 3239 ld
2270 3204 2319 3239 est,
2332 3203 2452 3237 Infernae

2311 3997 2463 4026 AcHruffle
