2667 4145
185 139 240 189 18

184 233 304 272 LJTT
316 242 394 267 LET
406 242 429 265 0
441 239 463 263 N
475 240 522 264 us
547 227 607 273 [a]
629 227 661 264 S.
684 226 726 263 T.
746 224 783 262 P.
806 220 961 260 Ecclesiae
976 213 1336 273 Westmonasterien·

183 281 224 318 sis
243 282 455 319 Canonicus.
503 275 546 314 Et
559 276 661 312 instar
680 275 863 312 omnium,
887 276 1013 316 utpote
1029 278 1091 314 qm
1111 275 1236 322 omnes
1248 274 1336 320 prae-

185 331 350 368 cedentes
371 326 618 373 coniple&itur
630 351 640 365 ,
665 322 796 360 Aueior
813 323 932 364 Lingua:
947 321 1079 358 Romame
1091 315 1263 349 Diei-'ionum
1274 314 1336 344 Lu-

184 380 292 414 calenti·
315 380 419 412 Novi.-
441 374 529 415 live,
564 381 603 409 ut
629 371 738 418 vulgo
757 370 903 406 dicitur,
927 364 1096 399 Dicflionarii
1111 360 1335 416 Cantabrigieuae

177 427 236 471 fis,
268 427 316 462 ibi
333 425 375 461 sc.
396 421 511 459 excusi
538 430 639 465 1693.
660 428 734 466 4to.
785 414 909 455 Nulli,
936 412 1036 460 quod
1049 412 1176 453 sciam,
1200 410 1337 447 Lexico

185 475 363 511 hodierno
395 482 546 507 numero
579 467 856 505 vocabulorum,
900 462 957 498 vel
983 461 1008 497 fi
1027 462 1165 497 molem
1188 458 1337 507 speeies,

184 524 332 561 utilitate
357 520 426 568 ipsa
448 519 578 555 cedunt
593 518 805 554 Nostrorum
827 511 1020 547 hominum
1047 510 1196 546 labores.
1247 507 1339 563 Quae

186 574 376 619 unicuique
393 568 518 605 Literae
537 564 699 614 praemisit
715 563 801 599 LiT
813 572 930 597 TLET
942 572 964 596 o
976 570 1057 595 Nus
1081 559 1116 595 ὃς
1133 554 1265 612 deinde
1283 559 1338 589 Dt-

184 622 354 655 &monrium
382 615 632 661 Coutabm‘giensb,
665 612 867 650 denatura,
892 609 1081 656 potestate,
1112 608 1148 643 &
1173 605 1338 654 qualitate

185 669 323 703 Elementi
347 667 423 703 sunt
438 677 482 701 ex
500 663 577 711 ipiis
595 660 805 708 philologiae
824 658 936 706 adytis
955 660 1064 705 petita
1084 657 1120 692 ὃς
1146 655 1236 692 lectu
1258 665 1339 690 cum

185 716 336 765 jucunda
366 723 442 752 tum
474 711 666 749 necessaria.
716 706 1009 757 Cantabrigiensis
1048 705 1172 743 Lexici
1208 703 1339 740 Austor

184 767 356 814 gloriatur
377 764 409 799 se
433 762 474 798 ad
506 761 578 796 hoc
615 770 705 806 opus
735 757 893 804 adjutum
920 755 1015 792 fuisse
1034 756 1124 791 curis
1152 753 1255 790 MSS.
1281 751 1338 790 Cl.

184 816 306 850 M1ltom'
324 837 331 849 ,
353 821 553 859 quanquam
572 807 713 844 aliunde
735 806 924 842 didicimus
943 804 1015 838 Edv.
1034 804 1145 847 Phillips
1159 802 1281 837 Miltoni
1296 811 1340 836 ex

184 863 315 901 Sorore
334 861 515 907 Nepotem
528 886 537 900 ,
571 856 670 905 quod
689 857 800 903 magis
818 854 986 891 credibile
1001 853 1068 894 est,
1097 850 1274 889 Avunculi
1292 850 1341 885 la«-

183 913 286 949 bores
309 906 511 956 applicuisse
539 906 582 943 ad
601 903 917 942 consarcinandum
941 902 1096 947 Speculum
1121 904 1241 947 Lingua
1261 901 1341 933 Lati-

182 973 225 996 nae
251 958 348 1006 quod
374 959 445 1003 ejus
472 968 554 992 cura
573 954 709 1002 prodiit
730 960 833 999 1684-
1070 999 1077 1005 ·
1129 995 1174 1007 W

253 1007 353 1045 Dum
367 1007 442 1042 haec
460 1004 746 1044 commentabar,
766 1002 855 1038 mihi
873 1002 909 1036 in
929 1011 1053 1035 manus
1068 1004 1194 1034 meruit
1204 1000 1235 1042 J.
1252 999 1341 1033 Geor.³

176 1060 219 1104 gii
244 1056 371 1091 Walchii
393 1054 547 1092 Historia
565 1052 697 1090 Critica
716 1051 848 1088 Latinae
861 1049 1008 1096 Linguae
1027 1047 1117 1095 Lips.
1135 1047 1276 1094 sumptu
1290 1049 1338 1090 Jo.

182 1106 321 1141 friderici
346 1103 534 1147 Gleditschii‚
563 1106 593 1136 B.
623 1101 685 1137 filii
721 1112 822 1145 1729.
843 1105 923 1140 8vo.
964 1109 1095 1145 quem,
1131 1097 1212 1144 quia
1236 1101 1342 1142 caput

180 1156 344 1203 quintum
363 1151 504 1190 Lexicis
522 1150 655 1189 Latinis
676 1149 879 1187 destinavit,
905 1148 1062 1182 omnino
1088 1147 1193 1181 nobis
1215 1144 1340 1180 eadem.

180 1202 428 1252 profitentibus
450 1213 526 1237 non
551 1198 807 1247 negligendum
835 1195 904 1232 effe
934 1195 1030 1231 duxi.
1082 1195 1170 1242 Legi
1193 1205 1261 1230 nec
1283 1204 1343 1229 ve-

181 1254 366 1290 hementer
386 1248 475 1287 mihi
502 1248 700 1286 dolendum
722 1246 910 1283 arbitrabar
932 1243 1031 1292 quod
1056 1245 1093 1279 in
1114 1254 1238 1278 manus
1264 1254 1341 1278 non

179 1301 391 1350 J'ampridem
423 1305 575 1336 venerat.
625 1298 809 1341 Ἀνιςοςησίαις
848 1294 884 1329 &
909 1292 1134 1330 Temeritatis
1162 1292 1340 1338 specimen

180 1350 360 1388 adnectam
385 1361 429 1384 ex
450 1350 490 1384 iis
515 1359 591 1395 quae
606 1344 712 1383 habet
730 1344 773 1381 ad
792 1344 951 1380 nostrum
969 1342 1078 1378 STEP
1090 1351 1177 1376 HAN
1189 1351 1250 1375 um
1265 1339 1338 1387 spe.²

180 1400 315 1437 stantia.
362 1397 468 1434 Unde
490 1395 628 1433 fortasse
648 1406 765 1443 neque
788 1391 850 1430 fibi
888 1390 1088 1428 dolendum
1116 1389 1338 1426 arbitrabitur

180 1449 290 1514 1Εᾶςῖ
304 1447 613 1534 ἕτὸἀίὂῃὲᾙΤΠὸ
663 1485 1005 1529 STEPHANUS
1043 1488 1105 1537 qui
1129 1480 1241 1524 edidit
1269 1480 1338 1526 Di<¹

180 1551 205 1567 “
230 1546 438 1582 &donarium
459 1544 514 1580 seu
533 1542 664 1581 Latinae
679 1540 827 1588 Linguae
854 1539 1092 1579 Thesaurum,
1126 1548 1201 1573 non
1222 1535 1340 1584 singu*

181 1600 204 1615 “
229 1595 278 1632 las
304 1594 417 1631 modo
437 1593 607 1629 difflones
633 1591 902 1630 continentem,
932 1588 989 1624 sed
1016 1589 1168 1634 integras
1192 1597 1339 1634 quoque

179 1649 203 1665 “
229 1643 354 1681 Latine
376 1644 410 1679 ἅ
432 1641 606 1690 loquendi
634 1641 670 1676 δε
701 1637 874 1675 scribendi
907 1636 1075 1674 formulas
1101 1647 1146 1672 ex
1178 1634 1340 1676 Catone,

163 1699 205 1726 .“
230 1693 407 1731 Cicerone
420 1719 429 1733 ,
455 1690 572 1728 Plinio
591 1687 767 1726 avunculo
783 1715 806 1733 ,ι
827 1686 999 1724 Terentio
1015 1713 1024 1727 ,
1060 1684 1244 1726 Varrone,
1278 1681 1339 1721 Li,

181 1748 205 1762 ¹‘
229 1744 289 1779 vio
302 1770 312 1784 ,
347 1741 464 1778 Plinio
491 1738 662 1779 secundo,
700 1736 878 1784 Virgilio,
917 1734 1067 1775 Caesare,
1108 1733 1310 1772 Columella
1321 1754 1335 1775 -,

180 1797 203 1811 “
228 1791 371 1831 Plaut0,
394 1789 575 1829 Martiale,
592 1798 674 1824 cum
688 1785 813 1823 Latina
832 1783 894 1831 [b]
914 1792 990 1821 tum
1010 1782 1338 1820 Grammaticorum

181 1845 206 1860 “
232 1848 307 1877 tum
337 1840 422 1875 varii
441 1838 580 1885 generis
606 1836 818 1882 scriptorum
847 1834 1151 1881 interpretatione.
1199 1831 1338 1869 Prodiit

180 1895 203 1909 “
229 1900 318 1936 opus
336 1888 407 1924 hoc
424 1885 523 1924 Paris.
544 1885 601 1932 [c]
631 1891 735 1929 1536.
766 1883 905 1919 duobus
927 1882 1178 1919 voluminibus
1228 1880 1336 1917 Filius

182 1943 204 1958 “
233 1937 286 1984 [d]
310 1937 485 1975 Henricus
505 1941 602 1983 patre
625 1931 842 1981 dignissimus
876 1934 974 1968 auxit
1006 1931 1042 1967 id
1065 1931 1203 1978 ingenti
1224 1930 1338 1966 acces-

182 1993 205 2007 “
230 1987 327 2023 {ione
350 1989 453 2033 atque
476 1982 686 2020 emendavit.
737 1981 788 2019 Ita
818 1988 982 2017 ornatum
1008 1981 1045 2016 in
1063 1979 1180 2016 lucem
1200 1978 1336 2015 editum

180 2042 203 2056 “
228 2037 294 2072 suit
323 2047 422 2080 ¹542·
450 2035 534 2070 item
556 2031 671 2079 Lugd.
700 2042 801 2077 1573.
825 2042 901 2078 quae
920 2027 1040 2066 Editio
1059 2029 1107 2065 est
1127 2030 1264 2075 optima
1285 2026 1336 2073 [e}.

181 2090 203 2105 “
230 2083 325 2123 Basil.
345 2083 496 2121 Froben.
518 2088 612 2127 1576
634 2081 702 2126 [fJ.
762 2079 856 2117 Vere
877 2079 922 2115 de
943 2090 1052 2126 opere
1070 2078 1143 2113 hoc
1162 2076 1224 2124 [g]
1246 2077 1337 2123 judi,

182 2139 205 2153 “
232 2141 287 2171 cat
311 2133 421 2171 Olaus
447 2130 649 2168 Borrichius
676 2128 838 2177 Append.
869 2127 914 2164 de
928 2126 1050 2165 Lexic.
1069 2125 1204 2163 Latinis
1222 2137 1256 2172 p.
1276 2138 1333 2171 43⁷.

181 2188 202 2203 “
229 2195 339 2232 quum
356 2183 423 2222 ait,
449 2185 480 2214 in
499 2180 548 2214 boc
571 2188 669 2213 tamen
686 2187 747 2212 tam
763 2177 881 2221 pulchro
895 2188 1006 2220 corpore
1017 2202 1028 2218 ‚
1050 2185 1085 2210 ut
1107 2188 1158 2210 nec
1175 2174 1261 2220 deeffe
1277 2188 1336 2209 cre-

177 2237 201 2254 “
227 2234 304 2266 dunt
320 2233 393 2274 suaa
414 2229 543 2263 maculas
557 2228 634 2272 fiili,
666 2230 742 2261 naevi
761 2225 885 2272 quidam
905 2226 1019 2266 latent,
1053 2237 1104 2259 nec
1126 2228 1148 2259 ii
1163 2235 1269 2268 parum
1289 2223 1337 2258 dea

178 2285 203 2303 “
218 2282 346 2325 forum,
370 2282 421 2326 qui
438 2291 495 2326 quo
516 2274 691 2320 paucioribus
713 2274 840 2309 hafflenus
864 2274 915 2308 vel
937 2273 1082 2318 observati
1092 2273 1184 2317 sunt,
1216 2272 1268 2306 vel
1279 2283 1336 2316 pus-

182 2334 207 2351 ⁴‘
233 2329 305 2363 blice
328 2328 448 2368 attath,
476 2327 525 2359 hoc
542 2325 611 2360 mihi
633 2333 721 2358 erunt
740 2322 888 2371 studiofim
911 2322 1081 2368 liberiusque
1103 2325 1134 2356 in
1148 2324 1278 2367 gratiam
1298 2325 1337 2356 ti..

178 2383 201 2400 “
222 2391 326 2412 ronum
349 2375 538 2416 nominandi,
566 2373 741 2408 excutiendi.
788 2375 824 2405 Et
848 2371 966 2419 quidem
987 2373 1125 2415 principio
1142 2371 1216 2404 dum
1240 2370 1336 2405 απὲἶου

177 2432 200 2448 “
226 2439 270 2462 res
291 2424 390 2473 quibus
409 2433 503 2458 totum
521 2422 672 2466 aedificium
690 2424 849 2462 innititur,
877 2421 977 2465 forsan
996 2432 1053 2454 non
1073 2422 1175 2463 optime
1193 2422 1225 2452 in
1242 2420 1334 2464 perse,

177 2481 201 2498 ‘⁸
226 2476 281 2509 &os
298 2473 336 2515 (²5
355 2472 526 2517 imperfeflos
550 2470 673 2507 tribuit,
702 2468 904 2515 inelegantibus
929 2469 966 2509 (ς
988 2468 1153 2514 imperfeHis
1173 2468 1229 2512 sed
1254 2470 1335 2512 profi-

177 2529 200 2546 “
225 2523 358 2559 cientibus
382 2523 523 2556 Plautum
542 2519 579 2560 ἶς’
608 2522 775 2553 Terentium
796 2518 956 2561 improvide
979 2517 1153 2552 adnumerat
1164 2531 1176 2556 ,-
1207 2517 1336 2562 persedit}

177 2578 200 2595 ‘⁶
226 2573 263 2614 &¹
283 2570 493 2617 elegantiffimu
514 2572 686 2604 Varronem,
710 2568 894 2612 Saffifiium,
918 2565 951 2607 &
972 2566 1124 2600 Catullum
1136 2578 1149 2604 ,·
1169 2567 1337 2611 imperfhc'io'e

176 2627 200 2644 “
224 2630 324 2656 autem
357 2619 394 2660 (φ
418 2616 608 2663 dzficientibuo
629 2615 833 2656 Columellam,
863 2619 1037 2651 Lucanum,
1065 2618 1221 2656 Senecam,
1252 2618 1334 2649 Taci-

177 2675 200 2691 “
221 2681 306 2711 tum,
336 2669 465 2702 Plinium
492 2675 672 2712 utrumque,
706 2666 846 2698 Curtium
860 2689 869 2704 ‚
906 2663 1134 2711 Qintilianum,
1184 2663 1315 2699 Secundo
1328 2687 1336 2701 ,

177 2725 202 2741 “
227 2721 344 2765 infinita
359 2717 462 2760 defimt
482 2714 522 2748 ad
537 2722 705 2748 accuratam
724 2712 761 2753 ἴς
776 2711 937 2756 absolutam
955 2713 1054 2747 latiuae
1076 2713 1182 2759 linguae
1203 2716 1337 2758 cognitio..

177 2773 200 2792 κ
221 2780 285 2802 nem
306 2766 464 2811 necfflaria.
514 2765 666 2796 Enimvero
687 2770 801 2796 certum
820 2763 877 2808 est,
914 2761 981 2796 alios
1001 2762 1129 2796 auetores
1144 2762 1247 2796 latinos
1266 2764 1335 2795 vivo

178 2822 200 2839 ‘⁴
222 2816 319 2850 adhuc
340 2813 479 2858 Stephano
499 2811 675 2855 publicatos.
698 2810 750 2844 vel
765 2808 802 2842 ab
821 2811 877 2854 ipso
891 2809 1078 2855 perfunflorie
1098 2819 1217 2844 tantum
1237 2811 1336 2854 exqul

177 2870 200 2888 “
222 2866 283 2910 sos,
306 2864 357 2897 vel
381 2876 416 2897 ne
445 2869 568 2895 tentam
585 2860 722 2907 quidem,
749 2859 818 2892 aiios
833 2872 870 2893 ex
891 2871 947 2906 quo
965 2862 1067 2893 vivere
1091 2859 1172 2901 defiit
1188 2862 1219 2892 in
1242 2859 1335 2893 lucem

177 2919 200 2936 ‘⁴
222 2913 366 2961 prodizffi.
393 2919 447 2946 aut
462 2910 547 2955 plane
566 2920 651 2943 novos
669 2916 724 2942 aut
743 2907 823 2953 longe
844 2907 1048 2942 emendatiores
1063 2908 1264 2955 aubiioresque.
1289 2905 1336 2946 Et

214 3058 277 3094 [a]
296 3057 528 3086 Lim-teron
540 3062 578 3086 us
599 3052 680 3086 claris
704 3053 840 3084 natalibus
857 3056 933 3082 orr'us
951 3053 1026 3091 apud
1047 3055 1149 3090 Wqstcot
1168 3055 1198 3085 in
1211 3065 1276 3092 agro
1292 3054 1337 3085 Vi.

177 3095 322 3133 gorniensi.
362 3094 432 3123 Vide
451 3100 484 3123 Α.
499 3095 574 3123 Wood
589 3094 711 3124 Athenas
731 3091 905 3122 Oxonienses
918 3091 954 3120 ad
974 3093 1084 3121 Annum
1108 3096 1188 3130 ¹⁶94·
1207 3103 1262 3131 quo
1276 3103 1338 3123 mo-

176 3135 245 3163 ritur
265 3132 547 3161 erTLizTouus.

215 3171 273 3206 [b]
293 3170 352 3199 Imo
372 3170 463 3196 Gallica
485 3170 502 3198 ii
526 3169 569 3198 vel
591 3167 664 3197 hisce
682 3166 771 3196 oculis
783 3165 828 3196 vel
841 3166 960 3196 STin‘H
973 3175 1048 3196 ΑΝο
1068 3166 1119 3203 ipfi
1136 3167 1215 3197 fides.

211 3208 267 3243 [c]
288 3205 426 3272 gredinile
448 3207 486 3236 est
510 3216 574 3244 ergo
599 3206 634 3235 de
654 3205 784 3235 Editione
799 3203 928 3242 principe
947 3213 1027 3241 ¹531·
1048 3213 1163 3235 eumne
1179 3205 1264 3234 fando
1276 3206 1337 3244 qui.

176 3247 240 3275 dem
261 3255 293 3274 au
319 3245 363 3272 ivii
379 3254 401 3272 e.

215 3283 276 3318 [d]
297 3281 374 3310 Nihil
400 3281 498 3310 minus.
538 3283 659 3308 Henriim
674 3279 809 3316 stephanam
827 3286 902 3308 anno
922 3285 1003 3308 natus
1020 3284 1098 3315 ¹528·
1118 3281 1337 3317 parumconfer—

178 3331 206 3350 re
224 3319 341 3357 potuisse
358 3318 467 3346 videtur
493 3320 527 3347 ad
546 3317 717 3347 Thesauruin
744 3316 922 3354 proditurum
953 3318 1033 3345 Anno
1056 3327 1138 3353 154²·
1180 3318 1279 3353 Neque
1305 3319 1335 3347 in

178 3358 260 3395 ipsius
277 3356 464 3386 monumentis
483 3356 537 3384 ulla
562 3356 606 3384 vel
633 3356 748 3384 minima
766 3354 835 3383 fides
863 3353 900 3384 de
923 3362 955 3383 ea
982 3363 1011 3383 re
1036 3355 1181 3392 reperitur.
1222 3356 1336 3385 Videtur

177 3395 290 3431 quidem
313 3394 372 3431 post
392 3392 499 3422 obitum
516 3394 600 3430 patris
620 3392 735 3421 voluisse
755 3391 928 3422 Thesaurum
949 3392 1009 3426 ejus
1022 3392 1057 3420 ad
1071 3393 1202 3422 incudem
1226 3402 1335 3422 revoca.

176 3443 224 3466 re,
255 3438 284 3460 ut
313 3432 474 3459 monuimus
497 3429 576 3466 supra
598 3439 632 3458 ex
653 3429 734 3467 ipfius
760 3429 922 3469 praefatjoue
950 3429 986 3458 ad
1004 3428 1133 3459 Graecum
1152 3429 1334 3460 Thesaururn.

177 3470 220 3499 Est
237 3470 262 3499 δι
278 3468 343 3497 alibi
365 3467 411 3496 ubi
427 3467 505 3496 suum
525 3467 560 3496 de
577 3477 609 3496 ea
635 3477 663 3496 re
682 3468 770 3504 aperit
787 3466 941 3496 confilium.
992 3466 1012 3481 “
1029 3467 1164 3494 Elaborata
1182 3478 1197 3494 a
1215 3475 1288 3503 patre
1308 3469 1334 3497 δι

177 3508 198 3522 “
217 3507 291 3536 edita
309 3514 392 3542 opera
405 3526 412 3539 ,
434 3514 550 3540 quorum
567 3504 703 3533 editiones
723 3505 807 3542 cupio
828 3512 977 3538 renovare,
997 3503 1061 3532 sunt
1082 3505 1140 3534 haec
1158 3505 1215 3534 duo
1228 3506 1333 3542 potitii,-

178 3545 198 3560 ⁸‘
219 3553 306 3579 mum,
327 3542 465 3578 7lnsauru1
478 3544 569 3576 Lingua
585 3543 674 3567 Latina
687 3543 713 3570 Sc
728 3541 933 3571 Dietionarium
945 3541 1332 3572 Latino-Graeco-Gallicum.”

175 3580 294 3619 Epistola
316 3580 351 3608 de
368 3579 420 3607 111ae
436 3575 636 3620 Typozgraphiae
653 3578 729 3608 statu.

215 3619 272 3654 [e]
294 3618 359 3646 Non
379 3616 485 3652 optima
507 3616 552 3644 led
570 3615 653 3652 longe
676 3614 747 3650 alia,
767 3615 785 3644 si
805 3615 875 3646 fides
895 3614 926 3645 fit
945 3615 1104 3646 adhibenda
1126 3616 1161 3646 'iis
1181 3626 1241 3654 quae
1261 3617 1332 3646 dixi-

176 3665 239 3686 mus
261 3654 296 3684 ad
313 3656 421 3683 Annum
441 3662 495 3690 quo
511 3652 616 3690 prodiit
635 3652 726 3681 Editio
745 3651 944 3689 Lugdunensis.

214 3693 270 3729 [s]
292 3691 384 3720 Editio
406 3689 555 3732 frobeniana
573 3690 609 3719 sc.
636 3689 736 3719 Forum
756 3690 912 3720 Romanum
932 3700 990 3719 non
1012 3689 1101 3727 magis
1119 3690 1333 3720 estSrzrm.

175 3740 215 3760 Nl
240 3739 322 3766 quam
342 3730 569 3763 Promptuarmm.

213 3768 271 3804 [g]
292 3766 361 3801 Quae
377 3765 460 3793 habet
477 3764 615 3791 Borrichim
643 3772 700 3792 non
723 3763 846 3801 spestant
864 3764 882 3794 S
893 3769 961 3794 ’rep
972 3774 992 3793 Η
1003 3773 1022 3792 Α
1035 3773 1054 3793 Ν
1066 3774 1076 3793 ι
1094 3764 1246 3801 Thesaurum
1258 3785 1265 3795 ‚
1286 3764 1333 3795 sed

175 3809 262 3833 Forum
283 3807 436 3835 Romanum,
457 3801 535 3836 cujus
552 3802 650 3829 Aucror
667 3801 868 3837 inelegantibus
885 3804 910 3831 &
929 3802 1100 3840 imperfectis
1118 3803 1239 3830 'Plautum
1250 3804 1275 3832 ἃ
1287 3807 1334 3830 Te.

173 3844 283 3869 rentium
311 3844 493 3873 annumerat,
525 3840 576 3866 Sic.
636 3839 701 3867 Non
737 3841 920 3867 STEPHAN
933 3849 972 3868 us
985 3861 995 3874 ,
1032 3839 1079 3868 sed
1115 3841 1210 3869 omnia
1247 3840 1332 3878 longe

172 3880 270 3951 ahtan]
291 3915 311 3929 “
325 3912 430 3942 Sedulo
450 3912 585 3947 incubui,
615 3917 647 3940 us
661 3908 814 3947 Thesaurum
838 3910 1010 3947 juventiana
1029 3919 1062 3942 ae
1080 3919 1141 3943 tum
1162 3913 1333 3944 discentibus

770 121 809 173 P
843 120 985 171 RAE
1020 115 1055 166 F
1086 116 1137 164 A
1171 113 1222 163 Τ
1258 112 1275 161 l
1311 108 1359 159 O
1428 104 1554 158 Edit.
1587 102 1781 156 Londin.
1823 116 1991 170 1735.

1393 212 1417 231 “
1446 207 1653 258 quibusdam
1684 206 1891 254 interjeffis,
1922 208 1993 241 Non
2016 202 2119 240 multis
2140 205 2245 252 urgebo
2267 202 2347 253 quod
2374 201 2456 248 apud
2480 205 2554 237 Ma-

1393 261 1420 279 “
1445 258 1607 303 riaogelum
1629 254 1791 298 Grofippus,
1815 259 1899 289 varia
1922 257 1952 289 in
1971 253 2151 288 Editionihus
2171 253 2272 301 quibus
2289 254 2352 297 usus
2367 255 2403 298 cst
2419 250 2553 293 quertus

1393 310 1419 329 ‘⁴
1443 306 1597 350 Stephanus
1615 301 1711 347 oppido
1727 303 1778 350 effi
1798 303 1949 348 mendofiz,
1972 302 2099 346 capitalis
2116 311 2214 337 tamen
2226 302 2324 347 pastis,
2348 300 2491 344 adjesiiva
2502 309 2554 343 pro

1395 359 1421 377 ‘¹‘
1458 353 1627 399 iihslantivu
1645 351 1846 399 adverbiisque
1868 364 1924 386 non
1943 364 2010 386 raro
2032 350 2171 393 obtrudi,
2194 351 2330 386 derivata
2348 350 2410 394 suth
2430 350 2556 392 primiti-

1393 408 1423 428 “
1446 405 1490 437 vis
1511 415 1566 438 non
1585 403 1698 441 attexi,
1715 412 1765 435 nec
1775 400 1946 445 simplicibus
1963 400 2133 443 conzpofita3
2154 400 2210 444 [ἑά
2229 400 2264 434 id
2275 398 2371 444 solum
2393 397 2555 439 adjiciam,

1395 456 1422 474 “
1442 452 1594 487 *anetarum
1608 450 1785 493 sententias,
1805 449 1972 496 phraftftjue
1984 449 2141 492 praesertum
2158 447 2254 483 dubiae
2270 445 2485 494 fignificatiomk
2506 456 2557 479 ra-

1396 505 1420 522 u
1444 514 1475 535 ro
1494 500 1653 543 explicari,
1679 498 1797 541 proinde
1815 497 1984 543 ambiguum
2004 496 2190 542 allegatorum
2209 497 2326 542 senfitm
2348 495 2440 531 variis
2464 497 2556 528 inter.

1394 554 1419 571 ‘¹
1440 546 1649 594 pretatiom‘bus
1666 554 1782 589 patere,
1806 550 1862 581 imo
1883 546 2011 580 leffiorem
2030 547 2061 578 in
2072 547 2201 591 suspenso
2214 546 2362 592 relinqui,
2381 543 2459 578 unde
2477 544 2557 577 varii

1399 603 1422 619 “
1446 598 1530 642 lapfiu
1545 596 1581 636 &⁴
1594 594 1807 640 fluetuationes.
1858 593 1985 641 Caspar
2002 592 2191 641 Scioppius
2214 593 2474 632 Consultation.
2502 603 2557 627 11.

1399 650 1422 666 ‘⁶
1448 659 1482 695 p,
1504 658 1557 691 53.
1577 644 1680 685 dicit,
1711 647 1774 678 Hoc
1792 646 1915 678 Lexicon
1934 646 2064 677 omnium
2088 645 2125 687 est
2145 646 2286 687 optimum
2312 642 2365 687 etsi
2388 654 2439 677 nec
2461 640 2560 686 paucis

1396 703 1418 718 “
1444 708 1494 730 nec
1518 692 1625 728 levibus
1650 691 1787 726 erroribus
1817 703 1957 726 vacuum.
2007 689 2048 728 In
2082 691 2311 728 conficiendo
2343 691 2417 728 hoc
2447 699 2559 738 opere

1399 749 1422 763 ‘⁶
1447 743 1644 791 Stephanus
1654 740 1802 788 spatium
1812 739 2004 778 duodecim
2016 751 2193 776 annorum
2204 739 2411 781 consumsit,
2435 749 2559 787 quarn-

1399 798 1422 812 “
1446 796 1498 829 vis
1518 792 1690 831 aliorum,
1715 802 1805 838 quos
1820 791 1958 837 negotii
1973 789 2075 835 huJus
2095 790 2192 826 causa
2220 788 2336 825 sumtu
2361 788 2423 825 suo
2449 787 2557 829 aluit,

1399 846 1424 860 ‘⁵‘
1452 853 1561 890 opera
1587 839 1747 886 adjutus,
1790 850 1945 887 quorum
1972 838 2190 886 negligentia
2211 844 2270 874 aut
2296 837 2430 874 inscitia
2457 836 2560 874 facile

1399 896 1421 909 “
1449 890 1559 927 multa
1584 889 1706 925 vitiosa
1731 900 1799 926 nec
1821 887 1899 925 satis
1931 887 2118 925 emendata
2149 887 2275 925 locum
2306 886 2467 924 invenire
2492 896 2561 934 po-

1400 945 1423 959 “
1449 944 1596 977 tuerant.

1610 1054 1830 1099 Lexicorum
1848 1058 2061 1099 Latinorum
2089 1070 2109 1096 a
2137 1060 2254 1094 Perotto
2269 1057 2313 1096 ad
2329 1059 2447 1096 nostra
2468 1064 2560 1096 tem-

1564 1117 1655 1157 pora
1673 1117 1849 1158 perpetuo
1866 1117 1992 1147 tenore
2015 1109 2050 1145 &
2073 1106 2283 1146 successione
2307 1120 2390 1145 vere
2403 1120 2562 1153 πατροπαι-

1394 1159 1506 1206 ξαδότῳ
1526 1158 1759 1195 ἀεάυᾶοωηι
1777 1171 1816 1196 ea
1836 1160 1883 1196 est
1903 1159 2030 1199 facies,
2060 1169 2101 1194 ea
2115 1157 2266 1194 fortuna.
2311 1155 2441 1207 Neque
2460 1162 2560 1194 extra

1398 1221 1461 1247 eos
1481 1209 1610 1245 limites
1627 1219 1718 1257 quos
1735 1207 1796 1245 fibi
1815 1208 2066 1255 descripserant
2087 1207 2196 1254 primi
2216 1205 2371 1249 Coloni,
2403 1206 2562 1253 divagari

1396 1258 1429 1294 se
1449 1256 1532 1305 passi
1558 1257 1636 1293 sunt
1665 1256 1836 1305 Nepotes.
1887 1256 1957 1294 Sed
1986 1267 2069 1293 ecce
2096 1261 2243 1292 exortus
2271 1256 2320 1293 est
2343 1255 2561 1295 Risimus

1397 1306 1481 1345 Fau
1493 1316 1545 1341 ER
1562 1305 1717 1343 Soranus
1739 1307 1832 1343 suam
1851 1317 1998 1355 quoque
2018 1305 2188 1342 familiam
2203 1304 2337 1342 ducens
2349 1333 2359 1347 ‚
2389 1314 2566 1352 novaeque

1397 1354 1492 1404 quasi
1516 1355 1655 1392 Scholae
1686 1356 1864 1392 conditor.
1904 1354 2000 1392 Nam
2036 1364 2239 1402 quanquam
2271 1366 2311 1391 ea
2337 1354 2422 1392 lima
2452 1352 2566 1390 hodie

1397 1405 1598 1453 perpolitur
1611 1415 1723 1452 eaque
1745 1416 1826 1442 cura
1838 1401 2195 1452 praestantissimorum
2213 1404 2375 1440 virorum
2394 1401 2565 1439 mastetur

1396 1462 1438 1491 ut
1455 1454 1586 1501 optimi
1602 1452 1727 1490 Lexici
1747 1455 1824 1490 vice
1841 1454 1944 1501 fungi
1970 1458 2094 1501 queat,
2127 1463 2204 1488 non
2230 1459 2351 1489 tamen
2374 1451 2563 1490 Didiona-

1395 1506 1509 1544 rium,
1549 1509 1588 1538 ut
1612 1502 1762 1545 dicitur,
1799 1504 1837 1539 in
1862 1504 1984 1540 animo
2010 1501 2134 1538 habuit
2160 1500 2384 1538 conscribere
2408 1500 2435 1538 F
2446 1510 2562 1536 ABER

1396 1553 1517 1590 noster
1532 1549 1606 1597 {h}
1656 1551 1787 1588 Voluit
1815 1550 1992 1600 Linguam
2018 1550 2182 1588 Latinam
2202 1561 2281 1587 non
2302 1551 2452 1594 pueriliter
2470 1553 2563 1584 iuter.

1392 1604 1523 1646 pretori,
1547 1599 1605 1637 sed
1623 1603 1732 1635 Critice
1743 1610 1898 1645 exponere,
1923 1600 2188 1637 vocabulorum
2205 1600 2465 1648 proprietatem
2483 1599 2562 1636 sub-

1395 1651 1505 1687 tiliter
1524 1645 1560 1685 Sc
1582 1648 1676 1698 quafi
1697 1649 1949 1698 philosophice
1970 1655 2155 1690 excutere,
2191 1648 2352 1696 linguam
2378 1647 2423 1685 ad
2447 1649 2560 1695 origi·

1396 1708 1482 1736 nem
1508 1698 1615 1747 usque
1644 1699 1851 1746 investigare
1882 1707 1988 1748 atque
2013 1697 2085 1745 ejus
2108 1696 2202 1746 quafi
2228 1697 2411 1736 historiam
2433 1704 2560 1735 conte-

1392 1756 1499 1790 xere,
1523 1750 1617 1784 vices
1637 1747 1924 1795 deprehendere,
1946 1748 2197 1795 rationemque
2214 1758 2322 1796 quam
2342 1746 2399 1783 vel
2421 1758 2505 1784 cum
2524 1745 2560 1783 se

1394 1799 1465 1846 ipsa
1479 1824 1488 1839 ,
1516 1797 1573 1833 vel
1593 1808 1677 1833 cum
1694 1796 1853 1834 finitimis
1873 1797 2005 1844 linguis
2027 1802 2210 1834 exerceat,
2236 1795 2447 1843 complent,
2473 1806 2561 1844 pro-

1394 1847 1549 1894 indeque
1585 1845 1882 1894 Orthographiae,
1923 1845 2154 1893 Philologiae,
2197 1844 2375 1893 totiusque
2409 1844 2562 1883 demum

1395 1896 1544 1933 Critices
1567 1906 1672 1944 quam
1688 1894 1846 1932 latiffime
1866 1903 2002 1943 pateat,
2028 1894 2227 1932 Thesauros
2248 1893 2453 1931 conradere.
2492 1893 2560 1932 Ni-

1392 1945 1445 1981 hil
1466 1956 1553 1992 ergo
1572 1944 1671 1992 quod
1690 1943 1832 1982 Erudita
1857 1945 2057 1992 AntIquitas
2083 1946 2122 1980 in
2148 1943 2182 1980 se
2205 1941 2399 1991 complexa
2424 1943 2473 1980 est
2500 1943 2560 1981 'vel

1395 1994 1629 2030 memorabile
1657 1993 1713 2030 vel
1738 1993 1910 2042 singulare
1930 1993 2119 2030 homiuem
2147 1998 2219 2029 tam
2245 1993 2361 2041 probe
2387 1993 2560 2030 exercita-

1393 2050 1471 2080 tum
1496 2043 1616 2090 fugere
1646 2042 1790 2087 debuit;
1830 2042 1981 2084 Officia,
2015 2042 2230 2084 Ministeria‚
2265 2041 2392 2084 Artes,
2432 2041 2563 2087 Ritus,

1393 2092 1579 2133 calculos,
1603 2091 1892 2139 Philosophiam,
1927 2091 2076 2133 Cultus,
2105 2090 2201 2128 unde
2223 2091 2282 2128 vel
2304 2091 2478 2128 scribendi
2500 2090 2559 2129 vel

1391 2140 1566 2190 loquendi
1585 2144 1673 2177 ratio
1693 2140 1783 2177 affici
1805 2141 1991 2188 potuisset,
2024 2141 2074 2177 ob
2097 2139 2224 2176 oculos
2248 2139 2383 2188 posuit,
2416 2141 2453 2177 ὃς
2471 2151 2559 2188 prae-2

1393 2199 1506 2232 terea,
1535 2191 1634 2238 quod
1651 2197 1770 2226 tamen
1787 2189 2003 2227 condonasse
2024 2189 2153 2231 malui,
2178 2189 2364 2226 sententias
2382 2188 2558 2232 eruditas,

1392 2241 1535 2287 adagia,
1575 2239 1898 2286 apophthegmata,
1933 2238 2117 2286 exempla,
2156 2238 2377 2280 historiolas,
2414 2237 2558 2288 physica

1393 2292 1500 2326 etiam
1517 2288 1690 2325 nonnulla
1711 2289 1746 2324 &
1766 2288 1933 2330 moralia,
1963 2288 2134 2329 adduxit,
2160 2299 2238 2335 quae
2251 2289 2289 2324 in
2312 2289 2477 2325 examine
2492 2287 2557 2324 dis-

1390 2339 1553 2375 centibus
1579 2339 1738 2385 proponi
1758 2338 1793 2373 δε
1813 2337 1983 2374 inculcari
2004 2336 2266 2374 vocabulorum
2288 2334 2475 2374 occafione
2488 2348 2557 2385 po-

1389 2395 1500 2475 gigrtlz.
1548 2386 1690 2479 ῗεξὶρῦε
1708 2387 1862 2436 denique
1881 2399 1957 2424 non
1979 2385 2118 2429 Pueris,
2143 2385 2201 2422 sed
2216 2385 2467 2429 Confirmatis,
2496 2385 2558 2423 sed

1390 2463 1392 2466 ι
1448 2448 1470 2473 u
1488 2444 1529 2472 tis
1575 2439 1586 2469 i
1594 2462 1622 2482 ,-

1457 2509 1523 2549 His
1559 2512 1740 2549 ominibus
1771 2510 1907 2560 prodiit
1932 2512 2047 2559 prima
2074 2512 2154 2548 viee
2189 2510 2347 2556 Thesaurus
2378 2511 2557 2548 {traditioni}

1390 2560 1584 2605 Scholastica,
1605 2561 1669 2605 five
1688 2564 1763 2596 ratio
1785 2560 1905 2595 docendi
1929 2573 1963 2596 oc
1984 2559 2111 2605 discendi
2129 2560 2216 2607 fircili
2229 2586 2240 2603 ,
2272 2561 2381 2605 plana,
2414 2560 2454 2602 &³
2479 2573 2555 2596 com-
2589 2569 2596 2573 ”

1388 2609 1539 2654 pendiaria
1555 2608 1663 2654 prorsus
1686 2613 1755 2651 via,
1778 2623 1815 2644 ex
1832 2609 1942 2653 optimu
1961 2609 2124 2657 quibufiJue
2142 2609 2289 2644 autoribus
2309 2611 2417 2645 Οτι-ερὲς
2437 2609 2475 2652 &⁴
2492 2613 2553 2644 La.

1392 2659 1478 2693 timu:
1505 2658 1542 2699 ἀπ’
1552 2660 1677 2704 supeffex
1694 2657 1904 2703 instrudiiffi'ma
1925 2657 2083 2693 verborum
2094 2679 2107 2700 ,
2136 2657 2335 2700 locutionum,
2360 2671 2472 2701 rerum,
2487 2659 2555 2703 sett-

1393 2710 1556 2742 tentiarum
1566 2733 1577 2750 2,
1594 2708 1808 2752 exemplorum,
1823 2718 1983 2754 eorumque
2001 2709 2131 2741 omnium
2148 2719 2213 2755 qua
2229 2716 2295 2742 tum
2302 2701 2467 2742 docentibus
2484 2716 2556 2742 tum

1392 2756 1558 2804 discentibus
1585 2756 1761 2791 adminiculo
1777 2754 1928 2798 utilffmo
1950 2756 2020 2802 effi,
2051 2764 2141 2802 atque
2168 2755 2210 2790 ad
2234 2756 2425 2791 eruditionem
2443 2760 2557 2803 negotio

1384 2804 1473 2851 facili
1491 2804 1529 2846 ὠ·
1548 2805 1678 2850 expedito
1695 2804 1920 2849 comparandam
1929 2804 2030 2850 facere
2046 2800 2180 2851 poffunt‚
2206 2817 2274 2838 cum
2293 2804 2432 2848 adjunsla
2446 2808 2477 2840 ἰη
2494 2805 2556 2850 ple.

1391 2855 1487 2901 risqtte
1507 2854 1570 2888 locu
1587 2857 1820 2899 interpretatione
1839 2855 2035 2892 Germanicas
2075 2855 2123 2887 Ita
2137 2856 2234 2888 omnia
2257 2852 2293 2888 de
2317 2854 2458 2902 industria
2476 2853 2555 2890 colle-

1391 2903 1436 2938 &a
1459 2911 1549 2951 atque
1584 2902 1820 2945 accommodata,
1856 2909 1892 2936 ut
1913 2900 1952 2942 ἶς’
1974 2902 2046 2937 locos
2075 2913 2240 2937 communes
2271 2915 2377 2938 vocum
2395 2915 2554 2951 rerumque

2447 2951 2554 2987 mttlti-

1396 1081 1527 1119 FABEB..

1393 3049 1414 3065 ‘⁰
1433 3053 1495 3078 tum
1518 3048 1685 3079 docentibus
1708 3046 1888 3083 exhiberem,
1919 3056 1978 3078 non
2004 3046 2186 3078 obtruderem
2215 3047 2417 3080 Diffionarium,
2445 3047 2494 3084 qui
2514 3057 2553 3078 ne

1394 3088 1415 3102 “
1436 3086 1548 3116 Latinus
1570 3088 1703 3125 quidem,
1725 3093 1756 3116 ut
1778 3086 1809 3115 fit
1829 3086 1974 3123 vulgatus,
2007 3086 2104 3116 titulus
2125 3085 2183 3119 est,
2213 3084 2268 3113 hoc
2290 3083 2346 3119 est,
2374 3090 2406 3114 ut
2430 3094 2488 3115 non
2507 3095 2555 3115 oc-

1394 3126 1415 3140 “
1436 3134 1551 3161 cuparer
1569 3124 1765 3154 enumerandis
1786 3123 1885 3153 usitato
1907 3124 2004 3158 modo,
2023 3124 2102 3159 juxta
2122 3123 2251 3152 ordinem
2273 3121 2487 3159 elementorum,
2506 3133 2557 3153 vo-

1392 3163 1413 3178 “
1434 3161 1541 3192 cabulis
1566 3168 1693 3198 tantum,
1714 3161 1760 3191 sed
1779 3160 1953 3191 ostenderem
1977 3161 2062 3191 etiam
2081 3161 2150 3198 quid
2170 3160 2200 3189 in
2215 3169 2384 3197 unaquaque
2400 3170 2471 3191 voce
2491 3171 2557 3199 pro-

1394 3201 1415 3215 “
1435 3200 1558 3237 prietatis
1578 3199 1645 3230 effer
1666 3206 1748 3236 atque
1763 3198 1927 3235 elegantiae‚
1952 3208 1986 3228 ac
2002 3199 2148 3235 quomodo
2167 3197 2286 3235 perspici
2305 3197 2368 3227 usus
2386 3199 2448 3234 ejus
2466 3208 2555 3235 nego.

1392 3239 1412 3253 “
1433 3239 1472 3267 tio
1488 3237 1623 3267 facillimo
1642 3235 1745 3274 posset-z
1774 3236 1928 3272 Quomodo
1948 3237 2015 3266 item
2034 3245 2117 3266 voces
2137 3235 2199 3266 aliae
2218 3244 2284 3264 cum
2310 3235 2371 3267 aliis
2395 3236 2528 3273 conjungi
2540 3257 2551 3271 ‚

1393 3276 1412 3291 st
1434 3285 1466 3305 ac
1487 3275 1646 3305 locutiones
1661 3281 1748 3304 certas
1767 3274 1794 3303 δε
1811 3273 1960 3304 sententias
1979 3273 2089 3303 Latinas
2110 3276 2137 3304 δε
2159 3272 2316 3311 perspicuas
2342 3273 2466 3310 praestare
2490 3273 2554 3312 pos-

1392 3314 1412 3328 a
1434 3313 1501 3343 sent.
1539 3314 1578 3342 Ac
1598 3313 1660 3350 quia
1678 3311 1769 3341 sterile
1788 3312 1815 3341 Sc
1832 3312 1961 3347 jejunum
1983 3312 2101 3340 nimium
2123 3313 2149 3341 Sc
2165 3310 2220 3340 hoc
2240 3309 2329 3348 ipsum
2348 3310 2407 3347 est,
2434 3311 2553 3347 adjunxi

1393 3352 1414 3366 ‘⁴
1434 3360 1469 3380 ex
1490 3351 1653 3379 Aucrorieu‘s
1670 3349 1771 3378 Graecis
1788 3350 1814 3378 δι
1832 3349 1952 3384 Latinis,
1982 3349 2000 3377 si
2025 3357 2082 3378 non
2108 3348 2261 3383 omnibus,
2293 3354 2387 3377 tamen
2407 3348 2554 3386 plurimis,

1394 3389 1414 3403 ‘⁴
1436 3388 1568 3425 quicquid
1587 3389 1616 3422 in
1642 3387 1674 3416 iis
1691 3385 1866 3424 deprehendi
1884 3387 2045 3422 eruditum,
2065 3386 2196 3424 elegans,
2217 3385 2376 3423 egregium,
2404 3394 2555 3424 argutum,

1393 3427 1413 3441 “
1434 3426 1570 3463 lepidum.
1587 3425 1603 3437 ”
1644 3424 1684 3453 Ex
1708 3424 1859 3461 Prolegom.
1878 3424 1960 3454 Bis.
1986 3424 2111 3453 Fnsar.
2144 3423 2186 3453 ·Et
2205 3432 2291 3457 mox,
2332 3424 2351 3438 “
2367 3423 2396 3452 Si
2426 3425 2487 3461 quis
2511 3434 2555 3454 ar.

1390 3464 1411 3477 “
1432 3463 1581 3492 bitrabitur
1599 3462 1773 3492 Thesaurum
1796 3462 1871 3491 hunc
1890 3462 2013 3490 nostrum
2034 3462 2064 3490 in
2082 3460 2139 3490 hoc
2157 3460 2346 3497 conscriptum
2367 3460 2422 3490 effe
2446 3468 2477 3490 ut
2497 3462 2553 3491 Vo-

1390 3502 1410 3515 “
1431 3500 1562 3529 cabularii
1581 3507 1629 3529 aut
1642 3499 1822 3534 Dictionarii,
1843 3499 2080 3536 quemadmodum
2089 3504 2213 3534 vocant,
2232 3494 2300 3541 loco
2316 3498 2377 3534 quis
2396 3508 2431 3528 eo
2446 3505 2549 3536 utatur,

1390 3538 1412 3553 “
1433 3547 1485 3566 nec
1503 3539 1579 3574 prius
1601 3537 1635 3566 ad
1655 3547 1719 3566 eum
1740 3536 1883 3574 confugiat
1903 3546 1985 3573 quam
2005 3537 2041 3565 de
2059 3536 2189 3566 vocabuli
2211 3535 2329 3571 alicujus
2351 3535 2553 3573 fignificationo

1391 3576 1411 3590 ‘¹
1433 3575 1561 3610 dubitet,
1581 3584 1613 3605 ac
1633 3575 1893 3612 interpretationem
1914 3575 1974 3610 ejus
1996 3579 2095 3611 petere
2116 3582 2152 3602 ex
2177 3583 2212 3603 er>
2235 3573 2375 3608 instituat,
2396 3581 2455 3603 tota
2472 3575 2552 3604 abet.

1390 3613 1410 3628 ‘⁸
1430 3613 1502 3642 rabit
1519 3612 1572 3641 via.
1605 3613 1680 3648 ⁴Non
1695 3613 1774 3641 *enim
1793 3618 1824 3640 ut
1847 3611 2052 3641 Didionarium
2077 3618 2185 3640 tantum
2213 3609 2299 3646 effer,
2320 3610 2549 3649 conscripsimus,

1390 3651 1410 3665 ‘⁶
1431 3650 1477 3679 sed
1502 3656 1531 3679 ut
1550 3649 1719 3679 uberrimam
1742 3649 1854 3686 copiam
1870 3650 1896 3679 ἃ
1924 3648 2157 3678 instructiffimum
2183 3655 2346 3686 apparatum
2372 3648 2551 3680 locutionum

1389 3689 1410 3703 “
1431 3688 1598 3722 latinarum,
1620 3694 1712 3716 rerum
1732 3696 1764 3716 ac
1780 3686 1978 3716 sententiarum
1999 3687 2156 3716 contineret
2169 3707 2178 3720 ‚
2208 3696 2240 3715 ac
2264 3685 2337 3722 quasi
2354 3685 2384 3715 in
2400 3686 2460 3716 foro
2480 3697 2550 3723 quo.

1390 3726 1410 3740 ⁴¹
1432 3720 1514 3759 dam,
1535 3732 1566 3753 ut
1580 3724 1701 3762 conspici
1716 3725 1750 3753 ab
1767 3723 1897 3753 omnibus
1913 3723 2019 3760 posset,
2040 3723 2191 3760 explicaret
2212 3730 2294 3760 atque
2312 3723 2470 3754 ostentaret.
2479 3724 2497 3737 ¹’

1428 3763 1484 3797 [i]
1519 3763 1538 3776 “
1560 3761 1610 3791 lila
1628 3763 1722 3791 omnia
1744 3769 1805 3798 quae
1825 3762 1860 3790 ad
1887 3762 2008 3790 studium
2036 3760 2237 3790 Grammatices
2257 3761 2418 3798 pertinent,
2446 3762 2552 3793 adferri

1392 3800 1413 3814 “
1434 3799 1518 3836 cupio
1540 3808 1574 3828 ex
1594 3800 1703 3828 Scholis
1724 3801 1759 3828 ad
1778 3799 1854 3828 hunc
1880 3800 2002 3827 nostrum
2032 3798 2222 3832 Thesaurum,
2243 3799 2322 3834 cujus
2350 3798 2434 3828 lectio
2461 3808 2549 3836 gram.

1391 3837 1413 3852 “
1433 3837 1541 3866 maticis
1559 3835 1613 3866 iliis
1629 3845 1719 3875 praece
1741 3837 1777 3865 tis
1796 3835 1924 3866 nondum
1946 3836 1984 3865 sat
2007 3839 2083 3866 recte
2111 3836 2225 3866 imbutis
2252 3835 2380 3874 prodesse
2400 3837 2449 3867 vix
2468 3843 2551 3875 pote-

1390 3875 1410 3889 “
1429 3874 1501 3903 rit.'’
1540 3873 1666 3904 Fun
1684 3875 1742 3911 ipe
1759 3873 1779 3902 1.
1801 3882 1827 3903 c.
