2604 4222
208 217 229 247 C
239 221 254 246 A
265 227 309 246 ΤΗ
321 219 335 247 ἒ
346 229 363 246 n
374 228 388 245 τε
400 229 429 252 A,
438 219 482 248 vel
496 218 516 247 C
526 220 541 247 Κ
551 227 569 246 Τ
578 227 596 246 Η
606 221 622 245 ῐῑ
631 229 647 245 n
657 228 672 246 r.
683 228 710 251 A.
722 228 752 247 ae.
765 218 782 246 f.
797 214 925 254 Γκειθέᾳζῑν
938 218 951 251 J
962 217 977 245 i.
992 215 1112 245 eSedes.
1124 215 1218 244 Graeca
1228 214 1300 244 enini
1310 223 1364 242 vox

245 257 291 292 est,
311 254 354 283 >ei-I
376 252 395 282 ἕ
409 256 473 282 χρωτὶ
487 279 494 290 Ἰ
514 261 534 291 κς,
552 257 590 283 ’ὴῖς
605 255 683 290 thaat.
706 255 763 289 ἐὂςᾳ
775 252 866 285 autem
883 253 1014 283 sedesest.
1037 254 1103 282 lior.
1123 262 1146 281 1.
1159 253 1304 288 Serm.-io.
1317 262 1363 288 91.

330 294 380 323 Dis
395 294 530 331 ipularuiii
541 295 611 322 inter
622 294 705 328 jubeo
721 293 827 330 plorare
839 292 992 322 cathedras.

248 331 341 364 Lonua
354 336 377 360 (Q
391 335 475 360 ltiata.
498 332 594 366 juven.
606 341 628 366 9.
644 332 696 359 Sat.
716 340 756 364 52·

250 369 360 399 molit-22.
386 370 403 397 i.
418 380 442 398 e.
465 370 609 398 Feminese.
631 367 728 402 juven.
744 371 768 397 6.
786 367 839 397 Sat.
853 376 898 401 91.

249 407 291 437 De
303 408 431 436 maenia
442 407 553 442 surgere.
580 406 697 435 lilarrial.
710 405 755 433 lib.
773 415 812 433 11.
830 415 889 433 100.

333 446 371 472 De
384 444 511 472 cathedra
522 445 628 479 quoties
641 443 722 479 surgis
732 465 738 475 ,
762 444 813 473 iam
826 442 897 479 saepe
909 440 1018 475 notavi,
1031 440 1082 470 &a
1176 439 1221 469 Sic
1233 440 1315 469 etiam
1326 438 1366 468 di-

249 483 356 514 cimus,
381 482 398 510 E
412 481 541 510 cathedra
551 480 663 515 surgere.
689 482 762 509 idem
775 480 821 509 lib.
839 490 879 509 12.
897 483 939 512 18.
1007 510 1009 512 ¹
1054 493 1089 498 —
1101 476 1256 507 ecathedra

344 520 505 554 Surgentem
515 540 521 551 ,
543 518 622 546 focus
634 519 738 554 excipit
748 540 754 551 ,
771 520 821 546 Sto.

253 557 396 586 Cathedrze
408 557 488 584 eriam
500 555 647 584 suntSellae
657 577 663 588 ,
685 556 709 584 ἃ
723 555 836 592 quidem
846 554 950 588 velatae,
973 552 1072 590 quibus
1088 553 1200 582 feminae
1214 551 1307 590 gestari
1317 562 1366 590 per

270 595 367 623 urben]
378 594 510 622 solebant.
533 593 651 621 Martini.
669 603 707 620 12.
726 599 766 625 38.

332 632 413 660 Hunc
424 632 469 667 qui
484 630 610 659 femineis
620 630 769 667 noctesque
779 629 889 665 diesque
901 628 1038 669 cathedris

367 669 489 700 incedit.
512 675 568 696 tota
578 673 658 696 notus
670 669 697 696 in
711 669 776 696 urbe
788 668 878 696 ninus.
965 668 995 696 bt
1006 666 1170 703 Calpurnius
1180 673 1205 702 7.
1221 664 1365 702 Eclog.27.

332 706 404 734 lnter
415 707 545 734 femineas
555 706 691 742 spectabat
701 707 780 735 turba
788 706 941 734 cathedras.

215 744 238 773 C
249 745 263 772 ,ἵ
274 746 371 772 TH1320
382 754 393 771 r
407 747 422 771 A
435 745 496 771 Lir
508 753 515 770 i
527 753 542 771 u
554 753 582 777 s,
605 753 635 775 a,
658 744 713 773 iiiii,
734 744 791 778 Adi.
816 742 1012 779 [za9icb0037a2]
1034 748 1083 775 ut,
1105 741 1204 771 Servus
1226 740 1367 770 cathedra-

251 781 326 810 litius
338 803 345 809 .
367 781 421 816 Qui
433 781 561 808 cathedra
574 781 669 809 heruni
682 781 779 810 defert.
803 780 922 810 Martial.
935 780 982 809 lib.
998 790 1038 809 10.
1056 789 1098 816 13.

345 819 437 854 Quum
449 818 655 847 czithedralitios
670 826 762 856 portet
772 819 824 848 tibi
842 819 925 847 rheda
939 818 1075 847 'ministros
1087 840 1094 853 ,

388 856 419 884 Et
431 856 509 892 Libys
521 856 548 884 in
564 856 646 891 longo
663 856 776 894 pulvere
789 857 868 886 sudet
879 866 978 894 eques,
1000 857 1050 885 ἃς.

253 892 305 922 bus
322 895 346 922 Gt
361 893 498 922 deiidibus
508 894 611 930 accipit
622 895 746 924 ssudaeus.

215 931 238 961 C
249 942 266 960 A
276 941 294 959 Τ
307 941 323 958 Η
337 941 349 959 a
360 941 377 959 o
390 942 402 958 R
417 941 433 959 A
445 941 475 959 Β]
489 941 506 959 υ
517 941 528 960 s
540 953 547 965 ,
570 932 587 959 i.
608 942 644 960 ni.
667 933 859 962 Cathedrarios
883 930 1063 968 Philosophos
1078 936 1159 958 vocat
1180 929 1286 959 Seneca
1302 929 1369 958 Um-

252 968 361 997 bratiles
378 969 451 1004 illos,
464 969 562 1006 quibus
576 969 636 998 satis
652 969 690 999 est
710 971 745 999 de
754 972 856 1000 virtute
875 969 904 998 in
919 968 1058 998 cathedris
1073 969 1171 1005 garrire
1183 989 1190 1001 ,
1214 968 1347 997 Fabianus
1358 989 1367 1002 ,

251 1007 357 1041 inquit,
376 1016 432 1035 non
445 1016 478 1035 ex
488 1006 529 1035 his
540 1007 718 1038 cathedrariis
729 1006 901 1046 philosophis
912 1030 920 1043 ,
943 1007 988 1036 sed
1004 1016 1038 1035 ex
1047 1006 1116 1035 veris
1127 1008 1153 1035 St
1163 1007 1291 1043 antiquis.
1325 1006 1367 1035 De

251 1044 382 1073 brevitate
395 1046 466 1073 vitae.
482 1054 542 1082 cap.
561 1055 601 1074 10.
617 1056 658 1083 pr.

252 1082 352 1110 Orator
361 1082 556 1111 cathedrarius.
578 1083 675 1112 Seiiec.
688 1084 787 1121 Epist.i
797 1093 819 1113 1.
843 1083 860 1112 i.
874 1093 896 1112 e.
911 1082 967 1119 Qui
980 1083 1008 1111 in
1018 1081 1150 1111 cathedra
1159 1081 1365 1110 sermocinatur.

214 1119 423 1149 CATHFDRA
438 1130 518 1155 RiA,
549 1119 580 1149 V.
603 1130 825 1151 ρυλε-Τιμὼ

212 1157 235 1187 C
246 1167 264 1185 A
274 1166 293 1185 Τ
304 1167 323 1186 Η
333 1160 348 1185 ἓ
357 1167 374 1185 c
383 1159 398 1186 *a
409 1167 428 1185 Τ
439 1167 455 1185 A
469 1179 477 1192 ,
500 1158 530 1186 z'e.
553 1166 588 1187 in.
610 1159 792 1194 [mmm]
814 1159 919 1188 Durior
930 1180 937 1193 ,
959 1162 1122 1196 praeceptor.
1154 1156 1319 1186 columban.
1333 1165 1367 1185 ex

246 1195 314 1224 edit.
328 1195 440 1224 Dauiiiii
456 1196 489 1224 ad
500 1195 558 1224 Cat.
574 1195 637 1225 Dist.
898 1208 901 1211 *

343 1233 401 1262 Vita
415 1233 505 1265 aliena
516 1239 568 1264 tuae
579 1234 629 1263 tibi
643 1234 673 1264 sit
682 1234 826 1272 cathegeta
836 1234 907 1263 vitaz.

247 1271 284 1300 tia
298 1271 370 1300 illius
384 1272 472 1301 saeculi
487 1273 642 1309 corripitur.

215 1308 237 1337 C
248 1318 294 1337 AT
303 1319 321 1338 H
332 1313 348 1338 ἒ
359 1321 379 1337 Μ
389 1320 407 1337 A
419 1332 426 1344 ‚
449 1309 596 1345 [affluet]
619 1310 822 1339 Ornamentum
834 1308 981 1338 demissum
992 1309 1026 1338 ad
1038 1310 1134 1346 'peffffls
1143 1331 1151 1344 ,
1173 1308 1249 1345 quod
1259 1309 1284 1337 Sc
1296 1307 1366 1341 „0092-

249 1348 293 1382 τὴς
309 1348 412 1376 dicitur
426 1347 529 1376 Polluci
539 1347 586 1377 lib.
599 1359 621 1383 5.
634 1358 693 1386 cap.
708 1352 748 1377 16.
762 1358 794 1376 ex
806 1347 971 1384 Antiphane.
1012 1346 1063 1376 Pro
1080 1347 1193 1384 Torque
1211 1354 1303 1375 autem
1323 1355 1366 1375 ac-

249 1385 362 1422 cipitur,
373 1391 404 1413 ut
415 1385 636 1422 D.Hieronymus
648 1387 730 1415 vertit
740 1385 834 1414 locum
848 1384 999 1415 Ezechielis
1011 1394 1071 1422 cap.
1080 1388 1121 1413 16.
1131 1394 1138 1412 1
1150 1385 1250 1419 i.juxta
1264 1384 1365 1420 Aquilae

249 1424 275 1452 ἃ
290 1423 452 1459 Symmachi
474 1423 634 1459 editionem.
672 1422 854 1460 Septuaginta
868 1423 1049 1459 interpretes,
1071 1424 1097 1452 ἅ
1120 1421 1302 1452 Theodotion
1320 1420 1365 1452 ›Lel-

246 1460 311 1494 9εμ9ι
324 1459 527 1494 transtulerunt,
543 1471 596 1490 nec
611 1461 699 1490 solum
711 1462 759 1496 ibi,
772 1461 817 1490 sed
831 1462 856 1490 64
868 1460 948 1489 Esaiae
962 1469 985 1495 3.
1002 1470 1047 1496 ιφ,
1066 1467 1096 1489 ut
1107 1459 1209 1494 scribit,
1231 1460 1288 1497 ipse
1302 1460 1365 1488 Hie-

247 1508 381 1535 ronymus
393 1500 421 1527 in
432 1500 638 1528 commentariis
649 1499 772 1534 ejusdem
785 1509 844 1536 cap.
861 1502 903 1528 16.
925 1499 970 1535 qui
982 1497 1089 1533 subdit,
1106 1497 1132 1526 se
1147 1504 1246 1533 putare
1263 1495 1364 1532 ’19⁶'quae

247 1535 281 1564 ab
293 1537 331 1565 eis
343 1537 463 1570 dictum,
485 1536 589 1576 monile
614 1547 648 1565 ex
666 1537 745 1566 variis
761 1537 895 1580 geminis,
917 1536 946 1565 in
968 1538 1065 1573 pectus
1088 1535 1238 1566 mulierum
1252 1534 1364 1565 descen-

246 1574 315 1602 dens
325 1596 333 1607 ,
355 1575 402 1611 qui
417 1576 441 1603 ἃ
453 1573 508 1611 ipse
517 1578 630 1604 ornatus
639 1575 841 1612 pulclierr1mus
850 1573 998 1604 mulierum
1010 1574 1056 1603 est.

207 1610 413 1646 CATHENA,
438 1612 656 1642 V.CATENA.
1123 1642 1124 1645 ,
1282 1636 1285 1641 .

207 1649 230 1678 C
240 1659 261 1678 A
272 1659 291 1677 T
300 1659 319 1678 H
331 1653 346 1679 ὲ
358 1659 399 1678 Tr.
408 1660 423 1678 R
432 1672 440 1685 ,
461 1650 522 1679 eris.
545 1660 580 1680 m.
603 1649 731 1686 [καῖετὴε
742 1661 756 1680 a
772 1647 896 1686 καθίημαι
905 1672 912 1685 ,
935 1650 1080 1685 demitto]
1101 1649 1222 1679 Medicis
1233 1650 1270 1679 est
1280 1649 1363 1679 Fistu-

244 1687 271 1716 la
283 1689 402 1717 urinaria
411 1710 419 1722 ,
441 1689 532 1725 quain
543 1688 658 1718 vesicam
667 1688 781 1718 demissa
789 1711 797 1725 ,
818 1689 900 1718 urina
911 1695 1018 1718 retenta
1029 1687 1147 1718 elicitur.
1170 1688 1360 1718 Galenmeth.

244 1725 321 1754 med.
338 1736 360 1760 ς.
375 1736 397 1761 5.
410 1727 472 1762 &7.
494 1726 612 1763 IEginet.
626 1731 651 1757 6.
667 1737 709 1762 59.
1301 1760 1303 1762 .

206 1761 228 1791 C
240 1773 259 1791 A
269 1772 288 1791 ‘r
299 1773 319 1791 H
329 1773 369 1791 ΕΤ
378 1773 392 1792 a
401 1774 434 1792 R1
447 1774 459 1792 s
468 1775 487 1792 M
499 1774 537 1793 us
546 1786 554 1799 ,
575 1765 592 1794 i.
612 1774 649 1794 m.
673 1761 898 1801 [tretffivnewee‘f]
920 1764 958 1794 est
972 1763 1081 1793 Vitiosae
1098 1763 1194 1794 velicae
1208 1763 1361 1801 chirurgica

242 1802 349 1829 curatio
361 1810 409 1838 per
428 1802 606 1832 catheterem.
647 1803 676 1832 V.
699 1802 808 1832 Reines.
820 1802 894 1832 Lect.
912 1802 976 1831 Var.
994 1811 1022 1839 p.
1036 1805 1100 1836 663.

204 1837 253 1867 CA
264 1848 283 1866 T
294 1848 312 1867 H
322 1840 337 1867 ἑ
346 1849 364 1866 Τ
374 1850 389 1867 u
401 1849 412 1868 s
421 1861 428 1874 ,
449 1839 466 1868 i.
486 1850 522 1869 m.
559 1842 573 1876 [
586 1840 719 1876 »affineq
754 1841 838 1869 Linea
855 1839 1096 1878 perpendicularis
1108 1861 1116 1876 ,
1137 1850 1192 1870 vox
1210 1840 1360 1877 geometris

242 1884 315 1905 nota.
340 1876 443 1905 V'itruv.
460 1886 484 1912 3.
499 1886 522 1912 ³·
544 1876 661 1907 Catheto
672 1879 843 1916 respondens
854 1878 1011 1907 diametros.
1180 1901 1183 1903 .

202 1912 251 1942 CA
262 1923 281 1941 Τ
293 1923 331 1956 H}
344 1924 404 1942 Asi
433 1916 590 1951 [Καθτοὶςω]
611 1916 709 1954 Populi
725 1916 787 1945 sunt
800 1916 896 1945 Galliae
907 1938 915 1949 ,
936 1915 1065 1945 Straboni
1079 1937 1087 1949 ,
1108 1915 1138 1944 in
1157 1914 1288 1944 ulteriore
1299 1915 1359 1954 ripa

239 1950 387 1986 Rhodani,
409 1960 440 1981 ut
450 1974 457 1987 ,
478 1953 586 1989 inquit,
608 1954 777 1990 habitantes,
799 1954 886 1991 Salyis
902 1954 1021 1982 finitimi.
1044 1952 1146 1983 Sicille
1156 1953 1205 1982 lib.
1217 1964 1244 1988 4.

201 1989 224 2019 C
235 1992 251 2018 Ᾰ
261 1999 280 2017 Τ
290 1999 308 2018 Η
319 1991 335 2018 ὂ
346 1993 404 2018 L1c
413 2000 430 2018 u
439 2000 451 2019 s
463 2012 471 2024 ,
493 2000 507 2019 a
517 2014 525 2025 ,
544 1992 600 2021 iim.
625 1989 802 2029 [κοιῖυλιιώς]
824 1991 999 2027 Universalis,
1016 1991 1088 2028 quasi
1102 1991 1181 2020 Circa
1196 1991 1291 2020 omnia
1301 2001 1359 2020 ver-

237 2027 317 2056 setur.
360 2028 428 2057 Inde
441 2029 525 2058 etiam
538 2029 715 2059 Catholicum
733 2030 988 2064 medicamentum,
1011 2029 1096 2066 Quod
1115 2029 1245 2058 omnibus
1258 2029 1358 2058 humo-

238 2066 313 2095 ribus
325 2065 402 2094 simul
414 2067 561 2096 vacuandis
578 2067 647 2097 utile
658 2068 704 2096 est.
743 2068 812 2097 Item
826 2067 964 2105 Praecepta
980 2066 1144 2097 universalia
1154 2066 1199 2097 vel
1210 2074 1357 2105 perpetua-

236 2103 271 2132 lia
283 2125 290 2138 ,
313 2104 457 2133 Catholica
468 2113 571 2134 vocant
581 2128 588 2140 ,
611 2107 648 2135 ait
660 2106 777 2141 Quintil.
795 2106 843 2135 lib.
854 2115 879 2134 2.
893 2115 954 2143 cap.
973 2115 1014 2141 13.
1251 2140 1253 2143 .

237 2141 380 2171 Catholica
392 2142 506 2172 ecclelia
517 2165 524 2178 ,
547 2144 564 2172 i.
585 2153 609 2172 e.
634 2143 815 2173 Universalis:
838 2144 904 2172 ideo
923 2143 1043 2178 dicitur,
1065 2143 1130 2180 quia
1148 2152 1207 2172 non
1220 2142 1287 2171 duas
1309 2148 1355 2172 aut

257 2187 310 2208 tres
323 2180 446 2209 invenire
458 2180 556 2215 liceat,
578 2182 624 2210 sed
637 2182 709 2218 quod
727 2181 916 2211 universorum
933 2181 1087 2210 electorum
1108 2181 1159 2210 Dei
1178 2190 1309 2209 numerus
1325 2181 1354 2209 in

256 2217 363 2246 Christo
377 2220 469 2247 unitus
481 2241 488 2253 ,
511 2221 535 2248 Sc
552 2220 725 2248 coadunatus
739 2230 789 2257 per
798 2220 864 2249 fidei
878 2220 1021 2248 vinculum
1035 2220 1063 2247 in
1076 2226 1160 2248 unam
1174 2226 1254 2247 coeat
1268 2217 1355 2247 socie-

254 2262 339 2283 tatem
352 2277 358 2287 .
380 2265 462 2292 atque
473 2258 500 2284 iii
512 2266 598 2285 unum
610 2257 659 2286 Dei
670 2258 807 2294 populum
817 2280 824 2291 ,
846 2258 924 2289 cuius
936 2257 1058 2286 Christus
1070 2257 1127 2285 dux
1137 2256 1167 2285 sit
1176 2257 1201 2285 &
1211 2256 1350 2294 princeps.

254 2293 336 2322 Extra
348 2293 428 2329 liujus
441 2294 559 2322 ecclesii?
573 2296 789 2324 contubernium
801 2295 905 2324 nullam
920 2294 974 2324 esse
990 2294 1114 2328 salutem,
1135 2294 1276 2331 Scriptura
1291 2304 1354 2330 pro-

252 2332 370 2359 nuntiat.
412 2332 441 2360 ln
458 2332 577 2361 formula
587 2334 735 2367 juramenti
747 2331 968 2370 magistratuum,
991 2332 1100 2361 Novell.
1113 2332 1263 2367 jusjurand.
1277 2332 1353 2368 quod

253 2369 340 2406 praest.
351 2368 426 2397 solet.
440 2376 515 2398 extat
529 2370 586 2399 liaec
598 2370 718 2399 clausula
729 2393 736 2405 ,
758 2370 791 2400 Et
811 2371 886 2405 quod
907 2374 970 2399 'cuin
980 2369 1144 2399 sanstill'ima
1154 2369 1206 2398 Dei
1216 2369 1353 2400 catholica

254 2409 279 2436 ὁὶ
292 2406 444 2443 Apostoliea
454 2407 568 2436 ecelesia
579 2409 810 2437 communionem
823 2409 909 2437 habeo
918 2430 925 2443 ,
939 2409 990 2438 &a

195 2444 218 2474 C
227 2454 246 2473 A
256 2454 275 2472 T
286 2454 306 2472 H
315 2454 331 2472 o
341 2455 356 2472 L
365 2455 373 2471 1
384 2454 400 2472 c
411 2455 434 2479 E,
448 2445 514 2475 Adv.
528 2445 646 2475 Tertull.
656 2447 716 2475 adv.
731 2447 829 2475 l-laeret.
842 2450 949 2483 cap.26.
969 2444 1103 2482 Regulam
1113 2444 1176 2474 fidei
1189 2443 1352 2481 superindu-

233 2482 474 2516 cerent,(liversam
484 2485 509 2513 ἃ,
517 2483 679 2513 contrariam
692 2484 826 2522 illi,quam
838 2483 977 2514 catholice
988 2484 1016 2512 in
1024 2484 1149 2512 medium
1158 2482 1349 2521 preferebant.

233 2519 272 2549 Al.
295 2520 454 2550 Catholicae.
494 2521 525 2550 V.
546 2520 646 2559 Rigalt.
657 2528 715 2550 not.

195 2558 216 2587 C
228 2568 247 2586 A
258 2567 277 2585 Τ
288 2567 306 2585 Η
317 2567 334 2585 o
345 2568 359 2585 L
369 2569 377 2585 1
387 2568 403 2586 c
412 2562 428 2586 A
439 2567 459 2586 N
468 2568 487 2586 υ
496 2568 508 2588 s
519 2581 526 2594 ,
548 2569 562 2588 a
571 2581 578 2595 ,
598 2570 654 2588 um.
677 2560 788 2588 Nomen
800 2560 952 2589 deduetum
969 2569 984 2588 a
996 2555 1163 2588 Catholicus.

232 2595 429 2624 C÷itii0licarios
439 2602 530 2625 autem
542 2619 549 2631 ,
572 2597 655 2626 docet
666 2597 784 2626 Alciatus
796 2598 885 2627 dictos
898 2598 1073 2635 Apparitores
1083 2596 1205 2625 Praefecti
1219 2595 1349 2634 praetorio

251 2633 375 2661 Orientis
387 2655 395 2667 ,
416 2634 548 2670 quoniam
565 2635 587 2663 is
598 2640 710 2672 propter
722 2635 917 2673 amplissimam
938 2635 1155 2670 jurisdiffitionem
1171 2634 1331 2663 Catholicus
1341 2656 1349 2668 ,

248 2671 277 2699 id
289 2671 326 2699 est
337 2671 495 2701 universalis
507 2672 646 2701 diceretur
656 2695 664 2707 ,
685 2675 767 2709 quem
785 2673 895 2702 titulum
907 2675 990 2702 etiam
1000 2672 1188 2701 Antiochenos
1200 2672 1350 2709 Episcopus

248 2707 393 2745 usurpass'e,
416 2710 543 2738 aurftores
552 2709 635 2746 aliqui
649 2709 840 2748 prodiderunt.
883 2705 966 2740 Hunc
978 2716 1071 2739 autem
1083 2710 1207 2739 obtinuit
1222 2710 1350 2747 pontifex

249 2746 391 2775 Romanus
402 2746 562 2777 Bonifacius
577 2757 592 2776 a
603 2747 693 2777 Phoca
709 2748 877 2786 imperatore
888 2770 896 2783 ,
917 2757 1016 2786 magna
1030 2748 1214 2777 contentione
1225 2770 1233 2784 ,
1255 2748 1273 2777 si
1294 2747 1351 2777 Pla-

248 2785 313 2813 tinae
326 2784 473 2813 credimus.

191 2821 215 2851 C
225 2831 243 2850 A
255 2831 274 2850 Τ
284 2831 302 2850 H
315 2831 331 2850 o
342 2831 362 2850 N
373 2844 381 2855 ,
402 2822 491 2852 Insula
502 2832 517 2851 a
531 2822 686 2860 Pomponio
697 2832 722 2852 2.
736 2831 760 2860 7.
784 2823 856 2852 inter
866 2822 1002 2860 Cyclades
1015 2829 1167 2855 numerata.
1184 2832 1200 2852 a
1210 2822 1299 2851 Plinio
1310 2828 1348 2852 ta-

228 2869 293 2888 men
306 2860 456 2896 praeterita:
480 2861 529 2889 nili
540 2861 600 2897 quis
611 2861 719 2890 Catlion
729 2883 737 2897 ,
758 2861 840 2898 quam
855 2861 957 2890 Plinius
968 2861 996 2889 in
1009 2860 1146 2890 Laconico
1159 2860 1217 2890 sinu
1228 2860 1282 2890 esse
1298 2862 1347 2896 ait,

228 2897 383 2934 intelligere
397 2896 472 2927 velit.
513 2898 553 2927 Ex
565 2897 699 2927 Vadiano.

191 2934 212 2963 C
224 2946 241 2963 A
254 2945 273 2962 Τ
283 2945 300 2962 H
309 2944 325 2963 o
337 2946 354 2964 N
369 2945 400 2964 ss
409 2957 417 2970 ,
439 2934 617 2973 appellantur
628 2936 721 2965 Portus
732 2935 760 2965 iri
772 2936 840 2965 mari
857 2936 1001 2966 interiores
1012 2958 1020 2971 ,
1041 2943 1100 2966 arte
1121 2937 1147 2966 δε
1166 2946 1251 2966 manu
1273 2935 1346 2965 facti.

228 2973 328 3001 Festus.
370 2972 408 3002 ΑΙ.
431 2973 584 3004 Cothones.

190 3010 212 3038 C
223 3020 285 3038 ATr
306 3010 378 3039 Fons
389 3033 397 3043 .
419 3021 454 3040 ex
469 3021 523 3048 quo
535 3021 604 3049 aqua
617 3010 781 3040 Petroniain
792 3009 919 3041 Tiberim
935 3011 1013 3048 fluit,
1035 3012 1127 3042 ditftus
1137 3011 1214 3050 quod
1230 3012 1258 3041 in
1280 3020 1346 3048 agro

226 3047 368 3083 cujusdam
379 3049 462 3077 fuerit
475 3049 544 3078 Cati.
576 3049 675 3078 Festus.

190 3084 212 3114 C
225 3095 240 3113 A
254 3096 289 3113 'ri
302 3095 315 3114 a
325 3096 344 3114 N
356 3096 370 3114 υ
381 3096 393 3115 s
413 3086 576 3116 Philotimus
586 3109 594 3121 ,
616 3086 669 3115 Viri
680 3086 822 3124 proprium
835 3108 843 3121 ,
865 3087 911 3124 qui
927 3093 1074 3124 patronum
1089 3087 1167 3117 suum
1188 3087 1259 3117 adeo
1278 3087 1346 3117 dile-

226 3122 293 3188 liii&
304 3123 388 3189 {egtur
399 3146 406 3159 ,
427 3132 458 3153 ut
472 3124 557 3155 haeres
568 3124 700 3154 omnibus
716 3124 797 3153 bonis
809 3124 947 3154 institutus
961 3126 989 3154 in
1003 3132 1101 3163 rogum
1113 3127 1172 3162 ejus
1186 3126 1213 3155 se
1231 3127 1342 3162 jaceret.

257 3170 293 3189 in.
318 3171 322 3188 i
347 3171 390 3198 .7.
409 3172 440 3191 ca
465 3167 527 3197 .36.
1353 3190 1356 3191 .

188 3197 233 3226 CA
244 3208 263 3226 Τ
273 3200 326 3226 'i‘Li
337 3209 353 3226 N
367 3210 395 3233 A,
410 3173 490 3230 zepni.
513 3200 687 3236 [καυλίνοις]
705 3199 734 3229 L.
747 3199 855 3237 Sergius
868 3198 997 3234 Catilina,
1011 3201 1078 3230 civis
1088 3201 1229 3231 Romanus
1241 3201 1344 3230 nobilis

225 3237 251 3264 St
263 3236 403 3265 seditiosus
414 3259 421 3271 ,
442 3239 555 3273 ingenio
567 3238 640 3267 malo
655 3247 804 3276 pravoque,
817 3238 861 3267 cui
877 3244 907 3267 ut
916 3238 954 3267 ait
965 3237 1029 3268 Sall.
1041 3239 1102 3267 satis
1116 3239 1291 3276 eloquentiis,
1307 3239 1344 3268 sa-

224 3273 335 3309 pientia:
350 3284 446 3311 parum
460 3277 529 3310 luit,
552 3286 567 3305 a
580 3275 697 3312 pueritia
709 3275 857 3311 subdolus,
879 3276 969 3305 audax
981 3298 989 3312 ,
1010 3276 1189 3310 facinorosus,
1215 3277 1343 3305 ambitio-

225 3319 260 3338 ne
275 3313 393 3340 iiizixinie
404 3315 429 3342 St
440 3314 497 3343 acris
510 3314 592 3343 alieni
608 3310 799 3351 magnitudine
809 3313 975 3348 stimulante,
998 3313 1154 3343 consulatus
1166 3315 1281 3351 petundi
1296 3315 1342 3352 spe

224 3346 346 3390 dejectus
358 3371 364 3381 .
388 3351 610 3386 conjurationem
619 3352 771 3388 juventutis
782 3351 858 3386 fecit,
880 3361 939 3388 quse
952 3361 984 3380 cx
996 3351 1121 3381 Sallustio
1134 3352 1192 3381 Cic.
1209 3350 1277 3381 Piut.
1293 3363 1341 3380 no-

223 3386 320 3427 tiliinia
331 3388 376 3415 est.
406 3389 603 3425 Quadetet‘ta,
625 3389 705 3418 sociis
716 3389 850 3426 primariis
861 3388 890 3418 iri
901 3398 1012 3418 carcere
1026 3389 1096 3425 juffu
1107 3388 1214 3418 senatus
1224 3391 1340 3425 necatis,

222 3422 280 3459 ipse
294 3423 398 3452 sortiter
410 3427 559 3462 pugnando
570 3428 598 3455 in
613 3427 709 3463 praelio
719 3427 860 3456 occubuit.
899 3427 999 3462 Juven.
1015 3437 1058 3456 ιο.
1069 3426 1124 3456 Sat.
1137 3432 1202 3460 288.

377 3477 413 3481 »-
426 3466 449 3492 6<
460 3465 544 3498 jaciiit
555 3465 672 3494 Catilina
682 3465 819 3494 cadavere
828 3470 897 3494 toto.

222 3494 298 3524 Idem
312 3507 359 3533 pro
371 3499 478 3535 Quovis
486 3501 613 3531 seditioso
625 3502 716 3540 posuit
732 3513 774 3538 14.
786 3503 842 3532 Sat.
855 3512 900 3538 41.
1003 3516 1041 3522 ·-
1051 3502 1076 3532 &
1089 3500 1237 3532 Catilinam

278 3534 412 3570 Quolibet
422 3538 448 3566 in
461 3540 565 3576 populo
578 3540 671 3568 videas
683 3562 690 3574 ,
712 3539 879 3578 quoeunque
890 3539 939 3569 sub
950 3548 1010 3570 axe.

185 3570 208 3600 C
220 3580 236 3599 A
247 3580 282 3614 T.¹
293 3582 307 3598 L
319 3583 324 3599 ι
337 3581 353 3599 N
367 3584 372 3600 i
385 3578 398 3602 λ
410 3584 428 3603 N
440 3586 456 3603 u
466 3586 486 3609 s,
504 3578 562 3612 Adj.
581 3577 646 3606 l’lin.
661 3576 708 3606 lib.
720 3587 746 3607 2.
758 3588 821 3616 cap.
833 3588 876 3615 5¹·
898 3578 930 3608 Iri
939 3575 1115 3608 Catilinianis
1125 3577 1270 3615 prodigiis,
1281 3578 1333 3607 Sto.
1349 3587 1351 3591 ·

223 3608 292 3637 Edit.
305 3609 434 3640 llarduin.
448 3613 608 3644 Catilinanis
620 3615 711 3644 habet.
734 3626 759 3652 q.
770 3616 801 3645 V.

183 3645 206 3674 C
217 3655 234 3673 A
248 3655 266 3673 Τ
277 3657 310 3688 1¹1.
321 3657 328 3674 i
339 3656 355 3689 N
366 3651 379 3674 A·
393 3658 404 3675 ii
415 3659 449 3687 iu
460 3660 471 3678 s
482 3672 489 3684 ,
512 3662 526 3680 a
538 3674 544 3685 ,
567 3662 622 3681 um.
645 3659 691 3687 ut,
713 3653 820 3682 Bellum
831 3649 1031 3682 Catilinarium.
1055 3651 1175 3690 Quintil.
1187 3660 1211 3687 3.
1225 3658 1251 3685 8.

219 3683 401 3726 Seminarium
412 3687 610 3718 Catilinarium.
634 3689 690 3719 Cic.
700 3700 726 3720 2.
738 3691 819 3720 Catil.
832 3699 876 3726 23.
899 3691 1006 3721 Scitote
1024 3691 1078 3720 hoc
1096 3691 1124 3720 in
1136 3690 1278 3728 republica
1297 3690 1333 3720 se-

239 3729 385 3750 minarium
397 3720 586 3755 Catilinariuin
597 3727 730 3757 futurum.
770 3728 974 3764 [Catilinarum
983 3750 991 3764 ,
1012 3735 1059 3758 aut
1074 3736 1148 3758 certe
1159 3727 1333 3758 Catilinario-

236 3767 296 3786 rum
308 3756 456 3793 legendum
467 3769 543 3798 puto.
573 3764 626 3792 Sed
638 3766 711 3801 prius
720 3767 826 3795 malim.

177 3795 390 3830 CATiLLus,
419 3797 448 3826 V.
470 3808 650 3830 cA‘riNos.

179 3833 201 3862 C
213 3843 229 3860 Α
242 3842 261 3876 ’,Γ
272 3843 280 3860 ¹
291 3843 332 3875 ¹1¹¹
343 3843 359 3860 U
371 3842 382 3861 S
395 3855 402 3867 5
425 3834 437 3869 [
449 3836 587 3878 15&me]
612 3838 693 3868 Filius
701 3839 752 3868 fuit
763 3841 917 3878 Amphiarai
929 3863 937 3876 ,
958 3841 1041 3871 frater
1051 3840 1163 3871 Coracis
1172 3841 1198 3872 3<
1207 3840 1328 3871 Tiburti.

216 3870 269 3899 llic
280 3869 367 3899 Tibur
378 3871 522 3906 condidit,
544 3875 569 3902 &
583 3884 597 3903 a
608 3875 695 3906 fratris
705 3879 819 3907 nomine
835 3879 869 3908 sic
881 3879 1040 3916 appellavit.
1063 3879 1112 3910 Sil.
1129 3880 1176 3909 lib.
1190 3885 1214 3913 8-
1228 3882 1290 3913 ³⁶⁶-

264 3907 336 3950 llinc
347 3907 435 3951 Tibur
447 3910 544 3938 Catille
554 3918 640 3941 tuuiii.
720 3914 787 3944 Hor.
802 3923 825 3945 ι.
843 3916 932 3946 Carni.
951 3922 993 3952 18.
1008 3927 1035 3948 2.
1056 3915 1147 3948 ablata
1158 3917 1331 3947 consonante

213 3944 336 3976 Catilum
344 3946 436 3975 media
446 3946 521 3976 brevi
531 3949 647 3981 extulit.

1110 852 1118 860 “
1134 854 1188 884 Hic
1202 861 1253 892 sro
1273 853 1368 883 Molli-

976 1258 981 1264 .
993 1232 1046 1262 Ubi
1057 1231 1213 1271 penultima
1221 1238 1271 1270 pro
1282 1231 1368 1262 licen-

1866 131 1895 164 C
1995 132 2020 165 A
2116 132 2147 166 T

1543 210 1668 243 Nullam,
1681 210 1758 244 Vare.
1775 211 1846 240 sacra
1858 212 1913 241 v⁷te
1929 213 1979 249 pri
1994 222 2006 241 s
2021 212 2120 241 severis
2131 212 2256 243 arborem

1545 249 1625 277 Ciicii
1637 250 1704 277 mite
1720 247 1933 279 Galuni'Tiburis
1945 272 1952 285 ,
1976 252 2001 279 ἃ
2013 249 2118 279 moenia
2132 250 2223 279 Catili.
2252 284 2255 285 .
2600 266 2602 283 ¹.

1415 285 1461 315 Cr.
1472 287 1509 314 Τῑ
1519 295 1537 314 N
1549 297 1577 320 A,
1591 286 1682 325 rinvel
1697 286 1716 315 C
1728 296 1792 315 Ari
1803 297 1820 315 N
1833 297 1856 321 a,
1866 297 1903 316 es.
1920 288 1938 316 f.
1955 288 2101 323 [Kantion]
2125 288 2192 317 Urbs
2205 288 2313 317 Sici'lan
2336 287 2383 318 Sil.
2397 288 2445 319 lib.
2461 292 2564 327 14105,
2599 286 2602 320 l

1532 324 1606 353 Tum
1619 325 1715 353 Catine
1726 324 1844 353 nimium
1857 326 1965 354 ardenti
1977 326 2070 354 vicina
2080 325 2221 363 Typhoeo.
2319 326 2370 355 Ubi
2390 333 2480 358 tamen
2493 352 2500 362 ,
2521 332 2568 362 Ca.
2598 322 2601 347 ¹⁴

1453 368 1518 390 tane
1529 361 1678 397 legendum
1690 361 1755 399 esse,
1772 362 1931 392 Graecorum
1949 363 2079 400 exemplo
2091 364 2238 393 contendit
2249 363 2305 400 post
2321 364 2412 393 Heius.
2430 368 2453 394 8(
2464 366 2566 400 Cluver.
2598 350 2601 406 l

1453 398 1595 428 Drakenh.
1635 400 1674 428 Ita
1684 400 1759 427 enirn
1769 400 1865 428 Strabo
1875 422 1883 435 ,
1907 400 2046 430 Diodorus
2057 423 2064 433 ,
2088 402 2113 430 &
2127 401 2306 436 Ptolemaeus,
2328 410 2359 430 ut
2370 403 2396 431 ἂ
2407 406 2509 433 nummi
2521 403 2568 436 (2ss
2601 409 2604 417 ¹

1453 437 1606 465 taneiisium
1620 437 1776 466 constanter
1788 437 1924 467 scribunt:
1948 439 2023 467 unde
2043 438 2187 468 Catanaeus
2208 439 2379 468 Cliarondas.
2421 439 2449 469 V.
2472 442 2566 476 Cellas.
2596 435 2604 468 ἶ.

1454 473 1698 511 GeogrAnt.2.12.
1709 472 1750 503 iz.
1772 474 1856 504 Nunc
1867 474 1969 505 dicitur
1979 478 2100 509 Catanito,
2123 484 2153 505 ut
2164 476 2257 505 scribit
2267 477 2294 505 in
2309 476 2411 505 Melam
2424 477 2569 513 olivarius:
2595 470 2604 515 li

1417 512 1438 540 C
1449 522 1466 541 A
1476 521 1511 540 *ri
1522 522 1540 540 N
1550 522 1563 540 ii
1574 522 1593 540 N
1602 523 1612 541 s
1624 524 1630 540 1
1642 522 1654 541 s
1664 535 1671 546 ,
1694 512 1776 543 Ceres
1788 513 1862 542 dicia
1871 535 1879 548 ,
1900 513 1933 542 ab
1945 513 2051 550 oppido
2061 514 2160 543 Siciliae
2171 514 2259 543 AEtnae
2269 515 2435 552 propinquo,
2447 518 2477 545 tit
2485 518 2567 549 osteri-

1454 549 1680 583 ditLat‘tanrius,
1702 551 1750 579 lib.
1765 560 1790 580 2.
1804 562 1829 586 4.
1845 557 1889 584 πε.
1912 551 1946 579 ad
1963 550 2042 586 cuius
2056 551 2194 588 templum
2213 553 2278 581 viris
2291 553 2424 581 accedere
2437 563 2493 583 non
2506 555 2568 586 lice.

1455 586 1509 616 bat.
1550 588 1631 617 Sacra
1642 598 1751 626 quoque
1767 588 1807 617 illi
1822 599 1870 626 per
1882 588 2012 617 mulieres
2024 586 2246 619 ministrabantur
2255 611 2263 624 ,
2286 590 2312 619 δε
2323 594 2374 627 'per
2384 589 2500 627 virgines
2511 597 2567 631 per:

1453 624 1499 653 fici
1515 624 1592 654 solita
1603 633 1682 655 erant
1692 648 1700 660 ,
1721 626 1832 663 ejusque
1843 627 1901 655 deae
1914 626 2087 655 simulacrum
2100 636 2157 655 non
2171 627 2257 656 modo
2273 635 2401 663 tangere,
2421 628 2469 658 sed
2487 639 2521 660 ne
2530 626 2566 662 iti-¹

1452 663 1519 700 dere
1530 663 1770 699 quidemlicebat,
1792 673 1823 693 ut
1833 664 1987 693 Alexander
2001 663 2102 693 scribit.
2139 664 2170 693 V.
2196 664 2253 694 Cic.
2269 669 2294 694 6.
2312 665 2384 694 Verr.
2396 675 2441 701 99.
2596 686 2597 691 η

1454 700 1631 736 Catinenses,
1653 701 1785 731 Lentulus
1803 701 2013 739 mimographus
2042 702 2143 737 (cujus
2169 702 2320 740 Septimius
2339 704 2369 732 in
2389 703 2565 742 Apologeticd
2596 734 2598 738 ,

1472 740 1620 772 meminit)
1642 749 1655 769 a
1673 739 1770 768 Catina
1781 740 1849 776 urbe
1860 739 1960 769 Sicilire
1971 739 2095 777 appellat
2106 739 2241 770 Homines
2251 740 2351 772 molles
2362 763 2371 777 ‚
2392 741 2473 779 quise
2482 744 2566 781 pumi-
2594 759 2596 770 2

1472 785 1504 805 ce
1520 776 1593 806 leves
1605 779 1630 806 &c
1642 777 1749 814 glabros
1763 777 1920 807 redderent.
1945 777 2044 812 Juven.
2058 783 2082 811 8.
2100 777 2155 808 Sat.
2169 781 2212 808 16.
2504 794 2507 795 ⁷
2592 779 2601 810 j?

1546 814 1601 843 Cur
1616 813 1798 854 Allobrogicis
1807 837 1814 849 ,
1836 815 1862 844 <ft
1875 825 1973 851 magna
1984 815 2103 851 gaudeat
2112 825 2157 844 ara

1545 852 1634 882 Natus
1644 854 1672 882 iri
1682 853 1822 883 Herculeo
1831 853 1930 882 Fabius
1942 853 1998 882 lare
2009 853 2021 881 ῗ
2043 853 2060 881 si
2072 853 2191 890 cupidus
2200 875 2208 888 ,
2229 853 2249 882 si

1547 890 1638 920 Vanus
1649 913 1657 926 ‚
1679 893 1704 921 δι
1716 891 1842 928 Euganea
1852 891 2028 927 quantumvis
2038 890 2151 920 mollior
2160 892 2251 928 agria?

1546 928 1573 957 Si
1585 935 1709 958 tenerum
1718 930 1825 958 attritus
1837 928 1977 958 Catinensi
1992 929 2106 966 pumice
2121 929 2250 959 lumbum
2548 956 2554 968 y.
2594 950 2595 954 =

1545 966 1720 1003 Squallentes
1731 967 1850 996 traducit
1859 967 1943 996 avos?
2549 975 2557 1006 ζ

1452 1002 1494 1032 De
1509 1003 1703 1034 Catinensibus
1714 1005 1840 1034 fratribus
1853 1027 1860 1041 ,
1882 1005 1929 1041 qui
1942 1008 2072 1042 parentes
2083 1004 2155 1034 inter
2174 1004 2299 1034 flammas
2316 1002 2568 1041 AEtnaeineoluiiiea'.

1472 1041 1595 1071 humeris
1610 1042 1664 1071 suis
1675 1042 1843 1072 extulerunt.
1875 1042 1906 1071 V.
1929 1042 2015 1072 Solin.
2033 1051 2093 1079 cap.
2108 1052 2149 1071 11.
2169 1042 2243 1072 conf.
2267 1041 2408 1078 eleganter
2416 1044 2563 1106 expressiit?

1470 1079 1545 1108 idem
1555 1080 1662 1109 facinus
1672 1081 1701 1109 in
1712 1080 1814 1110 Denar.
1825 1080 1902 1109 Sexti
1912 1080 2037 1118 Pompeii
2051 1089 2094 1118 ap.
2111 1080 2188 1109 Fulv.
2202 1079 2257 1109 Urs·
2269 1081 2295 1109 ὅ(
2305 1079 2389 1110 Oisel.
2405 1081 2473 1111 Tab.
2489 1085 2534 1119 76.
2549 1091 2555 1107 ⁷

1416 1115 1542 1145 CArfN
1554 1127 1608 1154 us,
1630 1119 1647 1157 i.
1671 1128 1708 1147 m.
1730 1120 1756 1148 Sc
1769 1118 1959 1147 CATTNUM
1972 1140 1980 1153 ,
2000 1118 2018 1147 i.
2040 1127 2068 1146 n.
2100 1117 2257 1154 [αξυέλίον]
2283 1118 2334 1147 Vas
2349 1119 2498 1155 escarium,
2518 1118 2569 1156 11¹]

1451 1154 1560 1191 pultem
1570 1177 1578 1190 ,
1596 1154 1860 1192 autju'rulentiquid
1871 1156 2033 1193 ponebant:
2055 1165 2070 1184 a
2080 1156 2219 1194 capiendo
2231 1156 2445 1187 nominaverunt
2453 1157 2508 1187 anti
2553 1162 2555 1165 ’

1451 1192 1499 1221 nisi
1511 1193 1586 1230 quod
1596 1195 1681 1223 Siculi
1692 1195 1791 1224 dicunt
1802 1193 1888 1225 »ωίπνον
1897 1212 1904 1223 ‚
1924 1193 1972 1222 ubi
1982 1193 2034 1223 asl'a
2043 1193 2196 1230 ponebant.
2220 1194 2286 1223 Haec
2303 1194 2377 1224 Varr.
2390 1195 2425 1225 de
2436 1194 2464 1225 L.
2475 1194 2504 1225 L.
2524 1194 2550 1224 i
2562 1212 2568 1227 ;.

1449 1241 1475 1265 4.
1493 1240 1538 1266 25·
1561 1231 1628 1261 Plin.
1643 1232 1690 1261 lib.
1705 1241 1748 1268 33.
1761 1241 1821 1269 cap.
1833 1242 1860 1268 4.
1883 1231 1952 1268 Quae
1968 1241 1983 1261 e
1997 1232 2216 1266 catinojaetatur
2225 1231 2364 1270 spurcitia,
2385 1233 2416 1262 in
2428 1233 2504 1264 omni
2522 1270 2524 1272 v

2534 1287 2569 1299 A..

2521 1345 2562 1375 ⁴⁴2*

1447 1268 1516 1298 tallo
1531 1279 1645 1299 vocatur
1653 1269 1747 1300 scotia.

1449 1307 1558 1344 Algens.
1582 1307 1649 1338 Pers.
1664 1316 1688 1344 3.
1700 1308 1754 1338 Sat.
1768 1317 1829 1338 111.

1542 1345 1647 1375 Durum
1662 1346 1723 1376 olus
1733 1368 1741 1382 ‚
1757 1347 1808 1376 διο.

1447 1383 1569 1450 alngusto
1581 1384 1668 1421 pisces
1681 1394 1779 1422 urgere
1797 1385 1899 1415 catino.
1921 1384 1989 1414 Hor.
2003 1392 2029 1413 2.
2042 1383 2131 1413 Serm.
2142 1393 2169 1420 4.
2184 1391 2230 1421 77.

1482 1428 1568 1457 agrius
1581 1420 1698 1452 catinus.
1723 1423 1789 1452 Hor.
1799 1433 1824 1452 2.
1837 1423 1924 1453 Serm.
1936 1432 1962 1453 2.
1978 1431 2021 1458 39.

1447 1458 1541 1495 Niger.
1562 1459 1690 1495 Juvenal.
1702 1464 1728 1490 6.
1743 1458 1797 1490 Sat.
1812 1464 1875 1498 342.

1448 1496 1551 1526 Ruber.
1575 1497 1642 1527 Pers.
1657 1509 1680 1533 ς.
1695 1498 1750 1528 Sat.
1766 1504 1828 1532 182.
2026 1526 2028 1528 ,
2080 1521 2084 1524 »
2519 1519 2540 1537 ,ι

1446 1534 1556 1564 Vitreus
1569 1536 1685 1566 catinus.
1722 1536 1797 1566 Suet.
1809 1535 1895 1566 Galba
1906 1558 1914 1571 ,
1934 1545 1996 1573 cap.
2008 1539 2050 1569 18.
2073 1535 2254 1572 Atratumque
2266 1535 2343 1570 iuxta
2352 1533 2446 1566 senem
2455 1558 2465 1572 ,
2483 1533 2560 1580 itit&

1463 1573 1524 1601 tirio
1536 1573 1625 1603 vitreo
1636 1574 1700 1603 thus
1709 1580 1853 1604 tenentem
1864 1597 1872 1610 ,
1895 1577 1920 1604 δι
1936 1575 1966 1603 in
1976 1573 2063 1603 calice
2073 1573 2151 1602 fictili
2160 1583 2277 1604 merum.

1446 1609 1561 1640 Catinus
1570 1612 1645 1659 porri
1657 1611 1790 1650 &lagani.
1815 1613 1882 1642 Hor.
1898 1623 1920 1641 1.
1934 1612 2020 1641 Serm.
2035 1615 2060 1640 6.
2081 1621 2143 1647 115.

1539 1649 1579 1679 sit.
1595 1651 1669 1687 porri
1683 1645 1709 1680 ἃ
1724 1651 1822 1680 ciceris
1837 1650 1943 1690 refero,
1964 1649 2110 1687 laganique
2131 1649 2264 1678 catinum.

1465 1687 1727 1725 bointelligendum
1744 1688 1872 1726 frugique
1891 1687 1985 1717 mensa
2002 1687 2132 1717 arbitror:
2156 1693 2221 1717 nam
2240 1687 2353 1716 Portum
2369 1697 2421 1725 pro
2436 1685 2556 1720 Oleribu}

1462 1724 1574 1763 posuit,
1595 1735 1656 1762 quae
1671 1723 1799 1756 viliffima
1811 1726 1874 1756 sunt
1891 1726 2011 1755 cibaria:
2034 1726 2061 1755 &
2076 1725 2150 1754 cicer
2164 1724 2295 1761 legumen
2306 1725 2344 1754 est
2355 1747 2363 1760 ,
2385 1735 2440 1762 quo
2459 1723 2556 1764 paupe-

1462 1763 1546 1792 riores
1564 1763 1753 1794 vescebantur.
1793 1764 1935 1802 Laganum
1952 1763 2056 1799 etiam,
2086 1763 2161 1800 quod
2186 1762 2283 1793 fictum
2302 1769 2360 1793 erat
2375 1762 2554 1800 farinaceum,

1463 1801 1538 1838 quod
1549 1801 1577 1830 iri
1591 1801 1724 1839 sartagine
1738 1811 1773 1832 ex
1785 1802 1850 1832 oleo
1871 1801 2039 1840 frigebatur,
2059 1801 2089 1830 in
2106 1799 2277 1839 parabilibus
2297 1801 2364 1832 escis
2386 1808 2554 1833 numeratum
2574 1819 2575 1822 =

1464 1839 1611 1877 existimo„
1622 1839 1747 1870 Turneb.
2532 1840 2540 1859 ν’

1406 1876 1560 1906 (ῙᾹΤιΝῐῑ
1572 1880 1635 1907 hus
1651 1899 1659 1911 „
1678 1878 1696 1907 i,
1710 1883 1748 1907 m't.
1770 1878 1869 1912 dimin.
1891 1877 2006 1907 Varroni
2017 1875 2261 1916 tribuitSoiipater
2280 1876 2312 1906 V.
2334 1877 2400 1907 dict.
2413 1875 2466 1913 seq.
2528 1913 2530 1915 ι

1406 1915 1451 1944 CA
1463 1924 1498 1943 *ri
1509 1926 1617 1951 Ltus,
1638 1916 1656 1944 i.
1685 1925 1722 1945 m.
1746 1915 1799 1945 ssve
1818 1914 1840 1946 C
1851 1926 1870 1945 A
1881 1918 2031 1944 'rrLLuM
2051 1913 2218 1951 [ῑτςιιζλιδδον]
2240 1915 2370 1944 diminut.
2392 1913 2556 1945 Parvumvas

1440 1952 1582 1982 escarium.
1624 1953 1762 1983 Columel.
1782 1954 1829 1983 lib.
1844 1964 1886 1983 12.
1908 1954 2023 1991 cap-572
2048 1952 2129 1983 Hanc
2153 1952 2292 1982 misturam
2314 1962 2402 1990 quum
2421 1953 2450 1981 in
2466 1951 2554 1982 catillo

1441 1991 1647 2028 composueris,
1669 1991 1763 2020 oleum
1772 1992 1973 2029 superfundito.
2013 1990 2082 2020 Plin.
2095 1990 2144 2020 lib.
2159 2000 2202 2026 30.
2219 2000 2280 2028 cap.
2292 1994 2318 2020 6.
2340 1991 2467 2020 Vermem
2477 1996 2554 2020 terre-

1441 2038 1509 2057 nuni
1520 2029 1614 2058 catillo
1624 2029 1720 2067 ligneo
1731 2037 1796 2059 ante
1808 2029 1865 2059 fiffo
1881 2031 1906 2059 Sc
1918 2029 1990 2058 ferro
2000 2029 2094 2058 vincto
2107 2028 2267 2066 impositum
2284 2038 2354 2066 aqua
2371 2034 2487 2066 excepta
2498 2028 2554 2069 pieri
2568 2059 2569 2065 ¹

1439 2067 1567 2101 fundere,
1590 2069 1614 2096 ἃ
1629 2067 1761 2097 defodere
1772 2068 1846 2097 unde
1858 2067 1989 2096 effoderis
2001 2067 2074 2104 magi
2084 2066 2202 2102 jubent:
2224 2076 2291 2100 max
2300 2075 2400 2104 aquam
2415 2066 2544 2098 biberet-a
2568 2073 2569 2078 ¹

1440 2104 1501 2132 tillo
1513 2126 1520 2138 ,
1542 2105 1610 2134 mire
1620 2106 1648 2134 id
1660 2105 1786 2143 prodesse
1799 2105 1953 2135 ischiadicis
1965 2104 2140 2134 affirmantes.
2182 2104 2212 2133 V.
2234 2104 2358 2142 Bayfium
2374 2104 2404 2133 in
2415 2102 2551 2144 libello‘de

1438 2141 1568 2172 Vasculis.
1610 2143 1714 2183 Charis.
1728 2143 1776 2173 lib.
1788 2154 1815 2180 4.
1831 2153 1853 2173 1.
1867 2152 1895 2182 p.
1909 2144 1952 2173 ὄπ.
1976 2139 2091 2172 catinus
2113 2141 2267 2172 masculino
2277 2151 2377 2180 genere
2386 2131 2563 2182 dicitu1512irtl

1439 2179 1579 2210 Maecenas
1593 2181 1621 2209 in
1633 2182 1744 2218 decimo
1755 2203 1764 2217 ,

1487 2256 1495 2257 ἶ
1531 2218 1623 2256 segis.
1646 2218 1700 2254 ait,
1721 2220 1831 2250 fumans
1842 2212 1935 2248 calido
1947 2228 2011 2248 cum
2021 2217 2217 2248 farrecatinus.
2276 2216 2404 2257 ,Ethinc
2416 2214 2550 2247 diminuti*

1437 2265 1471 2285 ve
1481 2257 1596 2286 Catillus
1607 2257 1637 2286 fit
1648 2279 1655 2291 ,
1677 2264 1709 2286 ut
1721 2257 1825 2286 Asinius
1832 2263 1927 2286 contra
1938 2257 2087 2286 maledicta
2099 2257 2211 2285 Antonii
2222 2277 2230 2291 ,
2255 2253 2431 2292 Volitantque
2439 2254 2506 2285 urbe
2525 2263 2547 2288 ,¹
2564 2259 2565 2262 ’

1438 2300 1466 2323 ta
1478 2294 1573 2323 catilli.
1615 2295 1669 2324 Sed
1684 2295 1767 2324 Varro
1778 2296 1813 2324 ad
1825 2295 1912 2324 Cicer.
1928 2305 1968 2324 11.
1992 2294 2115 2326 Catinuli
2129 2294 2217 2328 dixit,
2237 2297 2295 2322 n'on
2304 2292 2406 2324 Catilli.
2502 2328 2504 2331 ,

1436 2331 1551 2361 Catillus
1562 2355 1569 2365 ,
1591 2333 1628 2361 est
1644 2334 1775 2370 Superior
1786 2343 1847 2371 pars
1867 2332 1948 2362 molae
1961 2332 2188 2367 molendinariae,
2210 2338 2240 2361 ut
2255 2331 2348 2368 inquit
2372 2329 2468 2360 Paulus
2487 2327 2556 2361 in'la'

1456 2380 1539 2407 quum
1552 2371 1586 2399 de
1599 2371 1726 2400 lanionis.
1751 2372 1772 2405 ξ.
1796 2371 1871 2400 idem
1892 2370 2043 2400 consultus.
2066 2370 2099 2399 D.
2120 2371 2155 2399 cle
2173 2369 2263 2398 fundo
2281 2368 2512 2398 instruito&iri'=
2545 2374 2548 2379 “

1456 2415 1553 2437 mento
1566 2409 1671 2445 legat03
1691 2409 1734 2438 Est
1745 2405 1836 2438 autem
1848 2416 1931 2444 meta,
1942 2408 2056 2437 inferior
2066 2413 2127 2445 par‘s
2139 2406 2236 2436 molae:
2259 2406 2384 2441 catillus,
2401 2406 2529 2444 superior.

1397 2446 1539 2481 ΕΔΤ-ηις),
1553 2448 1622 2476 onis.
1633 2457 1668 2476 in.
1681 2447 1804 2482 [λίχνος]
1814 2445 2074 2475 CatilonesGulosos
2084 2445 2214 2475 dicebant
2224 2445 2339 2481 antiqui,
2348 2445 2458 2474 audiere
2467 2443 2546 2487 Festos

1437 2484 1457 2512 A
1470 2482 1583 2513 Carinus
1594 2507 1601 2517 ,
1624 2485 1790 2513 diminutiva
1799 2484 1896 2513 forma.
1938 2483 2061 2513 Macrob.
2072 2483 2120 2512 lib.
2131 2493 2156 2512 2.
2170 2483 2280 2512 Saturn.
2294 2492 2355 2520 cap.
2372 2492 2411 2512 12.
2425 2481 2472 2512 fin.
2491 2480 2546 2511 Pr·

1436 2522 1497 2559 prie
1509 2522 1661 2551 Catillones
1675 2522 1858 2557 dicebantur,
1880 2522 1937 2558 Qui
1950 2521 1985 2551 ad
1998 2521 2156 2559 polluctum
2168 2520 2296 2550 Herculis
2310 2521 2402 2550 ultimi
2413 2528 2496 2558 quum
2514 2531 2535 2542 ¹-

1437 2560 1529 2588 nitent
1539 2582 1547 2595 ,
1569 2561 1679 2589 catillus
1691 2559 1851 2597 liguribant.
2550 2559 2551 2562 ¹

1398 2597 1419 2626 C
1432 2607 1449 2625 A
1461 2607 1522 2626 TiL
1533 2609 1547 2625 L
1558 2608 1574 2626 o
1585 2621 1592 2633 ,
1615 2599 1771 2634 [λιχρωὲω]
1791 2601 1844 2627 are.
1868 2597 1981 2626 Catinos
1990 2596 2104 2634 lingere.
2134 2595 2220 2625 Plaut.
2233 2595 2322 2626 Calin.
2336 2605 2360 2633 3.
2373 2604 2399 2626 2.
2412 2604 2456 2625 21.
2477 2594 2514 2625 O
2526 2613 2533 2619 -

1433 2644 1491 2663 rani
1502 2636 1594 2664 uxoris
1604 2636 1741 2673 polliceor
1751 2636 1838 2671 foras,
1861 2635 1932 2672 quasi
1943 2635 2106 2665 catillatum.
2127 2633 2173 2664 alii
2184 2633 2264 2664 aliter
2274 2633 2380 2672 legunt.
2417 2633 2448 2664 V.
2467 2642 2483 2663 e
2502 2615 2547 2658 m

1434 2672 1542 2702 Petron.
1558 2674 1705 2709 fragment.
1721 2684 1746 2712 p.
1760 2678 1823 2707 688.
1838 2674 1863 2703 δι
1874 2673 1965 2702 Burni.
1979 2673 2014 2702 ad
2025 2672 2080 2701 loc.
2504 2679 2517 2699 d

1397 2710 1419 2740 C
1431 2721 1448 2739 A
1467 2721 1479 2738 r
1491 2722 1498 2739 i
1510 2723 1524 2739 ι,
1535 2723 1550 2739 L
1563 2722 1579 2740 A
1591 2722 1610 2740 ¹r
1621 2723 1629 2740 1
1640 2722 1673 2742 o,
1687 2712 1756 2741 oms.
1775 2712 1794 2741 f.
1812 2711 1955 2747 [λιχνεία]
1981 2710 2068 2740 Grave
2079 2708 2263 2747 opprobrium
2273 2708 2498 2744 objiciebaturho
2514 2723 2517 2733 =
2535 2714 2541 2738 t

1434 2749 1517 2777 nibus
1526 2750 1671 2783 generosis,
1687 2749 1753 2784 siqui
1766 2749 1922 2786 provincias
1935 2749 2038 2777 amicas
2049 2748 2115 2785 Pop.
2130 2747 2250 2777 Romani
2262 2747 2460 2785 expoliassent,
2473 2756 2534 2784 qm

1971 1323 2009 1329 ·—
2018 1307 2140 1346 politum
2149 1308 2188 1337 est
2198 1307 2309 1347 algente
2318 1308 2412 1338 catino

2346 1646 2388 1679 De
2401 1649 2512 1687 parabili
2522 1635 2558 1689 eia

1434 2784 1615 2816 eoruni'bona
1625 2787 1744 2824 liguriffe
1756 2788 1924 2816 viderentur.
1946 2786 2013 2816 Fest.
2028 2786 2059 2814 V.
2076 2786 2196 2815 Gronov.
2209 2784 2245 2814 ad
2255 2784 2314 2814 Cic.
2329 2794 2371 2820 13.
2386 2786 2438 2814 Att.
2449 2788 2490 2819 46.
2505 2785 2540 2812 'r.

1396 2823 1417 2852 C
1430 2834 1446 2852 A
1457 2833 1535 2853 TlLl
1554 2835 1569 2853 A
1582 2836 1600 2853 M
1611 2834 1726 2860 EN'rA,
1747 2834 1838 2854 orum.
1860 2834 1887 2853 n.
1908 2824 1947 2860 pl.
1970 2821 2072 2853 Arnob.
2087 2833 2112 2852 2.
2126 2830 2201 2860 p.73.
2224 2822 2417 2852 ubiHeraldus
2427 2792 2542 2852 Οαίῖθέᾰῑ

1433 2871 1526 2891 menta
1537 2862 1612 2899 legit.
1634 2873 1658 2900 q.
1681 2863 1711 2891 V.
1734 2863 1808 2892 conf.
1824 2861 1933 2892 Salmas.
1950 2862 1985 2891 ad
1999 2861 2084 2890 Plaut.
2099 2860 2156 2890 Cas.
2168 2869 2193 2896 3.
2205 2869 2231 2889 2.
2244 2869 2290 2889 22.
2478 2886 2480 2888 .
2499 2871 2511 2896 r
2526 2896 2530 2901 .

1394 2898 1416 2928 C
1427 2909 1445 2927 A
1454 2909 1491 2928 ‘ri
1505 2911 1521 2929 u
1532 2910 1559 2934 s,
1582 2902 1599 2930 i.
1623 2911 1659 2930 ni.
1683 2900 1757 2930 Deus
1766 2900 1942 2938 antiquorum
1951 2921 1961 2935 ,
1977 2900 2023 2936 qui
2035 2904 2111 2928 catos
2121 2920 2129 2932 ,
2145 2899 2174 2927 id
2185 2898 2224 2927 est
2235 2904 2332 2927 acutos
2342 2897 2468 2927 homines
2476 2895 2530 2938 fa

1430 2945 1479 2974 ret.
1522 2938 1654 2967 Meminit
1668 2939 1832 2975 Augustinus
1842 2939 1871 2966 iii
1883 2947 1908 2972 4.
1931 2938 2001 2967 Sunt
2013 2937 2060 2975 qui
2071 2936 2204 2966 libentius
2216 2935 2347 2966 Cautium
2357 2935 2458 2974 legant,
2469 2928 2545 2978 qaod

1430 2975 1535 3004 scilicet
1546 2980 1642 3006 cautos
1652 2976 1780 3005 homines
1792 2976 1902 3005 faceret.
2484 2975 2508 3009 .'

1393 3012 1414 3042 C
1427 3022 1471 3041 AT
1483 3023 1533 3042 121
1545 3036 1552 3049 ,
1574 3024 1663 3043 orum.
1682 3024 1718 3043 m.
1741 3014 1930 3052 Pygmaeorum
1940 3022 2008 3050 gens
2018 3021 2033 3041 a
2046 3010 2169 3041 Barbaris
2180 3011 2312 3042 dicuntur
2321 3032 2329 3048 ‚
2353 3019 2422 3049 quos
2431 3008 2526 3047 credun
2551 3026 2554 3030 ›

1429 3061 1443 3079 a
1457 3051 1568 3087 gruibus
1577 3051 1693 3089 fugatos.
1717 3051 1785 3081 Plin.
1798 3051 1846 3080 lib.
1858 3062 1883 3086 4.
1894 3060 1954 3088 cap.
1970 3061 2012 3080 11.
2519 3060 2529 3086 ,·
2552 3071 2554 3075 ψ

1392 3089 1413 3117 C
1424 3098 1441 3117 A
1452 3098 1472 3116 Τ
1482 3091 1497 3116 'r.
1507 3099 1526 3118 A
1536 3098 1547 3118 s
1558 3099 1577 3118 Τ
1587 3100 1600 3118 E
1609 3100 1624 3118 R
1636 3112 1643 3125 ,
1663 3091 1706 3118 tri.
1730 3093 1766 3118 iii.
1789 3089 1861 3126 quasi
1873 3088 2023 3118 Catulaster
2033 3109 2041 3122 ,
2062 3093 2093 3116 ut
2103 3087 2191 3117 Graeci
2203 3086 2302 3116 dicunt
2322 3081 2412 3117 κᾶτλο·
2428 3067 2537 3123 prosi·

1428 3127 1507 3161 tulo,
1531 3123 1637 3156 welxm
1660 3138 1710 3165 pro
1726 3127 1851 3157 Proculo.
1893 3126 2045 3156 Catulaster
2054 3131 2148 3161 autem
2161 3125 2317 3169 explicatur
2328 3122 2552 3165 Grandiomatua·

1427 3164 1488 3199 lus,
1514 3165 1539 3194 δι
1554 3165 1691 3194 Grandi'or
1711 3175 1788 3203 puer.
1828 3163 1964 3194 Charisius
1976 3186 1984 3199 ,
2015 3163 2102 3198 Puer,
2132 3172 2211 3200 pueri
2223 3184 2232 3196 ,
2253 3161 2400 3198 Catlaster,
2419 3157 2550 3204 οᾶῑῐᾶίῇὡ

1427 3201 1468 3231 Ex
1478 3211 1533 3239 quo
1545 3202 1660 3232 Vitruvii
1673 3203 1751 3232 locus
1768 3208 1793 3236 8.
1806 3214 1832 3237 4.
1845 3202 2025 3236 emendatur,
2046 3201 2095 3230 ubi
2113 3200 2148 3229 sic
2169 3200 2321 3237 legendum
2339 3199 2396 3236 est,
2422 3192 2551 3234 Ideoque
2583 3191 2604 3223 3⁰¹

1427 3239 1534 3277 semper
1546 3242 1744 3270 transmarinos
1756 3240 1893 3269 catlastros
1907 3249 2000 3269 emere
2010 3238 2144 3268 formosos
2157 3260 2165 3274 ,
2188 3241 2213 3268 ἃ
2226 3237 2332 3275 puellas
2343 3244 2467 3271 matum,
2482 3231 2534 3269 430ss
2545 3241 2552 3276 ,²

1427 3287 1481 3314 que
1491 3274 1664 3315 conjungere
1675 3301 1683 3314 ,
1705 3282 1736 3307 ut
1745 3279 1791 3315 qui
1803 3278 1978 3307 nascerentur
1988 3282 2022 3306 effi.
2033 3277 2067 3306 iis
2078 3298 2087 3309 ,
2108 3285 2167 3305 non
2177 3275 2264 3305 solum
2273 3275 2381 3317 egregia
2391 3282 2457 3303 voce
2465 3293 2474 3308 ‚
2485 3269 2534 3302 sed
2546 3296 2549 3302 .

1425 3316 1508 3344 etiam
1521 3316 1607 3345 fornia
1619 3316 1707 3345 essent
1727 3326 1785 3345 non
1799 3315 1949 3345 invenusta.
1981 3314 2103 3344 Catastos
2124 3313 2254 3351 scriptum
2274 3320 2338 3342 erat.
2379 3307 2548 3353 Hermohps

1425 3362 1491 3382 vero
1503 3353 1636 3383 Calastros
1647 3354 1713 3391 legit
1725 3375 1734 3385 ,
1755 3364 1780 3391 q.
1799 3352 1827 3382 V.
1849 3352 1994 3389 Jocundus
2008 3351 2154 3381 Callastos:
2184 3349 2339 3380 Gulielrnus
2352 3356 2441 3380 autem
2453 3343 2552 3388 Pqsslssg.

1424 3391 1509 3420 serius
1521 3401 1679 3429 germanam
1690 3391 1842 3421 lectionem
1853 3390 1978 3426 restituit,
1995 3389 2063 3419 teste
2077 3387 2201 3419 Turneb.
2224 3390 2240 3424 [
2251 3388 2282 3417 ln
2296 3388 2367 3418 Vett.
2379 3384 2460 3417 Gloss'.
2470 3391 2540 3423 quo·

1426 3438 1480 3465 que
1492 3429 1643 3459 Catulaster
1656 3430 1762 3462 βέπαιὲ.
2386 3462 2392 3468 ⁸
2476 3430 2480 3435 '
2504 3429 2505 3433 ’
2538 3435 2547 3440 ¹

1387 3466 1409 3496 C
1419 3476 1437 3495 A
1448 3476 1466 3494 Τ
1479 3476 1495 3494 u
1507 3478 1522 3494 L
1532 3477 1549 3495 A
1560 3476 1572 3496 s
1581 3477 1601 3495 Τ
1610 3477 1652 3502 ιω
1663 3478 1683 3504 Μ
1696 3489 1704 3501 ,
1716 3467 1744 3496 ·i.
1765 3476 1793 3495 n.
1815 3465 1882 3495 inde
1899 3465 2049 3495 formatum
2063 3473 2168 3493 noineii
2188 3463 2301 3494 Ludicri
2315 3460 2421 3500 puerile
2435 3463 2527 3502 geniis.
2558 3491 2559 3494 ,

1422 3504 1470 3533 nisi
1482 3505 1549 3541 ‘quid
1561 3504 1667 3542 turpius
1680 3505 1717 3534 est
1726 3526 1734 3539 ,
1756 3500 1867 3533 videtur
1879 3510 1984 3533 notare.
2005 3502 2138 3532 Dracont.
2161 3501 2210 3531 lib.
2223 3511 2249 3531 2.
2264 3507 2332 3530 extr.
2503 3506 2506 3509 ’
2538 3519 2539 3522 =

1502 3542 1566 3571 Non
1581 3542 1724 3572 catulastra
1735 3543 1804 3579 gerit
1815 3541 1940 3579 puerilia.
2419 3573 2425 3581 ·

1384 3576 1407 3608 C
1418 3589 1437 3607 A
1448 3588 1490 3608 TL
1500 3589 1535 3608 ιΤ
1547 3591 1556 3608 i
1565 3588 1582 3609 o
1591 3602 1599 3614 ,
1622 3581 1692 3609 onis.
1714 3580 1733 3609 f.
1757 3589 1807 3616 pro
1822 3578 1993 3608 Catulitione
2003 3577 2032 3607 iri
2043 3577 2163 3615 antiquis
2175 3575 2255 3606 Plinii
2274 3572 2477 3617 exemplaribup
2490 3575 2537 3600 re-

1422 3618 1526 3654 peritur
1537 3639 1545 3650 ,
1566 3624 1597 3646 ut
1607 3617 1663 3655 ipse
1670 3618 1729 3646 vidi
1740 3617 1788 3646 lib.
1805 3621 1844 3646 16.
1859 3626 1918 3654 cap.
1929 3626 1974 3652 ²5-
1994 3615 2175 3645 Catlitionem
2185 3614 2276 3644 rustici
2285 3618 2394 3648 vocarit,
2407 3611 2528 3649 gestiente

1903 3654 1932 3683 V.
1954 3663 1971 3683 c
1982 3663 2001 3682 A
2010 3663 2030 3682 Τ
2038 3663 2056 3682 υ
2066 3664 2082 3681 L
2090 3663 2099 3681 1
2110 3662 2130 3681 Τ
2139 3663 2148 3681 1
2158 3662 2184 3681 o.
2208 3652 2321 3681 Monuit
2330 3649 2450 3681 Turneb.
2478 3679 2482 3683 ,

1420 3661 1517 3684 natura
1528 3655 1630 3684 semina
1641 3656 1769 3692 accipere
1783 3676 1791 3689 ,
1806 3656 1857 3684 &e

2070 3700 2087 3719 c
2096 3700 2115 3719 A
2126 3699 2146 3718 Τ
2156 3700 2173 3719 o
2183 3699 2202 3718 N
2212 3699 2255 3719 as.
2455 3692 2466 3705 ⁸

1383 3690 1501 3727 cix-ro,
1524 3702 1681 3730 cognomen
1694 3693 1783 3730 gentis
1796 3692 1906 3721 Porciae.
1930 3691 1960 3721 V.
1983 3700 2011 3728 p.
2044 3711 2049 3718 .
2436 3723 2442 3730 ¹
2515 3719 2523 3726 ,

1383 3729 1405 3757 C
1416 3739 1433 3757 A
1442 3738 1462 3758 Τ
1472 3733 1489 3759 ὃ
1501 3741 1514 3758 ii
1524 3741 1539 3758 L
1550 3733 1564 3759 ὲ
1574 3741 1587 3759 P
1597 3742 1616 3759 A
1625 3740 1637 3760 s
1647 3753 1655 3766 ,
1677 3741 1708 3760 ae.
1731 3740 1768 3759 m.
1791 3728 1996 3765 [mmo-tm]
2016 3700 2110 3757 genus
2122 3728 2186 3757 ferae
2194 3727 2232 3757 est
2244 3727 2379 3756 niodicae:
2399 3729 2524 3768 cujusqm
2534 3730 2544 3760 ζ

1419 3767 1516 3797 oculos
1528 3768 1640 3803 videre,
1662 3768 1752 3797 statim
1762 3768 1907 3804 expirant:
1930 3772 1961 3797 ut
1971 3766 2064 3795 scribit
2080 3765 2148 3794 Plin.
2164 3765 2214 3795 lib.
2226 3770 2251 3799 8.
2262 3774 2322 3802 cap.
2333 3773 2377 3794 21.
2399 3772 2430 3793 »ια
2491 3755 2536 3794 ⁵⁴1⁷·
2551 3783 2557 3799 r.

1418 3804 1481 3833 sane
1491 3805 1591 3834 dicitur
1602 3827 1609 3839 ,
1631 3806 1776 3843 quicapite
1787 3805 1863 3834 estin
1875 3811 1974 3833 terram
1985 3802 2100 3832 demisso
2111 3825 2119 3839 ,
2141 3801 2186 3830 >bri
2205 3799 2229 3830 27
2243 3803 2311 3834 :uim
2330 3803 2353 3839 »ς
2367 3799 2454 3844 βιλίπ.

1381 3840 1433 3877 CA
1445 3851 1544 3871 ΤοωΗ
1558 3854 1564 3871 i
1577 3853 1637 3872 *rss
1649 3865 1656 3878 ,
1678 3853 1708 3872 ae.
1732 3853 1768 3872 m.
1791 3838 1961 3878 [καπχέπις]
1986 3841 2102 3870 Gemma
2119 3840 2233 3870 Corsicae
2251 3839 2362 3872 insulae,
2381 3832 2492 3880 impolis
2530 3848 2531 3854 ¹
2548 3871 2553 3876 .

1417 3888 1530 3908 manum
1540 3880 1616 3909 velut
1626 3883 1731 3917 gummi
1742 3881 1874 3910 retinens.
1916 3879 1984 3908 Plin.
2003 3878 2050 3907 lib.
2062 3887 2177 3916 37.cap.
2189 3888 2233 3915 30.
2255 3873 2345 3914 κκπχτῖ
2357 3869 2514 3905 Graecisdici
2553 3902 2556 3908 ,
2603 3902 2604 3912 2

1417 3925 1461 3946 tur
1472 3918 1606 3947 detentio.
1631 3918 1767 3952 ιωίπχῶι,
1791 3917 1958 3947 detentivus.
1980 3916 2010 3945 V.
2033 3916 2120 3945 Solin.
2133 3926 2193 3954 cap.
2208 3926 2233 3952 9.
2321 3919 2323 3924 “

1380 3953 1402 3983 C
1413 3964 1432 3983 A
1444 3964 1462 3983 τ
1472 3964 1488 3983 o
1499 3965 1542 3984 cH
1554 3965 1571 3984 u
1580 3965 1592 3984 s
1602 3976 1610 3991 ,
1632 3956 1650 3985 i.
1672 3965 1708 3986 m.
1731 3953 1900 3992 [κρίπχῶ]
1921 3953 2039 3985 Morbus
2051 3954 2090 3984 est
2107 3963 2193 3990 quum
2211 3952 2288 3984 sensu
2307 3945 2531 4022 privaturcgpgff*
2546 3990 2557 3998 .
