2667 4145
220 102 279 138 12

218 200 288 236 que
321 192 471 223 Vernereto
499 184 681 220 Pontarliario
704 184 763 232 qui
792 183 923 218 librum
952 191 969 214 a
995 174 1371 231 Nizorcrouconscri-

218 247 320 285 ptum
342 238 376 273 ἃ
397 236 525 273 Parmae
540 236 704 269 exculuni
732 243 833 275 1553.
861 234 882 248 “
895 228 952 266 De
969 228 1056 262 veris
1066 224 1296 272 principiis&
1312 235 1372 259 ve-

221 290 244 306 “
270 298 306 321 ra
342 286 476 320 ratione
509 280 784 330 philosophandi
816 284 938 315 contra
960 272 1333 328 pseudophilosophos
1353 271 1370 288 ”

220 335 239 379 †
264 335 387 370 acriter
409 332 451 368 ad
477 342 625 367 examen
654 335 819 364 revocat,
853 333 957 371 atque
983 324 1073 358 intra
1106 323 1291 358 biennium
1313 324 1371 365 Ju-

219 383 298 415 vemls
319 393 398 417 cum
413 383 482 414 Sene
498 380 723 415 concertavit.
773 372 962 412 Transtulit
972 370 1231 419 praetereaN1z
1244 379 1345 406 OLIU
1357 380 1371 403 s

222 430 326 464 Galerii
341 428 628 475 explanationem
647 425 883 462 obsoletarum
898 431 1031 457 vocum
1043 424 1243 463 Hippocratis,
1264 430 1372 455 excu-

221 478 291 513 sam
312 477 472 513 Venetiis
497 488 516 512 a
538 479 641 520 Junti's
659 486 740 510 cuni
758 471 925 518 operibus
938 470 1043 504 Galerii
1065 480 1167 512 1550.
1216 467 1374 504 AdThe-

220 526 355 562 faurum
373 533 510 565 autem,
533 535 606 572 quo
629 523 782 558 maxime
799 519 977 560 innotuit,
1015 517 1114 567 quod
1136 516 1261 564 spectat
1286 528 1373 564 prae-

218 577 323 621 cipue
340 598 347 610 ,
368 574 428 610 diu
439 574 485 609 est
504 572 603 620 quod
618 571 758 606 literatis
780 566 878 603 desiit
898 566 963 603 esse
982 568 1018 602 in
1032 567 1171 613 pretio,
1196 577 1262 602 nec
1285 567 1373 601 tanti

220 623 379 664 videtur,
408 630 446 658 ut
463 622 704 658 novennium,
734 617 833 664 quod
850 618 886 652 in
905 627 950 652 eo
977 613 1174 664 digerendo
1190 614 1220 651 se
1238 614 1374 652 absum-

219 671 317 720 psisse
334 671 541 711 confitetur,
565 666 746 714 experiare
762 664 940 713 potuisset.

513 765 716 802 Basrmus
741 763 835 800 ΖΜΝῪ
847 775 943 800 curu
956 774 970 798 s
981 763 1017 807 ††
1031 759 1225 807 Bergomas
1237 758 1294 806 [a],
1307 757 1375 796 Ca-

474 815 626 851 nonicus
647 813 782 850 ordinis
800 809 1039 849 Lateranensis
1051 812 1141 845 inter
1158 808 1376 856 Lexicogra-

218 867 311 916 phos
329 868 402 913 jure
421 863 662 902 recensendus.
709 862 804 898 Nam
828 869 953 909 praeter
969 860 1059 904 spicas
1079 870 1162 906 quas
1185 857 1230 893 ad
1252 860 1303 892 M.
1314 860 1373 891 Ni-

218 916 285 952 zolii
304 928 323 951 e
347 918 394 949 M.
416 915 507 947 Tullio
532 912 794 949 observationes
819 911 948 955 collegit,
986 910 1022 944 in
1037 908 1207 954 fascemque
1229 906 1375 952 colligavit

218 967 328 998 Antan.
365 963 468 1007 Alaffie
494 960 634 998 Galefio
659 959 689 1008 J.
713 960 754 997 C.
775 959 854 997 Civi
874 959 1041 996 Romano
1065 968 1104 992 ac
1121 955 1238 992 Poetae
1257 954 1375 991 inscri-

217 1019 293 1061 ptas
305 1038 314 1054 ,
338 1011 382 1048 ad
400 1005 544 1053 Ambrosii
559 1012 665 1046 etiam
681 1007 1080 1052 CalepiniDittionarium
1094 1003 1372 1052 addiditsylvam

217 1062 411 1098 verborum
438 1059 649 1097 Latinorum
674 1070 718 1094 ex
744 1059 890 1105 optimis
919 1054 1112 1104 quibusque
1145 1053 1372 1101 scriptoribus

216 1109 410 1147 conedam.
461 1108 492 1145 A
519 1110 633 1155 prima
666 1106 899 1143 adolescentia
924 1107 961 1141 in
987 1104 1072 1140 urbe
1100 1102 1243 1144 Roma,
1282 1105 1373 1136 Leone

218 1158 323 1198 Xino
346 1156 540 1198 Pontifice,
560 1156 709 1193 versatus
739 1155 785 1191 est
798 1182 807 1195 ,
829 1154 972 1191 literatis
991 1154 1094 1192 viris.
1124 1162 1280 1199 quorum
1293 1152 1371 1198 opi-

218 1220 315 1245 mam
335 1206 479 1244 melsem
506 1217 544 1243 ea
565 1212 644 1242 aetas
665 1204 765 1245 tulit,
793 1205 828 1239 in
844 1205 967 1251 primis
998 1214 1096 1238 carus
1129 1202 1164 1237 ὃς
1184 1199 1373 1247 acceptilfi-

217 1269 306 1294 mus.
358 1254 499 1303 Scripsit
524 1254 771 1292 “Notationes
786 1254 822 1288 in
844 1264 969 1289 omnes
993 1251 1024 1288 S.
1039 1250 1225 1297 Scripturae
1239 1249 1371 1291 libros,

217 1308 346 1342 Antonio
364 1307 520 1350 Augustino
535 1301 762 1341 Ilerdenfium
783 1299 961 1348 Episcopo
978 1326 989 1342 ‚
1013 1311 1103 1336 mox
1128 1298 1373 1336 Tarraconen-

216 1355 305 1393 sium
317 1353 597 1400 Archiepiscopo
616 1352 755 1389 dicatas.
780 1350 860 1388 Col.
874 1350 994 1397 Agrip.
1013 1355 1115 1386 1602.
1129 1354 1209 1390 8vo.
1237 1351 1257 1367 “
1266 1347 1373 1393 Quae-

217 1409 241 1426 “
267 1404 396 1441 stiones
415 1405 502 1439 item
515 1403 551 1438 in
567 1413 591 1448 4
607 1401 717 1438 libros
730 1400 872 1446 Regum
883 1400 919 1435 δε
931 1398 1022 1435 duos
1031 1396 1344 1444 Paralipomenon,
1355 1399 1372 1414 '³

218 1466 304 1504 quas
325 1465 342 1489 e
363 1451 523 1486 Theodoriti
545 1449 765 1498 potissimum
784 1449 918 1495 scriptis
937 1445 1126 1494 decerpsit,
1169 1446 1205 1482 ἃ
1222 1445 1265 1482 de
1277 1445 1371 1483 Grae-

218 1505 268 1540 cis
287 1501 425 1539 Latinas
440 1500 530 1536 fecit.
575 1503 598 1517 ‘⁶
612 1498 863 1546 Epithetorum
880 1496 1092 1535 Latinorum
1108 1494 1340 1535 Thesaurum,
1353 1498 1371 1512 ’²

219 1553 256 1589 &
279 1550 478 1588 “Poeniata
497 1548 599 1585 Sacra
611 1551 628 1565 ⁷³
653 1559 731 1597 quae
742 1557 875 1594 niagno
890 1548 926 1582 in
943 1546 1058 1594 pretio
1070 1544 1266 1585 habentur,
1285 1555 1373 1591 prae-

218 1603 323 1649 cipue
335 1606 450 1636 autem
462 1601 552 1634 inter
569 1603 683 1634 cetera
704 1595 784 1632 libri
805 1595 898 1637 duo,
925 1595 1022 1631 versu
1039 1594 1188 1630 heroico
1200 1593 1370 1630 elaborati

217 1651 262 1686 ad
280 1653 356 1683 Petr.
372 1646 509 1682 Bembum
526 1645 628 1684 Card.
648 1646 708 1694 qui
736 1642 905 1681 “Hortus
926 1643 1098 1691 Sophiae''
1124 1642 1367 1679 inscribuntur.

217 1697 447 1738 Bibliothecae
467 1695 646 1733 Vaticanae
666 1694 903 1742 praefediuram
923 1694 1058 1730 summa
1080 1703 1163 1728 cum
1175 1691 1277 1728 laude
1295 1691 1370 1739 ges-

218 1747 279 1789 fit,
310 1746 475 1793 diemque
501 1744 704 1792 supremum
720 1744 811 1779 obiit
826 1743 952 1781 Romae
974 1748 1076 1785 1560.
1103 1740 1199 1778 Vide
1222 1740 1267 1776 de
1289 1744 1368 1775 Zan-

217 1797 278 1831 cbio
292 1795 392 1843 plura
410 1801 575 1842 agentem
596 1793 804 1839 Qenfledtum
822 1791 866 1828 de
877 1793 958 1828 viris
973 1790 1160 1827 illustribus
1171 1813 1179 1826 ‚
1202 1789 1370 1826 Baeliumin

217 1845 352 1883 Lexico
375 1843 509 1881 Critico
525 1870 534 1884 ‚
576 1841 744 1876 Arnoldum
762 1841 896 1887 Mylium
910 1840 1157 1887 ΒὶνεΙψηιηηηηι,
1191 1840 1230 1875 in
1251 1839 1371 1886 praefa-

216 1896 318 1931 tione
334 1893 377 1929 ad
389 1893 508 1927 Zanchi'i
527 1890 761 1929 Notationes‚
788 1890 932 1924 Ghlinum
950 1890 987 1925 in
997 1888 1177 1930 Theano,
1199 1890 1369 1935 Konigium‚

219 1944 330 1978 lilium
342 1946 516 1988 Gregorium
538 1939 663 1987 Gyrald.
688 1938 731 1976 de
750 1937 868 1975 Poetis
886 1938 1028 1976 suorum
1054 1944 1271 1985 temporum.

535 2037 595 2076 De
621 2034 833 2075 ROBERTI
859 2034 1095 2074 STEPHANI
1120 2035 1368 2082 vita‚ingenio

489 2087 524 2124 &
546 2086 747 2124 celebritate
769 2096 881 2133 pauca
907 2085 990 2122 ideo
1012 2085 1224 2132 suscepimus
1251 2084 1371 2120 dicen-

487 2137 546 2178 da,
573 2137 746 2185 quoniam
761 2136 798 2171 in
815 2146 854 2171 ea
867 2142 965 2182 parte
983 2134 1123 2170 abunde
1134 2133 1296 2170 satisfecit
1306 2133 1371 2169 do-

217 2187 356 2225 uorum
374 2185 566 2222 hominum
587 2184 837 2232 exspettationi
857 2183 922 2220 Vir
945 2182 1212 2224 eruditissimus,
1239 2183 1371 2226 Historia

215 2236 424 2280 stephanorum
453 2233 490 2275 (θ’
516 2233 682 2268 Annalium
704 2232 978 2279 Typographicorum
1002 2232 1122 2269 aufiior
1147 2231 1258 2279 longe
1281 2230 1371 2267 cele-

215 2286 407 2325 berrimus,
434 2284 495 2331 qui
515 2294 555 2319 ea
577 2293 654 2331 quae
666 2293 710 2318 ex
722 2281 903 2317 literarum
923 2281 1167 2317 monumentis
1187 2282 1258 2326 jam
1279 2280 1369 2316 olim

216 2335 260 2371 ad
279 2345 356 2371 eam
373 2344 449 2368 rem
465 2332 677 2379 pertinentia
701 2336 886 2378 coegerat,
914 2341 1010 2366 nunc
1027 2329 1146 2366 denuo
1166 2335 1293 2377 rogatu
1304 2341 1371 2365 no-

215 2384 285 2421 stro
306 2385 343 2418 in
363 2380 598 2418 studiosorum
618 2380 768 2427 gratiam
786 2390 877 2428 quos
899 2379 1012 2415 indies
1032 2378 1206 2415 demereri
1224 2377 1368 2425 satagit,

216 2432 261 2469 ad
282 2431 450 2468 incudem
473 2431 671 2470 revocavit,
699 2435 803 2476 atque
822 2435 860 2464 ut
876 2426 1167 2464 Editioninostiae
1180 2427 1371 2464 austarium

216 2480 399 2518 accederet
424 2478 458 2514 &
492 2480 778 2518 incrementum,
803 2475 864 2513 suo
893 2478 1053 2513 maximo
1071 2477 1200 2513 merito
1230 2477 1371 2512 exorari

216 2530 248 2567 se
268 2528 379 2577 passus
398 2528 454 2564 est.
501 2526 557 2564 Ad
579 2538 617 2562 ea
632 2527 741 2574 igitur
759 2537 992 2573 properamus
1011 2537 1087 2574 quae
1105 2525 1286 2562 historiam
1304 2524 1370 2562 La-

217 2579 362 2615 tinitatis
376 2576 420 2612 ad
442 2576 678 2612 maturitatem
697 2575 767 2611 sere
786 2575 961 2621 perdutiae
978 2574 1050 2622 ejus
1070 2576 1226 2611 maxime
1240 2573 1370 2610 labori-

216 2628 282 2666 bus
303 2627 337 2662 &
355 2625 511 2672 auspiciis
534 2623 724 2671 complesti
742 2624 935 2660 videantur.

289 2679 311 2694 “
336 2673 456 2714 Vidit,
474 2676 491 2690 '³
517 2674 634 2722 inquit
653 2672 718 2709 Vir
740 2671 952 2710 doetiffimus
979 2670 1026 2717 [b]
1040 2699 1050 2714 ‚
1079 2674 1101 2690 “
1117 2671 1367 2719 Calepinima-

217 2729 239 2744 ‘⁶
265 2722 560 2762 ciem&lacunas
578 2722 825 2759 Ronanus
851 2721 1130 2758 STEPHANUS
1157 2722 1208 2756 vir
1226 2721 1269 2757 ad
1285 2733 1368 2768 pro-

211 2777 238 2794 “
263 2771 459 2811 movendas
483 2772 595 2807 bonas
615 2770 730 2807 literas
749 2768 842 2818 quasi
865 2777 987 2811 natus,
1024 2771 1085 2818 qui
1103 2770 1228 2806 decem
1254 2770 1369 2807 erudi-

216 2827 238 2843 “
262 2829 384 2861 torum
402 2820 593 2858 hominum
616 2830 725 2868 opera
747 2820 783 2856 &
814 2830 859 2856 ex
880 2819 1090 2858 Auctoribus
1118 2820 1264 2867 optimis
1284 2830 1369 2868 pro-

220 791 436 822 Zaucurus.

218 2074 417 2104 Ronanus

217 2112 452 2142 Summus.

254 2956 317 2992 [a]
338 2955 432 2985 Plures
450 2954 572 2983 Zancbi‘os
595 2953 721 2984 doctrina
732 2952 884 2991 &ingenio
900 2951 1025 2982 celebres
1045 2951 1190 2982 Provincia
1202 2951 1370 2990 Bergomen·

214 2993 248 3023 fis
260 2995 359 3022 eodem
377 2993 434 3022 fere
454 2999 579 3030 tempore
599 2991 706 3026 edidit3
728 2990 848 3026 (loannem
862 2990 1051 3028 Chryscissomum
1062 2991 1201 3018 Zanchium
1213 2991 1298 3020 nostri
1315 2992 1367 3020 fra-

211 3038 283 3061 trem
294 3040 452 3067 germanum
463 3052 471 3065 ,
493 3030 539 3065 qui
551 3030 635 3059 libros
646 3036 700 3059 tres
713 3028 748 3058 de
760 3028 875 3065 Origine
887 3027 1057 3057 Orobiorum
1078 3027 1122 3057 seu
1137 3028 1367 3058 Cenomanorum

218 3069 254 3097 ad
276 3069 387 3095 eembum
404 3068 484 3098 Card.
495 3068 613 3105 scripsit:
638 3066 833 3104 Panegyricum
845 3074 955 3103 quoque
964 3066 998 3094 ad
1013 3067 1131 3093 carolum
1142 3066 1172 3096 V.
1193 3066 1264 3104 Imp.
1278 3067 1368 3103 Augu-

218 3106 289 3136 stum
301 3105 495 3142 elegantissime
505 3105 693 3135 elaboratum:
716 3103 925 3141 compendium
937 3103 1004 3132 item
1017 3104 1053 3132 de
1065 3111 1091 3139 7.
1106 3103 1298 3138 Sacramentis,
1309 3106 1362 3134 διε.

219 3141 359 3179 Dionyfium
373 3144 438 3172 item
460 3143 599 3170 Zmdn'um
613 3143 729 3172 alterum
745 3150 908 3179 germanum
920 3162 929 3175 ‚
950 3141 978 3169 in
1000 3139 1138 3170 Sodalitio
1160 3141 1368 3172 Canonicorum

221 3180 399 3217 Regularium
422 3181 506 3209 vitain
526 3191 590 3210 cum
608 3180 735 3210 fratribus
758 3179 959 3208 traducentem.
996 3178 1050 3207 Hic
1062 3178 1100 3207 est
1114 3200 1123 3213 ,
1146 3180 1175 3207 ni
1185 3178 1286 3213 fallor,
1307 3181 1368 3206 Dio-

218 3217 294 3255 nyfius
310 3217 354 3245 ille
369 3218 491 3245 Zanchius
510 3219 656 3256 Bergomas
675 3218 721 3255 qui
738 3218 822 3246 vitam
845 3220 869 3244 S.
883 3215 989 3243 Martha
1008 3215 1122 3253 hospitae
1137 3215 1169 3245 D.
1185 3215 1247 3252 Jesu
1268 3216 1366 3246 Christi

219 3255 341 3284 carmine
352 3255 513 3292 complexus
528 3257 574 3285 est.
615 3258 788 3292 Hieronymum
799 3253 938 3281 Zanchium
949 3274 957 3288 ‚
980 3253 1126 3290 profundae
1137 3254 1166 3282 in
1185 3254 1367 3291 Theologicis

219 3292 315 3322 studiis
331 3292 495 3321 eruditionis
507 3314 517 3327 ,
537 3294 608 3322 inter
619 3293 793 3323 Reformatos
804 3291 870 3321 clari
879 3292 1001 3320 nominis
1012 3312 1020 3326 ‚
1042 3289 1131 3327 Biafilio
1149 3291 1240 3321 nostro
1259 3293 1285 3322 Sc
1298 3292 1366 3321 ami-

217 3330 282 3359 citia
296 3331 321 3358 δι
334 3331 498 3366 cognatione
518 3331 771 3366 conjunctissimum
784 3351 792 3366 ‚
812 3329 849 3358 de
862 3339 916 3365 quo
934 3328 1012 3364 plura
1028 3328 1136 3358 erudite
1157 3328 1291 3366 disceptat
1316 3333 1365 3356 Ba-

219 3368 266 3394 !ius
283 3367 312 3395 in
327 3365 437 3396 Lexico.
487 3369 660 3403 Hieronymum
675 3368 815 3395 Zanchium
830 3366 1022 3404 Jiirisperitum
1038 3374 1073 3395 ex
1094 3366 1191 3396 eadem
1209 3367 1290 3404 stirpe
1306 3367 1365 3396 edi-

218 3411 298 3438 tum,
319 3404 364 3440 qui
379 3404 410 3432 in
422 3414 437 3433 2
452 3404 588 3434 Inibrtiati
607 3412 809 3434 commentatus
829 3405 885 3438 est,
907 3404 977 3431 Pauli
990 3404 1094 3430 Zanchii
1108 3403 1171 3439 JCti
1190 3405 1258 3434 item
1276 3404 1367 3433 excel-

217 3440 359 3470 lentissimi
377 3441 472 3470 silium.
513 3443 708 3470 Bartholomanm
720 3442 858 3470 Zanchium
872 3441 1065 3478 Bergomatem
1080 3441 1125 3478 qui
1137 3442 1166 3470 in
1187 3441 1292 3477 sallustii·
1305 3441 1366 3471 Bel.

217 3478 277 3521 lurn
293 3478 479 3521 Catilinarium
492 3478 594 3508 scholia
603 3479 711 3517 scripsit.
752 3479 822 3509 Vide
836 3481 935 3507 Hieron.
947 3479 1054 3505 Zanchii
1068 3478 1179 3515 Epistol.
1199 3479 1304 3517 penult.
1333 3479 1365 3508 li-

218 3515 259 3544 bri
280 3515 327 3544 adi
354 3516 388 3544 ad
412 3517 508 3543 Lalium
533 3518 670 3544 Zanchi'um
686 3516 882 3547 Veronensem.
920 3516 1009 3546 Immo
1028 3516 1099 3545 adeo
1119 3515 1258 3546 literarum
1283 3516 1366 3546 laude

218 3553 367 3581 abundavit
382 3553 554 3591 Bergomum,
574 3560 604 3582 ut
620 3558 730 3581 Donatus
739 3555 836 3582 calvus
847 3564 904 3583 non
916 3554 1055 3583 dubitaret
1067 3553 1205 3583 clarorum
1220 3554 1366 3589 Bergoma-

218 3591 294 3661 tiulpz
300 3590 444 3661 gizoriinss·
453 3590 538 3620 literis
551 3592 665 3620 tradere.
705 3593 724 3607 “
744 3596 818 3619 Stena
829 3593 957 3619 letterari'a
967 3592 995 3619 de
1008 3593 1123 3619 Scrittori
1140 3588 1319 3628 Bergamasc'hi.
1330 3592 1345 3603 ''

356 3637 417 3654 07‘716
436 3637 481 3656 m5.

255 3664 313 3698 [c]
333 3664 400 3693 lnde
417 3664 448 3693 fit
465 3672 495 3693 ut
513 3665 541 3694 in
556 3665 686 3694 omnibus
697 3666 815 3702 Thesauri
829 3665 913 3695 Editt.
934 3665 987 3695 hos
997 3666 1068 3695 duos
1083 3667 1208 3696 auctores
1230 3675 1299 3704 quos
1319 3665 1366 3696 de-

251 3728 269 3763 †
287 3727 387 3771 'Hujus-
412 3728 553 3771 Nizoliani
572 3730 681 3766 operis,
712 3731 770 3764 (eir
815 3739 849 3758 uo
876 3731 992 3758 omnino
1026 3735 1161 3766 apparet,
1186 3729 1275 3758 virum
1303 3737 1361 3756 non

218 3765 367 3808 mediocris
381 3775 485 3801 ingenii
497 3765 590 3797 fuisse,
610 3767 657 3801 qui
678 3766 803 3802 Philosop
827 3768 851 3795 ia
865 3767 953 3796 faeculi
976 3767 1015 3796 sui
1036 3776 1093 3795 non
1105 3772 1274 3800 contentus,
1296 3775 1362 3803 qua-

217 3802 348 3837 licunque
368 3801 488 3831 successu
500 3824 508 3837 ‚
529 3808 630 3831 conatu
649 3810 723 3832 certe
740 3803 880 3832 laudando
892 3825 900 3837 ‚
921 3814 981 3833 eam
997 3805 1126 3841 princeps
1138 3804 1301 3841 impugnare
1313 3812 1359 3839 ag-

217 3838 319 3876 gressus
330 3839 408 3873 est,)
428 3849 528 3868 novam
543 3841 695 3868 editionem
712 3847 855 3877 acceptam
869 3840 1024 3877 referimus,
1045 3842 1109 3872 viro
1127 3843 1288 3873 eruditione
1299 3840 1361 3878 iux·

257 3877 289 3912 Μ’
310 3875 360 3905 Vel
379 3875 402 3905 Z
414 3885 432 3905 Δ
443 3886 461 3904 Ν
474 3886 491 3905 c
502 3885 549 3905 i-ru
559 3886 581 3906 ε.
604 3876 663 3907 ital.
673 3878 776 3905 lambi.

803 81 840 131 P
870 80 915 130 R
949 79 1009 129 AE
1043 76 1079 125 F
1113 75 1164 125 A
1199 73 1302 144 Ts
1339 71 1387 119 O
1460 67 1584 120 Edit.
1622 67 1818 119 Londin.
1856 80 2023 134 1735.

1430 174 1455 191 “
1481 172 1522 208 fis
1537 200 1546 214 ,
1573 170 1749 218 vorsisque
1771 169 1989 218 excerpendi
2015 169 2138 205 labore
2167 166 2244 204 usus
2266 164 2445 210 Thesaurum
2468 165 2588 210 Lingua

1431 224 1454 238 ‘⁶
1482 225 1592 255 Latina.
1618 219 1795 267 procudit.
1823 240 1918 245 —-
1944 230 2054 266 quem
2079 217 2123 254 ad
2155 216 2310 254 nostram
2343 224 2489 262 quoque
2509 220 2589 249 aeta-

1432 273 1456 289 “
1489 277 1561 306 teni
1577 268 1674 305 Gens
1698 268 1799 304 docta
1827 274 1937 308 amat,
1965 269 2141 306 intuetur,
2168 263 2320 301 consulit
2342 270 2511 311 tanquam
2530 261 2592 297 s’ta-

1433 322 1456 336 “
1483 326 1580 355 tuam
1613 316 1875 353 Mercurialem.
1899 318 1916 333 '‘
1965 315 2085 352 Bonus
2126 316 2245 362 itaque
2281 312 2427 356 calepinus
2451 316 2593 346 tantum

1432 368 1544 404 laudis
1567 365 1758 412 decerpsit,
1785 372 1825 402 ut
1840 364 1964 401 Lexici
1983 362 2181 410 amplissimi
2194 370 2299 409 atque
2314 356 2588 407 locupletissimi,

1433 418 1489 453 cui
1509 414 1703 452 condendo
1725 414 1791 450 suae
1823 414 1912 450 vires
1945 414 2005 448 vix
2035 417 2201 459 poterant
2222 408 2399 451 sufficere,
2426 408 2592 445 hortator

1432 472 1569 506 tamen,
1597 465 1633 499 ἃ
1652 465 1756 506 causa,
1782 469 1823 498 ut
1843 464 1960 502 aiunt,
1987 462 2095 494 ultima
2114 460 2245 496 exstare
2269 459 2458 496 videretur.
2497 455 2594 493 Nam

1433 526 1517 550 cum
1534 512 1830 549 STEPHANUM
1857 510 2090 557 efflagitarent
2117 508 2282 556 plurimi,
2321 514 2362 545 ut
2391 507 2521 550 calepini
2542 503 2593 540 di-

1434 563 1643 599 tiionarium
1665 561 1728 597 suae
1750 561 1942 608 integritati
1963 559 2159 595 restitueret
2174 559 2245 604 jam
2262 563 2341 594 turn
2360 567 2466 604 prave
2488 564 2594 591 exce-

1716 615 1839 656 ptum,
1864 608 2088 654 aliorumque
2111 607 2328 647 temeritate,
2356 605 2393 641 id
2404 603 2593 654 quodem·

1717 659 1818 694 nium
1833 657 1983 694 minime
2000 656 2147 692 decebat
2160 682 2170 696 ,
2197 660 2406 701 corruptum
2418 681 2427 695 ,
2451 651 2594 688 infinito

1434 707 1556 743 labore
1576 705 1762 744 deterritus
1782 709 1834 742 vir
1860 713 2045 753 utcunque
2068 703 2233 740 laborum
2253 705 2315 751 qui
2341 715 2360 739 e
2387 714 2423 738 re
2443 701 2595 737 literaria

1435 756 1500 793 else
1518 762 1684 803 poterant
1704 755 1804 803 supra
1823 755 1932 792 fidem
1952 752 2218 801 patient-‚iffimus
2236 779 2246 793 ,
2271 759 2351 789 tum
2369 761 2457 787 vero
2480 749 2595 786 maxi-

1434 818 1492 842 nie
1513 805 1661 840 sentiens
1678 803 1710 840 se
1727 805 1871 841 inanem
1892 814 2040 851 operam
2050 802 2354 850 praestare,neque
2368 797 2595 847 Reip.prod-·

1435 853 1500 890 esse
1523 852 1640 901 posse,
1661 864 1697 889 re
1710 859 1764 889 ter
1779 861 1901 902 quater
1923 858 2072 893 tentata,
2101 850 2247 887 tandein
2266 851 2430 896 incoepto
2453 847 2593 884 destitit.

1433 903 1577 941 Mutato
1593 903 1710 949 itaque
1729 901 1878 938 consilio
1902 902 2072 938 instabant
2090 897 2233 937 studiofi
2253 906 2293 935 ut
2310 896 2515 946 exquisitius
2535 895 2596 933 ali-

1436 951 1536 1000 quod
1556 951 1804 987 ditsionarium
1817 957 1876 987 aut
1897 948 2146 997 colligendum
2162 954 2320 989 curaret,
2348 953 2408 984 aut
2422 944 2494 994 ipse
2508 956 2595 994 pro-

1433 1004 1513 1049 prio
1533 1001 1655 1037 labore
1678 999 1874 1047 colligeret.
1926 998 2063 1037 Ceteris
2088 999 2206 1046 itaque
2238 996 2407 1033 omnibus
2434 1005 2509 1032 uno
2528 1005 2594 1031 ore

1433 1051 1621 1098 negotium
1642 1056 1715 1085 tarn
1737 1050 1903 1098 iniquum
1919 1048 2037 1096 palam
2057 1046 2349 1087 damnantibus,
2362 1043 2433 1092 ipse
2448 1044 2481 1080 se
2492 1043 2596 1092 operi

1433 1100 1606 1140 accinxit,
1631 1098 1811 1147 annosque
1839 1099 1979 1134 circiter
2010 1096 2102 1133 duos
2121 1099 2158 1133 in
2180 1107 2225 1132 eo
2249 1095 2400 1142 negotio
2427 1092 2501 1130 dies
2527 1104 2596 1129 no-

1432 1148 1568 1196 &esque
1589 1146 1776 1184 desudavit.
1826 1145 1929 1195 Jatsis
1948 1146 2085 1182 idcirco
2103 1145 2343 1183 fundamentis
2356 1171 2364 1186 ,
2393 1154 2412 1179 a
2433 1142 2538 1176 Plauto
2557 1142 2595 1178 ἃς

1434 1200 1566 1231 Terentio
1587 1196 1643 1242 [c]
1662 1203 1776 1233 totam
1795 1207 1873 1234 rem
1899 1194 2057 1232 exordiri
2082 1202 2188 1244 atque
2215 1193 2334 1230 evolvi
2355 1191 2491 1233 voluit,
2519 1192 2597 1239 qui-

1432 1247 1497 1283 bus
1514 1245 1701 1292 diligenter
1723 1245 1883 1293 perlectis
1902 1252 2008 1293 atque
2025 1243 2115 1280 adeo
2142 1244 2280 1280 minute
2295 1239 2441 1290 excussis
2454 1246 2495 1278 ut
2518 1251 2595 1277 ver-

1432 1296 1519 1332 bum
1541 1295 1611 1331 fere
1648 1293 1789 1331 nullum
1816 1293 2093 1343 praetermiserit,
2127 1293 2216 1342 quin
2244 1293 2283 1328 in
2314 1290 2597 1328 commentarios

1432 1345 1511 1381 suos
1533 1345 1711 1391 coegerit,
1738 1355 1800 1380 eos
1819 1342 1949 1380 deinde
1966 1342 2135 1391 explicari
2156 1342 2193 1378 ὃς
2211 1352 2296 1378 cum
2313 1341 2415 1377 omni
2442 1338 2596 1386 diligen-

1432 1396 1478 1430 tia
1502 1395 1539 1430 in
1559 1393 1725 1429 ordinem
1741 1392 2003 1440 alphabeticum
2035 1390 2151 1439 redigi
2170 1391 2321 1431 curavit,
2348 1396 2388 1426 ut
2409 1387 2518 1425 essent
2533 1399 2593 1424 ve-

1431 1442 1497 1480 luti
1514 1442 1606 1491 sylva
1625 1442 1786 1490 quaedam
1810 1442 1845 1478 &
1869 1440 1963 1490 quasi
1978 1442 2139 1477 materies
2149 1439 2259 1477 futuri
2270 1438 2478 1475 dietionarii.
2507 1436 2593 1482 Qua

1432 1494 1538 1540 igitur
1553 1499 1693 1533 mente,
1721 1502 1840 1540 quove
1860 1489 2032 1531 consum,
2058 1501 2149 1538 opus
2169 1488 2268 1526 suum
2288 1487 2362 1524 hoc
2376 1487 2518 1534 sumpto
2531 1497 2592 1522 exa

1433 1541 1538 1577 ordio
1558 1541 1744 1577 contexuit
1769 1541 1805 1576 ὃς
1833 1540 2029 1581 ordinavit,
2059 1551 2104 1575 ex
2132 1538 2339 1586 praefatione
2370 1547 2479 1586 quam
2505 1535 2592 1571 huic

1431 1588 1589 1627 Editioni
1610 1588 1744 1638 praefigi
1768 1590 1966 1626 curavimus
1985 1616 1994 1630 ,
2022 1587 2228 1624 discendum
2248 1586 2295 1623 est
2308 1613 2318 1628 ‚
2346 1597 2392 1622 ne
2408 1585 2513 1621 nobis
2524 1583 2592 1620 sint

1431 1641 1552 1676 omnia
1573 1638 1774 1686 repetenda,
1809 1637 1957 1676 Infinitis
1975 1638 2083 1685 igitur
2101 1635 2287 1674 exantlatis
2305 1635 2498 1675 laboribus,
2517 1633 2591 1669 ani-

1430 1700 1564 1737 moque
1590 1689 1637 1724 ita
1670 1687 1852 1729 distratio,
1889 1694 1929 1724 ut
1963 1687 2055 1723 inter
2085 1697 2233 1735 operam
2260 1696 2352 1732 pene
2372 1682 2591 1721 Herculeam

1430 1739 1612 1774 materiam
1650 1736 1792 1774 duobus
1830 1736 1937 1784 prelis
1977 1735 2141 1784 quotidie
2178 1732 2335 1772 sufficere
2371 1740 2562 1781 cogeretur
2576 1759 2588 1773 ‚

1429 1789 1541 1832 (nain
1558 1786 1681 1823 eadem
1698 1786 1769 1822 fere
1793 1785 1999 1833 tempestate
2021 1785 2138 1831 Virgilio
2156 1794 2306 1832 operam
2327 1782 2444 1824 dedit,
2458 1782 2494 1818 δε
2515 1785 2593 1816 Ma-

1429 1840 1524 1870 turini
1543 1835 1674 1870 Corderii
1694 1834 1857 1872 libellum
1877 1834 1921 1871 de
1944 1835 2105 1882 corrupti
2137 1834 2308 1870 sermonis
2335 1831 2591 1868 emendatione

1429 1886 1467 1922 in
1487 1885 1604 1922 lucem
1624 1884 1801 1932 protulit)
1832 1896 1845 1920 1
1858 1896 1870 1920 1
1883 1897 1896 1920 1
1908 1896 1922 1920 1
1958 1883 2032 1922 Cal.
2051 1882 2183 1921 Ofi’cob.
2199 1893 2303 1926 1531.
2318 1887 2431 1917 totam
2445 1892 2522 1917 rem
2544 1879 2589 1915 ad

1429 1934 1572 1971 felicem
1597 1935 1735 1971 exitum
1765 1932 1952 1981 perduxit,
1984 1932 2083 1970 Paris.
2102 1931 2179 1969 Fol.
2213 1929 2358 1968 crassitie
2393 1929 2588 1970 mediocri,

1430 1990 1445 2019 t
1460 1984 1590 2031 'pisque
1600 1983 1800 2024 luculentis,
1811 1983 1966 2030 propriis
1984 1982 2187 2030 sumptibus,
2211 1980 2435 2028 proprioque
2452 1979 2587 2015 labore.

1427 1995 1555 2070 sotius
1581 2033 1699 2079 operis
1718 2030 1906 2068 confilium
1933 2031 1970 2068 δε
1990 2031 2168 2067 rationem
2187 2029 2260 2077 ipse
2277 2028 2458 2076 exposuit,
2486 2038 2588 2064 com-

1433 2082 1690 2130 moditatesque
1716 2080 1890 2128 explicuit
1908 2080 1951 2117 ad
1969 2079 2105 2117 calcem
2123 2077 2511 2127 Epistolaepraefatoriae,
2523 2087 2590 2113 un-

1430 2130 1474 2166 de
1496 2143 1596 2167 mens
1613 2132 1722 2178 primi
1735 2128 1905 2174 ThisszuriS
1917 2140 2103 2167 TEPHAN
2117 2140 2160 2166 rc
2173 2140 2185 2164 1
2209 2125 2496 2164 commodissime
2507 2136 2590 2173 ape-

1427 2181 1544 2216 rietur.
1594 2179 1647 2217 Ibi
1669 2180 1818 2216 ostentat
1847 2189 2069 2226 magnopere
2097 2177 2356 2225 alphabeticam
2389 2174 2589 2213 vocabulo-

1427 2240 1508 2265 rum
1526 2228 1648 2265 seriem
1669 2228 1928 2277 pulchramque
1948 2227 2307 2268 distintsioneimnec
2323 2225 2589 2262 vocabulorum

1428 2277 1559 2320 modo,
1580 2277 1636 2314 sed
1659 2277 1962 2314 construffionum
1992 2276 2315 2324 locutionumque,
2343 2276 2401 2312 cui
2419 2276 2470 2311 rei
2489 2272 2589 2322 siqua

1427 2328 1532 2363 inerit
1552 2327 1698 2368 utilitas,
1727 2337 1834 2375 quam
1852 2324 1958 2362 inesse
1985 2325 2132 2373 quidem
2159 2324 2332 2372 suspicor,
2365 2334 2443 2360 non
2468 2322 2588 2359 levem

1427 2375 1661 2412 studiosorum
1685 2377 1835 2424 gratiam
1861 2374 2125 2411 demerebimur
2143 2375 2206 2422 qui
2227 2373 2327 2410 istam
2346 2371 2587 2409 commodior*

1427 2431 1519 2467 tem,
1547 2427 1700 2461 maxima
1720 2435 1830 2472 opera
1846 2451 1856 2465 ,
1884 2422 2077 2461 auctiorem
2103 2422 2362 2472 aliquantulum
2380 2423 2418 2462 in
2441 2420 2508 2458 hac
2518 2432 2585 2456 no-
2644 2453 2646 2456 ,

1426 2474 1491 2510 stra
1509 2472 1675 2513 Editione
1693 2473 1924 2510 reddidimus.
1953 2471 2157 2521 Unicuique
2178 2471 2325 2508 dictioni
2344 2470 2489 2517 subjecit
2501 2469 2586 2507 Gal-

1427 2522 1533 2559 licam
1552 2523 1892 2571 interpretationem.
1941 2520 2131 2569 Proprium
2156 2520 2245 2557 illud
2269 2527 2364 2561 erat,
2393 2520 2587 2557 &unicum

1425 2578 1551 2620 praeter
1574 2571 1796 2620 diligentiam
1816 2570 1917 2618 quod
1941 2582 1984 2607 ex
1999 2571 2060 2607 suo
2083 2581 2180 2618 penu
2204 2568 2248 2606 ad
2271 2569 2344 2606 hoc
2362 2579 2453 2617 opus
2474 2567 2587 2608 addu-

1425 2622 1480 2657 xit
1505 2619 1596 2668 [d].
1648 2621 1763 2672 Quod
1775 2631 1862 2656 vero
1881 2620 2110 2656 vernaculum
2123 2619 2323 2656 sermonem
2338 2617 2380 2654 ad
2402 2617 2585 2665 explican-

1426 2669 1512 2706 dum
1536 2673 1691 2707 maxime
1709 2670 1888 2711 adhibuit,
1918 2680 2001 2705 cuin
2023 2668 2174 2705 aliorum
2186 2667 2380 2715 exemplis,
2401 2674 2584 2703 tumnon-

1426 2719 1515 2755 nihil
1527 2721 1634 2757 etiam
1652 2719 1848 2758 rationibus
1871 2718 1902 2754 se
1915 2724 2050 2754 tuetur.
2077 2719 2158 2766 quia
2168 2717 2299 2753 scilicet
2311 2716 2494 2764 permultae
2504 2715 2584 2752 sunt

1427 2769 1463 2804 δι
1484 2768 1654 2806 ἀὶἂίοηεε
1680 2769 1716 2805 &
1745 2768 1949 2804 locutiones
1977 2766 2169 2813 ejusmodi,
2206 2772 2246 2803 ut
2259 2767 2318 2801 vix
2337 2765 2410 2802 ulla
2430 2764 2585 2802 declara-

1425 2818 1525 2854 tione
1549 2816 1674 2856 Latina
1697 2817 1850 2865 intelligi
1879 2814 2020 2864 possint.
2083 2815 2154 2853 Sed
2176 2826 2259 2853 cum
2285 2814 2409 2852 eadem
2428 2813 2582 2861 obJ'edtio
2618 2848 2620 2857 ,

1433 632 1498 658 Edit.
1510 631 1581 668 Theſs
1602 640 1681 666 ¹53¹·

2480 2861 2584 2900 facile
2620 2859 2621 2863 ’
2643 2884 2648 2890 ι

1425 2951 1482 2982 dita
1500 2962 1583 2991 opera
1594 2952 1730 2991 perlegit,
1750 2950 1848 2981 sedulo
1868 2955 2018 2981 annotatos
2035 2950 2061 2979 ἃ
2079 2948 2142 2979 loca
2161 2949 2309 2987 diligenter
2324 2944 2464 2983 adducta,
2485 2957 2584 2978 nume-

1425 2991 1516 3028 risque
1527 2992 1627 3028 signata
1641 2992 1743 3027 ubique
1754 2989 1933 3026 reperiamus.
1957 2988 2029 3017 Nam
2042 2988 2070 3016 in
2081 2990 2235 3015 Terentiam
2252 2988 2415 3017 testimoniis
2426 2987 2514 3016 ferme
2523 2987 2584 3015 ubi-

1425 3036 1541 3065 quetres
1554 3029 1663 3058 numeri
1683 3028 1779 3065 signati
1798 3026 1879 3061 sunt,
1900 3035 2019 3062 quorum
2038 3026 2143 3062 primus
2165 3026 2257 3054 actum
2271 3047 2278 3058 .
2301 3025 2438 3054 secundus
2457 3024 2580 3058 scenam,

1424 3067 1520 3096 tertius
1541 3066 1706 3096 verticulum
1729 3064 1868 3094 describit.
1909 3063 1996 3098 (Non
2025 3064 2121 3100 utique
2140 3072 2205 3100 ergo
2227 3063 2393 3092 levissimum
2412 3062 2466 3092 fuit
2482 3062 2584 3091 vulnus

1424 3105 1501 3140 quod
1514 3105 1606 3134 S'rrr
1617 3113 1693 3133 nan
1705 3113 1722 3132 o
1739 3102 1865 3131 inflixere
1884 3101 2014 3138 postremi
2033 3101 2128 3130 Sicarii
2143 3102 2236 3139 potius
2257 3111 2339 3138 quam
2357 3101 2485 3130 Editores
2499 3121 2508 3135 ,
2530 3100 2579 3136 qui

1423 3141 1553 3171 ultimum
1580 3151 1744 3176 numerum,
1766 3139 1893 3169 versiculi
1915 3138 2152 3176 designationem,
2183 3145 2213 3168 ut
2228 3139 2340 3168 inanem
2360 3145 2548 3176 amputarunt.
2567 3139 2579 3170 )

1423 3179 1455 3209 sn
1471 3180 1591 3207 Plautinis
1607 3180 1674 3209 duo.
1715 3178 1788 3207 Prior
1806 3182 1924 3206 annotat
1939 3176 2092 3213 quamlibet
2113 3176 2267 3206 Comoediae
2285 3176 2449 3205 divisionem
2460 3197 2469 3211 ,
2490 3176 2594 3210 (nams

1424 3218 1453 3246 in
1470 3217 1615 3253 Stephanica
1638 3218 1723 3244 Plauti
1738 3215 1863 3245 editione
1879 3223 1963 3251 quam
1982 3215 2110 3251 proximo
2132 3214 2190 3244 fere
2209 3225 2284 3244 anno
2305 3214 2474 3247 absolverat,
2491 3214 2520 3242 in
2537 3219 2580 3242 tot

1426 3255 1597 3284 distribuitur
1609 3261 1700 3293 partes
1715 3261 1887 3289 unaquaeque
1900 3251 1992 3281 fabula
2004 3273 2013 3286 ‚
2033 3258 2102 3288 quot
2123 3252 2318 3289 complectitur
2332 3251 2446 3286 scenas,
2465 3251 2493 3279 in
2505 3260 2582 3280 com-

1426 3299 1526 3330 putum
1538 3292 1648 3322 adscitis
1657 3296 1819 3329 argumento
1831 3311 1839 3324 ,
1861 3289 1980 3327 prologo
1989 3289 2064 3324 Sic.)
2084 3289 2219 3327 posterior
2236 3290 2400 3319 versiculum
2412 3310 2421 3324 ‚
2442 3288 2471 3318 in
2481 3288 2581 3318 editio-

1423 3340 1460 3360 ne
1475 3331 1561 3360 modo
1573 3336 1724 3360 memorata
1735 3327 1857 3357 numeris
1876 3327 1912 3356 ad
1931 3327 2085 3364 marginem
2110 3327 2260 3365 diligenter
2279 3334 2416 3356 notatum.
2454 3325 2486 3356 In
2506 3326 2581 3355 testi-

1423 3368 1526 3398 moniis
1543 3377 1578 3398 ex
1589 3370 1663 3395 Plim'i
1682 3366 1808 3405 Epistolis
1826 3365 1925 3394 unicus
1941 3365 1979 3393 est
2000 3374 2133 3394 numerus
2144 3387 2151 3399 ,
2183 3365 2315 3401 idemque
2328 3364 2473 3402 epistolam
2491 3364 2579 3393 deno-

1423 3411 1494 3435 tans.
1533 3407 1552 3421 “
1572 3406 1618 3435 Sic
1632 3406 1708 3435 enim
1721 3404 1772 3433 hos
1789 3404 1854 3432 treis
1876 3402 2008 3431 authores
2018 3402 2032 3413 ’'
2054 3402 2164 3437 (Verba
2187 3402 2250 3433 sunt
2268 3403 2471 3432 Sumam
2490 3401 2578 3431 lecto-

1423 3453 1481 3472 rem
1495 3443 1523 3472 in
1535 3444 1612 3472 aditu
1624 3440 1841 3480 compellantis)
1863 3440 1882 3454 ‘⁶
1891 3440 1989 3469 nostris
2003 3440 2142 3475 expressos
2153 3439 2358 3470 characteribus
2378 3449 2428 3477 per
2444 3448 2580 3469 numeros

1423 3481 1444 3496 ‘⁶
1464 3481 1637 3511 distinximus
1649 3502 1657 3516 ,
1678 3486 1709 3510 ut
1722 3479 1804 3516 siquis
1824 3478 1919 3507 locum
1936 3486 1971 3506 ex
1987 3477 2153 3507 dictionario
2176 3478 2303 3507 conferre
2322 3476 2408 3510 velit,
2430 3477 2459 3506 id
2483 3478 2576 3507 facere

1423 3518 1444 3533 “
1469 3518 1548 3548 nullo
1558 3519 1671 3556 negotio
1689 3523 1780 3555 queat.
1822 3517 1854 3544 At
1869 3524 1917 3558 cur
1928 3536 1935 3550 ‚
1956 3515 2064 3551 inquiet
2075 3523 2271 3553 percontator,
2292 3524 2349 3544 non
2361 3515 2437 3544 idem
2447 3514 2534 3544 fecisti
2546 3516 2576 3544 in

1423 3556 1444 3571 “
1465 3556 1594 3586 omnibus
1610 3554 1792 3585 authoribus?
1831 3552 1905 3589 Quia
1919 3553 2045 3582 nondum
2065 3554 2113 3582 sub
2129 3554 2253 3583 nostrum
2277 3552 2386 3590 prelum
2401 3561 2546 3582 venerunt.
2559 3553 2575 3564 ’'

1461 3593 1519 3629 [d]
1540 3594 1560 3608 “
1572 3594 1666 3630 Itaque
1678 3594 1707 3622 in
1727 3600 1798 3621 enue
1809 3589 1896 3619 fateor
1905 3588 1975 3618 nihil
1990 3590 2036 3619 hic
2050 3591 2135 3620 ineffe
2150 3591 2186 3620 de
2200 3600 2280 3625 meo,
2302 3596 2400 3626 praeter
2409 3589 2533 3620 laborem
2541 3599 2575 3620 ac

1423 3631 1443 3646 ‘⁸
1464 3629 1637 3669 diligentiam
1650 3631 1677 3661 &
1698 3629 1810 3660 (ranicae
1826 3627 2024 3658 declarati-onis
2038 3629 2140 3658 bonam
2163 3636 2279 3667 partem.
2290 3627 2306 3640 ''
2355 3626 2460 3658 Praefat.
2486 3628 2576 3658 Sriin.

1421 3733 1449 3758 ta
1474 3737 1507 3758 ac
1521 3730 1655 3766 dignitate
1675 3728 1973 3763 lllustri‚LGothosredo
1991 3729 2142 3759 Guilielmo
2158 3729 2324 3763 Leibnitzio.
2337 3729 2367 3758 in
2387 3735 2436 3764 4t0
2451 3728 2578 3759 Francos,

1426 3769 1508 3809 ¹⁶74·
1531 3776 1596 3796 cum
1612 3768 1721 3804 gemina
1732 3766 1856 3802 ejusdem
1875 3766 2062 3796 dissertatione
2081 3767 2259 3804 praeliminari
2270 3789 2278 3800 ,
2298 3766 2347 3796 ubi
2361 3766 2396 3795 de
2405 3767 2520 3804 ingenio
2529 3767 2580 3796 Ni-

1423 3803 1529 3833 zolii&
1547 3805 1606 3840 ojus
1627 3803 1820 3834 controversiis
1839 3803 2039 3841 philosophicis
2052 3805 2130 3842 plura
2142 3804 2308 3843 cognoscere
2321 3804 2426 3834 licebit.
2466 3803 2579 3838 Confer,

1423 3850 1486 3878 qua:
1497 3842 1582 3879 paulo
1602 3842 1675 3872 infra
1693 3842 1822 3872 dicentur
1834 3862 1843 3877 ,
1864 3841 1911 3871 ubi
1928 3842 1964 3871 de
1976 3842 2166 3880 stephaniam
2177 3841 2317 3874 Thesauro
2327 3852 2342 3873 a
2351 3842 2466 3873 Nizolio
2474 3848 2580 3873 curate.
