2604 4222
789 204 803 238 1

548 211 575 244 A
669 208 689 242 S

125 227 195 262 270

189 297 276 327 essent
285 294 404 333 ascripti.
445 292 567 329 Quidam
575 289 685 319 Velatos
695 310 702 321 ,
717 285 792 324 quod
800 283 886 313 vestiti
898 283 1017 324 inermes
1027 276 1205 316 sequerentur
1215 280 1291 314 exer-

191 337 296 365 citum:
319 331 447 362 nonnulli
460 329 629 360 Ferentarios
641 349 648 360 ,
669 326 745 362 quod
761 322 854 352 fundis
865 343 873 354 ,
889 317 1085 361 lapidibusque
1103 311 1249 357 piaeli‘ituri
1260 319 1291 337 ea

193 373 278 403 modo
288 373 389 401 ferrent
399 393 406 403 ,
427 379 486 405 quac
499 369 527 396 in
536 366 624 396 hostes
634 365 757 400 jacerent
769 370 774 389 :
799 359 844 388 alii
857 358 983 398 Rorarios
994 376 1002 388 ,
1025 351 1100 389 quod
1110 350 1138 378 id
1147 357 1233 392 genus
1245 347 1296 389 lio-

194 412 302 440 minum
312 415 459 444 antequam
467 406 539 435 acies
549 404 673 436 coirent,
695 401 724 428 in
740 397 856 427 modum
870 399 986 424 rorantis
998 388 1169 427 tempestatis
1182 387 1299 415 dimica-

195 457 264 478 rent.
286 447 385 476 Festus,
424 444 454 472 V.
477 448 675 471 AccaNsus.
920 468 925 474 ·
1208 461 1213 466 .

140 487 308 519 Ascriproa,
320 484 379 512 oris
393 490 428 510 m.
442 479 625 516 [ffloxwebe
635 477 647 512 ]
659 471 850 503 videtutidem
861 467 1009 507 significare
1020 459 1295 507 quodSubscriptor:

179 524 217 553 est
228 520 429 552 autemSubscri
455 525 497 546 tor
508 519 552 552 (ut
561 513 734 544 aitPedianus
746 505 1105 546 inDivin.)Causidicus-qui
1116 499 1243 544 submisit}
1253 507 1302 540 γο-

179 572 211 591 ce
221 562 348 597 adjuvare
357 529 540 586 accusiitorem
550 547 873 586 solebat.Cic.proDomo
883 542 1117 584 sua,49.Denique
1123 538 1170 582 ¹ille
1178 543 1301 579 novitius

178 599 273 635 Ligur,
283 595 386 625 venalis
397 593 525 630 ascriptor
536 593 561 620 δι
569 588 732 624 subscriptor
743 593 817 618 tuus,
829 592 915 620 quum
928 581 967 610 M.
980 580 1079 617 Papirii
1091 576 1225 606 suisratris
1236 573 1302 601 eslet

181 638 344 666 testamento
356 634 379 662 ἃ
389 630 494 667 judicio
503 626 673 666 improbatus
685 646 693 660 ,
714 630 833 652 mortem
844 630 903 657 ejus
913 619 939 648 sse
950 616 1021 647 velle
1032 615 1157 654 persequi
1168 613 1247 641 dixit.
1267 609 1299 638 V.

182 685 195 704 s
204 685 220 702 u
231 684 245 702 B
255 683 266 701 s
277 682 293 701 c
302 682 317 700 a
329 682 336 699 i
348 681 362 699 Β
371 680 396 698 o.

183 712 320 747 Ascriptor
331 730 338 743 ,
358 717 408 744 pro
419 705 533 735 Fautore

201 748 294 778 extitit
306 755 362 774 nori
372 742 456 773 modo
466 741 559 770 salutis
1215 763 1220 768 .

202 786 333 815 inimicus
347 805 354 817 ,
375 790 472 810 verum
483 779 566 808 etiam
581 776 711 813 ascriptor
724 773 867 811 dignitatis
879 780 956 800 meae.
979 768 1103 798 Budaeus.
1133 764 1181 801 [ls
1194 761 1305 792 diceba-

202 830 256 857 tur,
268 821 313 858 qui
324 821 352 848 in
363 820 388 848 S.
403 818 434 847 C.
454 815 648 855 perscribendo
656 822 760 842 nomen
772 810 850 840 suum
860 806 1044 844 adscripserat.
1067 805 1113 833 Sic
1124 804 1152 846 in
1164 802 1217 838 seq.
1228 800 1303 828 ioco.

202 860 283 890 Cous.
297 858 370 887 Fam.
378 856 394 885 l.
411 866 421 884 1
430 866 452 890 ς.
466 854 515 891 Ep.
526 857 552 882 6.
565 859 634 882 extr.
679 851 751 881 Sunt
760 856 855 878 tamen
865 856 925 884 quae
936 844 1051 874 Assertor
1060 841 1195 872 exhibent
1206 838 1269 880 sulss.

185 898 289 928 Aiithor
300 897 326 925 Sc
336 894 465 931 ascriptor
475 893 504 920 in
515 889 693 920 restituendo.
717 888 775 917 Cic.
788 886 849 916 Post
856 884 915 914 red.
935 883 963 911 in
973 882 1066 911 Senat.
1079 890 1105 916 9.
1143 877 1229 922 Quod
1241 879 1257 905 li
1267 876 1303 918 Q

205 933 338 965 Metellus
346 931 394 960 illo
401 939 527 967 tempore
535 927 631 957 consul
643 926 733 956 fuisset
749 926 848 954 unicus
861 945 869 958 ,
891 920 1025 950 dubitatis
1039 927 1094 956 quo
1114 925 1207 945 animo
1225 915 1308 957 fuerit

205 974 235 1002 in
244 981 287 1000 me
296 969 484 999 conservando
494 967 601 996 futurus
612 987 620 1001 ‚
641 974 726 1002 quum
737 964 766 992 in
776 957 946 992 restituendo
958 957 1103 987 authorem
1114 952 1192 984 suiffe
1208 952 1307 989 ascrip-

206 1017 351 1045 toremque
362 1006 478 1035 videatis
487 1005 500 1034 ‘2
1151 1029 1157 1035 .

153 1051 175 1080 A
184 1059 194 1078 s
203 1058 218 1077 c
227 1058 242 1076 R
254 1056 286 1075 11³
295 1050 358 1075 τῑν
370 1055 387 1073 u
396 1055 408 1074 s
420 1066 428 1079 ,
449 1053 464 1073 a
473 1065 481 1078 ,
497 1052 553 1071 um.
577 1036 809 1077 [oeois'ygoen‘ds]
830 1036 909 1066 Idem
924 1033 1000 1072 quod
1022 1030 1201 1069 Ascriptitius.
1221 1027 1308 1057 Plaut.

192 1086 270 1116 Men.
283 1094 304 1112 i.
320 1093 344 1120 3.
355 1092 381 1112 2.
420 1081 500 1111 Idem
513 1080 581 1109 istuc
591 1078 651 1108 aliis
662 1076 813 1114 ascriptivis
820 1074 855 1104 ad
867 1073 1006 1109 legionem
1018 1068 1094 1113 solet.

191 1122 334 1159 Ascriptivi
344 1143 352 1155 ,
373 1119 464 1156 inquit
475 1118 559 1147 Varro
567 1116 614 1145 lib.
629 1120 654 1144 6.
670 1116 705 1144 de
715 1115 743 1144 L.
754 1114 783 1143 L.
806 1112 880 1149 quod
890 1111 957 1139 olim
966 1107 1169 1138 ascribebantur
1178 1103 1310 1137 inermes,

212 1161 258 1198 qui
270 1159 451 1189 succederent
460 1156 569 1185 armatis
580 1153 716 1183 militibus
726 1175 733 1186 ,
755 1151 834 1188 siquis
842 1157 939 1179 eorum
947 1144 1102 1185 deperisset.

156 1199 195 1229 As
206 1209 224 1228 c
233 1209 249 1227 R
260 1209 269 1226 1
278 1208 295 1227 v
304 1208 313 1226 1
323 1207 341 1226 u
350 1208 387 1231 Μ,
408 1193 556 1231 [magster
568 1191 635 1221 Ptol.
649 1192 662 1226 ]
683 1189 828 1220 Dalmatiae
841 1187 979 1224 oppidum
990 1206 998 1219 ,
1020 1183 1104 1212 hodie
1115 1185 1173 1208 Cn‘·
1185 1190 1245 1221 m..

156 1239 178 1268 A
186 1247 197 1266 s
208 1247 224 1266 c
233 1238 250 1265 ὕ
259 1247 275 1264 L
283 1246 302 1264 u
312 1246 332 1264 M
344 1257 352 1269 ,
375 1231 542 1270 [Ἄσαλυν]
563 1231 588 1259 Ο
613 1229 711 1268 pidum
731 1228 768 1257 est
788 1225 893 1264 Apuliae
910 1221 1123 1253 memorandum
1141 1217 1221 1262 clade
1238 1214 1314 1244 illata

196 1273 294 1311 Pyrrho
307 1283 322 1302 a
331 1271 415 1301 Curio
425 1272 451 1300 δι
458 1268 583 1299 Fabricio
619 1267 727 1296 omanis
737 1263 897 1295 consulibus
907 1285 916 1298 ,
938 1268 968 1291 ut
977 1260 1031 1289 late
1040 1257 1161 1288 ostendit
1169 1253 1307 1285 Plutarch.

193 1313 221 1341 in
230 1312 286 1340 vita
298 1309 399 1348 Pyrrhi.
436 1307 475 1337 Ab
486 1307 540 1336 hoc

156 1352 177 1381 A
188 1360 199 1380 s
209 1360 226 1379 c
235 1360 253 1378 u
263 1352 303 1377 LA
312 1358 332 1377 N
342 1358 358 1377 u
369 1357 380 1376 s
391 1369 398 1381 ,
420 1345 477 1381 Adj.
501 1344 559 1373 Cic.
571 1344 606 1372 de
618 1342 689 1372 Clar.
701 1341 778 1371 Orat.
793 1342 854 1376 169.

194 1388 300 1424 aliquot
310 1385 449 1414 orationes
458 1381 547 1412 Asculi
559 1381 668 1410 habitae.
1164 1408 1169 1413 .
1221 1405 1226 1411 ¹

157 1426 178 1456 A
187 1435 199 1455 s
209 1435 226 1454 c
234 1435 253 1454 Y
261 1434 278 1453 R
288 1434 305 1454 o
315 1433 335 1452 N
346 1445 354 1457 ,
376 1420 523 1458 [ἄπυρον]
548 1418 639 1448 Herba
647 1417 748 1451 eadem
758 1415 796 1445 est
804 1436 812 1451 ,
829 1423 889 1450 quae
901 1410 1098 1441 Androsaemon
1106 1429 1116 1444 ,
1131 1406 1200 1438 Plin.
1208 1405 1258 1435 lib.
1267 1412 1314 1441 27»

193 1472 255 1501 cap.
267 1472 295 1499 4.
329 1460 361 1491 V.
383 1459 463 1497 supra
472 1458 503 1489 in
513 1457 637 1486 dictione
652 1465 672 1484 A
681 1465 701 1484 N
711 1465 729 1483 o
738 1464 755 1483 a
766 1463 782 1482 o
791 1462 835 1482 sAE
844 1462 864 1480 Μ
874 1460 891 1480 o
901 1460 933 1480 N.

606 1497 631 1529 A
729 1493 749 1527 S
842 1490 875 1524 D

156 1551 178 1581 A
187 1559 199 1580 s
210 1560 228 1579 n
237 1559 257 1578 A
266 1558 286 1577 τ
296 1558 320 1577 AE
331 1569 340 1583 ,
360 1546 397 1576 Po
420 1545 458 1575 uli
470 1545 532 1574 sunt
547 1542 656 1573 Caucasi
668 1541 772 1573 montis
790 1537 905 1573 incnlae,
927 1534 1003 1575 apud
1017 1544 1086 1573 quos
1099 1532 1189 1563 Calais
1204 1538 1313 1568 gemma

193 1587 321 1617 nascitur.
344 1585 395 1613 Aut
416 1593 447 1612 or
457 1583 525 1612 Plin.
541 1581 589 1610 lib.
604 1590 648 1618 37.
662 1590 723 1617 cap.
737 1584 764 1612 8.
1048 1610 1052 1615 Ι
1193 1608 1198 1613 Π

157 1628 198 1658 As
207 1635 248 1655 DR
259 1627 274 1653 ῠ
284 1635 300 1653 B
309 1633 328 1652 A
339 1634 355 1651 L
364 1644 372 1657 ‚
395 1620 559 1657 [Ἀσὴέας]
581 1619 673 1648 Gener
682 1615 822 1646 Amilcaris
832 1613 917 1652 patris
927 1609 1068 1642 Annibalis
1080 1619 1089 1653 ².
1105 1608 1166 1647 post
1173 1616 1233 1643 ejus
1243 1614 1315 1634 mor-

192 1669 251 1693 tem
262 1662 367 1700 septem
380 1669 467 1689 annos
479 1658 627 1696 imperium
640 1656 729 1686 tenuit
746 1654 857 1683 favente
873 1651 995 1680 factione
1013 1648 1128 1678 Barcma
1138 1668 1146 1681 ,
1168 1645 1282 1689 demum
1298 1653 1315 1672 a

192 1701 270 1731 servo
283 1698 398 1729 barbaro
410 1720 418 1732 ,
439 1697 518 1732 cujus
531 1695 677 1724 domintun
686 1692 828 1722 occiderat
837 1712 845 1726 ,
870 1688 1031 1718 interfesius
1038 1685 1085 1715 est.
1122 1684 1315 1728 Quicompre-

192 1738 295 1769 hensus
311 1747 326 1767 a
339 1733 570 1765 circunstantibus
581 1754 590 1768 ,
611 1732 687 1761 haud
706 1730 771 1760 fasti
786 1726 929 1767 poenitens
943 1748 951 1760 ,
973 1726 1044 1754 inter
1063 1730 1201 1753 cruciatus
1217 1722 1243 1751 ἃ
1259 1726 1314 1748 tor-

194 1783 290 1806 menta
299 1797 308 1811 ,
328 1774 449 1812 speciem
465 1772 572 1810 semper
580 1770 698 1799 ridentis
710 1767 836 1807 praebuit.
858 1764 939 1794 Auth.
950 1763 1007 1793 Liv.
1020 1762 1068 1792 lib.
1082 1770 1127 1790 21.
1139 1769 1165 1790 2.

194 1812 327 1845 Asdrubal
341 1814 408 1841 item
420 1810 489 1840 alius
503 1809 557 1839 fuit
568 1807 711 1838 Annibalis
723 1807 806 1836 frater
814 1827 822 1840 ,
843 1809 1032 1841 cognomento
1040 1800 1124 1843 Barca
1133 1821 1142 1834 ‚
1157 1796 1198 1842 'ad
1208 1795 1320 1826 Metau-

214 1861 276 1882 rum
286 1851 401 1880 fluvium
415 1859 431 1878 a
442 1849 554 1878 Nerone
566 1846 683 1876 Claudio
695 1845 721 1875 ἃ
731 1843 809 1874 Livio
820 1841 973 1873 Salinatore
988 1837 1053 1868 coss.
1065 1837 1114 1866 insi
1136 1846 1164 1864 ni
1174 1834 1254 1865 clade
1265 1842 1316 1862 cae-

212 1890 273 1925 sus,
289 1889 450 1927 priusquam
461 1886 556 1924 copias
566 1893 633 1914 cum
645 1884 726 1912 fi‘atre
736 1881 906 1917 conjungere
924 1877 1022 1917 posset.
1042 1875 1101 1905 Liv.
1144 1873 1200 1903 aler
1211 1894 1220 1908 ,
1242 1871 1314 1914 Flor.

212 1928 233 1959 F
235 1934 307 1957 ront.
320 1926 415 1955 Horat.
425 1924 474 1954 Sil.
514 1923 556 1952 De
567 1932 623 1960 quo
633 1922 697 1951 vide
708 1930 773 1950 eum
783 1918 830 1955 qui
844 1915 983 1947 Annibalis
992 1915 1080 1945 vitam
1089 1912 1187 1956 Latine
1197 1909 1318 1940 conscri-

213 1966 286 2005 psit,
307 1973 372 1993 nam
382 1959 653 1992 GraeceaPlutarcho
671 1957 823 1996 composita
840 1965 898 1985 non
913 1960 1007 1988 extat,
1029 1961 1089 1990 quae
1104 1950 1219 1993 quidem
1234 1957 1318 1978 vene-

212 2005 248 2033 rit
258 2004 288 2033 in
300 2001 393 2032 lucem
404 2010 468 2030 cum
478 1999 576 2029 ceteris
593 1997 730 2027 Plutarchi
741 1996 812 2025 vitis.
851 1994 876 2023 Is
886 1993 924 2022 est
933 1992 1035 2021 Donat.
1052 1987 1215 2024 AcciaJolus.
1283 2023 1287 2029 ³

194 2039 328 2072 Asdrubal
337 2040 404 2068 item
414 2060 423 2074 ‚
440 2037 565 2067 Gisconis
573 2036 645 2065 filius
655 2057 663 2071 ,
685 2034 784 2064 tertius
795 2028 1058 2068 Carthaginiensium
1070 2027 1128 2056 dux
1137 2027 1167 2055 in
1174 2023 1318 2062 Hispania,

214 2078 347 2117 Syphacis
357 2085 459 2114 gener,
480 2075 557 2111 cuius
569 2073 698 2103 meminit
714 2070 849 2102 Plutarch.
864 2069 893 2098 in
907 2069 965 2097 Vita
972 2068 1046 2104 Scip.
1062 2065 1119 2094 Liv.
1130 2073 1176 2099 24.
1187 2062 1241 2099 seq.
1262 2098 1267 2104 .

194 2117 327 2148 Praeterea
340 2112 473 2144 Asdrubal
484 2134 492 2149 ,
513 2113 559 2142 cui
573 2111 658 2141 Calvo
672 2118 830 2148 cognomen
845 2112 919 2142 erat,
940 2117 974 2136 eo
988 2112 1116 2142 tempore
1130 2111 1186 2139 quo
1199 2096 1318 2143 Annibal

214 2154 334 2185 initalia
344 2158 401 2182 erat
409 2174 417 2187 ,
438 2151 468 2180 in
480 2150 635 2180 Sardiniam
645 2149 702 2178 dux
711 2147 798 2178 classis
810 2146 946 2175 mittitur:
971 2143 1018 2173 sed
1028 2139 1190 2178 tempestate
1202 2138 1321 2173 reJecfrus

215 2194 251 2223 ad
265 2190 366 2221 insulas
375 2189 514 2223 Baleares,
535 2188 574 2217 ibi
589 2186 722 2224 tantisper
733 2185 826 2224 quoad
835 2182 941 2221 quassas
952 2181 1076 2212 reficeret
1087 2187 1171 2208 naves
1179 2199 1188 2213 ,
1208 2175 1319 2210 resedit,

214 2231 250 2260 de
260 2240 315 2268 quo
327 2227 406 2266 plura
419 2227 493 2265 apud
505 2224 614 2255 Livium
625 2234 669 2261 23.
682 2233 725 2261 32.
1162 2253 1168 2259 ·
1301 2250 1307 2256 ,

197 2266 347 2301 Asdrubal,
369 2272 467 2303 praeter
478 2265 529 2293 lios
545 2263 615 2292 alius
624 2262 677 2292 fuit
684 2262 750 2291 Dux
762 2259 844 2290 tertio
861 2256 937 2287 bello
948 2256 1052 2285 Punico
1064 2265 1079 2284 a
1092 2254 1226 2292 Scipione
1237 2250 1321 2281 AEmi-

215 2306 291 2337 liano
304 2305 394 2335 victus
407 2303 478 2332 facta
494 2302 639 2331 deditione
651 2321 659 2336 ,
681 2301 708 2330 δι
730 2305 794 2328 ante
811 2305 923 2326 currum
939 2296 1025 2324 actus.
1065 2293 1130 2327 Ejus
1145 2300 1216 2320 uxor
1233 2298 1319 2331 quum

216 2345 312 2384 paucis
322 2348 386 2371 ante
397 2340 495 2369 diebus
506 2350 521 2369 a
531 2340 590 2368 viro
600 2339 747 2376 impetrare
756 2345 815 2365 non
823 2333 954 2373 potuisset
972 2339 1003 2361 ut
1013 2331 1048 2360 ad
1058 2331 1192 2360 victorem
1203 2329 1319 2357 transtu-

647 2373 820 2412 Carthaginis
830 2373 954 2402 flammas
967 2369 1020 2399 sese
1035 2379 1099 2398 cum
1108 2367 1200 2396 liberis
1211 2364 1322 2394 duobus

950 2408 1035 2438 Ovid.
1048 2410 1074 2437 6.
1094 2406 1162 2436 Fast.
1176 2413 1241 2442 770.

544 703 569 731 δι
581 700 763 738 astipulatore.
788 696 847 726 Cic.
865 695 925 725 Post
937 693 993 723 red.
1008 692 1036 720 in
1045 691 1138 720 Senat.
1151 692 1195 718 26.
1207 686 1303 722 ltaque

571 737 697 768 defensor
709 759 716 771 ,
738 736 786 773 qui
802 741 867 765 ante
878 733 932 762 hoc
942 732 1030 760 unum
1040 728 1206 758 beneficium
1217 725 1305 753 fuerat

872 1337 970 1367 Barrus
983 1333 1132 1366 Asculanus
1143 1354 1150 1368 ,
1165 1330 1244 1367 cujus
1252 1328 1313 1358 sunt

218 2388 316 2422 gerent
328 2402 336 2415 ,
360 2379 390 2408 in
402 2378 508 2407 medias
517 2376 635 2406 incensae

216 2431 251 2450 ex
261 2429 323 2450 arce
332 2416 523 2460 praejcipitaijit.
542 2415 623 2444 Auth.
638 2414 710 2457 Epit.
727 2412 784 2456 Ην..
794 2411 842 2440 lib.
858 2420 901 2447 51.

278 2458 313 2487 Et
326 2455 430 2486 cecidit
444 2453 507 2484 telis
521 2450 654 2483 Asdrubal
668 2450 725 2489 ipse
740 2450 803 2480 suis.
836 2487 864 2521 E

607 2492 631 2525 A
722 2490 743 2524 S

165 2546 205 2576 As
215 2553 229 2573 ε
238 2555 254 2572 L
263 2554 280 2571 L
291 2552 300 2570 i
312 2564 320 2577 ,
341 2540 432 2571 Stellae
442 2541 503 2569 duae
513 2550 547 2578 ap
570 2539 688 2569 ellantur
697 2538 726 2566 in
743 2536 817 2574 signo
827 2534 927 2564 Cancri
938 2555 946 2569 ,
966 2531 1098 2570 exiguum
1109 2531 1180 2559 inter
1191 2527 1252 2557 illas
1266 2527 1326 2565 spa=

200 2582 271 2611 tium
280 2580 426 2609 obtinente
435 2578 545 2607 nubecu
559 2588 583 2611 a,
597 2586 681 2615 quam
691 2575 820 2612 Praesepia
830 2572 982 2611 appellant.
990 2570 1066 2600 Plura
1074 2567 1195 2598 Plin.lib.
1204 2577 1213 2595 1
1220 2572 1272 2600 8.c.
1279 2575 1291 2602 3
1299 2576 1325 2600 ς.

164 2622 184 2650 A
193 2630 205 2650 s
215 2630 229 2649 ε
238 2630 254 2647 1..
262 2629 278 2647 L
289 2629 298 2646 1
308 2628 325 2646 υ
336 2627 347 2646 s
355 2639 362 2653 ,
385 2617 566 2654 Sempronius
587 2614 738 2644 Historicus
749 2634 757 2647 ,
780 2613 806 2642 δι
819 2611 963 2640 Tribunus
978 2608 1103 2637 militaris
1126 2606 1174 2635 sub
1191 2604 1325 2641 Scipione

200 2656 351 2725 {Emiliafio
360 2654 434 2722 31)ὃά
441 2654 472 2720 lli
475 2654 629 2683 umantiam
637 2652 691 2681 fuir
700 2673 708 2687 ,
730 2650 816 2687 idque
827 2648 934 2678 bellum
945 2647 1029 2676 literis
1041 2644 1192 2675 mandavit.
1215 2642 1325 2672 Citatur

214 2706 235 2725 ae
258 2704 273 2723 e
282 2700 310 2723 te
335 2703 357 2723 is
372 2703 388 2722 a
424 2702 438 2721 e
463 2714 469 2720 .
1231 2692 1233 2694 ¹

201 2705 316 2763 Asgllius
325 2731 392 2760 item
401 2729 534 2759 Claudius
545 2750 553 2764 ,
575 2727 665 2764 Eques
676 2726 818 2756 Romanus
828 2746 836 2759 ,
856 2722 1000 2753 Tribunus
1014 2721 1134 2750 militum
1151 2718 1199 2748 sub
1208 2716 1328 2747 Claudio

220 2771 344 2805 Nerone,
354 2768 430 2806 apud
442 2766 568 2797 Lucanos
577 2764 760 2800 memoranda
772 2762 947 2793 fortitudine.
957 2760 1047 2796 Hujus
1055 2758 1186 2788 meminit
1193 2755 1326 2786 Volaterr.

166 2812 352 2843 Asianus,
375 2806 404 2836 V.
426 2812 574 2835 ASiNus.

618 2841 645 2876 A
743 2841 764 2876 S
863 2839 879 2873 I

166 2897 188 2927 A
198 2906 209 2926 s
218 2907 227 2924 i
237 2905 256 2924 A
268 2916 275 2930 ,
297 2889 416 2930 [maia]
436 2889 532 2921 Tertia
551 2899 613 2928 pars
624 2889 663 2918 est
673 2889 748 2918 orbis
760 2911 768 2924 ‚
792 2885 986 2924 magnitudine
1001 2883 1119 2920 Europae
1129 2882 1155 2911 ἀ
1167 2880 1261 2909 Africae
1271 2887 1330 2916 par.

205 2934 251 2963 Sic
263 2939 357 2961 autem
368 2929 472 2959 dit‘lam
489 2927 589 2958 volunt
599 2927 633 2956 ab
644 2927 700 2956 Asia
712 2926 803 2965 Japeti
816 2925 937 2961 conjuge
949 2945 957 2957 ,
979 2930 1038 2959 quae
1049 2919 1195 2950 Oceani&
1205 2916 1333 2953 Tethyos

205 2971 261 3001 filia
271 2970 339 2999 fuit:
362 2967 406 2997 vel
427 2966 633 3003 (utHerodoto
645 2965 774 3002 placuit)
796 2974 811 2992 a
824 2961 982 2992 Promethei
1004 2965 1098 2988 matre.
1138 2957 1223 2994 Lydis
1245 2963 1311 2983 vero
1322 2973 1331 2989 ‚

206 3009 240 3038 ab
254 3007 337 3037 Asiaeo
352 3006 427 3044 Atyis
436 3003 509 3039 filio,
530 3003 607 3033 unde
621 3004 647 3032 ὃ(
657 3012 724 3040 gens
742 3001 870 3040 quaedam
885 2999 977 3029 Sardis
989 2997 1044 3026 Asia
1066 2996 1168 3025 dicitur
1178 3016 1186 3029 ,
1209 3000 1239 3022 ut
1249 2992 1334 3021 tradit

207 3045 372 3077 Eustatliius.
413 3042 458 3073 Est
468 3048 561 3072 autem
573 3039 630 3071 Asia
639 3040 745 3078 duplex
758 3049 764 3069 :
793 3038 884 3073 Major
895 3059 903 3071 ,
926 3045 1009 3074 quam
1025 3035 1148 3063 diximus
1158 3055 1166 3067 ,
1188 3033 1213 3062 δι
1226 3031 1329 3061 Minor.

208 3084 314 3115 Haecin
327 3082 352 3111 se
366 3081 494 3111 continet
505 3079 650 3116 Phrygiam
660 3101 668 3114 ,
691 3078 798 3108 Cariam
809 3099 817 3113 ,
839 3075 950 3112 Lyciam
965 3096 973 3108 ,
995 3073 1112 3116 Lydiam
1122 3093 1130 3105 ,
1152 3067 1331 3107 Lycaoniam,

210 3128 242 3151 ut
250 3122 288 3150 est
298 3119 374 3158 apud
385 3117 550 3149 Strabonem
562 3118 588 3147 &
599 3116 794 3154 Pomponium.
840 3113 898 3143 Asia
916 3113 975 3141 haec
988 3120 1079 3140 minor
1088 3131 1097 3144 ,
1121 3109 1205 3137 hodie
1222 3111 1336 3136 vocatur

210 3158 336 3189 Anatolia
346 3157 391 3186 seu
402 3156 514 3187 Turcia.
536 3154 595 3184 Cic.
610 3164 660 3192 pro
679 3154 766 3184 Flacc.
781 3155 826 3189 ⁶4·
866 3151 987 3188 Nanque
1006 3149 1019 3184 (
1033 3154 1063 3177 ut
1076 3147 1200 3185 opinor)
1225 3144 1282 3173 Asia
1291 3151 1337 3171 ve-

209 3198 261 3240 stra
269 3195 375 3239 constat
385 3204 420 3224 ex
431 3192 546 3230 Phrygia
558 3215 566 3229 ‚
588 3192 676 3230 Mysia
687 3214 695 3229 ,
716 3191 811 3226 Caria,
833 3188 930 3226 Lydia.
970 3186 1060 3223 Huius
1073 3185 1149 3215 vocis
1166 3183 1257 3222 prima
1277 3190 1337 3211 cor·

211 3233 459 3302 Didielsersiiiirsldr.
470 3231 638 3305 &Sei-3127.
655 3278 698 3304 ¹9·

348 3323 385 3329 —
399 3307 482 3337 Bruto
494 3314 611 3345 praetore
622 3310 745 3336 tenente.

273 3345 368 3375 Ditem
385 3345 480 3374 Asiam.

216 3384 333 3413 Amoena
347 3383 416 3412 Asiae.
439 3382 529 3412 Tacit.
543 3390 567 3418 3.
585 3382 655 3411 Arm.
668 3390 694 3418 7.
732 3379 782 3410 Per
797 3378 913 3409 Amoena
925 3375 990 3405 Asiae
1001 3380 1084 3411 atque
1095 3368 1212 3401 Achaiae.

223 3421 281 3450 Asia
292 3421 392 3457 opima.
432 3420 463 3448 V.
487 3430 503 3449 o
511 3429 526 3448 Ρ
535 3430 544 3448 1
553 3430 575 3449 M
585 3430 604 3448 u
613 3430 634 3449 s.

218 3458 306 3488 Asiam
317 3466 420 3487 curare.
441 3456 561 3492 Tacit.4.
575 3458 693 3494 Arm.36.
716 3455 773 3492 Qui
786 3451 935 3492 proconsul
948 3450 1034 3480 Asiam
1047 3452 1194 3477 curaverat.
1208 3442 1240 3475 V.
1255 3453 1340 3474 cuno.

182 3495 243 3526 Asi
256 3506 274 3524 A
285 3517 292 3529 ,
320 3495 406 3532 prima
422 3495 500 3531 prod.
523 3494 637 3530 [ἋσηῶΜ
659 3493 768 3529 malasi]
788 3491 920 3529 Stephan.
942 3488 1020 3518 Palus
1037 3486 1075 3515 est
1090 3484 1183 3522 Myiiae
1195 3505 1203 3518 ,
1233 3482 1345 3519 Caystro

221 3533 307 3562 fluvio
316 3532 464 3562 cohaerens.
502 3533 558 3561 Asia
568 3542 634 3562 vero
645 3541 731 3570 quum
742 3530 916 3569 provinciam
928 3525 1061 3564 significat
1069 3546 1076 3559 ,
1092 3523 1210 3561 primam
1219 3521 1345 3558 corripit.

221 3570 290 3601 Haec
302 3580 337 3599 ex
347 3570 440 3598 Servio
452 3570 479 3597 in
490 3569 560 3598 illud
573 3579 597 3607 7.
621 3570 682 3599 JEn.
694 3579 758 3606 701.

340 3620 378 3628 ·—
390 3606 468 3636 sonat
477 3607 565 3636 amnis
577 3629 585 3642 ,
605 3609 631 3636 8<
645 3608 700 3636 Asia
718 3606 802 3644 longe

223 3645 328 3710 Geor&
338 3650 398 3679 383.
438 3659 475 3665 —
487 3646 512 3673 ἃ
528 3654 587 3681 quae
602 3644 657 3674 Asia
667 3646 772 3674 circum

332 3681 438 3710 ulcibus
450 3682 477 3709 in
485 3681 583 3719 stagnis
592 3682 724 3711 rimantur
736 3687 813 3719 prata
827 3678 940 3717 Caystri.
1024 3675 1090 3712 Quo
1109 3673 1138 3702 in
1154 3672 1217 3701 loco
1233 3671 1348 3707 adjet‘ti.

224 3729 290 3750 vum
301 3719 338 3747 est
348 3719 417 3748 Alia:
437 3725 467 3747 ut
478 3719 508 3747 sit
517 3741 524 3751 ,
541 3719 598 3747 Afia
608 3727 691 3757 prata.
731 3720 801 3748 Sunt
810 3726 904 3746 tamen
916 3738 923 3749 ,
940 3714 986 3752 qui
997 3713 1091 3743 Servio
1100 3720 1157 3740 non
1167 3708 1349 3744 subscribant,

225 3762 359 3799 negantes
371 3755 476 3792 uspiam
485 3756 538 3785 else
551 3756 681 3793 paludem
693 3765 752 3793 quae
763 3761 879 3785 vocetur
895 3754 968 3783 Asia:
991 3752 1173 3786 dicentesque
1192 3748 1219 3776 in
1234 3752 1349 3783 utroque

226 3793 333 3836 Virgilii
344 3793 420 3822 versu
431 3793 485 3822 Asia
499 3794 666 3828 adjectivum
680 3794 732 3822 else
742 3816 749 3827 ‚
773 3803 823 3830 pro
835 3792 947 3821 Asiatica
958 3813 965 3825 ⁷
987 3789 1031 3818 seu
1047 3788 1107 3817 Asiae
1121 3785 1240 3823 regionis
1253 3795 1259 3813 :
1285 3793 1350 3814 nam

228 3830 467 3878 plyliakaayller
479 3831 505 3858 in
519 3831 574 3859 Asia
583 3830 650 3859 sunt.
674 3832 745 3860 adde
760 3832 834 3867 quod
844 3830 920 3859 bam&
941 3828 1042 3858 Graecis
1059 3823 1188 3855 limosum
1201 3821 1349 3861 fignificat:

228 3881 280 3896 αα-ις
291 3890 299 3903 ,
322 3879 392 3894 aaron
404 3889 412 3902 .,
433 3867 515 3896 limus
526 3869 552 3897 ἃ
562 3877 684 3896 coenum.

190 3908 300 3938 Asius
315 3927 323 3940 ,
345 3904 479 3940 [''Arn&·]
504 3905 563 3940 Adj.
576 3904 647 3941 Virg.
661 3917 686 3939 4·
704 3905 803 3941 Georg.
817 3911 879 3940 343.

309 3944 395 3979 Atque
407 3942 514 3984 Ephyre
526 3963 534 3976 ,
554 3948 635 3978 atque
646 3942 717 3979 Opis
728 3965 736 3976 ,
757 3943 782 3971 ἃ
800 3942 855 3970 Alia
868 3941 1001 3978 Deiopea.

191 3983 368 4014 AsxAcus,
393 3980 450 4015 AdJ.
474 3980 609 4014 [Ἃσιεὺς]
631 3980 647 4007 i.
660 3990 683 4008 e.
708 3980 845 4009 Asiaticus.
868 3978 952 4007 Ovid.
970 3988 1010 4006 12.
1030 3975 1098 4006 Met·
1115 3979 1176 4010 588·

193 4020 422 4051 ΛειΑτῑουε,
455 4016 512 4052 Adj.
540 4017 684 4051 [Ὰσιῦπ]
717 4027 765 4051 tir,
787 4017 932 4045 Asiaticum
957 4016 1089 4044 orationis
1108 4022 1204 4051 genus.
1238 4010 1296 4041 cic.
1315 4010 1352 4040 de

230 4056 302 4086 Clar.
314 4055 390 4084 Orat.
407 4063 469 4090 325.
500 4053 623 4083 'Asiatica
636 4054 789 4084 haereditas.
811 4053 883 4083 Flor.
898 4062 921 4089 3.
938 4062 982 4083 12.

906 3601 984 3633 Pulsa
1001 3600 1089 3639 palus.
1129 3596 1164 3628 Et
1182 3597 1211 3625 in
1231 3594 1302 3625 illud
1321 3605 1344 3624 1.

1344 268 1454 298 AsiiN
1467 275 1505 295 cs
1519 287 1526 299 ,
1549 263 1624 293 aliud
1639 264 1696 299 Adj.
1717 261 1871 299 [Ἀσταυὶς]
1893 261 1949 297 Qui
1961 260 1998 289 est
2016 269 2051 288 ex
2069 259 2133 288 Asia.
2156 258 2277 295 Quintil.
2290 256 2337 286 lib.
2349 261 2374 291 8.
2396 266 2455 296 cap.
2470 267 2493 288 1.
2543 255 2546 291 ξ

1830 181 1858 215 A
1954 179 1974 214 S
2064 177 2079 212 Ι

1383 307 1409 335 ἃ
1420 305 1466 333 lib.
1480 313 1520 332 12.
1534 312 1594 339 οφ.
1613 312 1654 330 10.

1385 342 1492 375 Asiani,
1518 338 1729 376 Aiiuzpiiblicrmi
1742 360 1749 371 ,
1769 336 1785 366 i.
1799 347 1822 366 e.
1844 335 1955 372 Equites
1967 333 2095 364 Romani.
2135 333 2207 363 Nam
2223 342 2320 361 omnes
2339 329 2496 370 publicano.
2544 314 2545 335 ³
2601 336 2603 339 ’

1406 390 1465 409 rum
1475 379 1617 407 societates
1632 385 1710 405 erant
1720 385 1754 404 ex
1765 375 1863 403 ordine
1877 373 2000 410 equestri.
2023 372 2081 401 Cic.
2098 381 2121 400 1.
2139 372 2191 400 Att-
2206 379 2247 406 14.
2290 370 2392 403 Asiani,
2408 371 2496 406 quide

1407 417 1571 446 Censor-ibus
1583 415 1779 443 conduxerunt
1789 435 1796 445 ,
1814 412 1899 449 questi
1908 411 1936 439 in
1947 411 2049 439 Senatu
2058 432 2066 444 ,
2084 409 2110 438 se
2121 409 2275 446 cupiditate
2285 407 2424 445 prolapsos
2435 429 2443 443 ,
2458 408 2498 437 ni-
2588 411 2601 426 <⁴

1407 455 1493 484 mium
1510 462 1610 489 magno
1622 450 1797 480 conduxisse:
1819 456 1850 478 ut
1861 449 2037 477 induceretur
2048 447 2151 476 locatio
2164 468 2172 481 ,
2193 444 2407 483 postulaverunt.

1353 494 1372 523 A
1383 504 1394 522 s
1409 505 1416 521 i
1428 503 1445 520 A
1457 503 1471 520 ι)Κ
1481 502 1497 520 c
1507 501 1526 520 H
1538 502 1560 519 fl:
1571 513 1578 523 ,
1600 489 1779 525 [mmmmm]
1800 487 1856 516 Viri
1865 493 1942 515 erant
1951 484 2094 514 communi
2104 482 2276 513 Asiaticarum
2288 482 2428 512 civitatum
2438 492 2501 512 cori.

1391 529 1468 559 sensu
1478 529 1576 558 delecti
1590 550 1597 559 .
1619 528 1665 563 qui
1679 527 1839 555 communia
1847 526 1956 560 negotia
1965 528 2110 552 curarent:
2132 521 2168 550 de
2178 521 2278 558 quibus
2288 520 2384 550 Strabo
2395 519 2442 549 lib.
2458 530 2498 556 14·

1392 568 1475 604 [lino
1484 567 1646 595 Sacerdotes
1658 563 1740 602 primi
1755 563 1860 592 ordinis
1871 585 1878 596 ,
1898 563 1924 591 ἃ
1941 562 2086 590 Sacrorum
2103 559 2303 593 certaminum,
2324 566 2385 595 quae
2399 558 2500 587 aCom.
2546 566 2547 570 ¹
2563 577 2567 589 .
2601 564 2604 570 ²

1995 598 2026 628 V.

1391 606 1470 634 muni
1492 604 1554 632 Asiae
1574 603 1782 632 celebrabantur
1791 623 1799 636 ,
1821 599 1954 638 praesides.

1392 644 1452 672 liaec
1466 641 1685 679 persequentem.

1355 683 1376 712 A
1387 680 1520 715 sis,idis.
1545 676 1659 714 [lim-23]
1676 684 1724 713 ut,
1742 676 1797 706 Asis
1806 682 1892 709 terra,
1908 685 1958 713 pro
1970 673 2036 703 Asia.
2058 671 2141 702 Ovid.
2151 681 2177 706 9.
2191 671 2260 700 Met.
2274 679 2337 707 447.
2358 670 2390 699 V.
2410 670 2502 708 Steph.
2548 700 2549 707 .

1357 721 1379 750 A
1389 729 1450 785 sribn
1462 728 1495 753 A,
1517 727 1547 745 ae.
1572 716 1718 754 Oppidum
1729 715 1962 744 mediterraneum
1974 734 1982 748 ,
2001 712 2031 740 in
2040 709 2142 740 Baetica
2154 708 2292 747 Hispaniae
2302 708 2423 745 regione.
2437 709 2502 741 Plin.
2548 740 2550 770 ι

1408 768 1414 785 l
1440 780 1445 786 .
1459 766 1483 793 3.
1499 765 1558 792 cap.
1576 764 1598 783 1.

1358 795 1379 825 A
1387 805 1399 823 s
1408 798 1420 823 ῖ
1429 805 1445 822 L
1456 804 1474 822 A
1482 803 1494 822 s
1505 815 1514 827 ,
1536 791 1681 828 [Ἀσ-ἱλως]
1702 791 1815 827 Auguris
1825 798 1929 818 nomen
1941 809 1949 824 ,
1971 787 2017 824 qui
2028 787 2121 816 AEneae
2131 785 2162 814 in
2173 782 2309 814 auxilium
2322 784 2401 813 venit
2415 789 2506 814 contra
2548 771 2550 813 l

1396 832 1534 862 Turnum.
1557 828 1630 865 Virg.
1648 839 1688 857 10.
1708 828 1769 858 AEn.
1785 837 1846 864 175.

1481 868 1592 898 Tertius
1603 867 1648 895 ille
1658 867 1804 895 hominum
1814 887 1822 900 ,
1844 864 1995 901 divumque
2004 862 2139 900 interpres
2149 860 2240 890 Asilas.

1362 909 1384 938 A
1395 911 1485 943 sim,
1507 905 1605 943 Populi
1616 905 1643 933 in
1654 904 1738 933 ltalia.
1771 903 1820 932 Sil.
1834 908 1860 936 8.
1871 905 1936 937 446.

1531 959 1568 963 —-
1584 953 1599 971 a
1612 942 1674 979 sese
1689 942 1737 977 (n.
1749 940 1823 975 AEfi)
1843 938 1964 978 populos
1975 945 2034 968 turn
2043 937 2115 966 dixit
2123 934 2214 965 Asilos.

2059 596 2182 627 vandale
2194 595 2374 633 Diffi3.c.3.
2396 592 2503 633 plenius
2546 612 2547 618 .
2598 610 2601 619 i

1362 984 1383 1013 A
1392 987 1448 1012 sti.
1459 992 1476 1011 u
1486 991 1514 1017 S,
1536 982 1554 1009 i.
1576 990 1613 1009 m.
1635 979 1762 1016 [ιε-φῶ]
1782 978 1879 1008 Ιηίὶῑᾶἱ
1891 986 1978 1015 genus
1990 976 2066 1014 quod
2086 972 2261 1004 horrisonum
2277 971 2422 1011 strepitum
2435 972 2506 1005 Facit.
2550 966 2553 1001 s

1401 1020 1473 1058 Virg.
1489 1029 1512 1055 3.
1535 1019 1632 1055 Georg.
1647 1027 1707 1053 147.

1481 1057 1524 1086 Est
1531 1056 1608 1085 lucos
1618 1055 1695 1085 Silari
1705 1056 1777 1084 circa
1788 1076 1795 1089 ,
1817 1052 1979 1090 ilicibusque
1987 1052 2123 1081 virentem

1481 1094 1619 1124 Plurimus
1629 1093 1781 1122 Alburnum
1790 1092 1923 1125 volitans,
1945 1090 1989 1119 cui
2005 1099 2110 1118 nomen
2119 1085 2184 1117 asilo

1481 1131 1641 1162 Romanum
1652 1132 1704 1166 est,
1725 1131 1825 1159 oestron
1842 1129 1914 1158 Graii
1925 1134 2030 1157 vertere
2041 1132 2183 1156 vocantes.
2277 1122 2365 1154 Graeci
2377 1124 2468 1161 itaque
2483 1121 2526 1154 οἷ’

1403 1183 1449 1206 ερον
1458 1176 1559 1200 vocant
1573 1180 1588 1198 a
1601 1170 1669 1199 sono
1679 1169 1773 1197 vocis:
1796 1168 1870 1197 unde
1884 1173 1973 1204 poetae
1987 1165 2084 1194 divino
2100 1162 2220 1200 correpti
2231 1161 2323 1191 furore
2334 1184 2342 1196 ,
2363 1161 2443 1191 oestro
2452 1172 2514 1193 con·
2553 1171 2555 1178 '

1405 1210 1453 1238 citi
1463 1209 1601 1238 dicuntur.
1643 1206 1674 1236 V.
1696 1206 1815 1235 Chiliad.
1830 1205 1929 1235 Erasm.
1941 1204 2015 1233 Serv.
2027 1203 2064 1232 ait
2074 1202 2158 1239 vulgo
2168 1200 2315 1230 Tabanum
2327 1199 2467 1237 appellari.

1367 1248 1388 1278 A
1399 1257 1410 1276 s
1422 1259 1429 1275 i
1442 1257 1502 1282 NE,
1521 1256 1559 1275 es.
1588 1243 1707 1281 [Ἀοὶνη]
1730 1243 1798 1273 Urbs
1815 1244 1853 1273 est
1869 1241 2052 1279 Peloponnesi
2063 1241 2139 1274 iuxta
2153 1238 2330 1268 Messeniam:
2359 1238 2434 1267 unde
2448 1237 2516 1268 linus
2554 1251 2555 1266 ι

1403 1285 1525 1315 Asineus.
1546 1283 1650 1313 Author
1660 1281 1747 1312 Strab.
1762 1281 1809 1311 lib.
1821 1287 1842 1313 8.
1865 1281 1898 1310 Et
1908 1280 2044 1317 Pompon.
2055 1278 2103 1307 lib.
2114 1287 2139 1307 2.
2162 1276 2266 1306 Lucan.
2281 1275 2330 1305 lib.
2343 1280 2368 1310 8.
2383 1285 2444 1312 195.

1671 1336 1709 1340 —-
1722 1326 1808 1357 utque
1823 1319 1925 1348 secaret
1935 1340 1944 1352 ,

1485 1359 1563 1396 Quas
1572 1358 1656 1388 Asmae
1666 1364 1776 1395 cautes,
1798 1359 1824 1387 δι
1835 1366 1901 1394 quas
1914 1355 1998 1384 Chios
2008 1354 2112 1392 asperat
2122 1352 2211 1382 undas
2219 1375 2228 1387 ,

1485 1397 1546 1427 Hos
1555 1397 1634 1426 dedit
1643 1397 1670 1425 iri
1680 1405 1790 1434 proram
1798 1417 1806 1431 ,
1827 1401 1905 1424 tenet
1917 1394 1968 1422 hos
1981 1393 2009 1421 in
2021 1401 2116 1430 puppe
2126 1391 2267 1421 rudentes.

1407 1435 1484 1467 Asine
1494 1436 1562 1464 item
1574 1456 1581 1470 ‚
1601 1434 1690 1464 lnsula
1704 1434 1742 1463 est
1753 1443 1808 1463 una
1826 1441 1860 1462 ex
1877 1430 2047 1470 Sporadibus
2057 1452 2066 1465 ,
2088 1439 2154 1466 quas
2168 1427 2318 1458 Electridas
2336 1423 2464 1456 nonnulli
2474 1435 2519 1457 vo.

1426 1474 1566 1540 canthi}
1576 1473 1646 1502 mari
1659 1472 1796 1502 Adriatico
1809 1493 1817 1507 ,
1837 1471 1916 1507 cujus
1934 1469 2063 1498 meminit
2074 1467 2210 1505 Pompon.
2220 1465 2269 1496 lib.
2280 1475 2307 1495 2.
2328 1466 2355 1495 &
2371 1464 2520 1500 ejusinter-
2556 1462 2557 1495 J

1447 1521 1488 1540 res
1522 1521 1537 1540 a
1560 1520 1614 1539 ian.
2331 1511 2333 1513 ’

1369 1549 1391 1580 A
1400 1559 1411 1578 s
1421 1522 1478 1579 xpi-<11
1490 1560 1507 1578 u
1516 1558 1528 1578 s
1541 1548 1646 1583 Pollio,
1665 1544 1797 1583 ['Am'ii&-
1812 1545 1935 1580 Πολλίων]
1956 1543 2079 1574 Celebris
2093 1543 2122 1573 in
2133 1542 2229 1580 primis
2245 1540 2398 1570 oratorfuit
2406 1540 2519 1584 Rornae‘,

2597 1561 2604 1578 n

1406 1588 1571 1625 Augustique
1580 1586 1695 1615 amicus.
1732 1585 1757 1615 Is
1766 1583 1871 1622 primus
1882 1584 2009 1612 omnium
2020 1582 2210 1612 Romanorum
2220 1601 2229 1615 ,
2250 1579 2392 1609 advocatis
2406 1577 2522 1608 homim-
2563 1604 2565 1610 ,
2597 1586 2604 1591 ·

1406 1625 1458 1655 bus
1469 1647 1476 1660 ,
1497 1625 1595 1661 scripta
1607 1624 1652 1653 sua
1661 1623 1794 1654 recitavit.
1835 1622 1856 1651 A
1867 1620 2044 1658 Quintiliano
2058 1626 2151 1649 autem
2158 1618 2201 1648 his
2211 1617 2301 1648 verbis
2310 1623 2417 1647 taxatur
2426 1638 2433 1651 ,
2451 1615 2523 1645 Mul-

1406 1670 1434 1693 ta
1449 1664 1477 1692 in
1489 1662 1579 1691 Asinio
1598 1661 1724 1691 Pollione
1741 1660 1867 1690 inventio
1879 1682 1887 1694 ,
1909 1659 2014 1688 summa
2032 1657 2194 1695 diligentia:
2216 1656 2287 1686 adeo
2308 1663 2338 1685 ut
2362 1654 2522 1692 quibusdam

1405 1702 1490 1732 etiam
1502 1700 1589 1729 nimia
1597 1700 1737 1729 videatur:
1760 1701 1786 1729 &
1796 1697 1901 1727 consilii
1913 1699 1940 1727 ἃ
1950 1696 2035 1726 animi
2044 1695 2118 1730 satis,
2134 1705 2150 1724 a
2159 1694 2249 1723 nitore
2261 1695 2287 1724 &
2297 1692 2470 1730 jucunditate
2479 1691 2525 1721 Ci-

1406 1738 1560 1769 ceronisita
1571 1737 1654 1775 longe
1662 1737 1736 1766 abest
1747 1759 1756 1773 ‚
1778 1742 1810 1766 ut
1825 1736 1914 1766 videri
1927 1734 2010 1773 possit
2022 1733 2114 1763 seculo
2126 1732 2211 1771 prior.
2245 1732 2387 1762 Hactenus
2402 1728 2519 1767 Quintil.

1406 1777 1456 1807 lib.
1471 1787 1513 1805 10.
1527 1786 1587 1813 cap.
1603 1785 1626 1805 1.
2129 1795 2133 1799 .

1407 1815 1512 1845 Asinius
1526 1814 1636 1847 Gallus,
1657 1813 1716 1849 ejus
1737 1811 1826 1847 filius,
1847 1811 1888 1840 vir
1906 1810 1990 1840 etiam
2002 1808 2173 1839 doctissimus
2192 1808 2244 1845 (ut
2258 1806 2365 1837 Seneca
2375 1804 2522 1835 testaturin
2560 1791 2604 1841 .Ῐὲζῇ

1426 1851 1702 1885 Declaniationibus)
1722 1849 1906 1879 librosedidit
1915 1849 1950 1878 de
1962 1848 2171 1886 comparatione
2181 1846 2268 1884 patris
2284 1843 2418 1874 Pollionis
2438 1845 2464 1873 ἃ
2483 1842 2526 1872 ci.
2562 1855 2563 1858 ¹

1427 1891 1555 1923 ceronis,
1577 1890 1606 1918 in
1625 1888 1725 1926 quibus
1743 1896 1851 1926 patrem
1866 1886 1996 1917 Ciceroni
2008 1885 2139 1924 praetulit.
2179 1883 2285 1914 Author
2299 1881 2434 1912 Caecilius.
2455 1879 2523 1911 Plin.

2564 1622 2576 1645 ¹.
2601 1611 2604 1637 ξ

2565 1650 2604 1705 A

2571 1845 2573 1850 ν
2582 1788 2604 1858 till(

2572 1861 2587 1872 ‚0

2566 1877 2604 1911 wlff

1427 1928 1476 1958 lib.
1486 1936 1512 1964 7.
1530 1926 1612 1965 Epist.
1623 1938 1650 1963 4.
1691 1926 1793 1955 Contra
1803 1935 1871 1962 quos
1884 1924 2016 1954 Claudius
2026 1923 2112 1952 Caesar
2123 1922 2216 1959 postea
2226 1921 2369 1951 Ciceronis
2383 1919 2470 1949 edidit
2482 1918 2528 1948 de·
2561 1913 2604 1947 ‘152‘

1427 1966 1581 1996 sensionem
1591 1987 1599 1999 ,
1620 1971 1651 1994 ut
1662 1965 1760 1993 author
1769 1963 1807 1993 est
1813 1962 1992 2000 Tranquillus
2003 1962 2032 1990 in
2043 1961 2170 1990 Claudio.
2193 1969 2218 1989 c.
2231 1969 2276 1994 41.

1409 2004 1541 2035 Praeterea
1553 2003 1620 2032 alius
1632 2003 1685 2031 fuit
1694 2002 1796 2032 Asinius
1806 2008 1994 2038 cognomento
2004 1999 2119 2037 Capito,
2141 1997 2313 2027 doetiffimus
2323 1996 2388 2025 artis
2401 2003 2528 2033 gramma-

1429 2043 1509 2085 ticae:
1531 2040 1632 2070 librum
1642 2039 1776 2084 reliquite
1799 2039 1955 2082 istolarum,
1977 2038 2006 2066 in
2037 2031 2528 2073 rimaqueadPacuviumLabeonem
2561 2039 2582 2074 js

1429 2080 1531 2116 scripta
1543 2100 1551 2114 ‚
1572 2084 1629 2107 erat
1637 2077 1752 2114 titulus,
1793 2076 1864 2106 luria
1875 2078 1901 2106 ἃ
1918 2085 1977 2105 non
1995 2073 2013 2104 P
2026 2085 2074 2104 ura
2091 2074 2171 2104 scribi
2190 2079 2336 2111 oportere:
2359 2070 2527 2107 rationesque
2562 2080 2580 2095 ι·

1430 2118 1516 2160 addit.
1539 2117 1644 2145 Autlior
1655 2116 1769 2146 Gellius.
1791 2115 1808 2144 1.
1823 2125 1847 2152 ς.
1863 2123 1941 2144 c.21.
1977 2113 2033 2143 Sed
2043 2112 2186 2142 emendati
2198 2111 2312 2141 codices
2322 2108 2434 2140 Sinnius
2445 2131 2452 2144 ,
2473 2116 2528 2137 nori
2562 2118 2563 2131 i

1432 2156 1540 2185 Asinius
1553 2154 1711 2184 exhibent.-

1411 2193 1511 2224 Praeter
1521 2193 1571 2221 hos
1582 2192 1685 2221 Asinius
1701 2190 1790 2221 Pollio
1805 2189 1859 2220 fuit
1869 2189 2027 2221 Trallianus
2044 2197 2144 2225 genere
2157 2210 2164 2222 ,
2186 2186 2284 2216 docuit
2299 2185 2396 2215 Romae
2408 2190 2530 2222 tempore
2563 2189 2582 2214 4⁴:

1430 2231 1556 2268 Pompeii
1568 2229 1664 2267 Magni
1677 2252 1685 2266 ,
1706 2227 1830 2263 successit
1839 2227 1939 2257 scholae
1948 2226 2112 2263 Timagenis
2122 2248 2130 2261 ,
2151 2224 2254 2263 scripsit
2270 2223 2375 2253 bellum
2387 2222 2468 2253 civile
2477 2221 2532 2251 Cae-

1430 2270 1494 2299 suris
1503 2270 1529 2298 δε
1541 2268 1675 2305 Pompeii.
1699 2267 1805 2297 Author
1819 2265 1925 2295 Suidas.

1375 2309 1531 2341 Aerus,
1554 2307 1572 2335 i.
1595 2316 1622 2334 u.
1646 2304 1751 2341 [ἶν’-ιβ’]
1771 2303 1880 2334 Animal
1891 2310 2007 2332 notum:
2030 2302 2108 2338 eujus
2119 2301 2317 2337 foemininum,
2339 2299 2427 2328 Asina.
2448 2297 2531 2327 Varro
2564 2294 2572 2323 ἃ

1413 2356 1440 2377 2.
1453 2346 1488 2374 de
1500 2344 1532 2373 R.
1545 2344 1578 2373 R.
1592 2353 1652 2382 cap.
1662 2349 1688 2378 8.
1728 2343 1768 2373 Ex
1782 2352 1852 2380 equa
1861 2343 1937 2371 enim
1949 2343 1974 2371 ἃ
1983 2340 2057 2370 asmo
2072 2340 2102 2369 fit
2113 2339 2218 2369 mulus:
2257 2337 2362 2368 Contra
2374 2347 2410 2366 ex
2423 2343 2493 2373 equo
2508 2335 2534 2364 &
2563 2335 2565 2362 ἕ

1415 2384 1487 2414 asina
1499 2383 1611 2411 hinnus.

1415 2422 1455 2452 Ab
1470 2421 1548 2450 asinis
1557 2419 1591 2449 ad
1602 2419 1686 2448 boves
1695 2416 1887 2447 transcendere
1898 2439 1906 2451 ,
1926 2415 2119 2454 proverbium,
2141 2424 2192 2453 pro
2205 2414 2334 2451 eoquod
2352 2412 2390 2443 est
2400 2434 2408 2448 ,
2427 2411 2469 2441 Ex
2486 2410 2536 2439 hu·
2564 2420 2583 2465 ιιι

1435 2459 1544 2527 {filim
1561 2457 1726 2487 conditione
1742 2457 1777 2485 ad
1795 2456 1928 2485 ditiorum
1942 2461 2034 2493 partes
2052 2452 2173 2483 transire.
2195 2451 2282 2482 Plaut.
2298 2450 2388 2481 Aulul.
2407 2457 2433 2479 2.
2450 2458 2477 2478 2.
2491 2451 2534 2484 58,-
2565 2470 2567 2480 .

1460 2507 1487 2525 ra
1503 2506 1572 2525 mus.

1418 2535 1489 2566 Asini
1501 2533 1629 2563 homines
1640 2555 1648 2567 ,
1670 2541 1719 2569 pro
1729 2529 1854 2568 Stupidis
1863 2532 1889 2560 ἃ
1898 2528 2010 2560 stolidis.
2032 2528 2117 2559 Plaut.
2132 2527 2225 2558 Pseud.
2241 2537 2265 2557 1.
2278 2535 2305 2556 2.
2318 2537 2345 2562 4.
2386 2520 2538 2562 Nequeh'o-
2566 2535 2582 2554 ,a

1434 2574 1525 2603 mines
1536 2572 1620 2608 magis
1630 2570 1716 2599 aiinos
1725 2578 1847 2606 unquam
1857 2569 1916 2598 vidi
1928 2591 1936 2605 ,
1957 2569 1994 2597 ita
2004 2567 2092 2606 plagis
2109 2566 2189 2596 costae
2202 2565 2314 2595 callent.
2337 2563 2397 2593 Cic.
2410 2564 2438 2592 in
2452 2561 2535 2591 Pison-

1436 2620 1498 2678 sniis.
1525 2610 1608 2676 (bide
1620 2643 1721 2675 Asellus
1732 2645 1810 2683 bipes
1819 2645 1895 2682 apud
1909 2643 2082 2680 Juvenalem.
2103 2642 2136 2672 V.
2158 2642 2243 2679 Bipes
2255 2663 2262 2676 ,
2284 2641 2313 2669 in
2328 2649 2392 2668 ius.
2429 2638 2475 2667 Sic
2487 2635 2535 2666 Asi-

1440 2696 1493 2715 nus
1508 2686 1543 2714 ad
1556 2685 1643 2723 lyram
1654 2706 1661 2718 ,
1684 2684 1713 2712 in
1728 2682 2051 2720 stupidos&imperitos.
2091 2680 2122 2710 V.
2145 2679 2244 2710 Erasm.
2259 2678 2330 2708 Chil.

1383 2725 1406 2755 A
1415 2735 1426 2753 s
1436 2736 1444 2753 i
1453 2734 1473 2753 N
1484 2734 1503 2752 A
1513 2745 1521 2759 ,
1541 2733 1572 2753 ae.
1585 2723 1602 2752 f.
1620 2722 1659 2751 Ex
1666 2731 1738 2758 equo
1747 2722 1773 2751 δι
1784 2720 1855 2750 asina
1862 2720 1893 2750 fit
1901 2720 2012 2749 hinnus.
2025 2718 2128 2748 Var1.2.
2142 2718 2177 2747 de
2186 2717 2218 2746 R.
2233 2717 2265 2746 R.
2275 2722 2300 2750 8.
2316 2713 2451 2745 Columel.
2461 2717 2486 2742 6.
2496 2719 2538 2748 37.
2567 2713 2569 2740 ¹]

1751 2759 1848 2788 dimin.
1860 2758 1928 2788 Plin.
1940 2757 1986 2787 lib.
2002 2765 2043 2794 17.
2056 2765 2116 2794 cap.
2130 2766 2154 2791 ς.
2196 2755 2334 2792 Campum
2343 2752 2439 2788 nullis,
2458 2757 2540 2788 quum
2579 2770 2582 2774 -

1384 2765 1547 2793 Asamus
1560 2783 1567 2796 ,
1590 2759 1730 2796 [ὀναίμαν]

1420 2801 1507 2830 siccus
1517 2799 1573 2832 est,
1593 2795 1725 2827 arabilem
1734 2797 1833 2826 tauris:
1855 2796 1915 2834 post
1926 2795 2027 2824 imbres
2038 2817 2046 2830 ,
2068 2794 2116 2824 vili
2128 2792 2220 2822 asello.

1422 2839 1532 2868 Auritus
1545 2836 1649 2865 asellus.
1673 2834 1759 2864 Ovid.
1774 2845 1800 2863 2.
1822 2835 1912 2863 Amor.
1925 2841 1950 2870 7.
1969 2844 2010 2868 15.

1422 2875 1588 2906 Miseranda:
1596 2873 1674 2902 sortis
1684 2871 1788 2901 asellus.
1814 2872 1899 2904 Ovid.
1912 2881 1936 2900 2.
1959 2873 2051 2900 Amor.
2067 2879 2092 2906 7.
2108 2880 2149 2906 15.

1423 2914 1511 2944 Lente
1521 2912 1658 2950 gradiens.
1680 2910 1764 2940 Ovid.
1780 2919 1821 2939 11.
1844 2910 1913 2939 Met.
1930 2919 1988 2944 179.
2009 2909 2045 2938 de
2059 2908 2144 2938 Mida.

1425 2951 1534 2981 Pandus
1547 2949 1662 2979 asellus:
1686 2948 1702 2977 i.
1716 2958 1740 2977 e.
1763 2948 1879 2977 Curvus.
1902 2947 2023 2983 Ovid.4.
2045 2946 2115 2976 Met.
2130 2954 2175 2982 27.
2198 2944 2234 2974 de
2249 2942 2352 2973 Sileno.

1426 2990 1550 3019 Rudens.
1575 2987 1659 3017 Ovid.
1675 2996 1698 3015 r.
1720 2986 1787 3015 Fast.
1801 2994 1868 3022 433.

1426 3027 1544 3058 Tardus.
1568 3026 1639 3061 Virg.
1657 3035 1680 3053 1.
1694 3024 1793 3061 Georg.
1808 3032 1871 3059 273.

1429 3067 1550 3103 Agitator
1560 3063 1649 3093 aselli:
1673 3063 1689 3091 i.
1704 3072 1728 3090 e.
1751 3061 1844 3099 Agaso.
1867 3060 1937 3097 Virg.
1954 3069 1977 3090 1.
1996 3060 2093 3096 Georg.
2109 3066 2172 3095 273.

1430 3104 1536 3141 Iniqua’
1548 3101 1650 3130 mentis
1663 3099 1768 3129 asellus.
1790 3099 1856 3128 Hor.
1875 3108 1897 3127 1.
1913 3099 2000 3129 Serm.
2012 3108 2036 3132 9.
2049 3107 2094 3126 20.

1509 3140 1634 3170 Demitto
1646 3136 1781 3167 auriculas
1791 3159 1798 3171 ,
1820 3143 1851 3166 ut
1861 3136 1960 3172 iniquae
1970 3136 2073 3164 mentis
2082 3133 2196 3169 asellus,

1512 3178 1608 3214 Quum
1621 3176 1726 3213 gravius
1736 3174 1816 3204 dorso
1826 3173 1907 3203 subiit
1916 3183 1996 3202 onus.

1431 3216 1554 3247 Onustus
1565 3225 1641 3244 auro.
1664 3213 1721 3242 Cic.
1739 3222 1761 3241 1.
1780 3216 1832 3241 Att.
1854 3216 1895 3240 16.

1431 3254 1564 3287 Fabulam
1581 3261 1687 3281 narrare
1704 3251 1786 3280 surdo
1805 3249 1897 3279 asello.
1919 3247 2045 3286 proverb.
2055 3247 2124 3277 Hor.
2138 3256 2163 3276 2.
2176 3243 2259 3284 Epist.
2272 3252 2294 3272 1.
2308 3252 2369 3278 199.
2390 3240 2423 3272 In
2439 3248 2485 3270 eos
2503 3235 2546 3275 qul

1452 3301 1510 3321 non
1525 3292 1652 3323 audiunt,
1665 3290 1710 3326 qui
1722 3298 1778 3317 non
1789 3287 1948 3321 attendunt,
1963 3287 2009 3322 qui
2019 3286 2175 3315 sermonem
2185 3280 2340 3320 negligunt,
2355 3287 2402 3310 aut
2412 3277 2543 3315 respuunt.

1432 3329 1553 3363 Asellus,
1577 3328 1675 3361 Piscis.
1697 3327 1787 3356 dictus
1801 3325 1877 3362 quod
1890 3323 1920 3353 lit
1931 3323 2025 3353 colore
2041 3323 2195 3352 cinericiO:
2219 3317 2456 3358 quemadmodum
2468 3311 2546 3345 &ilfi-
2573 3338 2576 3364 3
2596 3334 2604 3354 y-

1453 3368 1499 3396 ui:
1522 3366 1606 3403 vulgo
1619 3364 1778 3394 Merlusium
1789 3372 1926 3392 vocamus.
1950 3360 2018 3391 Plin.
2040 3361 2088 3389 lib.
2103 3370 2128 3395 9.
2142 3368 2201 3397 cap.
2217 3368 2258 3394 17.

1434 3405 1516 3435 Aselli
1527 3427 1535 3440 ,
1559 3403 1650 3434 Steiiae
1662 3403 1722 3432 duae
1741 3403 1768 3431 in
1780 3401 1854 3438 signo
1865 3400 1972 3429 Cancri.
1997 3399 2063 3428 Plin.
2075 3398 2123 3427 lib.
2137 3403 2250 3434 18.cap.
2265 3404 2308 3432 3<-

1555 2610 1603 2638 uid
1618 2617 1693 2637 nunc
1703 2615 1730 2637 te
1742 2607 1813 2636 asme
1823 2606 1915 2636 literas
1926 2607 2043 2636 doceam
2055 2606 2068 2634 ἰ)
2089 2613 2148 2634 non
2160 2613 2230 2641 opus
2242 2603 2280 2632 est
2290 2601 2380 2631 verbis
2389 2623 2397 2636 ,
2415 2599 2461 2630 sed
2468 2598 2538 2628 fusti-
2566 2619 2567 2623 .
2581 2618 2584 2626 .

2586 2691 2604 2711 .·.
2580 2447 2604 2683 12⁸..ssss
2587 2420 2604 2442 r.
2580 2294 2599 2413 μὲ
2573 2001 2599 2283 ψΑ-ἏΑῼ-ἑε
2567 1966 2604 1975 ”,

2600 3318 2604 3325 .
2583 3231 2604 3302 ³25*
2570 2922 2604 3205 ·ει»-τ·ἶξέὲ·;“
2569 2882 2571 2892 ’
2581 2805 2585 2827 ’“

1434 3443 1506 3474 Item
1514 3452 1560 3472 vas
1571 3441 1733 3479 recipiendo
1744 3438 1830 3469 mulso
1842 3443 1976 3476 paratum.
1998 3437 2108 3466 Petron.
2123 3445 2185 3473 cap.
2199 3444 2243 3472 31.
2281 3428 2426 3469 Tegebant
2441 3425 2548 3459 asellum
2591 3422 2604 3449 '-

1458 3481 1630 3510 duaelances.

1400 3518 1443 3548 As
1453 3529 1467 3548 ii
1478 3530 1518 3547 ιι,
1528 3528 1547 3546 A
1558 3540 1565 3553 ,
1587 3526 1616 3546 Ξ.
1639 3516 1658 3545 f.
1681 3515 1764 3545 Ovid.
1778 3522 1801 3549 ῃ.
1816 3513 1851 3543 de
1862 3514 1923 3542 Arte
1936 3512 1991 3542 Am.
2005 3521 2069 3547 290.

1404 3558 1446 3586 As
1457 3567 1521 3585 ELL
1532 3566 1549 3584 u
1560 3565 1623 3583 Lus
1637 3574 1644 3585 ‚
1667 3555 1684 3582 i.
1705 3563 1742 3582 m.
1764 3552 1798 3582 al.
1810 3548 1916 3581 Dimin.
1930 3550 2030 3579 Arnob.

1402 3596 1443 3624 As
1456 3605 1463 3623 1
1475 3604 1495 3623 N
1506 3604 1525 3622 A
1536 3604 1550 3621 R
1561 3605 1569 3621 i
1580 3603 1597 3621 u
1609 3603 1620 3622 s
1632 3615 1640 3627 ,
1662 3592 1679 3621 i.
1703 3600 1740 3620 iii.
1764 3588 1918 3626 [ὁνηλοὶπις]
1938 3588 1996 3624 Qui
2013 3586 2099 3624 pascit
2114 3584 2218 3619 asinos,
2239 3582 2284 3613 vel

2326 3583 2354 3612 ui
2369 3579 2455 3611 asinos
2468 3574 2548 3607 ducit.
2575 3580 2578 3606 t
2598 3596 2600 3598 -

1440 3632 1509 3661 Cato
1522 3641 1582 3669 cap.
1602 3640 1643 3659 io.
1677 3628 1826 3666 Operarios
1837 3626 1959 3664 quinque
1970 3646 1977 3659 ,
2000 3624 2137 3654 bubulcos
2146 3629 2200 3652 tres
2212 3644 2220 3657 ,
2240 3583 2384 3651 subsscum
2393 3625 2494 3650 unum,
2507 3611 2556 3643 affl
2576 3617 2577 3629 ¹

1442 3670 1551 3698 narium
1560 3677 1656 3697 unum.
1677 3668 1752 3697 Suet.
1767 3667 1795 3694 in
1806 3663 1912 3699 August.
1924 3673 1984 3700 cap.
2001 3666 2045 3697 96.

1405 3708 1637 3739 AsiNARius,
1660 3705 1718 3738 Adi.
1742 3699 1859 3739 [ὀνικὸς]
1881 3700 2098 3737 Quodpertinet
2111 3698 2273 3728 adasmum:
2300 3702 2332 3726 ut
2343 3688 2550 3725 Molaasinaria·
2576 3682 2578 3710 ἶ

1443 3745 1536 3781 Quam
1545 3743 1707 3780 circumagit
1718 3741 1815 3771 asinus.
1838 3740 1906 3769 Cato
1919 3739 1954 3767 de
1963 3738 1995 3767 R.
2007 3738 2039 3767 R.
2054 3748 2113 3775 cap.
2129 3747 2171 3765 10.
2210 3735 2245 3764 Et
2254 3734 2341 3764 Plauti
2354 3729 2468 3762 Asinaria
2484 3725 2552 3756 ἀὶέὶἰ

1444 3783 1482 3811 est
1494 3782 1659 3815 Comoedia,
1681 3778 1756 3817 quod
1768 3779 1802 3808 de
1814 3777 1950 3807 asinorum
1958 3776 2120 3805 venditione
2129 3775 2233 3803 tractet.
2258 3772 2286 3801 V.
2301 3771 2371 3810 prol.
2384 3779 2407 3804 V,
2422 3775 2461 3797 12-
2572 3790 2575 3792 >

1407 3820 1449 3849 As
1461 3831 1468 3848 i
1478 3829 1497 3848 N
1506 3822 1545 3848 ῑΝ
1556 3829 1573 3847 υ
1582 3828 1593 3847 s
1602 3840 1609 3853 ,
1631 3818 1709 3847 aliud
1722 3817 1780 3852 Adi.
1802 3816 1913 3852 [Bus&›,
1931 3814 2018 3848 ὀνυαές]
2040 3812 2125 3850 Quod
2145 3811 2183 3840 est
2195 3811 2275 3840 alini:
2299 3818 2331 3839 ut
2341 3831 2350 3844 ,
2372 3805 2490 3838 Asininus
2499 3796 2553 3840 pul·

1443 3855 1496 3886 lus.
1520 3856 1603 3885 Varro
1614 3865 1637 3885 2.
1652 3857 1686 3884 de
1696 3856 1727 3884 R.
1740 3854 1772 3884 R.
1791 3863 1850 3890 cap.
1862 3858 1888 3885 8.
1911 3850 2091 3880 Ossaalinina.
2115 3849 2182 3879 Plin.
2195 3848 2242 3877 lib.
2260 3851 2302 3878 16.
2316 3856 2376 3884 cap.
2391 3847 2433 3880 36.
2454 3837 2553 3871 Δίῖῐῐὶῐὶει
2578 3856 2580 3864 =

1445 3904 1534 3933 pruna
1545 3894 1743 3929 cognominata
1759 3902 1773 3921 a
1787 3890 1900 3920 vilitate.
1927 3889 2004 3917 Idem
2019 3888 2065 3917 lib.
2080 3899 2089 3916 i
2099 3897 2121 3923 ς.
2140 3896 2200 3923 cap.
2218 3895 2259 3922 13.

1406 3933 1428 3963 A
1438 3943 1449 3962 s
1460 3944 1468 3961 i
1480 3942 1499 3960 N
1511 3941 1529 3960 Α
1539 3953 1546 3965 ,
1570 3932 1735 3967 Cognomen
1746 3930 1800 3958 fuit
1813 3926 2005 3958 Corneliorum
2016 3947 2023 3960 ,
2048 3926 2124 3963 quod
2139 3935 2154 3953 a
2171 3924 2221 3953 Cn.
2240 3921 2371 3952 Cornelio
2388 3916 2513 3955 Scipione
2522 3909 2555 3942 ad

1445 3970 1568 4009 posteros
1579 3970 1616 3998 eit
1628 3975 1818 4006 propagatum.
1858 3965 1910 3994 Hic
1920 3964 1994 3992 enim
2015 3973 2099 4000 quum
2116 3961 2258 4000 sponsores
2275 3960 2309 3991 ab
2326 3969 2359 3989 eo
2370 3956 2553 3996 poscerentur,

1445 4008 1548 4038 asinam
1565 4007 1699 4045 produxit
1715 4007 1746 4034 iri
1767 4004 1860 4033 forum
1883 4011 1948 4031 cum
1969 4001 2097 4038 pecuniae
2112 4009 2219 4035 onere,
2242 3997 2314 4036 quasi
2330 4005 2380 4035 pro
2391 3987 2555 4067 [90111ῗὲἱὲὢέ

2577 3737 2581 3853 l
