<?xml version="1.0" encoding="UTF-8"?>
<!DOCTYPE html PUBLIC "-//W3C//DTD XHTML 1.0 Transitional//EN"
    "http://www.w3.org/TR/xhtml1/DTD/xhtml1-transitional.dtd">
<html xmlns="http://www.w3.org/1999/xhtml" xml:lang="en" lang="en">
 <head>
  <title>
</title>
<meta http-equiv="Content-Type" content="text/html;charset=utf-8" />
  <meta name='ocr-system' content='tesseract 3.04.00' />
  <meta name='ocr-capabilities' content='ocr_page ocr_carea ocr_par ocr_line ocrx_word'/>
</head>
<body>
  <div class='ocr_page' id='page_1' title='image "./robertistephanil01esti_0560.png"; bbox 0 0 2604 4222; ppageno 0'>
   <div class='ocr_carea' id='block_1_1' title="bbox 181 124 893 259">
    <p class='ocr_par' dir='ltr' id='par_1_1' title="bbox 181 124 893 259">
     <span class='ocr_line' id='line_1_1' title="bbox 181 124 893 185; baseline -0.027 -8"><span class='ocrx_word' id='word_1_1' title='bbox 181 144 252 185; x_wconf 79' lang='lat'>486</span> <span class='ocrx_word' id='word_1_2' title='bbox 618 131 646 165; x_wconf 86' lang='lat' dir='ltr'>c</span> <span class='ocrx_word' id='word_1_3' title='bbox 741 128 768 161; x_wconf 79' lang='lat' dir='ltr'>E</span> <span class='ocrx_word' id='word_1_4' title='bbox 863 124 893 159; x_wconf 81' lang='lat' dir='ltr'>R</span> 
     </span>
     <span class='ocr_line' id='line_1_2' title="bbox 224 211 798 259; baseline -0.028 -8"><span class='ocrx_word' id='word_1_5' title='bbox 224 221 344 259; x_wconf 80' lang='lat' dir='ltr'>Papaver</span> <span class='ocrx_word' id='word_1_6' title='bbox 355 216 474 248; x_wconf 79' lang='lat' dir='ltr'>Cereale.</span> <span class='ocrx_word' id='word_1_7' title='bbox 496 214 568 250; x_wconf 73' lang='lat' dir='ltr'>Virg.</span> <span class='ocrx_word' id='word_1_8' title='bbox 585 222 607 241; x_wconf 93' lang='lat' dir='ltr'>i.</span> <span class='ocrx_word' id='word_1_9' title='bbox 623 211 720 246; x_wconf 81' lang='lat' dir='ltr'>Georg.</span> <span class='ocrx_word' id='word_1_10' title='bbox 735 215 798 237; x_wconf 84' lang='lat'>212.</span> 
     </span>
    </p>
   </div>
   <div class='ocr_carea' id='block_1_2' title="bbox 419 250 1343 311">
    <p class='ocr_par' dir='ltr' id='par_1_2' title="bbox 419 250 1343 311">
     <span class='ocr_line' id='line_1_3' title="bbox 419 250 746 286; baseline -0.031 -2"><span class='ocrx_word' id='word_1_11' title='bbox 419 271 455 275; x_wconf 90' lang='lat'>—</span> <span class='ocrx_word' id='word_1_12' title='bbox 465 255 491 283; x_wconf 65' lang='lat' dir='ltr'>Se</span> <span class='ocrx_word' id='word_1_13' title='bbox 503 250 615 281; x_wconf 79' lang='lat' dir='ltr'>Cereale</span> <span class='ocrx_word' id='word_1_14' title='bbox 626 256 746 286; x_wconf 83' lang='lat' dir='ltr'>papaver</span> 
     </span>
     <span class='ocr_line' id='line_1_4' title="bbox 755 267 1343 311; baseline -0.026 -1"><span class='ocrx_word' id='word_1_15' title='bbox 755 281 782 310; x_wconf 91' lang='lat' dir='ltr'>bi</span> <span class='ocrx_word' id='word_1_16' title='bbox 791 279 900 309; x_wconf 86' lang='lat' dir='ltr'>Servius</span> <span class='ocrx_word' id='word_1_17' title='bbox 911 299 918 311; x_wconf 91' lang='lat'>,</span> <span class='ocrx_word' id='word_1_18' title='bbox 941 274 1055 305; x_wconf 80' lang='lat' dir='ltr'>Cereale</span> <span class='ocrx_word' id='word_1_19' title='bbox 1067 279 1196 310; x_wconf 78' lang='lat' dir='ltr'>papaver,</span> <span class='ocrx_word' id='word_1_20' title='bbox 1212 268 1257 298; x_wconf 88' lang='lat' dir='ltr'>vel</span> <span class='ocrx_word' id='word_1_21' title='bbox 1266 267 1343 305; x_wconf 83' lang='lat' dir='ltr'>quod</span> 
     </span>
    </p>
   </div>
   <div class='ocr_carea' id='block_1_3' title="bbox 248 282 1344 365">
    <p class='ocr_par' dir='ltr' id='par_1_3' title="bbox 248 282 1344 365">
     <span class='ocr_line' id='line_1_5' title="bbox 306 282 1196 329; baseline -0.028 -6"><span class='ocrx_word' id='word_1_22' title='bbox 306 294 430 329; x_wconf 80' lang='lat' dir='ltr'>Tempus</span> <span class='ocrx_word' id='word_1_23' title='bbox 441 292 525 320; x_wconf 89' lang='lat' dir='ltr'>humo</span> <span class='ocrx_word' id='word_1_24' title='bbox 535 296 634 325; x_wconf 85' lang='lat' dir='ltr'>tegere.</span> <span class='ocrx_word' id='word_1_25' title='bbox 730 282 750 311; x_wconf 95' lang='lat' dir='ltr'>U</span> <span class='ocrx_word' id='word_1_26' title='bbox 1162 309 1166 314; x_wconf 40' lang='lat'><em>-</em></span> <span class='ocrx_word' id='word_1_27' title='bbox 1191 308 1196 313; x_wconf 36' lang='grc' dir='ltr'>ι</span> 
     </span>
     <span class='ocr_line' id='line_1_6' title="bbox 248 306 1344 365; baseline -0.028 -2"><span class='ocrx_word' id='word_1_28' title='bbox 248 333 286 363; x_wconf 85' lang='lat' dir='ltr'>est</span> <span class='ocrx_word' id='word_1_29' title='bbox 300 331 372 365; x_wconf 89' lang='lat' dir='ltr'>esui,</span> <span class='ocrx_word' id='word_1_30' title='bbox 395 330 461 358; x_wconf 82' lang='lat' dir='ltr'>sicut</span> <span class='ocrx_word' id='word_1_31' title='bbox 475 328 657 356; x_wconf 84' lang='lat' dir='ltr'>frumentum:</span> <span class='ocrx_word' id='word_1_32' title='bbox 680 320 723 349; x_wconf 78' lang='lat' dir='ltr'>vel</span> <span class='ocrx_word' id='word_1_33' title='bbox 737 319 799 355; x_wconf 85' lang='lat' dir='ltr'>quia</span> <span class='ocrx_word' id='word_1_34' title='bbox 810 326 844 346; x_wconf 91' lang='lat' dir='ltr'>eo</span> <span class='ocrx_word' id='word_1_35' title='bbox 856 316 937 344; x_wconf 87' lang='lat' dir='ltr'>Ceres</span> <span class='ocrx_word' id='word_1_36' title='bbox 947 313 991 342; x_wconf 81' lang='lat' dir='ltr'>usa</span> <span class='ocrx_word' id='word_1_37' title='bbox 1003 312 1041 340; x_wconf 81' lang='lat' dir='ltr'>est</span> <span class='ocrx_word' id='word_1_38' title='bbox 1057 310 1091 339; x_wconf 87' lang='lat' dir='ltr'>ad</span> <span class='ocrx_word' id='word_1_39' title='bbox 1110 309 1282 337; x_wconf 76' lang='lat' dir='ltr'>oblivionem</span> <span class='ocrx_word' id='word_1_40' title='bbox 1295 306 1344 334; x_wconf 88' lang='lat' dir='ltr'>do-</span> 
     </span>
    </p>
   </div>
   <div class='ocr_carea' id='block_1_4' title="bbox 247 344 1345 470">
    <p class='ocr_par' dir='ltr' id='par_1_4' title="bbox 247 344 1345 470">
     <span class='ocr_line' id='line_1_7' title="bbox 247 344 1345 401; baseline -0.027 -1"><span class='ocrx_word' id='word_1_41' title='bbox 247 371 322 400; x_wconf 88' lang='lat' dir='ltr'>loris.</span> <span class='ocrx_word' id='word_1_42' title='bbox 364 366 432 396; x_wconf 85' lang='lat' dir='ltr'>Alii:</span> <span class='ocrx_word' id='word_1_43' title='bbox 456 366 574 401; x_wconf 83' lang='lat' dir='ltr'>Papaver</span> <span class='ocrx_word' id='word_1_44' title='bbox 585 372 617 391; x_wconf 85' lang='lat' dir='ltr'>ea</span> <span class='ocrx_word' id='word_1_45' title='bbox 633 358 812 388; x_wconf 77' lang='lat' dir='ltr'>attributione</span> <span class='ocrx_word' id='word_1_46' title='bbox 830 357 979 383; x_wconf 75' lang='lat' dir='ltr'>exornatur</span> <span class='ocrx_word' id='word_1_47' title='bbox 990 372 998 384; x_wconf 89' lang='lat'>,</span> <span class='ocrx_word' id='word_1_48' title='bbox 1019 348 1094 392; x_wconf 79' lang='lat' dir='ltr'>quod</span> <span class='ocrx_word' id='word_1_49' title='bbox 1111 345 1249 375; x_wconf 82' lang='lat' dir='ltr'>simulacra</span> <span class='ocrx_word' id='word_1_50' title='bbox 1264 344 1345 386; x_wconf 52' lang='lat' dir='ltr'>Cere:</span> 
     </span>
     <span class='ocr_line' id='line_1_8' title="bbox 248 383 1343 441; baseline -0.026 -4"><span class='ocrx_word' id='word_1_51' title='bbox 248 409 284 437; x_wconf 87' lang='lat' dir='ltr'>ris</span> <span class='ocrx_word' id='word_1_52' title='bbox 296 415 378 436; x_wconf 89' lang='lat' dir='ltr'>manu</span> <span class='ocrx_word' id='word_1_53' title='bbox 388 412 507 441; x_wconf 85' lang='lat' dir='ltr'>papaver</span> <span class='ocrx_word' id='word_1_54' title='bbox 516 401 616 435; x_wconf 77' lang='lat' dir='ltr'>gestare</span> <span class='ocrx_word' id='word_1_55' title='bbox 627 396 769 426; x_wconf 84' lang='lat' dir='ltr'>solebant:</span> <span class='ocrx_word' id='word_1_56' title='bbox 791 392 837 421; x_wconf 87' lang='lat' dir='ltr'>sed</span> <span class='ocrx_word' id='word_1_57' title='bbox 856 391 882 420; x_wconf 66' lang='grc' dir='ltr'><strong><em>ἃ</em></strong></span> <span class='ocrx_word' id='word_1_58' title='bbox 897 390 957 425; x_wconf 83' lang='lat' dir='ltr'>ejus</span> <span class='ocrx_word' id='word_1_59' title='bbox 979 387 1107 430; x_wconf 71' lang='lat' dir='ltr'>antistitae</span> <span class='ocrx_word' id='word_1_60' title='bbox 1119 406 1127 419; x_wconf 94' lang='lat'>,</span> <span class='ocrx_word' id='word_1_61' title='bbox 1148 383 1343 427; x_wconf 37' lang='lat' dir='ltr'>quumlCereri</span> 
     </span>
     <span class='ocr_line' id='line_1_9' title="bbox 476 420 1345 470; baseline -0.03 -2"><span class='ocrx_word' id='word_1_62' title='bbox 476 436 635 468; x_wconf 70' lang='lat' dir='ltr'>Callimach.</span> <span class='ocrx_word' id='word_1_63' title='bbox 651 435 750 470; x_wconf 74' lang='lat' dir='ltr'>Hymn.</span> <span class='ocrx_word' id='word_1_64' title='bbox 763 431 792 458; x_wconf 80' lang='lat' dir='ltr'>ln</span> <span class='ocrx_word' id='word_1_65' title='bbox 805 429 865 457; x_wconf 72' lang='lat' dir='ltr'>Ger.</span> <span class='ocrx_word' id='word_1_66' title='bbox 877 437 900 456; x_wconf 92' lang='lat' dir='ltr'>v.</span> <span class='ocrx_word' id='word_1_67' title='bbox 915 435 959 461; x_wconf 73' lang='lat'>43.</span> <span class='ocrx_word' id='word_1_68' title='bbox 989 435 1055 459; x_wconf 62' lang='lat' dir='ltr'>ssv‘ro</span> <span class='ocrx_word' id='word_1_69' title='bbox 1080 420 1106 448; x_wconf 48' lang='lat'>3⁸⁶</span> <span class='ocrx_word' id='word_1_70' title='bbox 1133 431 1205 455; x_wconf 62' lang='lat' dir='ltr'>76³3ae</span> <span class='ocrx_word' id='word_1_71' title='bbox 1223 429 1345 455; x_wconf 58' lang='grc' dir='ltr'>ςεμμθιτικ</span> 
     </span>
    </p>
   </div>
   <div class='ocr_carea' id='block_1_5' title="bbox 448 462 1175 535">
    <p class='ocr_par' dir='ltr' id='par_1_5' title="bbox 448 462 1175 535">
     <span class='ocr_line' id='line_1_10' title="bbox 448 462 1175 535; baseline -0.025 -29"><span class='ocrx_word' id='word_1_72' title='bbox 448 474 597 506; x_wconf 76' lang='lat' dir='ltr'>xTurneb.</span> <span class='ocrx_word' id='word_1_73' title='bbox 614 469 719 500; x_wconf 72' lang='lat' dir='ltr'>Advers.</span> <span class='ocrx_word' id='word_1_74' title='bbox 733 478 759 503; x_wconf 82' lang='lat'>9.</span> <span class='ocrx_word' id='word_1_75' title='bbox 772 470 816 496; x_wconf 90' lang='grc'>26.</span> <span class='ocrx_word' id='word_1_76' title='bbox 838 463 975 494; x_wconf 87' lang='lat' dir='ltr'>Columel.</span> <span class='ocrx_word' id='word_1_77' title='bbox 990 462 1175 535; x_wconf 49' lang='lat' dir='ltr'>lib.JiO.g3{e5.</span> 
     </span>
     <span class='ocr_line' id='line_1_11' title="bbox 1062 507 1167 527; baseline -0.019 0"><span class='ocrx_word' id='word_1_78' title='bbox 1062 508 1097 527; x_wconf 88' lang='lat' dir='ltr'>un</span> <span class='ocrx_word' id='word_1_79' title='bbox 1120 507 1127 525; x_wconf 94' lang='lat' dir='ltr'>i</span> <span class='ocrx_word' id='word_1_80' title='bbox 1160 518 1167 525; x_wconf 91' lang='lat'>.</span> 
     </span>
    </p>
   </div>
   <div class='ocr_carea' id='block_1_6' title="bbox 248 442 950 549">
    <p class='ocr_par' dir='ltr' id='par_1_6' title="bbox 248 442 950 549">
     <span class='ocr_line' id='line_1_12' title="bbox 248 442 435 474; baseline -0.027 0"><span class='ocrx_word' id='word_1_81' title='bbox 248 446 353 474; x_wconf 84' lang='lat' dir='ltr'>sacrum</span> <span class='ocrx_word' id='word_1_82' title='bbox 362 442 435 471; x_wconf 79' lang='lat' dir='ltr'>effer.</span> 
     </span>
     <span class='ocr_line' id='line_1_13' title="bbox 250 478 446 520; baseline -0.026 -12"><span class='ocrx_word' id='word_1_83' title='bbox 250 485 273 520; x_wconf 56' lang='grc' dir='ltr'>ις</span> <span class='ocrx_word' id='word_1_84' title='bbox 290 479 403 516; x_wconf 50' lang='lat' dir='ltr'>adimunt,</span> <span class='ocrx_word' id='word_1_85' title='bbox 426 478 446 507; x_wconf 84' lang='lat' dir='ltr'>E</span> 
     </span>
     <span class='ocr_line' id='line_1_14' title="bbox 325 503 950 549; baseline -0.026 -3"><span class='ocrx_word' id='word_1_86' title='bbox 325 517 392 546; x_wconf 82' lang='lat' dir='ltr'>Allia</span> <span class='ocrx_word' id='word_1_87' title='bbox 405 525 467 545; x_wconf 88' lang='lat' dir='ltr'>cum</span> <span class='ocrx_word' id='word_1_88' title='bbox 479 513 555 549; x_wconf 80' lang='lat' dir='ltr'>cepis</span> <span class='ocrx_word' id='word_1_89' title='bbox 568 533 575 545; x_wconf 84' lang='lat'>,</span> <span class='ocrx_word' id='word_1_90' title='bbox 597 507 710 539; x_wconf 79' lang='lat' dir='ltr'>Cereale</span> <span class='ocrx_word' id='word_1_91' title='bbox 722 513 841 544; x_wconf 83' lang='lat' dir='ltr'>papaver</span> <span class='ocrx_word' id='word_1_92' title='bbox 848 503 950 532; x_wconf 83' lang='lat' dir='ltr'>anetho</span> 
     </span>
    </p>
   </div>
   <div class='ocr_carea' id='block_1_7' title="bbox 232 548 1347 631">
    <p class='ocr_par' dir='ltr' id='par_1_7' title="bbox 232 548 1347 631">
     <span class='ocr_line' id='line_1_15' title="bbox 232 548 1107 588; baseline -0.027 -1"><span class='ocrx_word' id='word_1_93' title='bbox 232 558 345 588; x_wconf 81' lang='lat' dir='ltr'>Sacrum</span> <span class='ocrx_word' id='word_1_94' title='bbox 358 552 477 582; x_wconf 85' lang='lat' dir='ltr'>Cereale.</span> <span class='ocrx_word' id='word_1_95' title='bbox 500 549 584 579; x_wconf 86' lang='lat' dir='ltr'>Ovid.</span> <span class='ocrx_word' id='word_1_96' title='bbox 597 557 620 582; x_wconf 84' lang='lat'>3.</span> <span class='ocrx_word' id='word_1_97' title='bbox 636 548 726 575; x_wconf 79' lang='lat' dir='ltr'>Amor.</span> <span class='ocrx_word' id='word_1_98' title='bbox 740 553 783 573; x_wconf 82' lang='lat'>10.</span> <span class='ocrx_word' id='word_1_99' title='bbox 796 551 819 571; x_wconf 88' lang='lat'>1.</span> <span class='ocrx_word' id='word_1_100' title='bbox 1025 575 1030 580; x_wconf 38' lang='lat'><strong>.</strong></span> <span class='ocrx_word' id='word_1_101' title='bbox 1101 573 1107 579; x_wconf 43' lang='grc' dir='ltr'>Ι</span> 
     </span>
     <span class='ocr_line' id='line_1_16' title="bbox 232 575 1347 631; baseline -0.024 -7"><span class='ocrx_word' id='word_1_102' title='bbox 232 591 448 631; x_wconf 82' lang='lat' dir='ltr'>Saporcerealis.</span> <span class='ocrx_word' id='word_1_103' title='bbox 487 587 555 616; x_wconf 84' lang='lat' dir='ltr'>Plin.</span> <span class='ocrx_word' id='word_1_104' title='bbox 569 585 616 613; x_wconf 92' lang='lat' dir='ltr'>lib.</span> <span class='ocrx_word' id='word_1_105' title='bbox 637 594 678 618; x_wconf 76' lang='grc' dir='ltr'>ιι).</span> <span class='ocrx_word' id='word_1_106' title='bbox 693 591 754 618; x_wconf 87' lang='lat' dir='ltr'>cap.</span> <span class='ocrx_word' id='word_1_107' title='bbox 771 585 797 613; x_wconf 87' lang='lat'>8.</span> <span class='ocrx_word' id='word_1_108' title='bbox 820 576 964 616; x_wconf 81' lang='lat' dir='ltr'>Papaveris</span> <span class='ocrx_word' id='word_1_109' title='bbox 984 575 1059 604; x_wconf 72' lang='lat' dir='ltr'>sativi</span> <span class='ocrx_word' id='word_1_110' title='bbox 1074 579 1126 603; x_wconf 89' lang='lat' dir='ltr'>tria</span> <span class='ocrx_word' id='word_1_111' title='bbox 1142 579 1261 610; x_wconf 86' lang='lat' dir='ltr'>genera:</span> <span class='ocrx_word' id='word_1_112' title='bbox 1283 578 1347 598; x_wconf 88' lang='lat' dir='ltr'>can-</span> 
     </span>
    </p>
   </div>
   <div class='ocr_carea' id='block_1_8' title="bbox 230 608 1347 848">
    <p class='ocr_par' dir='ltr' id='par_1_8' title="bbox 230 608 1347 848">
     <span class='ocr_line' id='line_1_17' title="bbox 251 608 1347 663; baseline -0.023 -3"><span class='ocrx_word' id='word_1_113' title='bbox 251 632 349 661; x_wconf 90' lang='lat' dir='ltr'>didum</span> <span class='ocrx_word' id='word_1_114' title='bbox 360 651 367 663; x_wconf 95' lang='lat'>,</span> <span class='ocrx_word' id='word_1_115' title='bbox 389 628 466 662; x_wconf 90' lang='lat' dir='ltr'>cujus</span> <span class='ocrx_word' id='word_1_116' title='bbox 478 625 569 654; x_wconf 87' lang='lat' dir='ltr'>semen</span> <span class='ocrx_word' id='word_1_117' title='bbox 578 622 677 651; x_wconf 88' lang='lat' dir='ltr'>tostum</span> <span class='ocrx_word' id='word_1_118' title='bbox 692 617 852 648; x_wconf 81' lang='lat' dir='ltr'>infecunda</span> <span class='ocrx_word' id='word_1_119' title='bbox 861 614 954 644; x_wconf 88' lang='lat' dir='ltr'>mensa</span> <span class='ocrx_word' id='word_1_120' title='bbox 963 623 1027 643; x_wconf 87' lang='lat' dir='ltr'>cuni</span> <span class='ocrx_word' id='word_1_121' title='bbox 1039 611 1122 641; x_wconf 86' lang='lat' dir='ltr'>melle</span> <span class='ocrx_word' id='word_1_122' title='bbox 1133 609 1208 647; x_wconf 89' lang='lat' dir='ltr'>apud</span> <span class='ocrx_word' id='word_1_123' title='bbox 1219 608 1347 644; x_wconf 89' lang='lat' dir='ltr'>antiquos</span> 
     </span>
     <span class='ocr_line' id='line_1_18' title="bbox 251 647 1346 699; baseline -0.023 -1"><span class='ocrx_word' id='word_1_124' title='bbox 251 668 373 698; x_wconf 89' lang='lat' dir='ltr'>dabatur.</span> <span class='ocrx_word' id='word_1_125' title='bbox 397 665 451 693; x_wconf 91' lang='lat' dir='ltr'>hoc</span> <span class='ocrx_word' id='word_1_126' title='bbox 475 664 499 692; x_wconf 66' lang='grc' dir='ltr'>ὁὶ</span> <span class='ocrx_word' id='word_1_127' title='bbox 517 661 595 699; x_wconf 86' lang='lat' dir='ltr'>panis</span> <span class='ocrx_word' id='word_1_128' title='bbox 612 658 703 688; x_wconf 84' lang='lat' dir='ltr'>rustici</span> <span class='ocrx_word' id='word_1_129' title='bbox 724 655 818 685; x_wconf 77' lang='lat' dir='ltr'>crustae</span> <span class='ocrx_word' id='word_1_130' title='bbox 835 653 999 690; x_wconf 77' lang='lat' dir='ltr'>inspergitur</span> <span class='ocrx_word' id='word_1_131' title='bbox 1014 649 1100 679; x_wconf 76' lang='lat' dir='ltr'>effuso</span> <span class='ocrx_word' id='word_1_132' title='bbox 1120 658 1175 677; x_wconf 91' lang='lat' dir='ltr'>ovo</span> <span class='ocrx_word' id='word_1_133' title='bbox 1192 647 1346 680; x_wconf 78' lang='lat' dir='ltr'>inhaerens,</span> 
     </span>
     <span class='ocr_line' id='line_1_19' title="bbox 250 686 1244 735; baseline -0.021 0"><span class='ocrx_word' id='word_1_134' title='bbox 250 705 298 735; x_wconf 90' lang='lat' dir='ltr'>ubi</span> <span class='ocrx_word' id='word_1_135' title='bbox 309 703 466 733; x_wconf 73' lang='lat' dir='ltr'>interiorem</span> <span class='ocrx_word' id='word_1_136' title='bbox 477 699 593 729; x_wconf 82' lang='lat' dir='ltr'>crustam</span> <span class='ocrx_word' id='word_1_137' title='bbox 604 697 699 734; x_wconf 89' lang='lat' dir='ltr'>apium</span> <span class='ocrx_word' id='word_1_138' title='bbox 710 717 717 730; x_wconf 91' lang='lat'>,</span> <span class='ocrx_word' id='word_1_139' title='bbox 738 692 852 731; x_wconf 87' lang='lat' dir='ltr'>githque</span> <span class='ocrx_word' id='word_1_140' title='bbox 867 690 973 721; x_wconf 84' lang='lat' dir='ltr'>Cereali</span> <span class='ocrx_word' id='word_1_141' title='bbox 984 688 1080 727; x_wconf 80' lang='lat' dir='ltr'>sapore</span> <span class='ocrx_word' id='word_1_142' title='bbox 1097 686 1244 717; x_wconf 85' lang='lat' dir='ltr'>condiunt.</span> 
     </span>
     <span class='ocr_line' id='line_1_20' title="bbox 231 733 790 773; baseline -0.025 0"><span class='ocrx_word' id='word_1_143' title='bbox 231 744 342 773; x_wconf 79' lang='lat' dir='ltr'>Semina</span> <span class='ocrx_word' id='word_1_144' title='bbox 353 738 484 769; x_wconf 81' lang='lat' dir='ltr'>Cerealia.</span> <span class='ocrx_word' id='word_1_145' title='bbox 505 736 588 766; x_wconf 87' lang='lat' dir='ltr'>Ovid.</span> <span class='ocrx_word' id='word_1_146' title='bbox 610 745 631 763; x_wconf 94' lang='grc' dir='ltr'>ι.</span> <span class='ocrx_word' id='word_1_147' title='bbox 647 733 714 763; x_wconf 84' lang='lat' dir='ltr'>Nlet.</span> <span class='ocrx_word' id='word_1_148' title='bbox 730 740 790 766; x_wconf 89' lang='lat'>123.</span> 
     </span>
     <span class='ocr_line' id='line_1_21' title="bbox 230 770 823 811; baseline -0.024 -1"><span class='ocrx_word' id='word_1_149' title='bbox 230 780 325 811; x_wconf 82' lang='lat' dir='ltr'>Solum</span> <span class='ocrx_word' id='word_1_150' title='bbox 339 776 449 807; x_wconf 80' lang='lat' dir='ltr'>Cereale</span> <span class='ocrx_word' id='word_1_151' title='bbox 462 780 542 803; x_wconf 82' lang='lat' dir='ltr'>vocat</span> <span class='ocrx_word' id='word_1_152' title='bbox 554 773 624 808; x_wconf 89' lang='lat' dir='ltr'>Virg.</span> <span class='ocrx_word' id='word_1_153' title='bbox 638 781 663 806; x_wconf 91' lang='lat'>7.</span> <span class='ocrx_word' id='word_1_154' title='bbox 684 770 744 799; x_wconf 80' lang='lat' dir='ltr'>AEn.</span> <span class='ocrx_word' id='word_1_155' title='bbox 763 777 823 796; x_wconf 84' lang='lat' dir='ltr'>iii.</span> 
     </span>
     <span class='ocr_line' id='line_1_22' title="bbox 324 806 959 848; baseline -0.02 -3"><span class='ocrx_word' id='word_1_156' title='bbox 324 817 356 845; x_wconf 82' lang='lat' dir='ltr'>Et</span> <span class='ocrx_word' id='word_1_157' title='bbox 368 813 479 844; x_wconf 79' lang='lat' dir='ltr'>Cereale</span> <span class='ocrx_word' id='word_1_158' title='bbox 489 812 576 840; x_wconf 88' lang='lat' dir='ltr'>solum</span> <span class='ocrx_word' id='word_1_159' title='bbox 586 809 677 848; x_wconf 88' lang='lat' dir='ltr'>pomis</span> <span class='ocrx_word' id='word_1_160' title='bbox 687 806 837 845; x_wconf 82' lang='lat' dir='ltr'>agrestibus</span> <span class='ocrx_word' id='word_1_161' title='bbox 847 808 959 841; x_wconf 85' lang='lat' dir='ltr'>augent.</span> 
     </span>
    </p>
   </div>
   <div class='ocr_carea' id='block_1_9' title="bbox 229 846 1349 925">
    <p class='ocr_par' dir='ltr' id='par_1_9' title="bbox 229 846 1349 925">
     <span class='ocr_line' id='line_1_23' title="bbox 229 846 814 885; baseline -0.021 -1"><span class='ocrx_word' id='word_1_162' title='bbox 229 853 303 885; x_wconf 90' lang='lat' dir='ltr'>Sulci</span> <span class='ocrx_word' id='word_1_163' title='bbox 320 852 455 882; x_wconf 78' lang='lat' dir='ltr'>Cereales.</span> <span class='ocrx_word' id='word_1_164' title='bbox 478 849 561 879; x_wconf 91' lang='lat' dir='ltr'>Ovid.</span> <span class='ocrx_word' id='word_1_165' title='bbox 575 857 599 884; x_wconf 86' lang='lat'>3.</span> <span class='ocrx_word' id='word_1_166' title='bbox 612 846 693 876; x_wconf 87' lang='lat' dir='ltr'>Trist.</span> <span class='ocrx_word' id='word_1_167' title='bbox 713 854 753 874; x_wconf 74' lang='grc' dir='ltr'>ι2.</span> <span class='ocrx_word' id='word_1_168' title='bbox 772 853 814 872; x_wconf 87' lang='grc' dir='ltr'>ιι.</span> 
     </span>
     <span class='ocr_line' id='line_1_24' title="bbox 230 868 1349 925; baseline -0.021 -3"><span class='ocrx_word' id='word_1_169' title='bbox 230 891 356 922; x_wconf 74' lang='lat' dir='ltr'>Cereales</span> <span class='ocrx_word' id='word_1_170' title='bbox 368 912 376 925; x_wconf 92' lang='lat'>,</span> <span class='ocrx_word' id='word_1_171' title='bbox 397 890 480 918; x_wconf 80' lang='lat' dir='ltr'>etiam</span> <span class='ocrx_word' id='word_1_172' title='bbox 496 887 551 915; x_wconf 88' lang='lat' dir='ltr'>dici</span> <span class='ocrx_word' id='word_1_173' title='bbox 561 885 674 914; x_wconf 89' lang='lat' dir='ltr'>invenio</span> <span class='ocrx_word' id='word_1_174' title='bbox 688 883 741 912; x_wconf 81' lang='lat' dir='ltr'>Eos</span> <span class='ocrx_word' id='word_1_175' title='bbox 752 882 799 919; x_wconf 89' lang='lat' dir='ltr'>qui</span> <span class='ocrx_word' id='word_1_176' title='bbox 808 880 969 910; x_wconf 82' lang='lat' dir='ltr'>emittantur</span> <span class='ocrx_word' id='word_1_177' title='bbox 980 883 1104 906; x_wconf 86' lang='lat' dir='ltr'>rumores</span> <span class='ocrx_word' id='word_1_178' title='bbox 1113 873 1220 911; x_wconf 80' lang='lat' dir='ltr'>aliquos</span> <span class='ocrx_word' id='word_1_179' title='bbox 1231 868 1349 901; x_wconf 80' lang='lat' dir='ltr'>dissemi-</span> 
     </span>
    </p>
   </div>
   <div class='ocr_carea' id='block_1_10' title="bbox 196 907 1349 1078">
    <p class='ocr_par' dir='ltr' id='par_1_10' title="bbox 196 907 1349 1078">
     <span class='ocr_line' id='line_1_25' title="bbox 250 907 1347 971; baseline -0.021 -12"><span class='ocrx_word' id='word_1_180' title='bbox 250 930 339 958; x_wconf 55' lang='lat' dir='ltr'>narmi</span> <span class='ocrx_word' id='word_1_181' title='bbox 351 950 368 971; x_wconf 37' lang='grc' dir='ltr'>,Ι</span> <span class='ocrx_word' id='word_1_182' title='bbox 383 926 459 956; x_wconf 90' lang='lat' dir='ltr'>velut</span> <span class='ocrx_word' id='word_1_183' title='bbox 480 925 586 954; x_wconf 82' lang='lat' dir='ltr'>semina</span> <span class='ocrx_word' id='word_1_184' title='bbox 603 922 754 961; x_wconf 84' lang='lat' dir='ltr'>sparsurum</span> <span class='ocrx_word' id='word_1_185' title='bbox 768 918 858 949; x_wconf 90' lang='lat' dir='ltr'>emisit</span> <span class='ocrx_word' id='word_1_186' title='bbox 870 915 1078 954; x_wconf 76' lang='lat' dir='ltr'>Triptolemum</span> <span class='ocrx_word' id='word_1_187' title='bbox 1097 913 1180 942; x_wconf 89' lang='lat' dir='ltr'>Ceres</span> <span class='ocrx_word' id='word_1_188' title='bbox 1191 933 1199 946; x_wconf 89' lang='lat'>,</span> <span class='ocrx_word' id='word_1_189' title='bbox 1228 911 1266 939; x_wconf 87' lang='lat' dir='ltr'>ait</span> <span class='ocrx_word' id='word_1_190' title='bbox 1282 907 1347 938; x_wconf 80' lang='lat' dir='ltr'>Cael.</span> 
     </span>
     <span class='ocr_line' id='line_1_26' title="bbox 196 965 1348 1036; baseline -0.021 -1"><span class='ocrx_word' id='word_1_191' title='bbox 196 1006 239 1036; x_wconf 73' lang='lat' dir='ltr'>Ca</span> <span class='ocrx_word' id='word_1_192' title='bbox 249 965 398 1035; x_wconf 39' lang='lat' dir='ltr'>{iiidiiliiz</span> <span class='ocrx_word' id='word_1_193' title='bbox 412 969 524 1031; x_wconf 45' lang='lat' dir='ltr'>¹ffelcsajpii</span> <span class='ocrx_word' id='word_1_194' title='bbox 532 967 565 1028; x_wconf 62' lang='grc' dir='ltr'>ἒι</span> <span class='ocrx_word' id='word_1_195' title='bbox 577 1009 596 1027; x_wconf 74' lang='lat' dir='ltr'>A</span> <span class='ocrx_word' id='word_1_196' title='bbox 605 1008 640 1026; x_wconf 81' lang='lat' dir='ltr'>Li</span> <span class='ocrx_word' id='word_1_197' title='bbox 653 1007 672 1025; x_wconf 77' lang='lat' dir='ltr'>A</span> <span class='ocrx_word' id='word_1_198' title='bbox 682 1019 690 1031; x_wconf 91' lang='lat'>,</span> <span class='ocrx_word' id='word_1_199' title='bbox 712 1004 801 1025; x_wconf 84' lang='lat' dir='ltr'>orum.</span> <span class='ocrx_word' id='word_1_200' title='bbox 823 1003 857 1023; x_wconf 51' lang='lat' dir='ltr'>n.¹</span> <span class='ocrx_word' id='word_1_201' title='bbox 873 992 911 1030; x_wconf 90' lang='lat' dir='ltr'>pl.</span> <span class='ocrx_word' id='word_1_202' title='bbox 933 989 1107 1027; x_wconf 64' lang='grc' dir='ltr'>[Δημήτξιοι]</span> <span class='ocrx_word' id='word_1_203' title='bbox 1128 984 1348 1016; x_wconf 88' lang='lat' dir='ltr'>dicunturSacra</span> 
     </span>
     <span class='ocr_line' id='line_1_27' title="bbox 233 1021 1349 1078; baseline -0.021 -6"><span class='ocrx_word' id='word_1_204' title='bbox 233 1042 340 1072; x_wconf 89' lang='lat' dir='ltr'>Cereris</span> <span class='ocrx_word' id='word_1_205' title='bbox 352 1051 367 1070; x_wconf 90' lang='lat' dir='ltr'>a</span> <span class='ocrx_word' id='word_1_206' title='bbox 381 1038 557 1078; x_wconf 82' lang='lat' dir='ltr'>Triptolemo</span> <span class='ocrx_word' id='word_1_207' title='bbox 566 1036 687 1065; x_wconf 83' lang='lat' dir='ltr'>instituta</span> <span class='ocrx_word' id='word_1_208' title='bbox 699 1057 707 1069; x_wconf 96' lang='lat'>,</span> <span class='ocrx_word' id='word_1_209' title='bbox 729 1043 788 1070; x_wconf 84' lang='lat' dir='ltr'>quae</span> <span class='ocrx_word' id='word_1_210' title='bbox 800 1031 902 1061; x_wconf 82' lang='lat' dir='ltr'>Plinius</span> <span class='ocrx_word' id='word_1_211' title='bbox 915 1030 999 1058; x_wconf 87' lang='lat' dir='ltr'>etiam</span> <span class='ocrx_word' id='word_1_212' title='bbox 1012 1027 1060 1057; x_wconf 90' lang='lat' dir='ltr'>lib.</span> <span class='ocrx_word' id='word_1_213' title='bbox 1073 1037 1118 1060; x_wconf 80' lang='lat'>24.</span> <span class='ocrx_word' id='word_1_214' title='bbox 1133 1035 1194 1061; x_wconf 87' lang='lat' dir='ltr'>cap.</span> <span class='ocrx_word' id='word_1_215' title='bbox 1207 1034 1233 1060; x_wconf 79' lang='lat'>9.</span> <span class='ocrx_word' id='word_1_216' title='bbox 1263 1021 1349 1051; x_wconf 85' lang='lat' dir='ltr'>Thes-</span> 
     </span>
    </p>
   </div>
   <div class='ocr_carea' id='block_1_11' title="bbox 232 1059 1348 1155">
    <p class='ocr_par' dir='ltr' id='par_1_11' title="bbox 232 1059 1348 1155">
     <span class='ocr_line' id='line_1_28' title="bbox 232 1059 1347 1117; baseline -0.021 -7"><span class='ocrx_word' id='word_1_217' title='bbox 232 1080 380 1117; x_wconf 88' lang='lat' dir='ltr'>mophoria</span> <span class='ocrx_word' id='word_1_218' title='bbox 389 1084 470 1107; x_wconf 88' lang='lat' dir='ltr'>vocat</span> <span class='ocrx_word' id='word_1_219' title='bbox 479 1086 495 1105; x_wconf 89' lang='lat' dir='ltr'>a</span> <span class='ocrx_word' id='word_1_220' title='bbox 505 1076 603 1105; x_wconf 78' lang='lat' dir='ltr'>Cerere</span> <span class='ocrx_word' id='word_1_221' title='bbox 612 1071 824 1108; x_wconf 85' lang='lat' dir='ltr'>Thesniophora</span> <span class='ocrx_word' id='word_1_222' title='bbox 834 1091 842 1104; x_wconf 92' lang='lat'>,</span> <span class='ocrx_word' id='word_1_223' title='bbox 864 1069 918 1096; x_wconf 91' lang='lat' dir='ltr'>hoc</span> <span class='ocrx_word' id='word_1_224' title='bbox 931 1067 967 1096; x_wconf 84' lang='lat' dir='ltr'>est</span> <span class='ocrx_word' id='word_1_225' title='bbox 980 1066 1073 1102; x_wconf 81' lang='lat' dir='ltr'>legum</span> <span class='ocrx_word' id='word_1_226' title='bbox 1085 1064 1190 1092; x_wconf 86' lang='lat' dir='ltr'>latrice.</span> <span class='ocrx_word' id='word_1_227' title='bbox 1212 1059 1347 1090; x_wconf 84' lang='lat' dir='ltr'>Plutarch.</span> 
     </span>
     <span class='ocr_line' id='line_1_29' title="bbox 232 1097 1348 1155; baseline -0.022 -7"><span class='ocrx_word' id='word_1_228' title='bbox 232 1127 343 1155; x_wconf 88' lang='lat' dir='ltr'>quoque</span> <span class='ocrx_word' id='word_1_229' title='bbox 356 1117 462 1145; x_wconf 77' lang='lat' dir='ltr'>ildonia</span> <span class='ocrx_word' id='word_1_230' title='bbox 472 1120 561 1143; x_wconf 86' lang='lat' dir='ltr'>vocat.</span> <span class='ocrx_word' id='word_1_231' title='bbox 602 1111 659 1141; x_wconf 88' lang='lat' dir='ltr'>Cic..</span> <span class='ocrx_word' id='word_1_232' title='bbox 671 1121 696 1139; x_wconf 86' lang='lat'>2.</span> <span class='ocrx_word' id='word_1_233' title='bbox 710 1111 763 1139; x_wconf 78' lang='lat' dir='ltr'>Att.</span> <span class='ocrx_word' id='word_1_234' title='bbox 776 1117 816 1136; x_wconf 88' lang='lat'>12.</span> <span class='ocrx_word' id='word_1_235' title='bbox 840 1104 1008 1135; x_wconf 85' lang='lat' dir='ltr'>Emerseram</span> <span class='ocrx_word' id='word_1_236' title='bbox 1018 1101 1167 1131; x_wconf 89' lang='lat' dir='ltr'>commode</span> <span class='ocrx_word' id='word_1_237' title='bbox 1181 1109 1215 1129; x_wconf 76' lang='lat' dir='ltr'>eir</span> <span class='ocrx_word' id='word_1_238' title='bbox 1228 1098 1308 1127; x_wconf 86' lang='lat' dir='ltr'>Antio</span> <span class='ocrx_word' id='word_1_239' title='bbox 1319 1097 1348 1125; x_wconf 92' lang='lat' dir='ltr'>in</span> 
     </span>
    </p>
   </div>
   <div class='ocr_carea' id='block_1_12' title="bbox 231 1135 1349 1224">
    <p class='ocr_par' dir='ltr' id='par_1_12' title="bbox 231 1135 1349 1224">
     <span class='ocr_line' id='line_1_30' title="bbox 231 1135 1348 1193; baseline -0.021 -7"><span class='ocrx_word' id='word_1_240' title='bbox 231 1156 350 1193; x_wconf 81' lang='lat' dir='ltr'>Appiam</span> <span class='ocrx_word' id='word_1_241' title='bbox 359 1154 394 1184; x_wconf 88' lang='lat' dir='ltr'>ad</span> <span class='ocrx_word' id='word_1_242' title='bbox 404 1153 472 1183; x_wconf 82' lang='lat' dir='ltr'>Tres</span> <span class='ocrx_word' id='word_1_243' title='bbox 485 1151 614 1180; x_wconf 81' lang='lat' dir='ltr'>tabernas</span> <span class='ocrx_word' id='word_1_244' title='bbox 625 1171 632 1182; x_wconf 89' lang='lat'>,</span> <span class='ocrx_word' id='word_1_245' title='bbox 654 1148 716 1185; x_wconf 89' lang='lat' dir='ltr'>ipsis</span> <span class='ocrx_word' id='word_1_246' title='bbox 727 1144 886 1175; x_wconf 80' lang='lat' dir='ltr'>Cerealibus</span> <span class='ocrx_word' id='word_1_247' title='bbox 897 1165 905 1177; x_wconf 95' lang='lat'>,</span> <span class='ocrx_word' id='word_1_248' title='bbox 926 1151 1012 1179; x_wconf 89' lang='lat' dir='ltr'>quum</span> <span class='ocrx_word' id='word_1_249' title='bbox 1026 1141 1054 1169; x_wconf 91' lang='lat' dir='ltr'>in</span> <span class='ocrx_word' id='word_1_250' title='bbox 1066 1149 1111 1168; x_wconf 86' lang='lat' dir='ltr'>me</span> <span class='ocrx_word' id='word_1_251' title='bbox 1125 1138 1240 1167; x_wconf 86' lang='lat' dir='ltr'>incurrit</span> <span class='ocrx_word' id='word_1_252' title='bbox 1258 1135 1348 1164; x_wconf 87' lang='lat' dir='ltr'>Roma</span> 
     </span>
     <span class='ocr_line' id='line_1_31' title="bbox 232 1172 1349 1224; baseline -0.02 -1"><span class='ocrx_word' id='word_1_253' title='bbox 232 1194 349 1223; x_wconf 90' lang='lat' dir='ltr'>veniens</span> <span class='ocrx_word' id='word_1_254' title='bbox 361 1192 445 1221; x_wconf 90' lang='lat' dir='ltr'>Curio</span> <span class='ocrx_word' id='word_1_255' title='bbox 456 1199 535 1219; x_wconf 88' lang='lat' dir='ltr'>meus</span> <span class='ocrx_word' id='word_1_256' title='bbox 547 1211 555 1224; x_wconf 87' lang='lat'>,</span> <span class='ocrx_word' id='word_1_257' title='bbox 574 1187 681 1216; x_wconf 82' lang='lat' dir='ltr'>ibidem</span> <span class='ocrx_word' id='word_1_258' title='bbox 698 1185 764 1214; x_wconf 87' lang='lat' dir='ltr'>ilico</span> <span class='ocrx_word' id='word_1_259' title='bbox 776 1191 844 1221; x_wconf 88' lang='lat' dir='ltr'>puer</span> <span class='ocrx_word' id='word_1_260' title='bbox 859 1180 905 1210; x_wconf 87' lang='lat' dir='ltr'>abs</span> <span class='ocrx_word' id='word_1_261' title='bbox 922 1187 950 1209; x_wconf 87' lang='lat' dir='ltr'>te</span> <span class='ocrx_word' id='word_1_262' title='bbox 966 1188 1031 1208; x_wconf 91' lang='lat' dir='ltr'>cum</span> <span class='ocrx_word' id='word_1_263' title='bbox 1050 1176 1182 1215; x_wconf 83' lang='lat' dir='ltr'>epistolis.</span> <span class='ocrx_word' id='word_1_264' title='bbox 1223 1174 1254 1204; x_wconf 90' lang='lat' dir='ltr'>V.</span> <span class='ocrx_word' id='word_1_265' title='bbox 1277 1172 1349 1202; x_wconf 90' lang='lat' dir='ltr'>Ludi</span> 
     </span>
    </p>
   </div>
   <div class='ocr_carea' id='block_1_13' title="bbox 196 1227 1350 1530">
    <p class='ocr_par' dir='ltr' id='par_1_13' title="bbox 233 1227 801 1267">
     <span class='ocr_line' id='line_1_32' title="bbox 233 1227 801 1267; baseline -0.019 -7"><span class='ocrx_word' id='word_1_266' title='bbox 233 1230 353 1260; x_wconf 86' lang='lat' dir='ltr'>cereales</span> <span class='ocrx_word' id='word_1_267' title='bbox 363 1252 371 1265; x_wconf 91' lang='lat'>,</span> <span class='ocrx_word' id='word_1_268' title='bbox 392 1227 473 1267; x_wconf 85' lang='lat' dir='ltr'>supra</span> <span class='ocrx_word' id='word_1_269' title='bbox 484 1229 512 1256; x_wconf 91' lang='lat' dir='ltr'>in</span> <span class='ocrx_word' id='word_1_270' title='bbox 523 1230 591 1255; x_wconf 85' lang='lat' dir='ltr'>voce</span> <span class='ocrx_word' id='word_1_271' title='bbox 609 1235 626 1253; x_wconf 89' lang='lat' dir='ltr'>c</span> <span class='ocrx_word' id='word_1_272' title='bbox 636 1233 650 1252; x_wconf 77' lang='grc' dir='ltr'><em>Ε</em></span> <span class='ocrx_word' id='word_1_273' title='bbox 659 1234 675 1252; x_wconf 85' lang='lat' dir='ltr'>R</span> <span class='ocrx_word' id='word_1_274' title='bbox 683 1233 697 1252; x_wconf 68' lang='grc' dir='ltr'>ις</span> <span class='ocrx_word' id='word_1_275' title='bbox 708 1232 726 1251; x_wconf 78' lang='grc' dir='ltr'><strong>Α</strong></span> <span class='ocrx_word' id='word_1_276' title='bbox 736 1233 751 1250; x_wconf 66' lang='grc' dir='ltr'>ι.</span> <span class='ocrx_word' id='word_1_277' title='bbox 762 1232 770 1249; x_wconf 92' lang='grc' dir='ltr'>ι</span> <span class='ocrx_word' id='word_1_278' title='bbox 780 1230 801 1249; x_wconf 86' lang='lat' dir='ltr'>s.</span> 
     </span>
    </p>

    <p class='ocr_par' dir='ltr' id='par_1_14' title="bbox 197 1248 1348 1345">
     <span class='ocr_line' id='line_1_33' title="bbox 197 1248 1348 1303; baseline -0.021 -3"><span class='ocrx_word' id='word_1_279' title='bbox 197 1270 219 1300; x_wconf 89' lang='lat' dir='ltr'>C</span> <span class='ocrx_word' id='word_1_280' title='bbox 226 1273 243 1299; x_wconf 74' lang='grc' dir='ltr'><strong>ἓ</strong></span> <span class='ocrx_word' id='word_1_281' title='bbox 250 1279 267 1297; x_wconf 72' lang='lat' dir='ltr'>R</span> <span class='ocrx_word' id='word_1_282' title='bbox 276 1272 292 1298; x_wconf 66' lang='lat'>17:</span> <span class='ocrx_word' id='word_1_283' title='bbox 300 1278 319 1296; x_wconf 84' lang='lat' dir='ltr'>T</span> <span class='ocrx_word' id='word_1_284' title='bbox 329 1272 346 1297; x_wconf 67' lang='lat' dir='ltr'>Ti</span> <span class='ocrx_word' id='word_1_285' title='bbox 355 1277 375 1296; x_wconf 80' lang='lat' dir='ltr'>N</span> <span class='ocrx_word' id='word_1_286' title='bbox 385 1278 404 1301; x_wconf 91' lang='lat'>1,</span> <span class='ocrx_word' id='word_1_287' title='bbox 416 1269 430 1303; x_wconf 93' lang='lat'>[</span> <span class='ocrx_word' id='word_1_288' title='bbox 441 1262 598 1299; x_wconf 65' lang='lat' dir='ltr'>Ksbbmowai,</span> <span class='ocrx_word' id='word_1_289' title='bbox 611 1261 696 1296; x_wconf 86' lang='lat' dir='ltr'>Ptol.]</span> <span class='ocrx_word' id='word_1_290' title='bbox 718 1258 815 1294; x_wconf 84' lang='lat' dir='ltr'>Populi</span> <span class='ocrx_word' id='word_1_291' title='bbox 825 1255 963 1294; x_wconf 70' lang='lat' dir='ltr'>Hispaniae</span> <span class='ocrx_word' id='word_1_292' title='bbox 976 1253 1023 1284; x_wconf 92' lang='lat' dir='ltr'>sub</span> <span class='ocrx_word' id='word_1_293' title='bbox 1037 1251 1182 1290; x_wconf 71' lang='lat' dir='ltr'>Pyrenaeis,</span> <span class='ocrx_word' id='word_1_294' title='bbox 1195 1248 1271 1287; x_wconf 89' lang='lat' dir='ltr'>apud</span> <span class='ocrx_word' id='word_1_295' title='bbox 1280 1257 1348 1285; x_wconf 89' lang='lat' dir='ltr'>quos</span> 
     </span>
     <span class='ocr_line' id='line_1_34' title="bbox 231 1288 1346 1345; baseline -0.021 -8"><span class='ocrx_word' id='word_1_296' title='bbox 231 1305 362 1345; x_wconf 84' lang='lat' dir='ltr'>generosa</span> <span class='ocrx_word' id='word_1_297' title='bbox 372 1306 435 1334; x_wconf 89' lang='lat' dir='ltr'>vina</span> <span class='ocrx_word' id='word_1_298' title='bbox 447 1302 644 1334; x_wconf 83' lang='lat' dir='ltr'>nascebantur,</span> <span class='ocrx_word' id='word_1_299' title='bbox 665 1308 725 1335; x_wconf 69' lang='lat' dir='ltr'>quse</span> <span class='ocrx_word' id='word_1_300' title='bbox 739 1296 874 1326; x_wconf 87' lang='lat' dir='ltr'>Ceretana</span> <span class='ocrx_word' id='word_1_301' title='bbox 888 1293 1062 1322; x_wconf 79' lang='lat' dir='ltr'>dicebantur.</span> <span class='ocrx_word' id='word_1_302' title='bbox 1086 1288 1204 1319; x_wconf 83' lang='lat' dir='ltr'>Martial.</span> <span class='ocrx_word' id='word_1_303' title='bbox 1229 1297 1268 1321; x_wconf 85' lang='lat'>¹3·</span> <span class='ocrx_word' id='word_1_304' title='bbox 1285 1295 1346 1320; x_wconf 80' lang='lat'>1²4·</span> 
     </span>
    </p>

    <p class='ocr_par' dir='ltr' id='par_1_15' title="bbox 196 1324 1350 1530">
     <span class='ocr_line' id='line_1_35' title="bbox 324 1324 1350 1377; baseline -0.02 -4"><span class='ocrx_word' id='word_1_305' title='bbox 324 1343 458 1372; x_wconf 86' lang='lat' dir='ltr'>Ceretana</span> <span class='ocrx_word' id='word_1_306' title='bbox 467 1341 563 1377; x_wconf 87' lang='lat' dir='ltr'>Nepos</span> <span class='ocrx_word' id='word_1_307' title='bbox 573 1344 672 1377; x_wconf 84' lang='lat' dir='ltr'>ponat,</span> <span class='ocrx_word' id='word_1_308' title='bbox 693 1336 787 1365; x_wconf 85' lang='lat' dir='ltr'>Setina</span> <span class='ocrx_word' id='word_1_309' title='bbox 797 1331 916 1371; x_wconf 89' lang='lat' dir='ltr'>putabis.</span> <span class='ocrx_word' id='word_1_310' title='bbox 999 1327 1134 1365; x_wconf 82' lang='lat' dir='ltr'>[Possunt</span> <span class='ocrx_word' id='word_1_311' title='bbox 1143 1333 1238 1356; x_wconf 86' lang='lat' dir='ltr'>tamen</span> <span class='ocrx_word' id='word_1_312' title='bbox 1252 1326 1278 1355; x_wconf 71' lang='grc' dir='ltr'>δι</span> <span class='ocrx_word' id='word_1_313' title='bbox 1293 1324 1350 1353; x_wconf 79' lang='lat' dir='ltr'>Cae-</span> 
     </span>
     <span class='ocr_line' id='line_1_36' title="bbox 233 1377 1205 1414; baseline -0.02 -2"><span class='ocrx_word' id='word_1_314' title='bbox 233 1388 328 1412; x_wconf 85' lang='lat' dir='ltr'>retana</span> <span class='ocrx_word' id='word_1_315' title='bbox 335 1380 440 1411; x_wconf 83' lang='lat' dir='ltr'>Tusciae</span> <span class='ocrx_word' id='word_1_316' title='bbox 454 1377 583 1414; x_wconf 82' lang='lat' dir='ltr'>intelligi.</span> <span class='ocrx_word' id='word_1_317' title='bbox 966 1396 973 1403; x_wconf 79' lang='grc'><em>,</em></span> <span class='ocrx_word' id='word_1_318' title='bbox 1199 1401 1205 1407; x_wconf 47' lang='lat'><strong>·</strong></span> 
     </span>
     <span class='ocr_line' id='line_1_37' title="bbox 231 1400 1349 1453; baseline -0.02 -3"><span class='ocrx_word' id='word_1_319' title='bbox 231 1421 294 1451; x_wconf 90' lang='lat' dir='ltr'>Nec</span> <span class='ocrx_word' id='word_1_320' title='bbox 305 1418 433 1448; x_wconf 85' lang='lat' dir='ltr'>Ceretani</span> <span class='ocrx_word' id='word_1_321' title='bbox 444 1415 584 1453; x_wconf 81' lang='lat' dir='ltr'>quondam</span> <span class='ocrx_word' id='word_1_322' title='bbox 600 1411 749 1450; x_wconf 77' lang='lat' dir='ltr'>Tirynthia</span> <span class='ocrx_word' id='word_1_323' title='bbox 763 1409 854 1439; x_wconf 87' lang='lat' dir='ltr'>castra.</span> <span class='ocrx_word' id='word_1_324' title='bbox 885 1406 933 1438; x_wconf 89' lang='lat' dir='ltr'>Sil.</span> <span class='ocrx_word' id='word_1_325' title='bbox 943 1404 1003 1436; x_wconf 89' lang='lat' dir='ltr'>Ital.</span> <span class='ocrx_word' id='word_1_326' title='bbox 1017 1413 1042 1442; x_wconf 84' lang='lat'>3.</span> <span class='ocrx_word' id='word_1_327' title='bbox 1056 1412 1120 1440; x_wconf 77' lang='lat'>357.</span> <span class='ocrx_word' id='word_1_328' title='bbox 1147 1401 1313 1432; x_wconf 74' lang='lat' dir='ltr'>Scribuntur</span> <span class='ocrx_word' id='word_1_329' title='bbox 1323 1400 1349 1429; x_wconf 72' lang='grc' dir='ltr'>δε</span> 
     </span>
     <span class='ocr_line' id='line_1_38' title="bbox 254 1445 926 1488; baseline -0.022 0"><span class='ocrx_word' id='word_1_330' title='bbox 254 1457 407 1487; x_wconf 84' lang='lat' dir='ltr'>Cerretani.</span> <span class='ocrx_word' id='word_1_331' title='bbox 446 1455 477 1484; x_wconf 93' lang='lat' dir='ltr'>V.</span> <span class='ocrx_word' id='word_1_332' title='bbox 499 1453 567 1482; x_wconf 85' lang='lat' dir='ltr'>Plin.</span> <span class='ocrx_word' id='word_1_333' title='bbox 587 1461 609 1488; x_wconf 90' lang='lat'>3.</span> <span class='ocrx_word' id='word_1_334' title='bbox 622 1460 646 1487; x_wconf 82' lang='lat'>3.</span> <span class='ocrx_word' id='word_1_335' title='bbox 663 1451 688 1479; x_wconf 85' lang='lat'>&amp;</span> <span class='ocrx_word' id='word_1_336' title='bbox 702 1448 828 1479; x_wconf 89' lang='lat' dir='ltr'>Strabon.</span> <span class='ocrx_word' id='word_1_337' title='bbox 839 1445 886 1475; x_wconf 85' lang='lat' dir='ltr'>lib.</span> <span class='ocrx_word' id='word_1_338' title='bbox 901 1454 926 1482; x_wconf 87' lang='grc'>3.</span> 
     </span>
     <span class='ocr_line' id='line_1_39' title="bbox 196 1487 814 1530; baseline -0.018 -5"><span class='ocrx_word' id='word_1_339' title='bbox 196 1496 383 1530; x_wconf 67' lang='lat' dir='ltr'>Cauaras,</span> <span class='ocrx_word' id='word_1_340' title='bbox 405 1493 616 1522; x_wconf 61' lang='lat' dir='ltr'>Csaii‘rANi.</span> <span class='ocrx_word' id='word_1_341' title='bbox 656 1487 687 1516; x_wconf 91' lang='lat' dir='ltr'>V.</span> <span class='ocrx_word' id='word_1_342' title='bbox 707 1495 814 1516; x_wconf 70' lang='lat' dir='ltr'>efflari.</span> 
     </span>
    </p>
   </div>
   <div class='ocr_carea' id='block_1_14' title="bbox 193 1530 1349 1605">
    <p class='ocr_par' dir='ltr' id='par_1_16' title="bbox 193 1530 1349 1605">
     <span class='ocr_line' id='line_1_40' title="bbox 193 1530 1114 1565; baseline -0.023 -1"><span class='ocrx_word' id='word_1_343' title='bbox 193 1534 420 1565; x_wconf 75' lang='lat' dir='ltr'>CEREVISIA,</span> <span class='ocrx_word' id='word_1_344' title='bbox 451 1530 481 1559; x_wconf 93' lang='lat' dir='ltr'>V.</span> <span class='ocrx_word' id='word_1_345' title='bbox 502 1535 694 1558; x_wconf 67' lang='lat' dir='ltr'>citavisiA.</span> <span class='ocrx_word' id='word_1_346' title='bbox 1112 1549 1114 1551; x_wconf 27' lang='lat'>¹</span> 
     </span>
     <span class='ocr_line' id='line_1_41' title="bbox 196 1549 1349 1605; baseline -0.021 -3"><span class='ocrx_word' id='word_1_347' title='bbox 196 1572 311 1602; x_wconf 64' lang='lat' dir='ltr'>Ceam</span> <span class='ocrx_word' id='word_1_348' title='bbox 323 1592 332 1605; x_wconf 92' lang='lat'>,</span> <span class='ocrx_word' id='word_1_349' title='bbox 353 1580 384 1598; x_wconf 84' lang='lat' dir='ltr'>ae.</span> <span class='ocrx_word' id='word_1_350' title='bbox 404 1569 423 1598; x_wconf 80' lang='lat' dir='ltr'>s.</span> <span class='ocrx_word' id='word_1_351' title='bbox 446 1563 574 1603; x_wconf 62' lang='lat' dir='ltr'>[aneia]</span> <span class='ocrx_word' id='word_1_352' title='bbox 596 1565 689 1594; x_wconf 88' lang='lat' dir='ltr'>Genus</span> <span class='ocrx_word' id='word_1_353' title='bbox 697 1559 821 1600; x_wconf 87' lang='lat' dir='ltr'>potionis</span> <span class='ocrx_word' id='word_1_354' title='bbox 832 1581 840 1595; x_wconf 93' lang='lat'>,</span> <span class='ocrx_word' id='word_1_355' title='bbox 862 1567 918 1596; x_wconf 87' lang='lat' dir='ltr'>quo</span> <span class='ocrx_word' id='word_1_356' title='bbox 935 1561 1052 1586; x_wconf 85' lang='lat' dir='ltr'>utuntur</span> <span class='ocrx_word' id='word_1_357' title='bbox 1069 1552 1193 1591; x_wconf 84' lang='lat' dir='ltr'>Hispani.</span> <span class='ocrx_word' id='word_1_358' title='bbox 1215 1551 1284 1581; x_wconf 88' lang='lat' dir='ltr'>Plin.</span> <span class='ocrx_word' id='word_1_359' title='bbox 1300 1549 1349 1579; x_wconf 88' lang='lat' dir='ltr'>lib,</span> 
     </span>
    </p>
   </div>
   <div class='ocr_carea' id='block_1_15' title="bbox 234 1589 1351 1645">
    <p class='ocr_par' dir='ltr' id='par_1_17' title="bbox 234 1589 1351 1645">
     <span class='ocr_line' id='line_1_42' title="bbox 234 1589 1351 1645; baseline -0.02 -6"><span class='ocrx_word' id='word_1_360' title='bbox 234 1619 279 1638; x_wconf 88' lang='lat'>22.</span> <span class='ocrx_word' id='word_1_361' title='bbox 296 1618 357 1645; x_wconf 90' lang='lat' dir='ltr'>cap.</span> <span class='ocrx_word' id='word_1_362' title='bbox 370 1617 414 1642; x_wconf 83' lang='lat'>25.</span> <span class='ocrx_word' id='word_1_363' title='bbox 437 1606 477 1635; x_wconf 86' lang='lat' dir='ltr'>Ex</span> <span class='ocrx_word' id='word_1_364' title='bbox 488 1603 583 1633; x_wconf 88' lang='lat' dir='ltr'>iisdem</span> <span class='ocrx_word' id='word_1_365' title='bbox 596 1603 666 1631; x_wconf 85' lang='lat' dir='ltr'>fiunt</span> <span class='ocrx_word' id='word_1_366' title='bbox 676 1602 702 1630; x_wconf 81' lang='lat'>&amp;</span> <span class='ocrx_word' id='word_1_367' title='bbox 713 1606 797 1637; x_wconf 86' lang='lat' dir='ltr'>potus</span> <span class='ocrx_word' id='word_1_368' title='bbox 809 1620 817 1633; x_wconf 94' lang='lat'>,</span> <span class='ocrx_word' id='word_1_369' title='bbox 839 1596 955 1634; x_wconf 87' lang='lat' dir='ltr'>zythum</span> <span class='ocrx_word' id='word_1_370' title='bbox 966 1595 995 1623; x_wconf 91' lang='lat' dir='ltr'>in</span> <span class='ocrx_word' id='word_1_371' title='bbox 1007 1593 1139 1631; x_wconf 77' lang='lat' dir='ltr'>AEgyptO,</span> <span class='ocrx_word' id='word_1_372' title='bbox 1160 1590 1264 1621; x_wconf 85' lang='lat' dir='ltr'>celia&amp;</span> <span class='ocrx_word' id='word_1_373' title='bbox 1276 1589 1351 1618; x_wconf 87' lang='lat' dir='ltr'>ceria</span> 
     </span>
    </p>
   </div>
   <div class='ocr_carea' id='block_1_16' title="bbox 196 1632 1347 1717">
    <p class='ocr_par' dir='ltr' id='par_1_18' title="bbox 196 1632 1347 1717">
     <span class='ocr_line' id='line_1_43' title="bbox 233 1632 980 1683; baseline -0.021 -7"><span class='ocrx_word' id='word_1_374' title='bbox 233 1647 263 1676; x_wconf 90' lang='lat' dir='ltr'>in</span> <span class='ocrx_word' id='word_1_375' title='bbox 274 1645 405 1683; x_wconf 84' lang='lat' dir='ltr'>Hispania</span> <span class='ocrx_word' id='word_1_376' title='bbox 415 1666 422 1679; x_wconf 92' lang='lat'>,</span> <span class='ocrx_word' id='word_1_377' title='bbox 443 1642 555 1673; x_wconf 79' lang='lat' dir='ltr'>cervisia</span> <span class='ocrx_word' id='word_1_378' title='bbox 567 1643 592 1671; x_wconf 73' lang='grc' dir='ltr'>ἂ</span> <span class='ocrx_word' id='word_1_379' title='bbox 603 1640 681 1678; x_wconf 86' lang='lat' dir='ltr'>plura</span> <span class='ocrx_word' id='word_1_380' title='bbox 695 1646 795 1676; x_wconf 86' lang='lat' dir='ltr'>genera</span> <span class='ocrx_word' id='word_1_381' title='bbox 809 1645 874 1665; x_wconf 91' lang='lat' dir='ltr'>cum</span> <span class='ocrx_word' id='word_1_382' title='bbox 887 1632 980 1663; x_wconf 82' lang='lat' dir='ltr'>melle.</span> 
     </span>
     <span class='ocr_line' id='line_1_44' title="bbox 196 1664 1347 1717; baseline -0.02 -2"><span class='ocrx_word' id='word_1_383' title='bbox 196 1685 344 1716; x_wconf 72' lang='lat' dir='ltr'>CERiNT</span> <span class='ocrx_word' id='word_1_384' title='bbox 356 1686 422 1717; x_wconf 62' lang='lat' dir='ltr'>iia,</span> <span class='ocrx_word' id='word_1_385' title='bbox 443 1690 474 1711; x_wconf 81' lang='lat' dir='ltr'>ae.</span> <span class='ocrx_word' id='word_1_386' title='bbox 509 1679 555 1709; x_wconf 89' lang='lat' dir='ltr'>vel</span> <span class='ocrx_word' id='word_1_387' title='bbox 583 1678 759 1708; x_wconf 75' lang='lat' dir='ltr'>CER1NTH</span> <span class='ocrx_word' id='word_1_388' title='bbox 771 1684 803 1709; x_wconf 72' lang='lat' dir='ltr'>a,</span> <span class='ocrx_word' id='word_1_389' title='bbox 823 1682 860 1702; x_wconf 81' lang='lat' dir='ltr'>es,</span> <span class='ocrx_word' id='word_1_390' title='bbox 891 1672 911 1701; x_wconf 85' lang='lat' dir='ltr'>f.</span> <span class='ocrx_word' id='word_1_391' title='bbox 946 1666 1097 1706; x_wconf 50' lang='lat' dir='ltr'>[xnvjvffii]</span> <span class='ocrx_word' id='word_1_392' title='bbox 1128 1666 1222 1697; x_wconf 78' lang='lat' dir='ltr'>Genus</span> <span class='ocrx_word' id='word_1_393' title='bbox 1246 1664 1347 1694; x_wconf 83' lang='lat' dir='ltr'>herbae.</span> 
     </span>
    </p>
   </div>
   <div class='ocr_carea' id='block_1_17' title="bbox 231 1702 1351 1832">
    <p class='ocr_par' dir='ltr' id='par_1_19' title="bbox 231 1702 1351 1832">
     <span class='ocr_line' id='line_1_45' title="bbox 231 1702 1351 1757; baseline -0.02 -5"><span class='ocrx_word' id='word_1_394' title='bbox 231 1722 300 1753; x_wconf 90' lang='lat' dir='ltr'>Plin.</span> <span class='ocrx_word' id='word_1_395' title='bbox 316 1721 364 1750; x_wconf 76' lang='lat' dir='ltr'>lib.</span> <span class='ocrx_word' id='word_1_396' title='bbox 375 1730 418 1749; x_wconf 89' lang='lat'>21.</span> <span class='ocrx_word' id='word_1_397' title='bbox 432 1729 493 1757; x_wconf 86' lang='lat' dir='ltr'>cap.</span> <span class='ocrx_word' id='word_1_398' title='bbox 508 1728 550 1747; x_wconf 90' lang='lat'>12.</span> <span class='ocrx_word' id='word_1_399' title='bbox 572 1716 616 1747; x_wconf 88' lang='lat' dir='ltr'>Est</span> <span class='ocrx_word' id='word_1_400' title='bbox 625 1721 718 1744; x_wconf 91' lang='lat' dir='ltr'>autem</span> <span class='ocrx_word' id='word_1_401' title='bbox 727 1712 853 1743; x_wconf 88' lang='lat' dir='ltr'>cerinthe</span> <span class='ocrx_word' id='word_1_402' title='bbox 864 1709 932 1739; x_wconf 84' lang='lat' dir='ltr'>folio</span> <span class='ocrx_word' id='word_1_403' title='bbox 951 1707 1073 1738; x_wconf 83' lang='lat' dir='ltr'>candido</span> <span class='ocrx_word' id='word_1_404' title='bbox 1084 1727 1093 1741; x_wconf 83' lang='lat'>,</span> <span class='ocrx_word' id='word_1_405' title='bbox 1113 1706 1231 1734; x_wconf 90' lang='lat' dir='ltr'>incurvo</span> <span class='ocrx_word' id='word_1_406' title='bbox 1244 1725 1253 1738; x_wconf 89' lang='lat'>,</span> <span class='ocrx_word' id='word_1_407' title='bbox 1274 1702 1351 1732; x_wconf 91' lang='lat' dir='ltr'>cubi-</span> 
     </span>
     <span class='ocr_line' id='line_1_46' title="bbox 231 1740 1351 1796; baseline -0.019 -6"><span class='ocrx_word' id='word_1_408' title='bbox 231 1760 308 1794; x_wconf 85' lang='lat' dir='ltr'>talis,</span> <span class='ocrx_word' id='word_1_409' title='bbox 329 1759 420 1796; x_wconf 85' lang='lat' dir='ltr'>capite</span> <span class='ocrx_word' id='word_1_410' title='bbox 430 1765 554 1787; x_wconf 88' lang='lat' dir='ltr'>concavo</span> <span class='ocrx_word' id='word_1_411' title='bbox 566 1777 574 1788; x_wconf 97' lang='lat'>,</span> <span class='ocrx_word' id='word_1_412' title='bbox 596 1752 685 1783; x_wconf 90' lang='lat' dir='ltr'>mellis</span> <span class='ocrx_word' id='word_1_413' title='bbox 695 1751 807 1781; x_wconf 86' lang='lat' dir='ltr'>succum</span> <span class='ocrx_word' id='word_1_414' title='bbox 823 1748 953 1778; x_wconf 88' lang='lat' dir='ltr'>habente.</span> <span class='ocrx_word' id='word_1_415' title='bbox 996 1745 1032 1774; x_wconf 84' lang='lat' dir='ltr'>Ea</span> <span class='ocrx_word' id='word_1_416' title='bbox 1052 1754 1067 1773; x_wconf 84' lang='lat' dir='ltr'>a</span> <span class='ocrx_word' id='word_1_417' title='bbox 1090 1753 1118 1772; x_wconf 90' lang='lat' dir='ltr'>es</span> <span class='ocrx_word' id='word_1_418' title='bbox 1137 1743 1258 1772; x_wconf 83' lang='lat' dir='ltr'>maxime</span> <span class='ocrx_word' id='word_1_419' title='bbox 1275 1740 1351 1770; x_wconf 90' lang='lat' dir='ltr'>dele-</span> 
     </span>
     <span class='ocr_line' id='line_1_47' title="bbox 231 1785 1217 1832; baseline -0.019 -4"><span class='ocrx_word' id='word_1_420' title='bbox 231 1800 342 1828; x_wconf 67' lang='lat' dir='ltr'>ctantur</span> <span class='ocrx_word' id='word_1_421' title='bbox 354 1819 362 1832; x_wconf 97' lang='lat'>‚</span> <span class='ocrx_word' id='word_1_422' title='bbox 383 1803 414 1826; x_wconf 89' lang='lat' dir='ltr'>ut</span> <span class='ocrx_word' id='word_1_423' title='bbox 428 1796 503 1824; x_wconf 90' lang='lat' dir='ltr'>idem</span> <span class='ocrx_word' id='word_1_424' title='bbox 516 1794 611 1823; x_wconf 62' lang='lat' dir='ltr'>audior</span> <span class='ocrx_word' id='word_1_425' title='bbox 625 1792 709 1821; x_wconf 88' lang='lat' dir='ltr'>docet</span> <span class='ocrx_word' id='word_1_426' title='bbox 720 1789 822 1818; x_wconf 89' lang='lat' dir='ltr'>eodem</span> <span class='ocrx_word' id='word_1_427' title='bbox 832 1787 905 1816; x_wconf 85' lang='lat' dir='ltr'>loco.</span> <span class='ocrx_word' id='word_1_428' title='bbox 929 1785 1001 1821; x_wconf 85' lang='lat' dir='ltr'>Virg.</span> <span class='ocrx_word' id='word_1_429' title='bbox 1014 1794 1040 1818; x_wconf 93' lang='lat'>4.</span> <span class='ocrx_word' id='word_1_430' title='bbox 1085 1790 1160 1818; x_wconf 87' lang='lat' dir='ltr'>eorg.</span> <span class='ocrx_word' id='word_1_431' title='bbox 1172 1785 1217 1818; x_wconf 87' lang='lat'>⁶3·</span> 
     </span>
    </p>
   </div>
   <div class='ocr_carea' id='block_1_18' title="bbox 195 1827 1350 1906">
    <p class='ocr_par' dir='ltr' id='par_1_20' title="bbox 195 1827 1350 1906">
     <span class='ocr_line' id='line_1_48' title="bbox 385 1827 866 1867; baseline -0.023 -3"><span class='ocrx_word' id='word_1_432' title='bbox 385 1849 422 1854; x_wconf 92' lang='lat'>-—</span> <span class='ocrx_word' id='word_1_433' title='bbox 433 1835 458 1863; x_wconf 74' lang='grc' dir='ltr'><strong>ἃ</strong></span> <span class='ocrx_word' id='word_1_434' title='bbox 469 1832 599 1862; x_wconf 69' lang='lat' dir='ltr'>cerinthae</span> <span class='ocrx_word' id='word_1_435' title='bbox 611 1827 733 1867; x_wconf 83' lang='lat' dir='ltr'>ignobile</span> <span class='ocrx_word' id='word_1_436' title='bbox 745 1835 866 1864; x_wconf 86' lang='lat' dir='ltr'>gramen.</span> 
     </span>
     <span class='ocr_line' id='line_1_49' title="bbox 195 1855 1350 1906; baseline -0.017 -3"><span class='ocrx_word' id='word_1_437' title='bbox 195 1874 218 1904; x_wconf 93' lang='lat' dir='ltr'>C</span> <span class='ocrx_word' id='word_1_438' title='bbox 227 1876 243 1903; x_wconf 70' lang='grc' dir='ltr'>ῑῑ</span> <span class='ocrx_word' id='word_1_439' title='bbox 255 1883 271 1901; x_wconf 72' lang='grc' dir='ltr'>ιι</span> <span class='ocrx_word' id='word_1_440' title='bbox 281 1883 290 1901; x_wconf 95' lang='grc' dir='ltr'>ι</span> <span class='ocrx_word' id='word_1_441' title='bbox 299 1882 319 1901; x_wconf 83' lang='lat' dir='ltr'>N</span> <span class='ocrx_word' id='word_1_442' title='bbox 329 1881 349 1900; x_wconf 81' lang='grc' dir='ltr'>τ</span> <span class='ocrx_word' id='word_1_443' title='bbox 360 1881 406 1901; x_wconf 72' lang='lat' dir='ltr'>riu</span> <span class='ocrx_word' id='word_1_444' title='bbox 416 1880 428 1900; x_wconf 89' lang='lat' dir='ltr'>s</span> <span class='ocrx_word' id='word_1_445' title='bbox 439 1893 447 1906; x_wconf 89' lang='lat'>‚</span> <span class='ocrx_word' id='word_1_446' title='bbox 468 1871 485 1899; x_wconf 93' lang='lat' dir='ltr'>i.</span> <span class='ocrx_word' id='word_1_447' title='bbox 501 1880 537 1899; x_wconf 90' lang='lat' dir='ltr'>m.</span> <span class='ocrx_word' id='word_1_448' title='bbox 561 1865 739 1904; x_wconf 53' lang='grc' dir='ltr'>[κη’ωθῶ]</span> <span class='ocrx_word' id='word_1_449' title='bbox 760 1863 888 1893; x_wconf 80' lang='lat' dir='ltr'>Medium</span> <span class='ocrx_word' id='word_1_450' title='bbox 897 1858 1040 1898; x_wconf 80' lang='lat' dir='ltr'>quiddam,</span> <span class='ocrx_word' id='word_1_451' title='bbox 1052 1858 1125 1886; x_wconf 88' lang='lat' dir='ltr'>inter</span> <span class='ocrx_word' id='word_1_452' title='bbox 1137 1855 1196 1886; x_wconf 81' lang='lat' dir='ltr'>Mel</span> <span class='ocrx_word' id='word_1_453' title='bbox 1206 1856 1232 1885; x_wconf 68' lang='grc' dir='ltr'><strong><em>ἃ</em></strong></span> <span class='ocrx_word' id='word_1_454' title='bbox 1242 1855 1350 1890; x_wconf 73' lang='lat' dir='ltr'>Ceram,</span> 
     </span>
    </p>
   </div>
   <div class='ocr_carea' id='block_1_19' title="bbox 191 1895 1352 2287">
    <p class='ocr_par' dir='ltr' id='par_1_21' title="bbox 191 1895 1352 2287">
     <span class='ocr_line' id='line_1_50' title="bbox 230 1895 1351 1943; baseline -0.019 -2"><span class='ocrx_word' id='word_1_455' title='bbox 230 1911 278 1941; x_wconf 83' lang='lat' dir='ltr'>alii</span> <span class='ocrx_word' id='word_1_456' title='bbox 288 1910 471 1940; x_wconf 80' lang='lat' dir='ltr'>Sandaracam</span> <span class='ocrx_word' id='word_1_457' title='bbox 486 1929 494 1943; x_wconf 91' lang='lat'>,</span> <span class='ocrx_word' id='word_1_458' title='bbox 516 1907 562 1937; x_wconf 84' lang='lat' dir='ltr'>alii</span> <span class='ocrx_word' id='word_1_459' title='bbox 578 1905 722 1935; x_wconf 86' lang='lat' dir='ltr'>Erithacen</span> <span class='ocrx_word' id='word_1_460' title='bbox 732 1907 854 1935; x_wconf 87' lang='lat' dir='ltr'>vocant,</span> <span class='ocrx_word' id='word_1_461' title='bbox 875 1899 952 1928; x_wconf 89' lang='lat' dir='ltr'>cibus</span> <span class='ocrx_word' id='word_1_462' title='bbox 971 1906 1055 1935; x_wconf 82' lang='lat' dir='ltr'>apum</span> <span class='ocrx_word' id='word_1_463' title='bbox 1070 1896 1109 1924; x_wconf 88' lang='lat' dir='ltr'>est</span> <span class='ocrx_word' id='word_1_464' title='bbox 1120 1917 1128 1929; x_wconf 83' lang='lat'>,</span> <span class='ocrx_word' id='word_1_465' title='bbox 1150 1895 1218 1924; x_wconf 88' lang='lat' dir='ltr'>dum</span> <span class='ocrx_word' id='word_1_466' title='bbox 1235 1902 1351 1931; x_wconf 82' lang='lat' dir='ltr'>operan-</span> 
     </span>
     <span class='ocr_line' id='line_1_51' title="bbox 231 1930 1351 1985; baseline -0.019 -6"><span class='ocrx_word' id='word_1_467' title='bbox 231 1956 293 1983; x_wconf 86' lang='lat' dir='ltr'>tur,</span> <span class='ocrx_word' id='word_1_468' title='bbox 316 1948 362 1985; x_wconf 87' lang='lat' dir='ltr'>qui</span> <span class='ocrx_word' id='word_1_469' title='bbox 373 1947 442 1985; x_wconf 86' lang='lat' dir='ltr'>saepe</span> <span class='ocrx_word' id='word_1_470' title='bbox 459 1945 600 1975; x_wconf 86' lang='lat' dir='ltr'>invenitur</span> <span class='ocrx_word' id='word_1_471' title='bbox 616 1944 644 1972; x_wconf 92' lang='lat' dir='ltr'>in</span> <span class='ocrx_word' id='word_1_472' title='bbox 658 1942 785 1971; x_wconf 89' lang='lat' dir='ltr'>favorum</span> <span class='ocrx_word' id='word_1_473' title='bbox 801 1937 980 1968; x_wconf 85' lang='lat' dir='ltr'>inanitatibus</span> <span class='ocrx_word' id='word_1_474' title='bbox 999 1933 1146 1972; x_wconf 86' lang='lat' dir='ltr'>sepositus,</span> <span class='ocrx_word' id='word_1_475' title='bbox 1169 1933 1195 1962; x_wconf 73' lang='grc' dir='ltr'>δι</span> <span class='ocrx_word' id='word_1_476' title='bbox 1211 1931 1295 1960; x_wconf 86' lang='lat' dir='ltr'>amari</span> <span class='ocrx_word' id='word_1_477' title='bbox 1313 1930 1351 1960; x_wconf 86' lang='lat' dir='ltr'>sa-</span> 
     </span>
     <span class='ocr_line' id='line_1_52' title="bbox 230 1969 1350 2026; baseline -0.019 -9"><span class='ocrx_word' id='word_1_478' title='bbox 230 1987 314 2026; x_wconf 81' lang='lat' dir='ltr'>por&#39;S.</span> <span class='ocrx_word' id='word_1_479' title='bbox 355 1986 483 2022; x_wconf 80' lang='lat' dir='ltr'>Gignitur</span> <span class='ocrx_word' id='word_1_480' title='bbox 497 1990 589 2013; x_wconf 76' lang='lat' dir='ltr'>autem</span> <span class='ocrx_word' id='word_1_481' title='bbox 602 1990 664 2010; x_wconf 92' lang='lat' dir='ltr'>rore</span> <span class='ocrx_word' id='word_1_482' title='bbox 672 1988 773 2012; x_wconf 78' lang='lat' dir='ltr'>verne,</span> <span class='ocrx_word' id='word_1_483' title='bbox 796 1979 822 2006; x_wconf 63' lang='grc' dir='ltr'>ὁὶ</span> <span class='ocrx_word' id='word_1_484' title='bbox 843 1977 973 2005; x_wconf 86' lang='lat' dir='ltr'>arborum</span> <span class='ocrx_word' id='word_1_485' title='bbox 988 1973 1070 2002; x_wconf 89' lang='lat' dir='ltr'>succo</span> <span class='ocrx_word' id='word_1_486' title='bbox 1083 1993 1091 2007; x_wconf 88' lang='lat'>,</span> <span class='ocrx_word' id='word_1_487' title='bbox 1113 1970 1220 2009; x_wconf 87' lang='lat' dir='ltr'>gummi</span> <span class='ocrx_word' id='word_1_488' title='bbox 1239 1969 1326 1998; x_wconf 91' lang='lat' dir='ltr'>modo</span> <span class='ocrx_word' id='word_1_489' title='bbox 1340 1989 1350 2004; x_wconf 91' lang='lat'>,</span> 
     </span>
     <span class='ocr_line' id='line_1_53' title="bbox 230 2011 1210 2063; baseline -0.018 -9"><span class='ocrx_word' id='word_1_490' title='bbox 230 2024 367 2063; x_wconf 87' lang='lat' dir='ltr'>plurimus</span> <span class='ocrx_word' id='word_1_491' title='bbox 381 2024 409 2052; x_wconf 91' lang='lat' dir='ltr'>in</span> <span class='ocrx_word' id='word_1_492' title='bbox 421 2021 521 2052; x_wconf 82' lang='lat' dir='ltr'>Graecis</span> <span class='ocrx_word' id='word_1_493' title='bbox 530 2020 655 2049; x_wconf 88' lang='lat' dir='ltr'>nucibus.</span> <span class='ocrx_word' id='word_1_494' title='bbox 696 2017 728 2045; x_wconf 92' lang='lat' dir='ltr'>V.</span> <span class='ocrx_word' id='word_1_495' title='bbox 753 2016 820 2044; x_wconf 88' lang='lat' dir='ltr'>Plin.</span> <span class='ocrx_word' id='word_1_496' title='bbox 833 2014 880 2043; x_wconf 91' lang='lat' dir='ltr'>lib.</span> <span class='ocrx_word' id='word_1_497' title='bbox 896 2023 936 2041; x_wconf 89' lang='grc' dir='ltr'>ιι.</span> <span class='ocrx_word' id='word_1_498' title='bbox 951 2022 1008 2049; x_wconf 82' lang='lat' dir='ltr'>cap.</span> <span class='ocrx_word' id='word_1_499' title='bbox 1025 2016 1050 2043; x_wconf 85' lang='lat'>8.</span> <span class='ocrx_word' id='word_1_500' title='bbox 1068 2011 1093 2039; x_wconf 74' lang='grc' dir='ltr'>δι</span> <span class='ocrx_word' id='word_1_501' title='bbox 1110 2019 1153 2038; x_wconf 91' lang='grc' dir='ltr'>2ι.</span> <span class='ocrx_word' id='word_1_502' title='bbox 1169 2017 1210 2036; x_wconf 74' lang='grc' dir='ltr'>ι2.</span> 
     </span>
     <span class='ocr_line' id='line_1_54' title="bbox 191 2045 1349 2096; baseline -0.018 -3"><span class='ocrx_word' id='word_1_503' title='bbox 191 2063 240 2094; x_wconf 72' lang='grc' dir='ltr'>ΟΞ</span> <span class='ocrx_word' id='word_1_504' title='bbox 250 2073 265 2091; x_wconf 80' lang='lat' dir='ltr'>R</span> <span class='ocrx_word' id='word_1_505' title='bbox 277 2073 286 2090; x_wconf 94' lang='lat'>1</span> <span class='ocrx_word' id='word_1_506' title='bbox 294 2071 314 2091; x_wconf 77' lang='grc' dir='ltr'>Ν</span> <span class='ocrx_word' id='word_1_507' title='bbox 324 2071 343 2090; x_wconf 84' lang='lat' dir='ltr'>T</span> <span class='ocrx_word' id='word_1_508' title='bbox 353 2071 373 2090; x_wconf 82' lang='lat' dir='ltr'><em>H</em></span> <span class='ocrx_word' id='word_1_509' title='bbox 383 2071 400 2089; x_wconf 84' lang='grc' dir='ltr'>υ</span> <span class='ocrx_word' id='word_1_510' title='bbox 409 2070 422 2090; x_wconf 93' lang='lat' dir='ltr'>s</span> <span class='ocrx_word' id='word_1_511' title='bbox 433 2082 441 2095; x_wconf 97' lang='lat'>,</span> <span class='ocrx_word' id='word_1_512' title='bbox 463 2057 647 2096; x_wconf 49' lang='lat' dir='ltr'>[aaziae]</span> <span class='ocrx_word' id='word_1_513' title='bbox 662 2055 808 2093; x_wconf 71' lang='lat' dir='ltr'>Oppidum</span> <span class='ocrx_word' id='word_1_514' title='bbox 820 2053 848 2081; x_wconf 92' lang='lat' dir='ltr'>in</span> <span class='ocrx_word' id='word_1_515' title='bbox 860 2051 963 2081; x_wconf 74' lang='lat' dir='ltr'>Euboea</span> <span class='ocrx_word' id='word_1_516' title='bbox 974 2048 1070 2078; x_wconf 89' lang='lat' dir='ltr'>insula.</span> <span class='ocrx_word' id='word_1_517' title='bbox 1083 2045 1349 2080; x_wconf 75' lang='lat' dir='ltr'>Plin.lib.4.cap.i3.</span> 
     </span>
     <span class='ocr_line' id='line_1_55' title="bbox 231 2083 1351 2131; baseline -0.018 -1"><span class='ocrx_word' id='word_1_518' title='bbox 231 2101 295 2131; x_wconf 88' lang='lat' dir='ltr'>Fuit</span> <span class='ocrx_word' id='word_1_519' title='bbox 305 2101 330 2129; x_wconf 87' lang='lat'>&amp;</span> <span class='ocrx_word' id='word_1_520' title='bbox 340 2099 396 2128; x_wconf 87' lang='lat' dir='ltr'>hoc</span> <span class='ocrx_word' id='word_1_521' title='bbox 407 2099 521 2127; x_wconf 89' lang='lat' dir='ltr'>nomine</span> <span class='ocrx_word' id='word_1_522' title='bbox 532 2096 679 2125; x_wconf 85' lang='lat' dir='ltr'>Cerinthus</span> <span class='ocrx_word' id='word_1_523' title='bbox 691 2093 803 2130; x_wconf 87' lang='lat' dir='ltr'>quidam</span> <span class='ocrx_word' id='word_1_524' title='bbox 815 2090 966 2120; x_wconf 76' lang='lat' dir='ltr'>Haereticus</span> <span class='ocrx_word' id='word_1_525' title='bbox 978 2109 985 2122; x_wconf 78' lang='lat'>‚</span> <span class='ocrx_word' id='word_1_526' title='bbox 1007 2086 1087 2122; x_wconf 90' lang='lat' dir='ltr'>cujus</span> <span class='ocrx_word' id='word_1_527' title='bbox 1106 2084 1235 2114; x_wconf 89' lang='lat' dir='ltr'>meminit</span> <span class='ocrx_word' id='word_1_528' title='bbox 1247 2083 1351 2119; x_wconf 85' lang='lat' dir='ltr'>Diony-</span> 
     </span>
     <span class='ocr_line' id='line_1_56' title="bbox 251 2121 1351 2173; baseline -0.019 -5"><span class='ocrx_word' id='word_1_529' title='bbox 251 2138 303 2167; x_wconf 86' lang='lat' dir='ltr'>fius</span> <span class='ocrx_word' id='word_1_530' title='bbox 313 2159 321 2172; x_wconf 93' lang='lat'>,</span> <span class='ocrx_word' id='word_1_531' title='bbox 342 2146 426 2173; x_wconf 88' lang='lat' dir='ltr'>quum</span> <span class='ocrx_word' id='word_1_532' title='bbox 439 2136 474 2164; x_wconf 87' lang='lat' dir='ltr'>de</span> <span class='ocrx_word' id='word_1_533' title='bbox 484 2134 600 2170; x_wconf 85' lang='lat' dir='ltr'>Joannis</span> <span class='ocrx_word' id='word_1_534' title='bbox 613 2131 781 2161; x_wconf 83' lang='lat' dir='ltr'>revelatione</span> <span class='ocrx_word' id='word_1_535' title='bbox 801 2127 913 2157; x_wconf 80' lang='lat' dir='ltr'>disserit.</span> <span class='ocrx_word' id='word_1_536' title='bbox 954 2125 1103 2154; x_wconf 86' lang='lat' dir='ltr'>Cerinthus</span> <span class='ocrx_word' id='word_1_537' title='bbox 1118 2144 1125 2158; x_wconf 93' lang='lat'>,</span> <span class='ocrx_word' id='word_1_538' title='bbox 1149 2121 1239 2158; x_wconf 87' lang='lat' dir='ltr'>inquit</span> <span class='ocrx_word' id='word_1_539' title='bbox 1253 2143 1260 2156; x_wconf 92' lang='lat'>,</span> <span class='ocrx_word' id='word_1_540' title='bbox 1282 2121 1351 2149; x_wconf 83' lang='lat' dir='ltr'>affir-</span> 
     </span>
     <span class='ocr_line' id='line_1_57' title="bbox 250 2157 1352 2209; baseline -0.017 -4"><span class='ocrx_word' id='word_1_541' title='bbox 250 2175 345 2205; x_wconf 86' lang='lat' dir='ltr'>mabat</span> <span class='ocrx_word' id='word_1_542' title='bbox 356 2175 478 2203; x_wconf 87' lang='lat' dir='ltr'>futurum</span> <span class='ocrx_word' id='word_1_543' title='bbox 490 2180 605 2209; x_wconf 89' lang='lat' dir='ltr'>regnum</span> <span class='ocrx_word' id='word_1_544' title='bbox 621 2169 719 2199; x_wconf 83' lang='lat' dir='ltr'>Christi</span> <span class='ocrx_word' id='word_1_545' title='bbox 732 2166 921 2203; x_wconf 87' lang='lat' dir='ltr'>voluptarium</span> <span class='ocrx_word' id='word_1_546' title='bbox 933 2185 941 2199; x_wconf 74' lang='lat'>,</span> <span class='ocrx_word' id='word_1_547' title='bbox 962 2172 1054 2192; x_wconf 88' lang='lat' dir='ltr'>mores</span> <span class='ocrx_word' id='word_1_548' title='bbox 1070 2162 1132 2190; x_wconf 89' lang='lat' dir='ltr'>suos</span> <span class='ocrx_word' id='word_1_549' title='bbox 1146 2158 1229 2189; x_wconf 78' lang='lat' dir='ltr'>fass&#39;us</span> <span class='ocrx_word' id='word_1_550' title='bbox 1244 2181 1252 2193; x_wconf 92' lang='lat'>,</span> <span class='ocrx_word' id='word_1_551' title='bbox 1275 2157 1352 2196; x_wconf 88' lang='lat' dir='ltr'>quod</span> 
     </span>
     <span class='ocr_line' id='line_1_58' title="bbox 251 2196 1352 2252; baseline -0.018 -9"><span class='ocrx_word' id='word_1_552' title='bbox 251 2213 322 2252; x_wconf 78' lang='lat' dir='ltr'>gulae</span> <span class='ocrx_word' id='word_1_553' title='bbox 334 2212 504 2248; x_wconf 70' lang='lat' dir='ltr'>luxurizeque</span> <span class='ocrx_word' id='word_1_554' title='bbox 516 2209 627 2238; x_wconf 90' lang='lat' dir='ltr'>deditus</span> <span class='ocrx_word' id='word_1_555' title='bbox 644 2206 716 2236; x_wconf 87' lang='lat' dir='ltr'>esset.</span> <span class='ocrx_word' id='word_1_556' title='bbox 758 2205 877 2234; x_wconf 85' lang='lat' dir='ltr'>Irenaeus</span> <span class='ocrx_word' id='word_1_557' title='bbox 894 2202 979 2231; x_wconf 87' lang='lat' dir='ltr'>etiam</span> <span class='ocrx_word' id='word_1_558' title='bbox 994 2200 1139 2229; x_wconf 78' lang='lat' dir='ltr'>secretiora</span> <span class='ocrx_word' id='word_1_559' title='bbox 1150 2197 1233 2235; x_wconf 90' lang='lat' dir='ltr'>ipsius</span> <span class='ocrx_word' id='word_1_560' title='bbox 1248 2197 1277 2226; x_wconf 92' lang='lat' dir='ltr'>in</span> <span class='ocrx_word' id='word_1_561' title='bbox 1296 2196 1352 2235; x_wconf 85' lang='lat' dir='ltr'>pri-</span> 
     </span>
     <span class='ocr_line' id='line_1_59' title="bbox 251 2236 1241 2287; baseline -0.017 -6"><span class='ocrx_word' id='word_1_562' title='bbox 251 2261 299 2281; x_wconf 89' lang='lat' dir='ltr'>mo</span> <span class='ocrx_word' id='word_1_563' title='bbox 307 2250 347 2280; x_wconf 87' lang='lat' dir='ltr'>sui</span> <span class='ocrx_word' id='word_1_564' title='bbox 359 2251 451 2287; x_wconf 85' lang='lat' dir='ltr'>operis</span> <span class='ocrx_word' id='word_1_565' title='bbox 461 2247 623 2278; x_wconf 77' lang='lat' dir='ltr'>manifestat.</span> <span class='ocrx_word' id='word_1_566' title='bbox 655 2245 695 2274; x_wconf 81' lang='lat' dir='ltr'>Ex</span> <span class='ocrx_word' id='word_1_567' title='bbox 705 2242 813 2273; x_wconf 89' lang='lat' dir='ltr'>Eusebii</span> <span class='ocrx_word' id='word_1_568' title='bbox 829 2240 878 2270; x_wconf 91' lang='lat' dir='ltr'>lib.</span> <span class='ocrx_word' id='word_1_569' title='bbox 895 2249 920 2275; x_wconf 87' lang='lat'>3.</span> <span class='ocrx_word' id='word_1_570' title='bbox 943 2239 974 2268; x_wconf 95' lang='lat' dir='ltr'>V.</span> <span class='ocrx_word' id='word_1_571' title='bbox 995 2238 1096 2276; x_wconf 87' lang='lat' dir='ltr'>Epiph.</span> <span class='ocrx_word' id='word_1_572' title='bbox 1109 2236 1181 2266; x_wconf 88' lang='lat' dir='ltr'>Haer.</span> <span class='ocrx_word' id='word_1_573' title='bbox 1195 2244 1241 2265; x_wconf 86' lang='lat'>22.</span> 
     </span>
    </p>
   </div>
   <div class='ocr_carea' id='block_1_20' title="bbox 194 2287 1350 2361">
    <p class='ocr_par' dir='ltr' id='par_1_22' title="bbox 194 2287 1350 2361">
     <span class='ocr_line' id='line_1_60' title="bbox 194 2287 560 2323; baseline -0.016 -4"><span class='ocrx_word' id='word_1_574' title='bbox 194 2289 380 2323; x_wconf 64' lang='lat' dir='ltr'>Casinus,</span> <span class='ocrx_word' id='word_1_575' title='bbox 401 2287 433 2317; x_wconf 90' lang='lat' dir='ltr'>ln</span> <span class='ocrx_word' id='word_1_576' title='bbox 453 2295 560 2316; x_wconf 68' lang='lat' dir='ltr'>caan.</span> 
     </span>
     <span class='ocr_line' id='line_1_61' title="bbox 194 2309 1350 2361; baseline -0.016 -5"><span class='ocrx_word' id='word_1_577' title='bbox 194 2327 374 2360; x_wconf 68' lang='lat' dir='ltr'>Cissi’rsss‚</span> <span class='ocrx_word' id='word_1_578' title='bbox 408 2324 505 2361; x_wconf 85' lang='lat' dir='ltr'>Populi</span> <span class='ocrx_word' id='word_1_579' title='bbox 531 2322 594 2352; x_wconf 85' lang='lat' dir='ltr'>sunt</span> <span class='ocrx_word' id='word_1_580' title='bbox 622 2319 717 2353; x_wconf 78' lang='lat' dir='ltr'>Cerae,</span> <span class='ocrx_word' id='word_1_581' title='bbox 752 2317 789 2347; x_wconf 82' lang='lat' dir='ltr'>fic</span> <span class='ocrx_word' id='word_1_582' title='bbox 815 2316 891 2346; x_wconf 91' lang='lat' dir='ltr'>enim</span> <span class='ocrx_word' id='word_1_583' title='bbox 915 2313 1093 2345; x_wconf 87' lang='lat' dir='ltr'>scribendum</span> <span class='ocrx_word' id='word_1_584' title='bbox 1123 2311 1180 2346; x_wconf 85' lang='lat' dir='ltr'>est,</span> <span class='ocrx_word' id='word_1_585' title='bbox 1218 2309 1350 2349; x_wconf 83' lang='lat' dir='ltr'>Oppidi,</span> 
     </span>
    </p>
   </div>
   <div class='ocr_carea' id='block_1_21' title="bbox 231 2349 1352 2439">
    <p class='ocr_par' dir='ltr' id='par_1_23' title="bbox 231 2349 1352 2439">
     <span class='ocr_line' id='line_1_62' title="bbox 231 2349 1352 2402; baseline -0.017 -8"><span class='ocrx_word' id='word_1_586' title='bbox 231 2374 301 2402; x_wconf 90' lang='lat' dir='ltr'>quos</span> <span class='ocrx_word' id='word_1_587' title='bbox 311 2372 396 2400; x_wconf 88' lang='lat' dir='ltr'>quum</span> <span class='ocrx_word' id='word_1_588' title='bbox 405 2361 531 2391; x_wconf 76' lang='lat' dir='ltr'>vicissent</span> <span class='ocrx_word' id='word_1_589' title='bbox 542 2359 659 2390; x_wconf 85' lang='lat' dir='ltr'>Romani</span> <span class='ocrx_word' id='word_1_590' title='bbox 670 2380 678 2393; x_wconf 91' lang='lat'>,</span> <span class='ocrx_word' id='word_1_591' title='bbox 699 2357 852 2386; x_wconf 85' lang='lat' dir='ltr'>statuerunt</span> <span class='ocrx_word' id='word_1_592' title='bbox 861 2360 891 2383; x_wconf 91' lang='lat' dir='ltr'>ut</span> <span class='ocrx_word' id='word_1_593' title='bbox 903 2361 1044 2389; x_wconf 86' lang='lat' dir='ltr'>nunquam</span> <span class='ocrx_word' id='word_1_594' title='bbox 1056 2350 1129 2387; x_wconf 84' lang='lat' dir='ltr'>leges</span> <span class='ocrx_word' id='word_1_595' title='bbox 1141 2349 1260 2378; x_wconf 88' lang='lat' dir='ltr'>ederent</span> <span class='ocrx_word' id='word_1_596' title='bbox 1270 2370 1278 2384; x_wconf 92' lang='lat'>,</span> <span class='ocrx_word' id='word_1_597' title='bbox 1299 2357 1352 2376; x_wconf 89' lang='lat' dir='ltr'>nec</span> 
     </span>
     <span class='ocr_line' id='line_1_63' title="bbox 232 2385 1352 2439; baseline -0.016 -7"><span class='ocrx_word' id='word_1_598' title='bbox 232 2402 307 2439; x_wconf 86' lang='lat' dir='ltr'>leges</span> <span class='ocrx_word' id='word_1_599' title='bbox 323 2401 477 2434; x_wconf 86' lang='lat' dir='ltr'>haberent,</span> <span class='ocrx_word' id='word_1_600' title='bbox 499 2398 574 2436; x_wconf 88' lang='lat' dir='ltr'>quod</span> <span class='ocrx_word' id='word_1_601' title='bbox 591 2396 711 2426; x_wconf 88' lang='lat' dir='ltr'>multum</span> <span class='ocrx_word' id='word_1_602' title='bbox 729 2391 947 2432; x_wconf 87' lang='lat' dir='ltr'>ignominiosum</span> <span class='ocrx_word' id='word_1_603' title='bbox 966 2390 1027 2419; x_wconf 81' lang='lat' dir='ltr'>fuit.</span> <span class='ocrx_word' id='word_1_604' title='bbox 1048 2388 1116 2418; x_wconf 82' lang='lat' dir='ltr'>Haec</span> <span class='ocrx_word' id='word_1_605' title='bbox 1132 2388 1223 2417; x_wconf 84' lang='lat' dir='ltr'>Acron</span> <span class='ocrx_word' id='word_1_606' title='bbox 1238 2387 1267 2416; x_wconf 93' lang='lat' dir='ltr'>in</span> <span class='ocrx_word' id='word_1_607' title='bbox 1280 2385 1352 2415; x_wconf 87' lang='lat' dir='ltr'>illud</span> 
     </span>
    </p>
   </div>
   <div class='ocr_carea' id='block_1_22' title="bbox 232 2437 1348 2506">
    <p class='ocr_par' dir='ltr' id='par_1_24' title="bbox 232 2437 1348 2506">
     <span class='ocr_line' id='line_1_64' title="bbox 232 2437 596 2475; baseline -0.016 -5"><span class='ocrx_word' id='word_1_608' title='bbox 232 2440 358 2474; x_wconf 82' lang='lat' dir='ltr'>Horatii,</span> <span class='ocrx_word' id='word_1_609' title='bbox 382 2449 404 2468; x_wconf 85' lang='lat'>1.</span> <span class='ocrx_word' id='word_1_610' title='bbox 418 2437 499 2475; x_wconf 89' lang='lat' dir='ltr'>Epist.</span> <span class='ocrx_word' id='word_1_611' title='bbox 513 2440 537 2466; x_wconf 92' lang='lat'>6.</span> <span class='ocrx_word' id='word_1_612' title='bbox 551 2439 596 2465; x_wconf 86' lang='lat'>62.</span> 
     </span>
     <span class='ocr_line' id='line_1_65' title="bbox 388 2461 1348 2506; baseline -0.017 0"><span class='ocrx_word' id='word_1_613' title='bbox 388 2491 425 2497; x_wconf 59' lang='grc'>»-</span> <span class='ocrx_word' id='word_1_614' title='bbox 435 2475 525 2505; x_wconf 89' lang='lat' dir='ltr'>Cerite</span> <span class='ocrx_word' id='word_1_615' title='bbox 537 2482 600 2503; x_wconf 84' lang='lat' dir='ltr'>cera</span> <span class='ocrx_word' id='word_1_616' title='bbox 708 2469 803 2506; x_wconf 84' lang='lat' dir='ltr'>Digni.</span> <span class='ocrx_word' id='word_1_617' title='bbox 913 2464 1093 2496; x_wconf 88' lang='lat' dir='ltr'>Proverbialis</span> <span class='ocrx_word' id='word_1_618' title='bbox 1104 2462 1249 2492; x_wconf 86' lang='lat' dir='ltr'>sententia.</span> <span class='ocrx_word' id='word_1_619' title='bbox 1290 2461 1308 2491; x_wconf 94' lang='lat' dir='ltr'>i.</span> <span class='ocrx_word' id='word_1_620' title='bbox 1323 2471 1348 2491; x_wconf 90' lang='lat' dir='ltr'>e.</span> 
     </span>
    </p>
   </div>
   <div class='ocr_carea' id='block_1_23' title="bbox 197 2501 1352 2771">
    <p class='ocr_par' dir='ltr' id='par_1_25' title="bbox 233 2501 1349 2587">
     <span class='ocr_line' id='line_1_66' title="bbox 233 2501 1349 2551; baseline -0.014 -6"><span class='ocrx_word' id='word_1_621' title='bbox 233 2516 300 2545; x_wconf 90' lang='lat' dir='ltr'>Sine</span> <span class='ocrx_word' id='word_1_622' title='bbox 308 2514 387 2551; x_wconf 87' lang='lat' dir='ltr'>lege,</span> <span class='ocrx_word' id='word_1_623' title='bbox 409 2512 568 2549; x_wconf 75' lang='lat' dir='ltr'>&amp;suffragio</span> <span class='ocrx_word' id='word_1_624' title='bbox 579 2506 677 2545; x_wconf 86' lang='lat' dir='ltr'>nullo,</span> <span class='ocrx_word' id='word_1_625' title='bbox 698 2508 787 2544; x_wconf 90' lang='lat' dir='ltr'>inquit</span> <span class='ocrx_word' id='word_1_626' title='bbox 795 2505 922 2535; x_wconf 82' lang='lat' dir='ltr'>Budaeus.</span> <span class='ocrx_word' id='word_1_627' title='bbox 962 2503 1017 2533; x_wconf 84' lang='lat' dir='ltr'>Sed</span> <span class='ocrx_word' id='word_1_628' title='bbox 1039 2503 1069 2532; x_wconf 98' lang='lat' dir='ltr'>V.</span> <span class='ocrx_word' id='word_1_629' title='bbox 1090 2502 1204 2531; x_wconf 81' lang='lat' dir='ltr'>Caerites</span> <span class='ocrx_word' id='word_1_630' title='bbox 1218 2501 1247 2529; x_wconf 91' lang='lat' dir='ltr'>in</span> <span class='ocrx_word' id='word_1_631' title='bbox 1263 2509 1349 2529; x_wconf 71' lang='lat' dir='ltr'>CAERR.</span> 
     </span>
     <span class='ocr_line' id='line_1_67' title="bbox 233 2544 894 2587; baseline -0.017 -5"><span class='ocrx_word' id='word_1_632' title='bbox 233 2553 266 2581; x_wconf 92' lang='lat' dir='ltr'>V.</span> <span class='ocrx_word' id='word_1_633' title='bbox 284 2554 309 2581; x_wconf 85' lang='lat'>&amp;</span> <span class='ocrx_word' id='word_1_634' title='bbox 328 2552 392 2581; x_wconf 75' lang='lat' dir='ltr'>Fest.</span> <span class='ocrx_word' id='word_1_635' title='bbox 410 2554 439 2580; x_wconf 90' lang='lat' dir='ltr'>in</span> <span class='ocrx_word' id='word_1_636' title='bbox 450 2549 638 2587; x_wconf 79' lang='lat' dir='ltr'>Municipium</span> <span class='ocrx_word' id='word_1_637' title='bbox 650 2548 675 2576; x_wconf 66' lang='lat' dir='ltr'>Se</span> <span class='ocrx_word' id='word_1_638' title='bbox 685 2546 714 2575; x_wconf 89' lang='lat' dir='ltr'>in</span> <span class='ocrx_word' id='word_1_639' title='bbox 725 2544 894 2574; x_wconf 66' lang='lat' dir='ltr'>Praefectura.</span> 
     </span>
    </p>

    <p class='ocr_par' dir='ltr' id='par_1_26' title="bbox 197 2577 1352 2703">
     <span class='ocr_line' id='line_1_68' title="bbox 197 2577 1352 2624; baseline -0.016 -3"><span class='ocrx_word' id='word_1_640' title='bbox 197 2591 383 2624; x_wconf 69' lang='grc' dir='ltr'>Οἴειιῑτυε,</span> <span class='ocrx_word' id='word_1_641' title='bbox 411 2590 429 2618; x_wconf 92' lang='lat' dir='ltr'>i.</span> <span class='ocrx_word' id='word_1_642' title='bbox 451 2598 487 2617; x_wconf 93' lang='lat' dir='ltr'>m.</span> <span class='ocrx_word' id='word_1_643' title='bbox 509 2584 737 2623; x_wconf 49' lang='grc' dir='ltr'>[νυμφόληπἿΘε]</span> <span class='ocrx_word' id='word_1_644' title='bbox 758 2582 864 2611; x_wconf 85' lang='lat' dir='ltr'>Cereris</span> <span class='ocrx_word' id='word_1_645' title='bbox 887 2582 925 2609; x_wconf 91' lang='lat' dir='ltr'>ira</span> <span class='ocrx_word' id='word_1_646' title='bbox 950 2580 976 2609; x_wconf 69' lang='grc' dir='ltr'>ἃ</span> <span class='ocrx_word' id='word_1_647' title='bbox 1004 2577 1200 2614; x_wconf 80' lang='lat' dir='ltr'>indignatione</span> <span class='ocrx_word' id='word_1_648' title='bbox 1228 2581 1352 2605; x_wconf 79' lang='lat' dir='ltr'>vexatus.</span> 
     </span>
     <span class='ocr_line' id='line_1_69' title="bbox 232 2613 1352 2660; baseline -0.014 -2"><span class='ocrx_word' id='word_1_649' title='bbox 232 2629 306 2660; x_wconf 87' lang='lat' dir='ltr'>Nam</span> <span class='ocrx_word' id='word_1_650' title='bbox 317 2629 345 2656; x_wconf 92' lang='lat' dir='ltr'>in</span> <span class='ocrx_word' id='word_1_651' title='bbox 363 2627 468 2657; x_wconf 87' lang='lat' dir='ltr'>Cereris</span> <span class='ocrx_word' id='word_1_652' title='bbox 482 2625 563 2655; x_wconf 88' lang='lat' dir='ltr'>sacris</span> <span class='ocrx_word' id='word_1_653' title='bbox 577 2624 670 2653; x_wconf 89' lang='lat' dir='ltr'>furore</span> <span class='ocrx_word' id='word_1_654' title='bbox 685 2620 914 2658; x_wconf 85' lang='lat' dir='ltr'>corripiebantur.</span> <span class='ocrx_word' id='word_1_655' title='bbox 936 2616 1013 2647; x_wconf 88' lang='lat' dir='ltr'>unde</span> <span class='ocrx_word' id='word_1_656' title='bbox 1031 2616 1140 2645; x_wconf 85' lang='lat' dir='ltr'>Ceritus</span> <span class='ocrx_word' id='word_1_657' title='bbox 1156 2615 1194 2644; x_wconf 89' lang='lat' dir='ltr'>est</span> <span class='ocrx_word' id='word_1_658' title='bbox 1214 2613 1352 2644; x_wconf 81' lang='lat' dir='ltr'>Furiosus.</span> 
     </span>
     <span class='ocr_line' id='line_1_70' title="bbox 232 2665 586 2703; baseline -0.017 -7"><span class='ocrx_word' id='word_1_659' title='bbox 232 2667 319 2696; x_wconf 86' lang='lat' dir='ltr'>Plaut.</span> <span class='ocrx_word' id='word_1_660' title='bbox 332 2665 429 2703; x_wconf 83' lang='lat' dir='ltr'>Amph.</span> <span class='ocrx_word' id='word_1_661' title='bbox 442 2674 468 2694; x_wconf 89' lang='lat'>2.</span> <span class='ocrx_word' id='word_1_662' title='bbox 484 2673 509 2692; x_wconf 91' lang='lat'>2.</span> <span class='ocrx_word' id='word_1_663' title='bbox 526 2671 586 2698; x_wconf 75' lang='lat'>143.</span> 
     </span>
    </p>

    <p class='ocr_par' dir='ltr' id='par_1_27' title="bbox 312 2693 1191 2771">
     <span class='ocr_line' id='line_1_71' title="bbox 426 2693 880 2737; baseline -0.022 -5"><span class='ocrx_word' id='word_1_664' title='bbox 426 2717 463 2722; x_wconf 83' lang='lat'>—-</span> <span class='ocrx_word' id='word_1_665' title='bbox 473 2700 573 2737; x_wconf 78' lang='lat' dir='ltr'>Quaeso</span> <span class='ocrx_word' id='word_1_666' title='bbox 584 2698 651 2735; x_wconf 87' lang='lat' dir='ltr'>quin</span> <span class='ocrx_word' id='word_1_667' title='bbox 667 2703 697 2726; x_wconf 92' lang='lat' dir='ltr'>tu</span> <span class='ocrx_word' id='word_1_668' title='bbox 706 2696 792 2726; x_wconf 83' lang='lat' dir='ltr'>istanc</span> <span class='ocrx_word' id='word_1_669' title='bbox 801 2693 880 2730; x_wconf 78' lang='lat' dir='ltr'>jubes</span> 
     </span>
     <span class='ocr_line' id='line_1_72' title="bbox 312 2727 1191 2771; baseline -0.016 -1"><span class='ocrx_word' id='word_1_670' title='bbox 312 2742 365 2771; x_wconf 90' lang='lat' dir='ltr'>Pro</span> <span class='ocrx_word' id='word_1_671' title='bbox 375 2741 460 2769; x_wconf 85' lang='lat' dir='ltr'>cerita</span> <span class='ocrx_word' id='word_1_672' title='bbox 469 2737 646 2768; x_wconf 86' lang='lat' dir='ltr'>circumferri.</span> <span class='ocrx_word' id='word_1_673' title='bbox 687 2745 743 2763; x_wconf 80' lang='lat' dir='ltr'>AM.</span> <span class='ocrx_word' id='word_1_674' title='bbox 763 2731 864 2770; x_wconf 87' lang='lat' dir='ltr'>edepol</span> <span class='ocrx_word' id='word_1_675' title='bbox 884 2730 951 2767; x_wconf 83' lang='lat' dir='ltr'>quin</span> <span class='ocrx_word' id='word_1_676' title='bbox 961 2729 1033 2758; x_wconf 63' lang='lat' dir='ltr'>facto</span> <span class='ocrx_word' id='word_1_677' title='bbox 1050 2727 1087 2757; x_wconf 83' lang='lat' dir='ltr'>est</span> <span class='ocrx_word' id='word_1_678' title='bbox 1101 2737 1172 2766; x_wconf 89' lang='lat' dir='ltr'>opus</span> <span class='ocrx_word' id='word_1_679' title='bbox 1184 2737 1191 2757; x_wconf 71' lang='lat' dir='ltr'><strong><em>z</em></strong></span> 
     </span>
    </p>
   </div>
   <div class='ocr_carea' id='block_1_24' title="bbox 235 2767 1354 2853">
    <p class='ocr_par' dir='ltr' id='par_1_28' title="bbox 235 2767 1354 2853">
     <span class='ocr_line' id='line_1_73' title="bbox 312 2767 987 2813; baseline -0.021 -4"><span class='ocrx_word' id='word_1_680' title='bbox 312 2780 387 2809; x_wconf 81' lang='lat' dir='ltr'>Nam</span> <span class='ocrx_word' id='word_1_681' title='bbox 398 2779 457 2808; x_wconf 82' lang='lat' dir='ltr'>haec</span> <span class='ocrx_word' id='word_1_682' title='bbox 467 2776 579 2813; x_wconf 87' lang='lat' dir='ltr'>quidem</span> <span class='ocrx_word' id='word_1_683' title='bbox 590 2772 691 2811; x_wconf 89' lang='lat' dir='ltr'>edepol</span> <span class='ocrx_word' id='word_1_684' title='bbox 701 2772 836 2801; x_wconf 84' lang='lat' dir='ltr'>larvarum</span> <span class='ocrx_word' id='word_1_685' title='bbox 848 2769 930 2807; x_wconf 89' lang='lat' dir='ltr'>plena</span> <span class='ocrx_word' id='word_1_686' title='bbox 940 2767 987 2797; x_wconf 91' lang='lat' dir='ltr'>est.</span> 
     </span>
     <span class='ocr_line' id='line_1_74' title="bbox 235 2803 1354 2853; baseline -0.016 -5"><span class='ocrx_word' id='word_1_687' title='bbox 235 2816 389 2853; x_wconf 76' lang='lat' dir='ltr'>213.Ceriti</span> <span class='ocrx_word' id='word_1_688' title='bbox 401 2818 426 2845; x_wconf 62' lang='grc' dir='ltr'>ἃ</span> <span class='ocrx_word' id='word_1_689' title='bbox 436 2815 533 2844; x_wconf 88' lang='lat' dir='ltr'>larvati</span> <span class='ocrx_word' id='word_1_690' title='bbox 543 2813 606 2842; x_wconf 90' lang='lat' dir='ltr'>sunt</span> <span class='ocrx_word' id='word_1_691' title='bbox 616 2809 746 2841; x_wconf 75' lang='lat' dir='ltr'>malesani</span> <span class='ocrx_word' id='word_1_692' title='bbox 758 2816 805 2838; x_wconf 84' lang='lat' dir='ltr'>aut</span> <span class='ocrx_word' id='word_1_693' title='bbox 816 2806 922 2836; x_wconf 90' lang='lat' dir='ltr'>Cereris</span> <span class='ocrx_word' id='word_1_694' title='bbox 933 2806 969 2834; x_wconf 79' lang='lat' dir='ltr'>ira</span> <span class='ocrx_word' id='word_1_695' title='bbox 980 2806 1005 2834; x_wconf 61' lang='grc' dir='ltr'>ἂ</span> <span class='ocrx_word' id='word_1_696' title='bbox 1017 2803 1151 2833; x_wconf 82' lang='lat' dir='ltr'>larvarum</span> <span class='ocrx_word' id='word_1_697' title='bbox 1168 2804 1354 2832; x_wconf 79' lang='lat' dir='ltr'>incursatione</span> 
     </span>
    </p>
   </div>
   <div class='ocr_carea' id='block_1_25' title="bbox 235 2840 1355 2886">
    <p class='ocr_par' dir='ltr' id='par_1_29' title="bbox 235 2840 1355 2886">
     <span class='ocr_line' id='line_1_75' title="bbox 235 2840 1355 2886; baseline -0.014 0"><span class='ocrx_word' id='word_1_698' title='bbox 235 2857 331 2886; x_wconf 88' lang='lat' dir='ltr'>animo</span> <span class='ocrx_word' id='word_1_699' title='bbox 342 2854 442 2883; x_wconf 71' lang='lat' dir='ltr'>vexati.</span> <span class='ocrx_word' id='word_1_700' title='bbox 497 2851 583 2881; x_wconf 89' lang='lat' dir='ltr'>Plaut.</span> <span class='ocrx_word' id='word_1_701' title='bbox 596 2850 673 2879; x_wconf 81' lang='lat' dir='ltr'>Men.</span> <span class='ocrx_word' id='word_1_702' title='bbox 687 2859 710 2883; x_wconf 83' lang='grc' dir='ltr'>ς.</span> <span class='ocrx_word' id='word_1_703' title='bbox 722 2858 748 2882; x_wconf 84' lang='grc'>4.</span> <span class='ocrx_word' id='word_1_704' title='bbox 762 2856 787 2876; x_wconf 84' lang='lat'>2.</span> <span class='ocrx_word' id='word_1_705' title='bbox 809 2845 939 2874; x_wconf 83' lang='lat' dir='ltr'>Larvatus</span> <span class='ocrx_word' id='word_1_706' title='bbox 957 2843 994 2872; x_wconf 88' lang='lat' dir='ltr'>est</span> <span class='ocrx_word' id='word_1_707' title='bbox 1007 2840 1055 2871; x_wconf 92' lang='lat' dir='ltr'>ille</span> <span class='ocrx_word' id='word_1_708' title='bbox 1067 2851 1114 2871; x_wconf 88' lang='lat' dir='ltr'>aut</span> <span class='ocrx_word' id='word_1_709' title='bbox 1125 2842 1235 2871; x_wconf 79' lang='lat' dir='ltr'>centus.</span> <span class='ocrx_word' id='word_1_710' title='bbox 1276 2841 1355 2870; x_wconf 87' lang='lat' dir='ltr'>ldeni</span> 
     </span>
    </p>
   </div>
   <div class='ocr_carea' id='block_1_26' title="bbox 238 2880 1354 2959">
    <p class='ocr_par' dir='ltr' id='par_1_30' title="bbox 238 2880 1354 2959">
     <span class='ocr_line' id='line_1_76' title="bbox 238 2880 1332 2928; baseline -0.017 -3"><span class='ocrx_word' id='word_1_711' title='bbox 238 2894 310 2925; x_wconf 84' lang='lat' dir='ltr'>Rud.</span> <span class='ocrx_word' id='word_1_712' title='bbox 321 2904 347 2927; x_wconf 91' lang='lat'>4.</span> <span class='ocrx_word' id='word_1_713' title='bbox 359 2901 380 2927; x_wconf 87' lang='grc'>3.</span> <span class='ocrx_word' id='word_1_714' title='bbox 392 2896 435 2928; x_wconf 83' lang='lat'>67.</span> <span class='ocrx_word' id='word_1_715' title='bbox 458 2887 632 2920; x_wconf 85' lang='lat' dir='ltr'>Elleborosus</span> <span class='ocrx_word' id='word_1_716' title='bbox 642 2886 709 2915; x_wconf 88' lang='lat' dir='ltr'>sum.</span> <span class='ocrx_word' id='word_1_717' title='bbox 732 2894 760 2914; x_wconf 79' lang='lat' dir='ltr'>c.</span> <span class='ocrx_word' id='word_1_718' title='bbox 783 2890 809 2912; x_wconf 88' lang='lat' dir='ltr'>at</span> <span class='ocrx_word' id='word_1_719' title='bbox 820 2892 871 2919; x_wconf 84' lang='lat' dir='ltr'>ego</span> <span class='ocrx_word' id='word_1_720' title='bbox 883 2882 992 2911; x_wconf 83' lang='lat' dir='ltr'>ceritus.</span> <span class='ocrx_word' id='word_1_721' title='bbox 1016 2881 1116 2909; x_wconf 58' lang='lat' dir='ltr'>Hora.</span> <span class='ocrx_word' id='word_1_722' title='bbox 1133 2880 1219 2908; x_wconf 87' lang='lat' dir='ltr'>Serm.</span> <span class='ocrx_word' id='word_1_723' title='bbox 1232 2888 1255 2913; x_wconf 79' lang='lat'>3.</span> <span class='ocrx_word' id='word_1_724' title='bbox 1268 2885 1332 2912; x_wconf 66' lang='lat'>278.</span> 
     </span>
     <span class='ocr_line' id='line_1_77' title="bbox 330 2916 1354 2959; baseline -0.013 0"><span class='ocrx_word' id='word_1_725' title='bbox 330 2930 438 2959; x_wconf 80' lang='lat' dir='ltr'>Ceritus</span> <span class='ocrx_word' id='word_1_726' title='bbox 456 2929 531 2958; x_wconf 87' lang='lat' dir='ltr'>fuit‘?</span> <span class='ocrx_word' id='word_1_727' title='bbox 552 2935 587 2955; x_wconf 89' lang='lat' dir='ltr'>an</span> <span class='ocrx_word' id='word_1_728' title='bbox 608 2930 756 2955; x_wconf 72' lang='lat' dir='ltr'>commota:</span> <span class='ocrx_word' id='word_1_729' title='bbox 775 2921 892 2950; x_wconf 90' lang='lat' dir='ltr'>crimine</span> <span class='ocrx_word' id='word_1_730' title='bbox 907 2919 1026 2953; x_wconf 84' lang='lat' dir='ltr'>mentis,</span> <span class='ocrx_word' id='word_1_731' title='bbox 1046 2919 1097 2947; x_wconf 73' lang='grc' dir='ltr'>ἃς.</span> <span class='ocrx_word' id='word_1_732' title='bbox 1190 2916 1239 2945; x_wconf 88' lang='lat' dir='ltr'>Alii</span> <span class='ocrx_word' id='word_1_733' title='bbox 1253 2917 1354 2946; x_wconf 72' lang='lat' dir='ltr'>rectius</span> 
     </span>
    </p>
   </div>
   <div class='ocr_carea' id='block_1_27' title="bbox 237 2954 1356 3186">
    <p class='ocr_par' dir='ltr' id='par_1_31' title="bbox 237 2954 1356 3186">
     <span class='ocr_line' id='line_1_78' title="bbox 237 2954 1355 3002; baseline -0.014 -4"><span class='ocrx_word' id='word_1_734' title='bbox 237 2969 360 2999; x_wconf 85' lang='lat' dir='ltr'>scribunt</span> <span class='ocrx_word' id='word_1_735' title='bbox 372 2967 493 2997; x_wconf 87' lang='lat' dir='ltr'>Cerritus</span> <span class='ocrx_word' id='word_1_736' title='bbox 504 2988 512 3002; x_wconf 89' lang='lat'>‚</span> <span class='ocrx_word' id='word_1_737' title='bbox 534 2964 666 2994; x_wconf 88' lang='lat' dir='ltr'>nimirum</span> <span class='ocrx_word' id='word_1_738' title='bbox 675 2957 868 2999; x_wconf 70' lang='lat' dir='ltr'>productionis</span> <span class='ocrx_word' id='word_1_739' title='bbox 881 2956 968 2986; x_wconf 82' lang='lat' dir='ltr'>causa.</span> <span class='ocrx_word' id='word_1_740' title='bbox 1016 2956 1062 2985; x_wconf 89' lang='lat' dir='ltr'>Sic</span> <span class='ocrx_word' id='word_1_741' title='bbox 1072 2957 1098 2985; x_wconf 66' lang='grc' dir='ltr'><strong>ἃ</strong></span> <span class='ocrx_word' id='word_1_742' title='bbox 1113 2954 1188 2993; x_wconf 87' lang='lat' dir='ltr'>apud</span> <span class='ocrx_word' id='word_1_743' title='bbox 1199 2954 1355 2984; x_wconf 88' lang='lat' dir='ltr'>Sammoni-</span> 
     </span>
     <span class='ocr_line' id='line_1_79' title="bbox 237 3015 1355 3073; baseline -0.017 2"><span class='ocrx_word' id='word_1_744' title='bbox 237 3017 302 3036; x_wconf 71' lang='lat' dir='ltr'>cum</span> <span class='ocrx_word' id='word_1_745' title='bbox 317 3015 441 3073; x_wconf 40' lang='lat' dir='ltr'>&amp;eitum</span> <span class='ocrx_word' id='word_1_746' title='bbox 452 3040 485 3070; x_wconf 79' lang='lat' dir='ltr'>sae</span> <span class='ocrx_word' id='word_1_747' title='bbox 508 3050 523 3069; x_wconf 89' lang='lat' dir='ltr'>e</span> <span class='ocrx_word' id='word_1_748' title='bbox 534 3037 665 3069; x_wconf 90' lang='lat' dir='ltr'>horrendi</span> <span class='ocrx_word' id='word_1_749' title='bbox 676 3034 850 3065; x_wconf 78' lang='lat' dir='ltr'>medicantur</span> <span class='ocrx_word' id='word_1_750' title='bbox 860 3032 960 3061; x_wconf 89' lang='lat' dir='ltr'>odores</span> <span class='ocrx_word' id='word_1_751' title='bbox 970 3053 978 3065; x_wconf 95' lang='lat'>,</span> <span class='ocrx_word' id='word_1_752' title='bbox 1062 3029 1211 3059; x_wconf 87' lang='lat' dir='ltr'>Turnebus</span> <span class='ocrx_word' id='word_1_753' title='bbox 1231 3029 1289 3065; x_wconf 85' lang='lat'>(17.</span> <span class='ocrx_word' id='word_1_754' title='bbox 1304 3029 1355 3058; x_wconf 82' lang='lat' dir='ltr'>Ad.</span> 
     </span>
     <span class='ocr_line' id='line_1_80' title="bbox 239 3067 1356 3118; baseline -0.014 -6"><span class='ocrx_word' id='word_1_755' title='bbox 239 3081 304 3111; x_wconf 80' lang='lat' dir='ltr'>vers.</span> <span class='ocrx_word' id='word_1_756' title='bbox 322 3081 386 3115; x_wconf 75' lang='lat'>18.)</span> <span class='ocrx_word' id='word_1_757' title='bbox 406 3080 485 3118; x_wconf 86' lang='lat' dir='ltr'>postu</span> <span class='ocrx_word' id='word_1_758' title='bbox 499 3084 562 3108; x_wconf 89' lang='lat' dir='ltr'>ante</span> <span class='ocrx_word' id='word_1_759' title='bbox 572 3075 648 3107; x_wconf 88' lang='lat' dir='ltr'>versu</span> <span class='ocrx_word' id='word_1_760' title='bbox 658 3074 795 3103; x_wconf 90' lang='lat' dir='ltr'>Cerritum</span> <span class='ocrx_word' id='word_1_761' title='bbox 805 3070 882 3107; x_wconf 71' lang='lat' dir='ltr'>legit.</span> <span class='ocrx_word' id='word_1_762' title='bbox 923 3068 1041 3098; x_wconf 89' lang='lat' dir='ltr'>Necnon</span> <span class='ocrx_word' id='word_1_763' title='bbox 1059 3070 1085 3098; x_wconf 69' lang='grc' dir='ltr'>ἅ</span> <span class='ocrx_word' id='word_1_764' title='bbox 1105 3069 1133 3096; x_wconf 88' lang='lat' dir='ltr'>in</span> <span class='ocrx_word' id='word_1_765' title='bbox 1149 3067 1273 3096; x_wconf 76' lang='lat' dir='ltr'>oratione</span> <span class='ocrx_word' id='word_1_766' title='bbox 1285 3067 1356 3096; x_wconf 87' lang='lat' dir='ltr'>solu-</span> 
     </span>
     <span class='ocr_line' id='line_1_81' title="bbox 239 3104 1355 3153; baseline -0.014 -4"><span class='ocrx_word' id='word_1_767' title='bbox 239 3126 283 3153; x_wconf 88' lang='lat' dir='ltr'>ta,</span> <span class='ocrx_word' id='word_1_768' title='bbox 308 3119 365 3148; x_wconf 90' lang='lat' dir='ltr'>Cic.</span> <span class='ocrx_word' id='word_1_769' title='bbox 376 3124 401 3152; x_wconf 82' lang='lat'>8.</span> <span class='ocrx_word' id='word_1_770' title='bbox 415 3119 468 3146; x_wconf 72' lang='lat' dir='ltr'>litt.</span> <span class='ocrx_word' id='word_1_771' title='bbox 486 3128 509 3149; x_wconf 81' lang='grc' dir='ltr'>ς.</span> <span class='ocrx_word' id='word_1_772' title='bbox 531 3115 680 3151; x_wconf 84' lang='lat' dir='ltr'>Nunquam</span> <span class='ocrx_word' id='word_1_773' title='bbox 693 3109 817 3140; x_wconf 79' lang='lat' dir='ltr'>cerritior</span> <span class='ocrx_word' id='word_1_774' title='bbox 831 3109 884 3138; x_wconf 88' lang='lat' dir='ltr'>fuit</span> <span class='ocrx_word' id='word_1_775' title='bbox 896 3107 1016 3144; x_wconf 82' lang='lat' dir='ltr'>quamin</span> <span class='ocrx_word' id='word_1_776' title='bbox 1024 3106 1079 3135; x_wconf 82' lang='lat' dir='ltr'>hoe</span> <span class='ocrx_word' id='word_1_777' title='bbox 1089 3106 1211 3144; x_wconf 80' lang='lat' dir='ltr'>negotio.</span> <span class='ocrx_word' id='word_1_778' title='bbox 1231 3104 1272 3134; x_wconf 74' lang='lat' dir='ltr'>Al.</span> <span class='ocrx_word' id='word_1_779' title='bbox 1292 3105 1355 3134; x_wconf 86' lang='lat' dir='ltr'>Cer-</span> 
     </span>
     <span class='ocr_line' id='line_1_82' title="bbox 239 3149 792 3186; baseline -0.018 0"><span class='ocrx_word' id='word_1_780' title='bbox 239 3158 302 3186; x_wconf 89' lang='lat' dir='ltr'>tior.</span> <span class='ocrx_word' id='word_1_781' title='bbox 341 3156 373 3185; x_wconf 92' lang='lat' dir='ltr'>V.</span> <span class='ocrx_word' id='word_1_782' title='bbox 395 3154 501 3185; x_wconf 83' lang='lat' dir='ltr'>Reines.</span> <span class='ocrx_word' id='word_1_783' title='bbox 515 3153 550 3183; x_wconf 89' lang='lat' dir='ltr'>ad</span> <span class='ocrx_word' id='word_1_784' title='bbox 565 3152 672 3181; x_wconf 90' lang='lat' dir='ltr'>Petron.</span> <span class='ocrx_word' id='word_1_785' title='bbox 689 3149 792 3185; x_wconf 84' lang='lat' dir='ltr'>Fragm.</span> 
     </span>
    </p>
   </div>
   <div class='ocr_carea' id='block_1_28' title="bbox 204 3182 1354 3266">
    <p class='ocr_par' dir='ltr' id='par_1_32' title="bbox 204 3182 1354 3266">
     <span class='ocr_line' id='line_1_83' title="bbox 204 3182 856 3227; baseline -0.018 -3"><span class='ocrx_word' id='word_1_786' title='bbox 204 3196 434 3225; x_wconf 64' lang='lat' dir='ltr'>Ciiiii’riipus,</span> <span class='ocrx_word' id='word_1_787' title='bbox 457 3192 516 3227; x_wconf 87' lang='lat' dir='ltr'>Adj.</span> <span class='ocrx_word' id='word_1_788' title='bbox 540 3190 638 3220; x_wconf 90' lang='lat' dir='ltr'>dimin.</span> <span class='ocrx_word' id='word_1_789' title='bbox 661 3187 743 3217; x_wconf 83' lang='lat' dir='ltr'>Mart.</span> <span class='ocrx_word' id='word_1_790' title='bbox 759 3182 856 3222; x_wconf 88' lang='lat' dir='ltr'>Capel.</span> 
     </span>
     <span class='ocr_line' id='line_1_84' title="bbox 205 3215 1354 3266; baseline -0.013 -3"><span class='ocrx_word' id='word_1_791' title='bbox 205 3234 370 3266; x_wconf 61' lang='lat' dir='ltr'>Cinium,</span> <span class='ocrx_word' id='word_1_792' title='bbox 391 3232 408 3260; x_wconf 94' lang='lat' dir='ltr'>i.</span> <span class='ocrx_word' id='word_1_793' title='bbox 431 3227 564 3266; x_wconf 56' lang='lat' dir='ltr'>[aneio]</span> <span class='ocrx_word' id='word_1_794' title='bbox 585 3224 796 3257; x_wconf 87' lang='lat' dir='ltr'>Genusulceris.</span> <span class='ocrx_word' id='word_1_795' title='bbox 820 3220 887 3250; x_wconf 90' lang='lat' dir='ltr'>Plin.</span> <span class='ocrx_word' id='word_1_796' title='bbox 898 3219 948 3249; x_wconf 87' lang='lat' dir='ltr'>lib.</span> <span class='ocrx_word' id='word_1_797' title='bbox 959 3228 1004 3248; x_wconf 83' lang='lat'>20.</span> <span class='ocrx_word' id='word_1_798' title='bbox 1019 3228 1079 3257; x_wconf 89' lang='lat' dir='ltr'>cap.</span> <span class='ocrx_word' id='word_1_799' title='bbox 1093 3226 1119 3248; x_wconf 83' lang='lat'>2.</span> <span class='ocrx_word' id='word_1_800' title='bbox 1140 3215 1171 3248; x_wconf 88' lang='lat' dir='ltr'>V.</span> <span class='ocrx_word' id='word_1_801' title='bbox 1195 3227 1354 3249; x_wconf 62' lang='lat' dir='ltr'>maurensis.</span> 
     </span>
    </p>
   </div>
   <div class='ocr_carea' id='block_1_29' title="bbox 205 3258 1356 3343">
    <p class='ocr_par' dir='ltr' id='par_1_33' title="bbox 205 3258 1356 3343">
     <span class='ocr_line' id='line_1_85' title="bbox 205 3258 996 3303; baseline -0.018 -4"><span class='ocrx_word' id='word_1_802' title='bbox 205 3271 227 3300; x_wconf 92' lang='lat' dir='ltr'>C</span> <span class='ocrx_word' id='word_1_803' title='bbox 237 3280 274 3299; x_wconf 75' lang='lat' dir='ltr'>iia</span> <span class='ocrx_word' id='word_1_804' title='bbox 282 3280 301 3298; x_wconf 77' lang='lat' dir='ltr'><strong>M</strong></span> <span class='ocrx_word' id='word_1_805' title='bbox 311 3279 327 3297; x_wconf 79' lang='lat' dir='ltr'>A</span> <span class='ocrx_word' id='word_1_806' title='bbox 337 3280 352 3297; x_wconf 87' lang='lat' dir='ltr'>i.</span> <span class='ocrx_word' id='word_1_807' title='bbox 362 3279 379 3298; x_wconf 88' lang='grc' dir='ltr'><em>υ</em></span> <span class='ocrx_word' id='word_1_808' title='bbox 388 3278 400 3298; x_wconf 90' lang='lat' dir='ltr'>s</span> <span class='ocrx_word' id='word_1_809' title='bbox 409 3291 416 3303; x_wconf 87' lang='lat'>,</span> <span class='ocrx_word' id='word_1_810' title='bbox 438 3268 527 3297; x_wconf 82' lang='lat' dir='ltr'>Locus</span> <span class='ocrx_word' id='word_1_811' title='bbox 537 3267 565 3295; x_wconf 92' lang='lat' dir='ltr'>in</span> <span class='ocrx_word' id='word_1_812' title='bbox 579 3265 650 3294; x_wconf 86' lang='lat' dir='ltr'>Urbe</span> <span class='ocrx_word' id='word_1_813' title='bbox 662 3263 698 3292; x_wconf 91' lang='lat' dir='ltr'>sic</span> <span class='ocrx_word' id='word_1_814' title='bbox 706 3262 873 3290; x_wconf 85' lang='lat' dir='ltr'>nominatus.</span> <span class='ocrx_word' id='word_1_815' title='bbox 897 3258 996 3287; x_wconf 80' lang='lat' dir='ltr'>Festus.</span> 
     </span>
     <span class='ocr_line' id='line_1_86' title="bbox 205 3292 1356 3343; baseline -0.014 -5"><span class='ocrx_word' id='word_1_816' title='bbox 205 3308 228 3337; x_wconf 90' lang='lat' dir='ltr'>C</span> <span class='ocrx_word' id='word_1_817' title='bbox 239 3318 252 3337; x_wconf 81' lang='lat' dir='ltr'>ii</span> <span class='ocrx_word' id='word_1_818' title='bbox 262 3317 276 3335; x_wconf 80' lang='grc' dir='ltr'>ιι</span> <span class='ocrx_word' id='word_1_819' title='bbox 285 3317 305 3335; x_wconf 83' lang='grc' dir='ltr'><em>Μ</em></span> <span class='ocrx_word' id='word_1_820' title='bbox 313 3316 329 3334; x_wconf 93' lang='lat' dir='ltr'>o</span> <span class='ocrx_word' id='word_1_821' title='bbox 338 3316 353 3334; x_wconf 79' lang='lat' dir='ltr'>R</span> <span class='ocrx_word' id='word_1_822' title='bbox 363 3317 379 3335; x_wconf 84' lang='grc' dir='ltr'><em>υ</em></span> <span class='ocrx_word' id='word_1_823' title='bbox 392 3317 412 3334; x_wconf 80' lang='lat' dir='ltr'>M</span> <span class='ocrx_word' id='word_1_824' title='bbox 421 3328 428 3340; x_wconf 98' lang='lat'>,</span> <span class='ocrx_word' id='word_1_825' title='bbox 449 3305 596 3343; x_wconf 89' lang='lat' dir='ltr'>Oppidum</span> <span class='ocrx_word' id='word_1_826' title='bbox 609 3300 783 3332; x_wconf 81' lang='lat' dir='ltr'>macedoniae</span> <span class='ocrx_word' id='word_1_827' title='bbox 793 3297 868 3335; x_wconf 83' lang='lat' dir='ltr'>apud</span> <span class='ocrx_word' id='word_1_828' title='bbox 883 3296 949 3326; x_wconf 85' lang='lat' dir='ltr'>Plin.</span> <span class='ocrx_word' id='word_1_829' title='bbox 964 3306 990 3331; x_wconf 90' lang='lat'>4.</span> <span class='ocrx_word' id='word_1_830' title='bbox 1004 3304 1064 3332; x_wconf 77' lang='lat' dir='ltr'>cap.</span> <span class='ocrx_word' id='word_1_831' title='bbox 1077 3303 1118 3322; x_wconf 90' lang='lat' dir='ltr'>io.</span> <span class='ocrx_word' id='word_1_832' title='bbox 1131 3293 1160 3322; x_wconf 92' lang='lat' dir='ltr'>in</span> <span class='ocrx_word' id='word_1_833' title='bbox 1169 3292 1356 3331; x_wconf 84' lang='lat' dir='ltr'>descriptione</span> 
     </span>
    </p>
   </div>
   <div class='ocr_carea' id='block_1_30' title="bbox 242 3344 423 3375">
    <p class='ocr_par' dir='ltr' id='par_1_34' title="bbox 242 3344 423 3375">
     <span class='ocr_line' id='line_1_87' title="bbox 242 3344 423 3375; baseline -0.017 0"><span class='ocrx_word' id='word_1_834' title='bbox 242 3344 423 3375; x_wconf 78' lang='lat' dir='ltr'>Macedoniae.</span> 
     </span>
    </p>
   </div>
   <div class='ocr_carea' id='block_1_31' title="bbox 205 3366 1358 3415">
    <p class='ocr_par' dir='ltr' id='par_1_35' title="bbox 205 3366 1358 3415">
     <span class='ocr_line' id='line_1_88' title="bbox 205 3366 1358 3415; baseline -0.014 -3"><span class='ocrx_word' id='word_1_835' title='bbox 205 3382 228 3412; x_wconf 92' lang='lat' dir='ltr'>C</span> <span class='ocrx_word' id='word_1_836' title='bbox 238 3393 251 3411; x_wconf 76' lang='lat' dir='ltr'>iz</span> <span class='ocrx_word' id='word_1_837' title='bbox 262 3392 277 3410; x_wconf 74' lang='lat' dir='ltr'>a</span> <span class='ocrx_word' id='word_1_838' title='bbox 286 3392 305 3410; x_wconf 83' lang='lat' dir='ltr'>N</span> <span class='ocrx_word' id='word_1_839' title='bbox 315 3391 333 3409; x_wconf 81' lang='lat' dir='ltr'>A</span> <span class='ocrx_word' id='word_1_840' title='bbox 346 3403 353 3415; x_wconf 89' lang='lat'>,</span> <span class='ocrx_word' id='word_1_841' title='bbox 375 3381 419 3410; x_wconf 87' lang='lat' dir='ltr'>vel</span> <span class='ocrx_word' id='word_1_842' title='bbox 439 3380 460 3409; x_wconf 94' lang='lat' dir='ltr'>C</span> <span class='ocrx_word' id='word_1_843' title='bbox 469 3390 483 3408; x_wconf 72' lang='lat' dir='ltr'>a</span> <span class='ocrx_word' id='word_1_844' title='bbox 492 3390 507 3408; x_wconf 68' lang='grc' dir='ltr'>ιι</span> <span class='ocrx_word' id='word_1_845' title='bbox 516 3388 536 3408; x_wconf 77' lang='lat' dir='ltr'>u</span> <span class='ocrx_word' id='word_1_846' title='bbox 546 3388 561 3407; x_wconf 75' lang='lat' dir='ltr'>ii</span> <span class='ocrx_word' id='word_1_847' title='bbox 573 3400 582 3413; x_wconf 85' lang='lat'>,</span> <span class='ocrx_word' id='word_1_848' title='bbox 604 3376 693 3407; x_wconf 81' lang='lat' dir='ltr'>Insula</span> <span class='ocrx_word' id='word_1_849' title='bbox 701 3375 739 3405; x_wconf 89' lang='lat' dir='ltr'>est</span> <span class='ocrx_word' id='word_1_850' title='bbox 750 3372 902 3411; x_wconf 80' lang='lat' dir='ltr'>JEthiopici</span> <span class='ocrx_word' id='word_1_851' title='bbox 919 3370 1009 3403; x_wconf 84' lang='lat' dir='ltr'>maris,</span> <span class='ocrx_word' id='word_1_852' title='bbox 1031 3369 1066 3398; x_wconf 87' lang='lat' dir='ltr'>de</span> <span class='ocrx_word' id='word_1_853' title='bbox 1077 3377 1129 3405; x_wconf 87' lang='lat' dir='ltr'>qua</span> <span class='ocrx_word' id='word_1_854' title='bbox 1141 3367 1175 3396; x_wconf 84' lang='lat' dir='ltr'>lic</span> <span class='ocrx_word' id='word_1_855' title='bbox 1185 3366 1286 3397; x_wconf 85' lang='lat' dir='ltr'>Plinius</span> <span class='ocrx_word' id='word_1_856' title='bbox 1295 3367 1358 3397; x_wconf 48' lang='lat' dir='ltr'>scri*</span> 
     </span>
    </p>
   </div>
   <div class='ocr_carea' id='block_1_32' title="bbox 208 3404 1356 3976">
    <p class='ocr_par' dir='ltr' id='par_1_36' title="bbox 243 3404 1356 3530">
     <span class='ocr_line' id='line_1_89' title="bbox 243 3404 1356 3455; baseline -0.012 -7"><span class='ocrx_word' id='word_1_857' title='bbox 243 3420 285 3448; x_wconf 86' lang='lat' dir='ltr'>bit</span> <span class='ocrx_word' id='word_1_858' title='bbox 294 3428 352 3455; x_wconf 84' lang='lat' dir='ltr'>cap.</span> <span class='ocrx_word' id='word_1_859' title='bbox 366 3428 408 3454; x_wconf 82' lang='lat'>3¹·</span> <span class='ocrx_word' id='word_1_860' title='bbox 417 3418 464 3447; x_wconf 93' lang='lat' dir='ltr'>lib.</span> <span class='ocrx_word' id='word_1_861' title='bbox 474 3422 499 3447; x_wconf 89' lang='lat'>6.</span> <span class='ocrx_word' id='word_1_862' title='bbox 522 3416 624 3445; x_wconf 85' lang='lat' dir='ltr'>Contra</span> <span class='ocrx_word' id='word_1_863' title='bbox 633 3415 720 3443; x_wconf 89' lang='lat' dir='ltr'>sinum</span> <span class='ocrx_word' id='word_1_864' title='bbox 734 3412 870 3443; x_wconf 67' lang='lat' dir='ltr'>‘Persicum</span> <span class='ocrx_word' id='word_1_865' title='bbox 882 3410 970 3439; x_wconf 89' lang='lat' dir='ltr'>Cerne</span> <span class='ocrx_word' id='word_1_866' title='bbox 978 3407 1138 3436; x_wconf 87' lang='lat' dir='ltr'>nominatur</span> <span class='ocrx_word' id='word_1_867' title='bbox 1148 3404 1234 3434; x_wconf 84' lang='lat' dir='ltr'>insula</span> <span class='ocrx_word' id='word_1_868' title='bbox 1244 3406 1356 3435; x_wconf 84' lang='lat' dir='ltr'>adversa</span> 
     </span>
     <span class='ocr_line' id='line_1_90' title="bbox 243 3443 1355 3493; baseline -0.013 -7"><span class='ocrx_word' id='word_1_869' title='bbox 243 3455 407 3493; x_wconf 79' lang='lat' dir='ltr'>AEthiopiae,</span> <span class='ocrx_word' id='word_1_870' title='bbox 438 3456 515 3490; x_wconf 78' lang='lat' dir='ltr'>cuius</span> <span class='ocrx_word' id='word_1_871' title='bbox 535 3463 626 3490; x_wconf 86' lang='lat' dir='ltr'>neque</span> <span class='ocrx_word' id='word_1_872' title='bbox 645 3451 826 3489; x_wconf 77' lang='lat' dir='ltr'>magnitudo,</span> <span class='ocrx_word' id='word_1_873' title='bbox 855 3456 946 3484; x_wconf 87' lang='lat' dir='ltr'>neque</span> <span class='ocrx_word' id='word_1_874' title='bbox 969 3443 1144 3474; x_wconf 76' lang='lat' dir='ltr'>intervallum</span> <span class='ocrx_word' id='word_1_875' title='bbox 1161 3452 1176 3470; x_wconf 89' lang='lat' dir='ltr'>a</span> <span class='ocrx_word' id='word_1_876' title='bbox 1190 3444 1355 3472; x_wconf 86' lang='lat' dir='ltr'>continente</span> 
     </span>
     <span class='ocr_line' id='line_1_91' title="bbox 244 3479 1244 3530; baseline -0.016 -7"><span class='ocrx_word' id='word_1_877' title='bbox 244 3494 356 3523; x_wconf 85' lang='lat' dir='ltr'>constat.</span> <span class='ocrx_word' id='word_1_878' title='bbox 392 3493 534 3530; x_wconf 77' lang='lat' dir='ltr'>ffitliiopas</span> <span class='ocrx_word' id='word_1_879' title='bbox 545 3497 654 3520; x_wconf 86' lang='lat' dir='ltr'>tantum</span> <span class='ocrx_word' id='word_1_880' title='bbox 665 3488 784 3527; x_wconf 85' lang='lat' dir='ltr'>populos</span> <span class='ocrx_word' id='word_1_881' title='bbox 794 3486 895 3516; x_wconf 87' lang='lat' dir='ltr'>habere</span> <span class='ocrx_word' id='word_1_882' title='bbox 906 3483 1032 3514; x_wconf 83' lang='lat' dir='ltr'>traditur.</span> <span class='ocrx_word' id='word_1_883' title='bbox 1055 3481 1121 3511; x_wconf 76' lang='lat' dir='ltr'>Haec</span> <span class='ocrx_word' id='word_1_884' title='bbox 1132 3479 1244 3509; x_wconf 84' lang='lat' dir='ltr'>Plinius.</span> 
     </span>
    </p>

    <p class='ocr_par' dir='ltr' id='par_1_37' title="bbox 208 3517 1354 3643">
     <span class='ocr_line' id='line_1_92' title="bbox 208 3517 1354 3566; baseline -0.013 -6"><span class='ocrx_word' id='word_1_885' title='bbox 208 3531 231 3561; x_wconf 93' lang='lat' dir='ltr'>C</span> <span class='ocrx_word' id='word_1_886' title='bbox 240 3541 254 3560; x_wconf 76' lang='lat' dir='ltr'>r.</span> <span class='ocrx_word' id='word_1_887' title='bbox 263 3541 278 3559; x_wconf 80' lang='lat' dir='ltr'>R</span> <span class='ocrx_word' id='word_1_888' title='bbox 288 3539 306 3559; x_wconf 74' lang='grc' dir='ltr'><strong>Ν</strong></span> <span class='ocrx_word' id='word_1_889' title='bbox 318 3540 358 3558; x_wconf 70' lang='lat' dir='ltr'>ar</span> <span class='ocrx_word' id='word_1_890' title='bbox 367 3540 385 3558; x_wconf 78' lang='lat' dir='ltr'>A</span> <span class='ocrx_word' id='word_1_891' title='bbox 397 3540 415 3558; x_wconf 82' lang='lat' dir='ltr'>N</span> <span class='ocrx_word' id='word_1_892' title='bbox 428 3541 434 3558; x_wconf 90' lang='grc' dir='ltr'>ι</span> <span class='ocrx_word' id='word_1_893' title='bbox 445 3552 453 3564; x_wconf 86' lang='lat'>,</span> <span class='ocrx_word' id='word_1_894' title='bbox 477 3530 559 3566; x_wconf 84' lang='lat' dir='ltr'>qui&amp;</span> <span class='ocrx_word' id='word_1_895' title='bbox 572 3528 687 3557; x_wconf 74' lang='lat' dir='ltr'>Mariani</span> <span class='ocrx_word' id='word_1_896' title='bbox 698 3527 764 3556; x_wconf 71' lang='lat' dir='ltr'>dieti</span> <span class='ocrx_word' id='word_1_897' title='bbox 774 3525 836 3555; x_wconf 88' lang='lat' dir='ltr'>sunt</span> <span class='ocrx_word' id='word_1_898' title='bbox 847 3546 855 3559; x_wconf 93' lang='lat'>,</span> <span class='ocrx_word' id='word_1_899' title='bbox 876 3522 959 3553; x_wconf 81' lang='lat' dir='ltr'>Italiae</span> <span class='ocrx_word' id='word_1_900' title='bbox 972 3519 1069 3558; x_wconf 75' lang='lat' dir='ltr'>populi</span> <span class='ocrx_word' id='word_1_901' title='bbox 1088 3519 1150 3548; x_wconf 88' lang='lat' dir='ltr'>sunt</span> <span class='ocrx_word' id='word_1_902' title='bbox 1160 3539 1168 3552; x_wconf 84' lang='lat'>‚</span> <span class='ocrx_word' id='word_1_903' title='bbox 1188 3519 1266 3552; x_wconf 83' lang='lat' dir='ltr'>juxta</span> <span class='ocrx_word' id='word_1_904' title='bbox 1285 3517 1354 3547; x_wconf 79' lang='lat' dir='ltr'>Casi-</span> 
     </span>
     <span class='ocr_line' id='line_1_93' title="bbox 245 3554 1353 3600; baseline -0.014 -2"><span class='ocrx_word' id='word_1_905' title='bbox 245 3579 312 3598; x_wconf 91' lang='lat' dir='ltr'>num</span> <span class='ocrx_word' id='word_1_906' title='bbox 324 3570 348 3597; x_wconf 75' lang='grc' dir='ltr'>ὀὶ</span> <span class='ocrx_word' id='word_1_907' title='bbox 360 3567 494 3596; x_wconf 83' lang='lat' dir='ltr'>Bovillas:</span> <span class='ocrx_word' id='word_1_908' title='bbox 518 3568 555 3595; x_wconf 89' lang='lat' dir='ltr'>ita</span> <span class='ocrx_word' id='word_1_909' title='bbox 566 3566 635 3594; x_wconf 71' lang='lat' dir='ltr'>dicti</span> <span class='ocrx_word' id='word_1_910' title='bbox 648 3575 662 3593; x_wconf 90' lang='lat' dir='ltr'>a</span> <span class='ocrx_word' id='word_1_911' title='bbox 675 3565 794 3594; x_wconf 89' lang='lat' dir='ltr'>Cerneto</span> <span class='ocrx_word' id='word_1_912' title='bbox 807 3561 914 3600; x_wconf 88' lang='lat' dir='ltr'>oppido</span> <span class='ocrx_word' id='word_1_913' title='bbox 926 3581 934 3594; x_wconf 75' lang='lat'>,</span> <span class='ocrx_word' id='word_1_914' title='bbox 954 3559 1033 3594; x_wconf 82' lang='lat' dir='ltr'>cujus</span> <span class='ocrx_word' id='word_1_915' title='bbox 1045 3555 1173 3586; x_wconf 85' lang='lat' dir='ltr'>meminit</span> <span class='ocrx_word' id='word_1_916' title='bbox 1184 3555 1252 3585; x_wconf 83' lang='lat' dir='ltr'>Plin.</span> <span class='ocrx_word' id='word_1_917' title='bbox 1266 3554 1313 3585; x_wconf 89' lang='lat' dir='ltr'>lib.</span> <span class='ocrx_word' id='word_1_918' title='bbox 1328 3565 1353 3593; x_wconf 87' lang='lat'>3.</span> 
     </span>
     <span class='ocr_line' id='line_1_94' title="bbox 245 3597 1103 3643; baseline -0.013 -9"><span class='ocrx_word' id='word_1_919' title='bbox 245 3616 304 3643; x_wconf 86' lang='lat' dir='ltr'>cap.</span> <span class='ocrx_word' id='word_1_920' title='bbox 319 3615 342 3638; x_wconf 84' lang='grc' dir='ltr'>ς.</span> <span class='ocrx_word' id='word_1_921' title='bbox 381 3605 433 3633; x_wconf 81' lang='lat' dir='ltr'>Sed</span> <span class='ocrx_word' id='word_1_922' title='bbox 447 3605 528 3634; x_wconf 76' lang='lat' dir='ltr'>llard.</span> <span class='ocrx_word' id='word_1_923' title='bbox 540 3603 628 3632; x_wconf 86' lang='lat' dir='ltr'>edidit</span> <span class='ocrx_word' id='word_1_924' title='bbox 639 3602 777 3631; x_wconf 84' lang='lat' dir='ltr'>Cereatini</span> <span class='ocrx_word' id='word_1_925' title='bbox 787 3623 795 3635; x_wconf 86' lang='lat'>.‚</span> <span class='ocrx_word' id='word_1_926' title='bbox 817 3600 850 3629; x_wconf 88' lang='lat' dir='ltr'>ab</span> <span class='ocrx_word' id='word_1_927' title='bbox 861 3597 967 3636; x_wconf 87' lang='lat' dir='ltr'>oppido</span> <span class='ocrx_word' id='word_1_928' title='bbox 981 3597 1103 3625; x_wconf 84' lang='lat' dir='ltr'>Cereate.</span> 
     </span>
    </p>

    <p class='ocr_par' dir='ltr' id='par_1_38' title="bbox 208 3629 1356 3976">
     <span class='ocr_line' id='line_1_95' title="bbox 208 3629 1355 3676; baseline -0.011 -3"><span class='ocrx_word' id='word_1_929' title='bbox 208 3643 311 3673; x_wconf 68' lang='lat' dir='ltr'>Canii</span> <span class='ocrx_word' id='word_1_930' title='bbox 323 3652 339 3670; x_wconf 88' lang='lat' dir='ltr'>o</span> <span class='ocrx_word' id='word_1_931' title='bbox 352 3663 359 3675; x_wconf 88' lang='lat'>,</span> <span class='ocrx_word' id='word_1_932' title='bbox 380 3643 453 3670; x_wconf 74' lang='lat' dir='ltr'>crevi</span> <span class='ocrx_word' id='word_1_933' title='bbox 466 3664 473 3676; x_wconf 95' lang='lat'>,</span> <span class='ocrx_word' id='word_1_934' title='bbox 498 3644 605 3670; x_wconf 65' lang='lat' dir='ltr'>cretum</span> <span class='ocrx_word' id='word_1_935' title='bbox 617 3663 625 3676; x_wconf 90' lang='lat'>,</span> <span class='ocrx_word' id='word_1_936' title='bbox 647 3640 764 3676; x_wconf 60' lang='lat' dir='ltr'>[Czim,</span> <span class='ocrx_word' id='word_1_937' title='bbox 788 3634 900 3671; x_wconf 60' lang='grc' dir='ltr'>ὲπἿᾱόω]</span> <span class='ocrx_word' id='word_1_938' title='bbox 922 3637 975 3664; x_wconf 64' lang='lat' dir='ltr'>ere.</span> <span class='ocrx_word' id='word_1_939' title='bbox 998 3634 1105 3662; x_wconf 89' lang='lat' dir='ltr'>Videre.</span> <span class='ocrx_word' id='word_1_940' title='bbox 1126 3630 1198 3659; x_wconf 88' lang='lat' dir='ltr'>Varr.</span> <span class='ocrx_word' id='word_1_941' title='bbox 1211 3629 1260 3658; x_wconf 93' lang='lat' dir='ltr'>lib.</span> <span class='ocrx_word' id='word_1_942' title='bbox 1278 3640 1301 3665; x_wconf 85' lang='lat'>5.</span> <span class='ocrx_word' id='word_1_943' title='bbox 1319 3630 1355 3660; x_wconf 89' lang='lat' dir='ltr'>de</span> 
     </span>
     <span class='ocr_line' id='line_1_96' title="bbox 246 3669 1356 3716; baseline -0.013 -7"><span class='ocrx_word' id='word_1_944' title='bbox 246 3680 273 3710; x_wconf 89' lang='lat' dir='ltr'>L.</span> <span class='ocrx_word' id='word_1_945' title='bbox 286 3680 351 3716; x_wconf 86' lang='lat' dir='ltr'>L.p.</span> <span class='ocrx_word' id='word_1_946' title='bbox 363 3683 405 3707; x_wconf 84' lang='lat'>60.</span> <span class='ocrx_word' id='word_1_947' title='bbox 417 3686 483 3708; x_wconf 80' lang='lat' dir='ltr'>extr.</span> <span class='ocrx_word' id='word_1_948' title='bbox 502 3679 546 3707; x_wconf 86' lang='lat' dir='ltr'>ed.</span> <span class='ocrx_word' id='word_1_949' title='bbox 564 3685 625 3707; x_wconf 87' lang='lat' dir='ltr'>tert.</span> <span class='ocrx_word' id='word_1_950' title='bbox 637 3677 733 3715; x_wconf 89' lang='lat' dir='ltr'>Steph.</span> <span class='ocrx_word' id='word_1_951' title='bbox 772 3676 884 3705; x_wconf 63' lang='lat' dir='ltr'>Dictum</span> <span class='ocrx_word' id='word_1_952' title='bbox 899 3674 990 3703; x_wconf 87' lang='lat' dir='ltr'>Cerno</span> <span class='ocrx_word' id='word_1_953' title='bbox 1008 3681 1023 3700; x_wconf 89' lang='lat' dir='ltr'>a</span> <span class='ocrx_word' id='word_1_954' title='bbox 1039 3671 1126 3704; x_wconf 78' lang='lat' dir='ltr'>Creo,</span> <span class='ocrx_word' id='word_1_955' title='bbox 1154 3669 1208 3698; x_wconf 80' lang='lat' dir='ltr'>i.e.</span> <span class='ocrx_word' id='word_1_956' title='bbox 1230 3677 1245 3697; x_wconf 86' lang='lat' dir='ltr'>a</span> <span class='ocrx_word' id='word_1_957' title='bbox 1263 3677 1356 3696; x_wconf 82' lang='lat' dir='ltr'>crean-</span> 
     </span>
     <span class='ocr_line' id='line_1_97' title="bbox 246 3705 1356 3758; baseline -0.012 -13"><span class='ocrx_word' id='word_1_958' title='bbox 246 3719 302 3746; x_wconf 90' lang='lat' dir='ltr'>do:</span> <span class='ocrx_word' id='word_1_959' title='bbox 324 3716 357 3758; x_wconf 71' lang='lat' dir='ltr'>ab</span> <span class='ocrx_word' id='word_1_960' title='bbox 367 3716 503 3752; x_wconf 83' lang='lat' dir='ltr'>eoquod,</span> <span class='ocrx_word' id='word_1_961' title='bbox 523 3725 606 3752; x_wconf 88' lang='lat' dir='ltr'>quum</span> <span class='ocrx_word' id='word_1_962' title='bbox 622 3716 688 3751; x_wconf 84' lang='lat' dir='ltr'>quid</span> <span class='ocrx_word' id='word_1_963' title='bbox 701 3720 823 3744; x_wconf 85' lang='lat' dir='ltr'>creatum</span> <span class='ocrx_word' id='word_1_964' title='bbox 836 3713 892 3747; x_wconf 85' lang='lat' dir='ltr'>cst,</span> <span class='ocrx_word' id='word_1_965' title='bbox 913 3717 980 3739; x_wconf 87' lang='lat' dir='ltr'>tunc</span> <span class='ocrx_word' id='word_1_966' title='bbox 989 3710 1110 3746; x_wconf 88' lang='lat' dir='ltr'>denique</span> <span class='ocrx_word' id='word_1_967' title='bbox 1122 3706 1239 3736; x_wconf 88' lang='lat' dir='ltr'>videtur.</span> <span class='ocrx_word' id='word_1_968' title='bbox 1281 3705 1356 3734; x_wconf 81' lang='lat' dir='ltr'>Hinc</span> 
     </span>
     <span class='ocr_line' id='line_1_98' title="bbox 243 3743 1355 3788; baseline -0.01 -5"><span class='ocrx_word' id='word_1_969' title='bbox 243 3755 313 3784; x_wconf 85' lang='lat' dir='ltr'>illud</span> <span class='ocrx_word' id='word_1_970' title='bbox 324 3762 352 3781; x_wconf 92' lang='lat' dir='ltr'>in</span> <span class='ocrx_word' id='word_1_971' title='bbox 364 3753 525 3782; x_wconf 86' lang='lat' dir='ltr'>testamento</span> <span class='ocrx_word' id='word_1_972' title='bbox 535 3775 543 3788; x_wconf 80' lang='lat'>,</span> <span class='ocrx_word' id='word_1_973' title='bbox 566 3753 657 3781; x_wconf 85' lang='lat' dir='ltr'>Facito</span> <span class='ocrx_word' id='word_1_974' title='bbox 668 3753 780 3780; x_wconf 86' lang='lat' dir='ltr'>videant</span> <span class='ocrx_word' id='word_1_975' title='bbox 794 3758 821 3780; x_wconf 89' lang='lat' dir='ltr'>te</span> <span class='ocrx_word' id='word_1_976' title='bbox 832 3749 886 3779; x_wconf 73' lang='lat' dir='ltr'>ell&#39;e</span> <span class='ocrx_word' id='word_1_977' title='bbox 895 3748 1042 3777; x_wconf 67' lang='lat' dir='ltr'>haeredem.</span> <span class='ocrx_word' id='word_1_978' title='bbox 1085 3746 1178 3780; x_wconf 83' lang='lat' dir='ltr'>ltaque</span> <span class='ocrx_word' id='word_1_979' title='bbox 1190 3744 1217 3772; x_wconf 93' lang='lat' dir='ltr'>in</span> <span class='ocrx_word' id='word_1_980' title='bbox 1229 3743 1355 3772; x_wconf 85' lang='lat' dir='ltr'>cretione</span> 
     </span>
     <span class='ocr_line' id='line_1_99' title="bbox 242 3781 1352 3825; baseline -0.009 -5"><span class='ocrx_word' id='word_1_981' title='bbox 242 3791 373 3822; x_wconf 78' lang='lat' dir='ltr'>adhibere</span> <span class='ocrx_word' id='word_1_982' title='bbox 383 3790 479 3824; x_wconf 85' lang='lat' dir='ltr'>jubent</span> <span class='ocrx_word' id='word_1_983' title='bbox 487 3790 574 3818; x_wconf 85' lang='lat' dir='ltr'>testes.</span> <span class='ocrx_word' id='word_1_984' title='bbox 614 3790 689 3818; x_wconf 87' lang='lat' dir='ltr'>Idem</span> <span class='ocrx_word' id='word_1_985' title='bbox 702 3790 746 3817; x_wconf 88' lang='lat' dir='ltr'>lib.</span> <span class='ocrx_word' id='word_1_986' title='bbox 761 3794 787 3817; x_wconf 86' lang='lat'>6.</span> <span class='ocrx_word' id='word_1_987' title='bbox 800 3798 825 3825; x_wconf 91' lang='lat' dir='ltr'>p.</span> <span class='ocrx_word' id='word_1_988' title='bbox 837 3793 881 3821; x_wconf 82' lang='lat'>81.</span> <span class='ocrx_word' id='word_1_989' title='bbox 892 3788 936 3815; x_wconf 89' lang='lat' dir='ltr'>ed.</span> <span class='ocrx_word' id='word_1_990' title='bbox 949 3785 1032 3821; x_wconf 86' lang='lat' dir='ltr'>ejusd.</span> <span class='ocrx_word' id='word_1_991' title='bbox 1062 3783 1143 3821; x_wconf 81' lang='lat' dir='ltr'>Apud</span> <span class='ocrx_word' id='word_1_992' title='bbox 1155 3781 1238 3810; x_wconf 85' lang='lat' dir='ltr'>Plaut.</span> <span class='ocrx_word' id='word_1_993' title='bbox 1252 3781 1315 3809; x_wconf 85' lang='lat' dir='ltr'>Cist.</span> <span class='ocrx_word' id='word_1_994' title='bbox 1331 3791 1352 3810; x_wconf 90' lang='grc' dir='ltr'>ι.</span> 
     </span>
     <span class='ocr_line' id='line_1_100' title="bbox 248 3818 1356 3873; baseline -0.011 -16"><span class='ocrx_word' id='word_1_995' title='bbox 248 3840 308 3873; x_wconf 85' lang='lat'>¹·.¹·</span> <span class='ocrx_word' id='word_1_996' title='bbox 331 3828 425 3864; x_wconf 83' lang='lat' dir='ltr'>Quum</span> <span class='ocrx_word' id='word_1_997' title='bbox 436 3836 486 3863; x_wconf 78' lang='lat' dir='ltr'>ego</span> <span class='ocrx_word' id='word_1_998' title='bbox 497 3834 577 3855; x_wconf 87' lang='lat' dir='ltr'>antea</span> <span class='ocrx_word' id='word_1_999' title='bbox 586 3833 613 3854; x_wconf 92' lang='lat' dir='ltr'>te</span> <span class='ocrx_word' id='word_1_1000' title='bbox 623 3827 710 3855; x_wconf 84' lang='lat' dir='ltr'>amavi</span> <span class='ocrx_word' id='word_1_1001' title='bbox 722 3849 728 3858; x_wconf 80' lang='lat'>,</span> <span class='ocrx_word' id='word_1_1002' title='bbox 751 3828 775 3855; x_wconf 70' lang='lat' dir='ltr'>St</span> <span class='ocrx_word' id='word_1_1003' title='bbox 788 3825 855 3854; x_wconf 90' lang='lat' dir='ltr'>mihi</span> <span class='ocrx_word' id='word_1_1004' title='bbox 867 3825 987 3854; x_wconf 83' lang='lat' dir='ltr'>amicum</span> <span class='ocrx_word' id='word_1_1005' title='bbox 1002 3822 1055 3851; x_wconf 81' lang='lat' dir='ltr'>else</span> <span class='ocrx_word' id='word_1_1006' title='bbox 1064 3821 1147 3850; x_wconf 87' lang='lat' dir='ltr'>crevi.</span> <span class='ocrx_word' id='word_1_1007' title='bbox 1168 3819 1240 3848; x_wconf 86' lang='lat' dir='ltr'>valet</span> <span class='ocrx_word' id='word_1_1008' title='bbox 1249 3818 1356 3847; x_wconf 83' lang='lat' dir='ltr'>Consti-</span> 
     </span>
     <span class='ocr_line' id='line_1_101' title="bbox 243 3857 1354 3907; baseline -0.011 -12"><span class='ocrx_word' id='word_1_1009' title='bbox 243 3873 293 3896; x_wconf 86' lang='lat' dir='ltr'>tui.</span> <span class='ocrx_word' id='word_1_1010' title='bbox 330 3865 425 3907; x_wconf 73' lang='lat' dir='ltr'>ltaque</span> <span class='ocrx_word' id='word_1_1011' title='bbox 434 3864 517 3906; x_wconf 64' lang='lat' dir='ltr'>haeres</span> <span class='ocrx_word' id='word_1_1012' title='bbox 529 3885 536 3897; x_wconf 92' lang='lat'>,</span> <span class='ocrx_word' id='word_1_1013' title='bbox 558 3873 641 3899; x_wconf 89' lang='lat' dir='ltr'>quum</span> <span class='ocrx_word' id='word_1_1014' title='bbox 652 3864 794 3892; x_wconf 82' lang='lat' dir='ltr'>constituit</span> <span class='ocrx_word' id='word_1_1015' title='bbox 804 3863 830 3891; x_wconf 87' lang='lat' dir='ltr'>se</span> <span class='ocrx_word' id='word_1_1016' title='bbox 848 3861 986 3891; x_wconf 81' lang='lat' dir='ltr'>liaeredem</span> <span class='ocrx_word' id='word_1_1017' title='bbox 1007 3860 1060 3889; x_wconf 70' lang='lat' dir='ltr'>ell‘e</span> <span class='ocrx_word' id='word_1_1018' title='bbox 1073 3881 1080 3893; x_wconf 96' lang='lat'>,</span> <span class='ocrx_word' id='word_1_1019' title='bbox 1102 3857 1204 3887; x_wconf 87' lang='lat' dir='ltr'>dicitur</span> <span class='ocrx_word' id='word_1_1020' title='bbox 1221 3865 1332 3885; x_wconf 86' lang='lat' dir='ltr'>cernere</span> <span class='ocrx_word' id='word_1_1021' title='bbox 1345 3877 1354 3890; x_wconf 90' lang='lat'>,</span> 
     </span>
     <span class='ocr_line' id='line_1_102' title="bbox 243 3890 1356 3940; baseline -0.011 -9"><span class='ocrx_word' id='word_1_1022' title='bbox 243 3907 269 3935; x_wconf 85' lang='lat'>&amp;</span> <span class='ocrx_word' id='word_1_1023' title='bbox 281 3913 364 3940; x_wconf 85' lang='lat' dir='ltr'>quum</span> <span class='ocrx_word' id='word_1_1024' title='bbox 377 3902 406 3930; x_wconf 88' lang='lat' dir='ltr'>id</span> <span class='ocrx_word' id='word_1_1025' title='bbox 417 3901 520 3935; x_wconf 80' lang='lat' dir='ltr'>fecerit,</span> <span class='ocrx_word' id='word_1_1026' title='bbox 543 3900 661 3929; x_wconf 71' lang='lat' dir='ltr'>crevisse.</span> <span class='ocrx_word' id='word_1_1027' title='bbox 705 3901 759 3929; x_wconf 64' lang='lat' dir='ltr'>Sed</span> <span class='ocrx_word' id='word_1_1028' title='bbox 771 3900 817 3928; x_wconf 83' lang='lat' dir='ltr'>alii</span> <span class='ocrx_word' id='word_1_1029' title='bbox 830 3902 929 3928; x_wconf 78' lang='lat' dir='ltr'>rectius</span> <span class='ocrx_word' id='word_1_1030' title='bbox 943 3907 958 3926; x_wconf 84' lang='lat' dir='ltr'>a</span> <span class='ocrx_word' id='word_1_1031' title='bbox 973 3897 1018 3926; x_wconf 93' lang='lat' dir='ltr'>Gr.</span> <span class='ocrx_word' id='word_1_1032' title='bbox 1031 3895 1107 3928; x_wconf 66' lang='grc' dir='ltr'><em>κρλνω</em></span> <span class='ocrx_word' id='word_1_1033' title='bbox 1117 3895 1163 3924; x_wconf 86' lang='lat' dir='ltr'>vel</span> <span class='ocrx_word' id='word_1_1034' title='bbox 1174 3890 1259 3929; x_wconf 57' lang='grc' dir='ltr'><em>κςαᾶνω</em></span> <span class='ocrx_word' id='word_1_1035' title='bbox 1269 3893 1356 3922; x_wconf 84' lang='lat' dir='ltr'>dedu-</span> 
     </span>
     <span class='ocr_line' id='line_1_103' title="bbox 242 3933 1243 3976; baseline -0.01 -4"><span class='ocrx_word' id='word_1_1036' title='bbox 242 3948 311 3972; x_wconf 88' lang='lat' dir='ltr'>cunt</span> <span class='ocrx_word' id='word_1_1037' title='bbox 320 3962 328 3976; x_wconf 93' lang='lat'>,</span> <span class='ocrx_word' id='word_1_1038' title='bbox 348 3939 423 3969; x_wconf 87' lang='lat' dir='ltr'>unde</span> <span class='ocrx_word' id='word_1_1039' title='bbox 435 3940 460 3968; x_wconf 71' lang='grc' dir='ltr'>ἃ</span> <span class='ocrx_word' id='word_1_1040' title='bbox 473 3938 627 3973; x_wconf 78' lang='lat' dir='ltr'>generatim</span> <span class='ocrx_word' id='word_1_1041' title='bbox 641 3937 773 3975; x_wconf 74' lang='lat' dir='ltr'>significat</span> <span class='ocrx_word' id='word_1_1042' title='bbox 787 3936 893 3973; x_wconf 80' lang='lat' dir='ltr'>aliquid</span> <span class='ocrx_word' id='word_1_1043' title='bbox 903 3936 1039 3966; x_wconf 75' lang='lat' dir='ltr'>Dirimer:</span> <span class='ocrx_word' id='word_1_1044' title='bbox 1050 3955 1058 3969; x_wconf 89' lang='lat'>,</span> <span class='ocrx_word' id='word_1_1045' title='bbox 1079 3933 1243 3962; x_wconf 74' lang='lat' dir='ltr'>disternere.</span> 
     </span>
    </p>
   </div>
   <div class='ocr_carea' id='block_1_33' title="bbox 1053 2764 1371 2796">
    <p class='ocr_par' dir='ltr' id='par_1_39' title="bbox 1053 2764 1371 2796">
     <span class='ocr_line' id='line_1_104' title="bbox 1053 2764 1371 2796; baseline -0.003 -1"><span class='ocrx_word' id='word_1_1046' title='bbox 1053 2768 1095 2796; x_wconf 80' lang='lat' dir='ltr'>Ait</span> <span class='ocrx_word' id='word_1_1047' title='bbox 1105 2775 1198 2795; x_wconf 89' lang='lat' dir='ltr'>autem</span> <span class='ocrx_word' id='word_1_1048' title='bbox 1209 2764 1317 2795; x_wconf 82' lang='lat' dir='ltr'>Nonius</span> <span class='ocrx_word' id='word_1_1049' title='bbox 1329 2774 1352 2795; x_wconf 76' lang='lat' dir='ltr'>r.</span> <span class='ocrx_word' id='word_1_1050' title='bbox 1370 2786 1371 2789; x_wconf 23' lang='grc' dir='ltr'>η</span> 
     </span>
    </p>
   </div>
   <div class='ocr_carea' id='block_1_34' title="bbox 1873 80 2599 144">
    <p class='ocr_par' dir='ltr' id='par_1_40' title="bbox 1873 80 2599 144">
     <span class='ocr_line' id='line_1_105' title="bbox 1873 80 2599 144; baseline -0.008 -3"><span class='ocrx_word' id='word_1_1051' title='bbox 1873 106 2150 144; x_wconf 85' lang='lat' dir='ltr'>CER</span> <span class='ocrx_word' id='word_1_1052' title='bbox 2516 80 2599 118; x_wconf 57' lang='lat'>-&lt;&#39;</span> 
     </span>
    </p>
   </div>
   <div class='ocr_carea' id='block_1_35' title="bbox 1429 175 2599 1778">
    <p class='ocr_par' dir='ltr' id='par_1_41' title="bbox 1429 175 2598 341">
     <span class='ocr_line' id='line_1_106' title="bbox 1429 175 2598 233; baseline 0.005 -13"><span class='ocrx_word' id='word_1_1053' title='bbox 1429 190 1512 220; x_wconf 70' lang='lat' dir='ltr'>Crevi</span> <span class='ocrx_word' id='word_1_1054' title='bbox 1527 212 1536 226; x_wconf 85' lang='lat'>,</span> <span class='ocrx_word' id='word_1_1055' title='bbox 1557 189 1642 219; x_wconf 76' lang='lat' dir='ltr'>morio</span> <span class='ocrx_word' id='word_1_1056' title='bbox 1654 188 1993 233; x_wconf 73' lang='lat' dir='ltr'>ligiiisicatHaereditatem</span> <span class='ocrx_word' id='word_1_1057' title='bbox 2005 189 2079 219; x_wconf 83' lang='lat' dir='ltr'>adii:</span> <span class='ocrx_word' id='word_1_1058' title='bbox 2101 175 2187 220; x_wconf 58' lang='lat' dir='ltr'>inodo</span> <span class='ocrx_word' id='word_1_1059' title='bbox 2203 191 2294 225; x_wconf 67' lang='lat' dir='ltr'>Maior</span> <span class='ocrx_word' id='word_1_1060' title='bbox 2309 198 2388 222; x_wconf 65' lang='lat' dir='ltr'>:etate</span> <span class='ocrx_word' id='word_1_1061' title='bbox 2404 194 2448 223; x_wconf 79' lang='lat' dir='ltr'>vel</span> <span class='ocrx_word' id='word_1_1062' title='bbox 2465 189 2546 227; x_wconf 77' lang='lat' dir='ltr'>censu</span> <span class='ocrx_word' id='word_1_1063' title='bbox 2595 182 2598 216; x_wconf 66' lang='lat' dir='ltr'>l</span> 
     </span>
     <span class='ocr_line' id='line_1_107' title="bbox 1449 227 2598 274; baseline 0.005 -17"><span class='ocrx_word' id='word_1_1064' title='bbox 1449 228 1520 274; x_wconf 66' lang='lat' dir='ltr'>suni,</span> <span class='ocrx_word' id='word_1_1065' title='bbox 1540 228 1625 257; x_wconf 81' lang='lat' dir='ltr'>niodo</span> <span class='ocrx_word' id='word_1_1066' title='bbox 1635 227 1777 270; x_wconf 61' lang='lat' dir='ltr'>JudicaVi,</span> <span class='ocrx_word' id='word_1_1067' title='bbox 1788 227 1886 269; x_wconf 40' lang='lat' dir='ltr'>&#39;modo</span> <span class='ocrx_word' id='word_1_1068' title='bbox 1902 228 2002 256; x_wconf 59' lang='lat' dir='ltr'>iiiviri:</span> <span class='ocrx_word' id='word_1_1069' title='bbox 2026 238 2087 265; x_wconf 78' lang='lat' dir='ltr'>qua:</span> <span class='ocrx_word' id='word_1_1070' title='bbox 2098 230 2192 257; x_wconf 70' lang='lat' dir='ltr'>omnia</span> <span class='ocrx_word' id='word_1_1071' title='bbox 2203 240 2217 257; x_wconf 83' lang='lat' dir='ltr'>a</span> <span class='ocrx_word' id='word_1_1072' title='bbox 2230 231 2340 260; x_wconf 88' lang='lat' dir='ltr'>duobus</span> <span class='ocrx_word' id='word_1_1073' title='bbox 2351 231 2440 262; x_wconf 80' lang='lat' dir='ltr'>verbis</span> <span class='ocrx_word' id='word_1_1074' title='bbox 2450 228 2547 264; x_wconf 75' lang='lat' dir='ltr'>Cresco</span> <span class='ocrx_word' id='word_1_1075' title='bbox 2594 241 2598 254; x_wconf 46' lang='grc' dir='ltr'>ι</span> 
     </span>
     <span class='ocr_line' id='line_1_108' title="bbox 1449 258 2598 309; baseline 0.003 -14"><span class='ocrx_word' id='word_1_1076' title='bbox 1449 268 1475 295; x_wconf 70' lang='grc' dir='ltr'><strong><em>ἃ</em></strong></span> <span class='ocrx_word' id='word_1_1077' title='bbox 1487 266 1577 309; x_wconf 74' lang='lat' dir='ltr'>Cerno</span> <span class='ocrx_word' id='word_1_1078' title='bbox 1589 270 1722 307; x_wconf 78' lang='lat' dir='ltr'>veniunt:</span> <span class='ocrx_word' id='word_1_1079' title='bbox 1749 274 1828 300; x_wconf 75' lang='lat' dir='ltr'>cujus</span> <span class='ocrx_word' id='word_1_1080' title='bbox 1836 265 1917 293; x_wconf 87' lang='lat' dir='ltr'>unius</span> <span class='ocrx_word' id='word_1_1081' title='bbox 1927 267 2003 302; x_wconf 85' lang='lat' dir='ltr'>origo</span> <span class='ocrx_word' id='word_1_1082' title='bbox 2013 275 2047 294; x_wconf 81' lang='lat' dir='ltr'>ex</span> <span class='ocrx_word' id='word_1_1083' title='bbox 2061 266 2156 295; x_wconf 72' lang='lat' dir='ltr'>Graeco</span> <span class='ocrx_word' id='word_1_1084' title='bbox 2172 268 2289 297; x_wconf 82' lang='lat' dir='ltr'>trahitur</span> <span class='ocrx_word' id='word_1_1085' title='bbox 2331 269 2406 305; x_wconf 85' lang='lat' dir='ltr'>quod</span> <span class='ocrx_word' id='word_1_1086' title='bbox 2423 269 2463 299; x_wconf 86' lang='lat' dir='ltr'>illi</span> <span class='ocrx_word' id='word_1_1087' title='bbox 2481 283 2494 297; x_wconf 76' lang='grc' dir='ltr'>»ι</span> <span class='ocrx_word' id='word_1_1088' title='bbox 2510 270 2535 299; x_wconf 69' lang='grc' dir='ltr'>αἱ</span> <span class='ocrx_word' id='word_1_1089' title='bbox 2594 258 2598 276; x_wconf 26' lang='lat'>¹*</span> 
     </span>
     <span class='ocr_line' id='line_1_109' title="bbox 1453 283 2597 341; baseline 0.004 -11"><span class='ocrx_word' id='word_1_1090' title='bbox 1453 315 1493 330; x_wconf 69' lang='lat' dir='ltr'>im</span> <span class='ocrx_word' id='word_1_1091' title='bbox 1508 304 1755 339; x_wconf 82' lang='lat' dir='ltr'>dicuntperncere.</span> <span class='ocrx_word' id='word_1_1092' title='bbox 1782 302 1845 330; x_wconf 74' lang='lat' dir='ltr'>tlaec</span> <span class='ocrx_word' id='word_1_1093' title='bbox 1860 301 1960 332; x_wconf 82' lang='lat' dir='ltr'>Festus.</span> <span class='ocrx_word' id='word_1_1094' title='bbox 1994 303 2064 340; x_wconf 79' lang='lat' dir='ltr'>Virg.</span> <span class='ocrx_word' id='word_1_1095' title='bbox 2081 316 2107 336; x_wconf 76' lang='lat'>4.</span> <span class='ocrx_word' id='word_1_1096' title='bbox 2121 303 2181 334; x_wconf 77' lang='lat' dir='ltr'>AEn.</span> <span class='ocrx_word' id='word_1_1097' title='bbox 2194 311 2257 341; x_wconf 81' lang='lat'>408.</span> <span class='ocrx_word' id='word_1_1098' title='bbox 2301 290 2310 303; x_wconf 55' lang='lat'><strong><em>³</em></strong></span> <span class='ocrx_word' id='word_1_1099' title='bbox 2495 283 2508 309; x_wconf 57' lang='grc' dir='ltr'><strong>ξ</strong></span> <span class='ocrx_word' id='word_1_1100' title='bbox 2537 290 2548 297; x_wconf 56' lang='grc'><em>·</em></span> <span class='ocrx_word' id='word_1_1101' title='bbox 2593 283 2597 322; x_wconf 56' lang='lat' dir='ltr'>l</span> 
     </span>
    </p>

    <p class='ocr_par' dir='ltr' id='par_1_42' title="bbox 1513 323 2597 377">
     <span class='ocr_line' id='line_1_110' title="bbox 1513 323 2597 377; baseline 0.003 -8"><span class='ocrx_word' id='word_1_1102' title='bbox 1513 341 1583 377; x_wconf 87' lang='lat' dir='ltr'>Quis</span> <span class='ocrx_word' id='word_1_1103' title='bbox 1596 341 1645 368; x_wconf 86' lang='lat' dir='ltr'>tibi</span> <span class='ocrx_word' id='word_1_1104' title='bbox 1657 346 1724 368; x_wconf 86' lang='lat' dir='ltr'>tunc</span> <span class='ocrx_word' id='word_1_1105' title='bbox 1737 339 1813 368; x_wconf 86' lang='lat' dir='ltr'>Dido</span> <span class='ocrx_word' id='word_1_1106' title='bbox 1825 341 1949 369; x_wconf 85' lang='lat' dir='ltr'>cernenti</span> <span class='ocrx_word' id='word_1_1107' title='bbox 1961 340 2024 370; x_wconf 83' lang='lat' dir='ltr'>talia</span> <span class='ocrx_word' id='word_1_1108' title='bbox 2034 340 2125 371; x_wconf 91' lang='lat' dir='ltr'>sensus</span> <span class='ocrx_word' id='word_1_1109' title='bbox 2134 342 2148 370; x_wconf 69' lang='lat'>²?</span> <span class='ocrx_word' id='word_1_1110' title='bbox 2592 323 2597 354; x_wconf 55' lang='lat' dir='ltr'>l</span> 
     </span>
    </p>

    <p class='ocr_par' dir='ltr' id='par_1_43' title="bbox 1433 377 2594 415">
     <span class='ocr_line' id='line_1_111' title="bbox 1433 377 2594 415; baseline 0 -7"><span class='ocrx_word' id='word_1_1111' title='bbox 1433 378 1553 409; x_wconf 73' lang='lat' dir='ltr'>Cernere</span> <span class='ocrx_word' id='word_1_1112' title='bbox 1568 378 1602 406; x_wconf 87' lang='lat' dir='ltr'>ad</span> <span class='ocrx_word' id='word_1_1113' title='bbox 1612 377 1758 414; x_wconf 82' lang='lat' dir='ltr'>Capitolia.</span> <span class='ocrx_word' id='word_1_1114' title='bbox 1782 377 1866 405; x_wconf 89' lang='lat' dir='ltr'>Ovid.</span> <span class='ocrx_word' id='word_1_1115' title='bbox 1884 387 1905 405; x_wconf 94' lang='grc' dir='ltr'>ι.</span> <span class='ocrx_word' id='word_1_1116' title='bbox 1922 377 2002 407; x_wconf 88' lang='lat' dir='ltr'>Trist.</span> <span class='ocrx_word' id='word_1_1117' title='bbox 2015 387 2039 414; x_wconf 87' lang='lat'>3.</span> <span class='ocrx_word' id='word_1_1118' title='bbox 2051 388 2096 415; x_wconf 86' lang='lat'>29.</span> <span class='ocrx_word' id='word_1_1119' title='bbox 2592 384 2594 394; x_wconf 81' lang='lat'><em>&#39;</em></span> 
     </span>
    </p>

    <p class='ocr_par' dir='ltr' id='par_1_44' title="bbox 1514 395 2597 458">
     <span class='ocr_line' id='line_1_112' title="bbox 1514 395 2597 458; baseline 0.006 -13"><span class='ocrx_word' id='word_1_1120' title='bbox 1514 416 1592 458; x_wconf 71' lang='lat' dir='ltr'>Hanc</span> <span class='ocrx_word' id='word_1_1121' title='bbox 1603 425 1654 451; x_wconf 82' lang='lat' dir='ltr'>ego</span> <span class='ocrx_word' id='word_1_1122' title='bbox 1665 414 1824 451; x_wconf 86' lang='lat' dir='ltr'>suspiciens,</span> <span class='ocrx_word' id='word_1_1123' title='bbox 1838 416 1864 443; x_wconf 63' lang='grc' dir='ltr'>ἃ</span> <span class='ocrx_word' id='word_1_1124' title='bbox 1875 415 1908 443; x_wconf 83' lang='lat' dir='ltr'>ad</span> <span class='ocrx_word' id='word_1_1125' title='bbox 1923 414 1982 444; x_wconf 58' lang='lat' dir='ltr'>haec</span> <span class='ocrx_word' id='word_1_1126' title='bbox 1992 415 2131 452; x_wconf 84' lang='lat' dir='ltr'>Capitolia</span> <span class='ocrx_word' id='word_1_1127' title='bbox 2142 426 2268 453; x_wconf 85' lang='lat' dir='ltr'>cernens,</span> <span class='ocrx_word' id='word_1_1128' title='bbox 2283 417 2388 450; x_wconf 37' lang='lat' dir='ltr'>&amp;cast</span> <span class='ocrx_word' id='word_1_1129' title='bbox 2398 418 2433 449; x_wconf 85' lang='lat' dir='ltr'>Et</span> <span class='ocrx_word' id='word_1_1130' title='bbox 2443 414 2476 450; x_wconf 81' lang='lat' dir='ltr'>ab</span> <span class='ocrx_word' id='word_1_1131' title='bbox 2487 419 2538 452; x_wconf 79' lang='lat' dir='ltr'>hac</span> <span class='ocrx_word' id='word_1_1132' title='bbox 2592 395 2597 415; x_wconf 52' lang='grc'>1</span> 
     </span>
    </p>

    <p class='ocr_par' dir='ltr' id='par_1_45' title="bbox 1432 441 2596 490">
     <span class='ocr_line' id='line_1_113' title="bbox 1432 441 2596 490; baseline 0 -8"><span class='ocrx_word' id='word_1_1133' title='bbox 1432 454 1528 484; x_wconf 88' lang='lat' dir='ltr'>Eloco</span> <span class='ocrx_word' id='word_1_1134' title='bbox 1542 453 1634 490; x_wconf 89' lang='lat' dir='ltr'>aliquo</span> <span class='ocrx_word' id='word_1_1135' title='bbox 1650 451 1747 489; x_wconf 85' lang='lat' dir='ltr'>procul</span> <span class='ocrx_word' id='word_1_1136' title='bbox 1759 458 1881 481; x_wconf 63' lang='lat' dir='ltr'>cernere.</span> <span class='ocrx_word' id='word_1_1137' title='bbox 1903 453 1975 490; x_wconf 88' lang='lat' dir='ltr'>Virg.</span> <span class='ocrx_word' id='word_1_1138' title='bbox 1993 463 2015 489; x_wconf 86' lang='lat'>3.</span> <span class='ocrx_word' id='word_1_1139' title='bbox 2032 453 2093 484; x_wconf 78' lang='lat' dir='ltr'>JEn.</span> <span class='ocrx_word' id='word_1_1140' title='bbox 2106 465 2168 489; x_wconf 69' lang='lat'>554.</span> <span class='ocrx_word' id='word_1_1141' title='bbox 2482 472 2487 474; x_wconf 30' lang='grc' dir='ltr'><em>κ</em></span> <span class='ocrx_word' id='word_1_1142' title='bbox 2539 444 2546 452; x_wconf 63' lang='lat'><em>⁰</em></span> <span class='ocrx_word' id='word_1_1143' title='bbox 2572 457 2574 460; x_wconf 76' lang='grc'>’</span> <span class='ocrx_word' id='word_1_1144' title='bbox 2592 441 2596 482; x_wconf 75' lang='lat' dir='ltr'>l</span> 
     </span>
    </p>

    <p class='ocr_par' dir='ltr' id='par_1_46' title="bbox 1513 485 2596 528">
     <span class='ocr_line' id='line_1_114' title="bbox 1513 485 2596 528; baseline 0.004 -8"><span class='ocrx_word' id='word_1_1145' title='bbox 1513 491 1587 520; x_wconf 89' lang='lat' dir='ltr'>Tum</span> <span class='ocrx_word' id='word_1_1146' title='bbox 1600 489 1699 528; x_wconf 80' lang='lat' dir='ltr'>procul</span> <span class='ocrx_word' id='word_1_1147' title='bbox 1713 501 1727 518; x_wconf 84' lang='lat' dir='ltr'>e</span> <span class='ocrx_word' id='word_1_1148' title='bbox 1736 489 1823 519; x_wconf 69' lang='lat' dir='ltr'>fluctu</span> <span class='ocrx_word' id='word_1_1149' title='bbox 1834 489 1976 519; x_wconf 86' lang='lat' dir='ltr'>Trinacria</span> <span class='ocrx_word' id='word_1_1150' title='bbox 1985 491 2105 521; x_wconf 86' lang='lat' dir='ltr'>cernitur</span> <span class='ocrx_word' id='word_1_1151' title='bbox 2115 492 2206 523; x_wconf 85' lang='lat' dir='ltr'>AEtna.</span> <span class='ocrx_word' id='word_1_1152' title='bbox 2590 485 2596 519; x_wconf 70' lang='lat' dir='ltr'>l</span> 
     </span>
    </p>

    <p class='ocr_par' dir='ltr' id='par_1_47' title="bbox 1434 521 2594 610">
     <span class='ocr_line' id='line_1_115' title="bbox 1434 521 2594 567; baseline -0.001 -9"><span class='ocrx_word' id='word_1_1153' title='bbox 1434 529 1546 564; x_wconf 85' lang='lat' dir='ltr'>Cerno,</span> <span class='ocrx_word' id='word_1_1154' title='bbox 1567 538 1632 558; x_wconf 88' lang='lat' dir='ltr'>cum</span> <span class='ocrx_word' id='word_1_1155' title='bbox 1644 527 1793 556; x_wconf 79' lang='lat' dir='ltr'>infinitivo.</span> <span class='ocrx_word' id='word_1_1156' title='bbox 1817 527 1887 563; x_wconf 81' lang='lat' dir='ltr'>Virg.</span> <span class='ocrx_word' id='word_1_1157' title='bbox 1905 539 1927 562; x_wconf 86' lang='grc' dir='ltr'>ς.</span> <span class='ocrx_word' id='word_1_1158' title='bbox 1940 529 2001 558; x_wconf 64' lang='lat' dir='ltr'>(En.</span> <span class='ocrx_word' id='word_1_1159' title='bbox 2014 537 2060 565; x_wconf 85' lang='lat'>27.</span> <span class='ocrx_word' id='word_1_1160' title='bbox 2590 521 2594 567; x_wconf 70' lang='lat' dir='ltr'>l</span> 
     </span>
     <span class='ocr_line' id='line_1_116' title="bbox 1623 565 2141 610; baseline 0.004 -17"><span class='ocrx_word' id='word_1_1161' title='bbox 1623 581 1664 610; x_wconf 34' lang='grc' dir='ltr'>Π-</span> <span class='ocrx_word' id='word_1_1162' title='bbox 1675 565 1771 609; x_wconf 77' lang='lat' dir='ltr'>frustra</span> <span class='ocrx_word' id='word_1_1163' title='bbox 1779 574 1864 594; x_wconf 90' lang='lat' dir='ltr'>cerno</span> <span class='ocrx_word' id='word_1_1164' title='bbox 1875 572 1901 593; x_wconf 91' lang='lat' dir='ltr'>te</span> <span class='ocrx_word' id='word_1_1165' title='bbox 1910 566 2026 595; x_wconf 88' lang='lat' dir='ltr'>tendere</span> <span class='ocrx_word' id='word_1_1166' title='bbox 2036 571 2141 596; x_wconf 90' lang='lat' dir='ltr'>contra.</span> 
     </span>
    </p>

    <p class='ocr_par' dir='ltr' id='par_1_48' title="bbox 1435 600 2599 713">
     <span class='ocr_line' id='line_1_117' title="bbox 1435 600 2551 646; baseline 0.003 -13"><span class='ocrx_word' id='word_1_1167' title='bbox 1435 603 1554 634; x_wconf 84' lang='lat' dir='ltr'>Cernere</span> <span class='ocrx_word' id='word_1_1168' title='bbox 1567 605 1592 633; x_wconf 68' lang='lat' dir='ltr'>&amp;c</span> <span class='ocrx_word' id='word_1_1169' title='bbox 1603 604 1706 633; x_wconf 85' lang='lat' dir='ltr'>videre.</span> <span class='ocrx_word' id='word_1_1170' title='bbox 1739 600 1798 632; x_wconf 87' lang='lat' dir='ltr'>Cic.</span> <span class='ocrx_word' id='word_1_1171' title='bbox 1807 612 1838 646; x_wconf 81' lang='lat'>.3·</span> <span class='ocrx_word' id='word_1_1172' title='bbox 1850 603 1885 632; x_wconf 91' lang='lat' dir='ltr'>de</span> <span class='ocrx_word' id='word_1_1173' title='bbox 1897 603 1972 633; x_wconf 86' lang='lat' dir='ltr'>Orat.</span> <span class='ocrx_word' id='word_1_1174' title='bbox 1993 613 2003 632; x_wconf 87' lang='lat' dir='ltr'>i</span> <span class='ocrx_word' id='word_1_1175' title='bbox 2011 614 2054 638; x_wconf 80' lang='lat'>59.</span> <span class='ocrx_word' id='word_1_1176' title='bbox 2069 604 2127 634; x_wconf 61' lang='lat' dir='ltr'>*Illa</span> <span class='ocrx_word' id='word_1_1177' title='bbox 2137 613 2203 634; x_wconf 91' lang='lat' dir='ltr'>vero</span> <span class='ocrx_word' id='word_1_1178' title='bbox 2214 603 2359 634; x_wconf 91' lang='lat' dir='ltr'>oculorum</span> <span class='ocrx_word' id='word_1_1179' title='bbox 2367 606 2457 636; x_wconf 83' lang='lat' dir='ltr'>multo</span> <span class='ocrx_word' id='word_1_1180' title='bbox 2467 609 2551 639; x_wconf 59' lang='lat' dir='ltr'>aerios</span> 
     </span>
     <span class='ocr_line' id='line_1_118' title="bbox 1452 640 2597 709; baseline 0.006 -39"><span class='ocrx_word' id='word_1_1181' title='bbox 1452 652 1481 671; x_wconf 87' lang='lat' dir='ltr'>ra</span> <span class='ocrx_word' id='word_1_1182' title='bbox 1489 651 1579 709; x_wconf 70' lang='lat' dir='ltr'>,ffquae</span> <span class='ocrx_word' id='word_1_1183' title='bbox 1593 648 1704 679; x_wconf 90' lang='lat' dir='ltr'>ponunt</span> <span class='ocrx_word' id='word_1_1184' title='bbox 1712 650 1793 679; x_wconf 83' lang='lat' dir='ltr'>paene</span> <span class='ocrx_word' id='word_1_1185' title='bbox 1806 650 1836 669; x_wconf 90' lang='lat' dir='ltr'>in</span> <span class='ocrx_word' id='word_1_1186' title='bbox 1851 640 2002 678; x_wconf 71' lang='lat' dir='ltr'>conspeetu</span> <span class='ocrx_word' id='word_1_1187' title='bbox 2013 642 2120 678; x_wconf 82' lang='lat' dir='ltr'>animi,</span> <span class='ocrx_word' id='word_1_1188' title='bbox 2141 652 2201 680; x_wconf 86' lang='lat' dir='ltr'>quae</span> <span class='ocrx_word' id='word_1_1189' title='bbox 2218 650 2331 672; x_wconf 89' lang='lat' dir='ltr'>cernere</span> <span class='ocrx_word' id='word_1_1190' title='bbox 2345 645 2372 674; x_wconf 70' lang='grc' dir='ltr'>δι</span> <span class='ocrx_word' id='word_1_1191' title='bbox 2386 645 2481 676; x_wconf 82' lang='lat' dir='ltr'>videre</span> <span class='ocrx_word' id='word_1_1192' title='bbox 2494 653 2552 678; x_wconf 67' lang='lat' dir='ltr'>non</span> <span class='ocrx_word' id='word_1_1193' title='bbox 2596 663 2597 667; x_wconf 65' lang='lat'><em>=</em></span> 
     </span>
     <span class='ocr_line' id='line_1_119' title="bbox 1453 670 2599 713; baseline 0.001 -5"><span class='ocrx_word' id='word_1_1194' title='bbox 1453 690 1491 713; x_wconf 83' lang='lat' dir='ltr'>po</span> <span class='ocrx_word' id='word_1_1195' title='bbox 1516 689 1595 709; x_wconf 92' lang='lat' dir='ltr'>imus.</span> <span class='ocrx_word' id='word_1_1196' title='bbox 2595 670 2599 680; x_wconf 68' lang='lat'><strong>⁴</strong></span> 
     </span>
    </p>

    <p class='ocr_par' dir='ltr' id='par_1_49' title="bbox 1436 714 2056 754">
     <span class='ocr_line' id='line_1_120' title="bbox 1436 714 2056 754; baseline 0.002 -8"><span class='ocrx_word' id='word_1_1197' title='bbox 1436 717 1506 746; x_wconf 76' lang='lat' dir='ltr'>Ante</span> <span class='ocrx_word' id='word_1_1198' title='bbox 1517 716 1614 746; x_wconf 85' lang='lat' dir='ltr'>oculos</span> <span class='ocrx_word' id='word_1_1199' title='bbox 1623 725 1745 745; x_wconf 91' lang='lat' dir='ltr'>cernere.</span> <span class='ocrx_word' id='word_1_1200' title='bbox 1767 714 1877 745; x_wconf 81' lang='lat' dir='ltr'>Lucret.</span> <span class='ocrx_word' id='word_1_1201' title='bbox 1890 715 1940 746; x_wconf 91' lang='lat' dir='ltr'>lib.</span> <span class='ocrx_word' id='word_1_1202' title='bbox 1955 726 1979 747; x_wconf 90' lang='lat'>1.</span> <span class='ocrx_word' id='word_1_1203' title='bbox 1993 719 2056 754; x_wconf 81' lang='grc'>343.</span> 
     </span>
    </p>

    <p class='ocr_par' dir='ltr' id='par_1_50' title="bbox 1436 754 1843 788">
     <span class='ocr_line' id='line_1_121' title="bbox 1436 754 1843 788; baseline -0.007 -3"><span class='ocrx_word' id='word_1_1204' title='bbox 1436 756 1533 785; x_wconf 85' lang='lat' dir='ltr'>Acute.</span> <span class='ocrx_word' id='word_1_1205' title='bbox 1555 755 1664 784; x_wconf 92' lang='lat' dir='ltr'>Lucret.</span> <span class='ocrx_word' id='word_1_1206' title='bbox 1678 754 1725 782; x_wconf 92' lang='lat' dir='ltr'>lib.</span> <span class='ocrx_word' id='word_1_1207' title='bbox 1738 764 1765 788; x_wconf 87' lang='lat'>4.</span> <span class='ocrx_word' id='word_1_1208' title='bbox 1779 759 1843 787; x_wconf 88' lang='lat'>801-</span> 
     </span>
    </p>

    <p class='ocr_par' dir='ltr' id='par_1_51' title="bbox 1435 791 2204 829">
     <span class='ocr_line' id='line_1_122' title="bbox 1435 791 2204 829; baseline 0.001 -7"><span class='ocrx_word' id='word_1_1209' title='bbox 1435 793 1573 827; x_wconf 79' lang='lat' dir='ltr'>Acutum,</span> <span class='ocrx_word' id='word_1_1210' title='bbox 1595 792 1671 821; x_wconf 88' lang='lat' dir='ltr'>idem</span> <span class='ocrx_word' id='word_1_1211' title='bbox 1682 791 1758 828; x_wconf 88' lang='lat' dir='ltr'>quod</span> <span class='ocrx_word' id='word_1_1212' title='bbox 1775 793 1870 821; x_wconf 86' lang='lat' dir='ltr'>Acute.</span> <span class='ocrx_word' id='word_1_1213' title='bbox 1893 791 1960 821; x_wconf 90' lang='lat' dir='ltr'>Hor.</span> <span class='ocrx_word' id='word_1_1214' title='bbox 1976 800 1999 820; x_wconf 84' lang='lat' dir='ltr'>x.</span> <span class='ocrx_word' id='word_1_1215' title='bbox 2013 791 2100 822; x_wconf 89' lang='lat' dir='ltr'>Serm.</span> <span class='ocrx_word' id='word_1_1216' title='bbox 2119 800 2145 829; x_wconf 83' lang='lat'>3.</span> <span class='ocrx_word' id='word_1_1217' title='bbox 2158 795 2204 823; x_wconf 87' lang='grc'>26.</span> 
     </span>
    </p>

    <p class='ocr_par' dir='ltr' id='par_1_52' title="bbox 1528 828 2276 868">
     <span class='ocr_line' id='line_1_123' title="bbox 1528 828 2276 868; baseline 0.003 -9"><span class='ocrx_word' id='word_1_1218' title='bbox 1528 830 1625 866; x_wconf 86' lang='lat' dir='ltr'>Quum</span> <span class='ocrx_word' id='word_1_1219' title='bbox 1634 837 1681 859; x_wconf 82' lang='lat' dir='ltr'>tua</span> <span class='ocrx_word' id='word_1_1220' title='bbox 1692 829 1836 867; x_wconf 88' lang='lat' dir='ltr'>pervideas</span> <span class='ocrx_word' id='word_1_1221' title='bbox 1850 828 1939 858; x_wconf 88' lang='lat' dir='ltr'>oculis</span> <span class='ocrx_word' id='word_1_1222' title='bbox 1949 829 2021 858; x_wconf 86' lang='lat' dir='ltr'>male</span> <span class='ocrx_word' id='word_1_1223' title='bbox 2033 830 2126 868; x_wconf 88' lang='lat' dir='ltr'>lippus</span> <span class='ocrx_word' id='word_1_1224' title='bbox 2135 831 2257 861; x_wconf 71' lang='lat' dir='ltr'>inunctis</span> <span class='ocrx_word' id='word_1_1225' title='bbox 2265 852 2276 867; x_wconf 87' lang='lat'>,</span> 
     </span>
    </p>

    <p class='ocr_par' dir='ltr' id='par_1_53' title="bbox 1438 868 2189 901">
     <span class='ocr_line' id='line_1_124' title="bbox 1438 868 2189 901; baseline 0.003 -4"><span class='ocrx_word' id='word_1_1226' title='bbox 1438 898 1440 901; x_wconf 66' lang='grc'>,</span> <span class='ocrx_word' id='word_1_1227' title='bbox 1529 868 1584 897; x_wconf 91' lang='lat' dir='ltr'>Cur</span> <span class='ocrx_word' id='word_1_1228' title='bbox 1593 869 1622 897; x_wconf 88' lang='lat' dir='ltr'>in</span> <span class='ocrx_word' id='word_1_1229' title='bbox 1633 868 1787 896; x_wconf 87' lang='lat' dir='ltr'>amicorum</span> <span class='ocrx_word' id='word_1_1230' title='bbox 1801 868 1876 896; x_wconf 90' lang='lat' dir='ltr'>vitiis</span> <span class='ocrx_word' id='word_1_1231' title='bbox 1885 874 1942 896; x_wconf 89' lang='lat' dir='ltr'>tam</span> <span class='ocrx_word' id='word_1_1232' title='bbox 1953 868 2043 897; x_wconf 88' lang='lat' dir='ltr'>cernis</span> <span class='ocrx_word' id='word_1_1233' title='bbox 2053 874 2167 898; x_wconf 89' lang='lat' dir='ltr'>acutum</span> <span class='ocrx_word' id='word_1_1234' title='bbox 2175 869 2189 898; x_wconf 63' lang='grc' dir='ltr'>ἱ)</span> 
     </span>
    </p>

    <p class='ocr_par' dir='ltr' id='par_1_54' title="bbox 1437 904 1944 943">
     <span class='ocr_line' id='line_1_125' title="bbox 1437 904 1944 943; baseline 0 -9"><span class='ocrx_word' id='word_1_1235' title='bbox 1437 904 1599 935; x_wconf 84' lang='lat' dir='ltr'>Clarissime.</span> <span class='ocrx_word' id='word_1_1236' title='bbox 1622 905 1689 934; x_wconf 88' lang='lat' dir='ltr'>Plin.</span> <span class='ocrx_word' id='word_1_1237' title='bbox 1703 904 1752 934; x_wconf 90' lang='lat' dir='ltr'>lib.</span> <span class='ocrx_word' id='word_1_1238' title='bbox 1771 915 1812 934; x_wconf 92' lang='grc' dir='ltr'>ιι.</span> <span class='ocrx_word' id='word_1_1239' title='bbox 1824 914 1885 943; x_wconf 88' lang='lat' dir='ltr'>cap.</span> <span class='ocrx_word' id='word_1_1240' title='bbox 1901 913 1944 941; x_wconf 88' lang='lat'>37.</span> 
     </span>
    </p>

    <p class='ocr_par' dir='ltr' id='par_1_55' title="bbox 1436 941 2162 987">
     <span class='ocr_line' id='line_1_126' title="bbox 1436 941 2162 987; baseline 0 -15"><span class='ocrx_word' id='word_1_1241' title='bbox 1436 943 1603 987; x_wconf 77' lang='lat' dir='ltr'>Singillatim</span> <span class='ocrx_word' id='word_1_1242' title='bbox 1612 952 1730 987; x_wconf 33' lang='lat' dir='ltr'>’cernere</span> <span class='ocrx_word' id='word_1_1243' title='bbox 1739 941 1853 980; x_wconf 82' lang='lat' dir='ltr'>aliquid.</span> <span class='ocrx_word' id='word_1_1244' title='bbox 1876 943 1987 972; x_wconf 84' lang='lat' dir='ltr'>Lucret.</span> <span class='ocrx_word' id='word_1_1245' title='bbox 1997 941 2045 972; x_wconf 90' lang='lat' dir='ltr'>lib.</span> <span class='ocrx_word' id='word_1_1246' title='bbox 2058 953 2084 977; x_wconf 87' lang='lat'>4.</span> <span class='ocrx_word' id='word_1_1247' title='bbox 2100 953 2162 979; x_wconf 89' lang='lat'>104.</span> 
     </span>
    </p>

    <p class='ocr_par' dir='ltr' id='par_1_56' title="bbox 1438 980 2553 1063">
     <span class='ocr_line' id='line_1_127' title="bbox 1438 980 2553 1024; baseline 0.004 -14"><span class='ocrx_word' id='word_1_1248' title='bbox 1438 981 1545 1024; x_wconf 79' lang='lat' dir='ltr'>Oculis.</span> <span class='ocrx_word' id='word_1_1249' title='bbox 1586 981 1644 1010; x_wconf 90' lang='lat' dir='ltr'>Cic.</span> <span class='ocrx_word' id='word_1_1250' title='bbox 1660 991 1711 1018; x_wconf 93' lang='lat' dir='ltr'>pro</span> <span class='ocrx_word' id='word_1_1251' title='bbox 1723 980 1831 1010; x_wconf 89' lang='lat' dir='ltr'>Cluent.</span> <span class='ocrx_word' id='word_1_1252' title='bbox 1845 984 1889 1010; x_wconf 85' lang='lat'>66.</span> <span class='ocrx_word' id='word_1_1253' title='bbox 1913 980 1982 1017; x_wconf 83' lang='lat' dir='ltr'>Quae</span> <span class='ocrx_word' id='word_1_1254' title='bbox 1994 981 2024 1009; x_wconf 90' lang='lat' dir='ltr'>in</span> <span class='ocrx_word' id='word_1_1255' title='bbox 2035 981 2166 1011; x_wconf 89' lang='lat' dir='ltr'>diuturna</span> <span class='ocrx_word' id='word_1_1256' title='bbox 2175 982 2341 1013; x_wconf 80' lang='lat' dir='ltr'>obscuritate</span> <span class='ocrx_word' id='word_1_1257' title='bbox 2351 981 2501 1021; x_wconf 84' lang='lat' dir='ltr'>latuerunt,</span> <span class='ocrx_word' id='word_1_1258' title='bbox 2519 983 2553 1019; x_wconf 73' lang='lat' dir='ltr'>fle</span> 
     </span>
     <span class='ocr_line' id='line_1_128' title="bbox 1457 1018 2097 1063; baseline 0 -15"><span class='ocrx_word' id='word_1_1259' title='bbox 1457 1029 1580 1063; x_wconf 75' lang='lat' dir='ltr'>aperiam</span> <span class='ocrx_word' id='word_1_1260' title='bbox 1594 1040 1601 1054; x_wconf 93' lang='lat'><strong>‚</strong></span> <span class='ocrx_word' id='word_1_1261' title='bbox 1622 1025 1653 1048; x_wconf 90' lang='lat' dir='ltr'>ut</span> <span class='ocrx_word' id='word_1_1262' title='bbox 1662 1028 1693 1047; x_wconf 86' lang='lat' dir='ltr'>ea</span> <span class='ocrx_word' id='word_1_1263' title='bbox 1709 1027 1821 1047; x_wconf 90' lang='lat' dir='ltr'>cernere</span> <span class='ocrx_word' id='word_1_1264' title='bbox 1834 1018 1924 1048; x_wconf 91' lang='lat' dir='ltr'>oculis</span> <span class='ocrx_word' id='word_1_1265' title='bbox 1937 1019 2097 1048; x_wconf 90' lang='lat' dir='ltr'>videamini.</span> 
     </span>
    </p>

    <p class='ocr_par' dir='ltr' id='par_1_57' title="bbox 1437 1055 2599 1131">
     <span class='ocr_line' id='line_1_129' title="bbox 1437 1055 2599 1101; baseline 0.004 -16"><span class='ocrx_word' id='word_1_1266' title='bbox 1437 1057 1536 1101; x_wconf 78' lang='lat' dir='ltr'>Oculis</span> <span class='ocrx_word' id='word_1_1267' title='bbox 1551 1066 1664 1086; x_wconf 88' lang='lat' dir='ltr'>cernere</span> <span class='ocrx_word' id='word_1_1268' title='bbox 1678 1066 1710 1085; x_wconf 83' lang='lat' dir='ltr'>ea</span> <span class='ocrx_word' id='word_1_1269' title='bbox 1730 1066 1789 1093; x_wconf 88' lang='lat' dir='ltr'>quae</span> <span class='ocrx_word' id='word_1_1270' title='bbox 1801 1056 1937 1085; x_wconf 89' lang='lat' dir='ltr'>videmus.</span> <span class='ocrx_word' id='word_1_1271' title='bbox 1978 1055 2036 1086; x_wconf 75' lang='lat' dir='ltr'>Cic.</span> <span class='ocrx_word' id='word_1_1272' title='bbox 2048 1067 2071 1086; x_wconf 91' lang='lat'>1.</span> <span class='ocrx_word' id='word_1_1273' title='bbox 2084 1057 2167 1088; x_wconf 86' lang='lat' dir='ltr'>Tusc.</span> <span class='ocrx_word' id='word_1_1274' title='bbox 2178 1060 2224 1094; x_wconf 90' lang='lat'>46.</span> <span class='ocrx_word' id='word_1_1275' title='bbox 2256 1058 2316 1088; x_wconf 90' lang='lat' dir='ltr'>Nos</span> <span class='ocrx_word' id='word_1_1276' title='bbox 2336 1059 2413 1089; x_wconf 92' lang='lat' dir='ltr'>enim</span> <span class='ocrx_word' id='word_1_1277' title='bbox 2430 1069 2467 1089; x_wconf 87' lang='lat' dir='ltr'>ne</span> <span class='ocrx_word' id='word_1_1278' title='bbox 2481 1065 2552 1093; x_wconf 69' lang='lat' dir='ltr'>nune</span> <span class='ocrx_word' id='word_1_1279' title='bbox 2598 1071 2599 1074; x_wconf 51' lang='lat'>¹</span> 
     </span>
     <span class='ocr_line' id='line_1_130' title="bbox 1458 1086 2555 1131; baseline 0.002 -8"><span class='ocrx_word' id='word_1_1280' title='bbox 1458 1095 1573 1131; x_wconf 90' lang='lat' dir='ltr'>quidem</span> <span class='ocrx_word' id='word_1_1281' title='bbox 1585 1094 1672 1124; x_wconf 88' lang='lat' dir='ltr'>oculis</span> <span class='ocrx_word' id='word_1_1282' title='bbox 1683 1094 1821 1124; x_wconf 89' lang='lat' dir='ltr'>cernimus</span> <span class='ocrx_word' id='word_1_1283' title='bbox 1830 1104 1861 1123; x_wconf 90' lang='lat' dir='ltr'>ea</span> <span class='ocrx_word' id='word_1_1284' title='bbox 1870 1103 1931 1130; x_wconf 85' lang='lat' dir='ltr'>qua:</span> <span class='ocrx_word' id='word_1_1285' title='bbox 1939 1094 2075 1124; x_wconf 89' lang='lat' dir='ltr'>videmus.</span> <span class='ocrx_word' id='word_1_1286' title='bbox 2554 1086 2555 1089; x_wconf 14' lang='grc' dir='ltr'><strong>Ἰ</strong></span> 
     </span>
    </p>

    <p class='ocr_par' dir='ltr' id='par_1_58' title="bbox 1440 1126 2600 1214">
     <span class='ocr_line' id='line_1_131' title="bbox 1440 1126 2594 1176; baseline 0.004 -15"><span class='ocrx_word' id='word_1_1287' title='bbox 1440 1133 1560 1162; x_wconf 85' lang='lat' dir='ltr'>Cernere</span> <span class='ocrx_word' id='word_1_1288' title='bbox 1571 1132 1691 1176; x_wconf 79' lang='lat' dir='ltr'>obliquis</span> <span class='ocrx_word' id='word_1_1289' title='bbox 1701 1131 1798 1161; x_wconf 89' lang='lat' dir='ltr'>oculis.</span> <span class='ocrx_word' id='word_1_1290' title='bbox 1839 1131 1906 1161; x_wconf 85' lang='lat' dir='ltr'>Plin.</span> <span class='ocrx_word' id='word_1_1291' title='bbox 1925 1131 1974 1161; x_wconf 90' lang='lat' dir='ltr'>lib.</span> <span class='ocrx_word' id='word_1_1292' title='bbox 1990 1142 2000 1161; x_wconf 88' lang='lat'>1</span> <span class='ocrx_word' id='word_1_1293' title='bbox 2010 1142 2032 1162; x_wconf 92' lang='grc' dir='ltr'>ι.</span> <span class='ocrx_word' id='word_1_1294' title='bbox 2044 1142 2104 1170; x_wconf 89' lang='lat' dir='ltr'>cap.</span> <span class='ocrx_word' id='word_1_1295' title='bbox 2117 1141 2161 1169; x_wconf 85' lang='lat'>37.</span> <span class='ocrx_word' id='word_1_1296' title='bbox 2182 1132 2249 1162; x_wconf 91' lang='lat' dir='ltr'>Non</span> <span class='ocrx_word' id='word_1_1297' title='bbox 2261 1134 2414 1165; x_wconf 84' lang='lat' dir='ltr'>connivere</span> <span class='ocrx_word' id='word_1_1298' title='bbox 2423 1131 2555 1174; x_wconf 45' lang='lat' dir='ltr'>diximus&amp;</span> <span class='ocrx_word' id='word_1_1299' title='bbox 2591 1126 2594 1131; x_wconf 50' lang='grc'><strong>”</strong></span> 
     </span>
     <span class='ocr_line' id='line_1_132' title="bbox 1459 1169 2354 1214; baseline 0.003 -16"><span class='ocrx_word' id='word_1_1300' title='bbox 1459 1180 1519 1214; x_wconf 66' lang='lat' dir='ltr'>quae</span> <span class='ocrx_word' id='word_1_1301' title='bbox 1530 1180 1588 1199; x_wconf 90' lang='lat' dir='ltr'>non</span> <span class='ocrx_word' id='word_1_1302' title='bbox 1600 1170 1720 1206; x_wconf 83' lang='lat' dir='ltr'>obliquis</span> <span class='ocrx_word' id='word_1_1303' title='bbox 1731 1169 1819 1198; x_wconf 90' lang='lat' dir='ltr'>oculis</span> <span class='ocrx_word' id='word_1_1304' title='bbox 1830 1191 1838 1204; x_wconf 82' lang='lat'>,</span> <span class='ocrx_word' id='word_1_1305' title='bbox 1858 1169 1905 1199; x_wconf 90' lang='lat' dir='ltr'>sed</span> <span class='ocrx_word' id='word_1_1306' title='bbox 1915 1171 2085 1200; x_wconf 73' lang='lat' dir='ltr'>circumacto</span> <span class='ocrx_word' id='word_1_1307' title='bbox 2096 1171 2189 1209; x_wconf 83' lang='lat' dir='ltr'>capite</span> <span class='ocrx_word' id='word_1_1308' title='bbox 2199 1178 2354 1202; x_wconf 88' lang='lat' dir='ltr'>cernerent.</span> 
     </span>
    </p>

    <p class='ocr_par' dir='ltr' id='par_1_59' title="bbox 1439 1207 2564 1442">
     <span class='ocr_line' id='line_1_133' title="bbox 1439 1207 2309 1246; baseline 0.001 -8"><span class='ocrx_word' id='word_1_1309' title='bbox 1439 1207 1609 1238; x_wconf 86' lang='lat' dir='ltr'>Naticoram</span> <span class='ocrx_word' id='word_1_1310' title='bbox 1623 1218 1668 1237; x_wconf 89' lang='lat' dir='ltr'>me</span> <span class='ocrx_word' id='word_1_1311' title='bbox 1682 1217 1794 1237; x_wconf 90' lang='lat' dir='ltr'>cernere</span> <span class='ocrx_word' id='word_1_1312' title='bbox 1807 1207 1914 1237; x_wconf 90' lang='lat' dir='ltr'>lethum</span> <span class='ocrx_word' id='word_1_1313' title='bbox 1926 1208 2022 1237; x_wconf 87' lang='lat' dir='ltr'>fecisti.</span> <span class='ocrx_word' id='word_1_1314' title='bbox 2046 1209 2117 1245; x_wconf 89' lang='lat' dir='ltr'>Virg.</span> <span class='ocrx_word' id='word_1_1315' title='bbox 2131 1219 2157 1238; x_wconf 90' lang='grc'>2.</span> <span class='ocrx_word' id='word_1_1316' title='bbox 2169 1209 2231 1240; x_wconf 82' lang='lat' dir='ltr'>AEn.</span> <span class='ocrx_word' id='word_1_1317' title='bbox 2248 1215 2309 1246; x_wconf 83' lang='lat'>538.</span> 
     </span>
     <span class='ocr_line' id='line_1_134' title="bbox 1441 1245 2255 1289; baseline 0.001 -14"><span class='ocrx_word' id='word_1_1318' title='bbox 1441 1246 1528 1275; x_wconf 89' lang='lat' dir='ltr'>Causa</span> <span class='ocrx_word' id='word_1_1319' title='bbox 1536 1245 1708 1289; x_wconf 75' lang='lat' dir='ltr'>cernendiiri</span> <span class='ocrx_word' id='word_1_1320' title='bbox 1722 1245 1889 1283; x_wconf 85' lang='lat' dir='ltr'>imaginibus</span> <span class='ocrx_word' id='word_1_1321' title='bbox 1900 1246 1946 1275; x_wconf 90' lang='lat' dir='ltr'>est.</span> <span class='ocrx_word' id='word_1_1322' title='bbox 1971 1245 2076 1276; x_wconf 90' lang='lat' dir='ltr'>Lucret.</span> <span class='ocrx_word' id='word_1_1323' title='bbox 2095 1245 2142 1275; x_wconf 89' lang='lat' dir='ltr'>lib.</span> <span class='ocrx_word' id='word_1_1324' title='bbox 2152 1258 2178 1283; x_wconf 80' lang='lat'>4.</span> <span class='ocrx_word' id='word_1_1325' title='bbox 2191 1252 2255 1283; x_wconf 83' lang='grc'>238.</span> 
     </span>
     <span class='ocr_line' id='line_1_135' title="bbox 1440 1274 2558 1328; baseline 0.003 -14"><span class='ocrx_word' id='word_1_1326' title='bbox 1440 1284 1581 1328; x_wconf 75' lang='lat' dir='ltr'>Cernere,</span> <span class='ocrx_word' id='word_1_1327' title='bbox 1603 1283 1827 1327; x_wconf 75' lang='lat' dir='ltr'>Animadvertere</span> <span class='ocrx_word' id='word_1_1328' title='bbox 1838 1305 1846 1318; x_wconf 96' lang='lat'>,</span> <span class='ocrx_word' id='word_1_1329' title='bbox 1867 1283 2030 1321; x_wconf 81' lang='lat' dir='ltr'>intelligere.</span> <span class='ocrx_word' id='word_1_1330' title='bbox 2072 1284 2129 1314; x_wconf 88' lang='lat' dir='ltr'>Cic.</span> <span class='ocrx_word' id='word_1_1331' title='bbox 2141 1296 2167 1321; x_wconf 94' lang='lat'>4.</span> <span class='ocrx_word' id='word_1_1332' title='bbox 2181 1285 2265 1314; x_wconf 77' lang='lat' dir='ltr'>Acad.</span> <span class='ocrx_word' id='word_1_1333' title='bbox 2288 1285 2366 1315; x_wconf 86' lang='lat' dir='ltr'>Nihil</span> <span class='ocrx_word' id='word_1_1334' title='bbox 2381 1295 2429 1315; x_wconf 88' lang='lat' dir='ltr'>eos</span> <span class='ocrx_word' id='word_1_1335' title='bbox 2439 1274 2558 1325; x_wconf 26' lang='lat' dir='ltr'>sentires</span> 
     </span>
     <span class='ocr_line' id='line_1_136' title="bbox 1459 1320 2564 1365; baseline 0.003 -14"><span class='ocrx_word' id='word_1_1336' title='bbox 1459 1322 1532 1351; x_wconf 87' lang='lat' dir='ltr'>nihil</span> <span class='ocrx_word' id='word_1_1337' title='bbox 1541 1331 1654 1352; x_wconf 88' lang='lat' dir='ltr'>cernere</span> <span class='ocrx_word' id='word_1_1338' title='bbox 1663 1343 1672 1356; x_wconf 83' lang='lat'>‚</span> <span class='ocrx_word' id='word_1_1339' title='bbox 1692 1320 1763 1350; x_wconf 86' lang='lat' dir='ltr'>nihil</span> <span class='ocrx_word' id='word_1_1340' title='bbox 1773 1322 1890 1365; x_wconf 74' lang='lat' dir='ltr'>omnino</span> <span class='ocrx_word' id='word_1_1341' title='bbox 1902 1322 1983 1358; x_wconf 86' lang='lat' dir='ltr'>quale</span> <span class='ocrx_word' id='word_1_1342' title='bbox 1996 1322 2043 1357; x_wconf 86' lang='lat' dir='ltr'>sit,</span> <span class='ocrx_word' id='word_1_1343' title='bbox 2069 1321 2145 1360; x_wconf 81' lang='lat' dir='ltr'>posse</span> <span class='ocrx_word' id='word_1_1344' title='bbox 2155 1324 2282 1361; x_wconf 88' lang='lat' dir='ltr'>reperire.</span> <span class='ocrx_word' id='word_1_1345' title='bbox 2315 1323 2391 1353; x_wconf 85' lang='lat' dir='ltr'>ldem</span> <span class='ocrx_word' id='word_1_1346' title='bbox 2401 1333 2424 1359; x_wconf 79' lang='lat'>3.</span> <span class='ocrx_word' id='word_1_1347' title='bbox 2434 1324 2470 1353; x_wconf 86' lang='lat' dir='ltr'>de</span> <span class='ocrx_word' id='word_1_1348' title='bbox 2480 1321 2564 1358; x_wconf 45' lang='lat' dir='ltr'>Orata*</span> 
     </span>
     <span class='ocr_line' id='line_1_137' title="bbox 1459 1359 2555 1404; baseline 0.005 -15"><span class='ocrx_word' id='word_1_1349' title='bbox 1459 1370 1523 1404; x_wconf 83' lang='lat'>¹121.</span> <span class='ocrx_word' id='word_1_1350' title='bbox 1547 1361 1645 1404; x_wconf 83' lang='lat' dir='ltr'>Neque</span> <span class='ocrx_word' id='word_1_1351' title='bbox 1656 1365 1732 1388; x_wconf 88' lang='lat' dir='ltr'>tanta</span> <span class='ocrx_word' id='word_1_1352' title='bbox 1742 1365 1836 1388; x_wconf 90' lang='lat' dir='ltr'>tamen</span> <span class='ocrx_word' id='word_1_1353' title='bbox 1848 1369 1878 1388; x_wconf 89' lang='lat' dir='ltr'>in</span> <span class='ocrx_word' id='word_1_1354' title='bbox 1888 1359 1969 1389; x_wconf 89' lang='lat' dir='ltr'>rebus</span> <span class='ocrx_word' id='word_1_1355' title='bbox 1978 1359 2129 1391; x_wconf 87' lang='lat' dir='ltr'>obscuritas</span> <span class='ocrx_word' id='word_1_1356' title='bbox 2139 1383 2147 1397; x_wconf 96' lang='lat'>,</span> <span class='ocrx_word' id='word_1_1357' title='bbox 2168 1368 2199 1390; x_wconf 91' lang='lat' dir='ltr'>ut</span> <span class='ocrx_word' id='word_1_1358' title='bbox 2207 1371 2253 1392; x_wconf 88' lang='lat' dir='ltr'>eas</span> <span class='ocrx_word' id='word_1_1359' title='bbox 2262 1369 2320 1390; x_wconf 90' lang='lat' dir='ltr'>non</span> <span class='ocrx_word' id='word_1_1360' title='bbox 2329 1362 2441 1399; x_wconf 90' lang='lat' dir='ltr'>penitus</span> <span class='ocrx_word' id='word_1_1361' title='bbox 2451 1363 2505 1392; x_wconf 88' lang='lat' dir='ltr'>acri</span> <span class='ocrx_word' id='word_1_1362' title='bbox 2513 1364 2555 1395; x_wconf 55' lang='lat' dir='ltr'>vir*</span> 
     </span>
     <span class='ocr_line' id='line_1_138' title="bbox 1441 1397 1987 1442; baseline -0.002 -15"><span class='ocrx_word' id='word_1_1363' title='bbox 1441 1432 1443 1435; x_wconf 26' lang='grc' dir='ltr'><strong><em>ι</em></strong></span> <span class='ocrx_word' id='word_1_1364' title='bbox 1457 1408 1573 1442; x_wconf 79' lang='lat' dir='ltr'>ingemo</span> <span class='ocrx_word' id='word_1_1365' title='bbox 1586 1405 1682 1427; x_wconf 87' lang='lat' dir='ltr'>cernat</span> <span class='ocrx_word' id='word_1_1366' title='bbox 1692 1419 1700 1432; x_wconf 93' lang='lat'>,</span> <span class='ocrx_word' id='word_1_1367' title='bbox 1721 1397 1739 1426; x_wconf 88' lang='lat' dir='ltr'>si</span> <span class='ocrx_word' id='word_1_1368' title='bbox 1748 1397 1833 1426; x_wconf 85' lang='lat' dir='ltr'>modo</span> <span class='ocrx_word' id='word_1_1369' title='bbox 1843 1397 1987 1434; x_wconf 86' lang='lat' dir='ltr'>aspexerit.</span> 
     </span>
    </p>

    <p class='ocr_par' dir='ltr' id='par_1_60' title="bbox 1439 1435 2554 1516">
     <span class='ocr_line' id='line_1_139' title="bbox 1439 1435 2554 1480; baseline 0.003 -14"><span class='ocrx_word' id='word_1_1370' title='bbox 1439 1436 1570 1466; x_wconf 88' lang='lat' dir='ltr'>Cernitur</span> <span class='ocrx_word' id='word_1_1371' title='bbox 1585 1445 1701 1480; x_wconf 76' lang='lat' dir='ltr'>magnus</span> <span class='ocrx_word' id='word_1_1372' title='bbox 1715 1435 1824 1464; x_wconf 90' lang='lat' dir='ltr'>animus</span> <span class='ocrx_word' id='word_1_1373' title='bbox 1845 1435 1952 1465; x_wconf 85' lang='lat' dir='ltr'>duabus</span> <span class='ocrx_word' id='word_1_1374' title='bbox 1971 1435 2060 1465; x_wconf 82' lang='lat' dir='ltr'>rebus.</span> <span class='ocrx_word' id='word_1_1375' title='bbox 2099 1435 2157 1466; x_wconf 92' lang='lat' dir='ltr'>Cic.</span> <span class='ocrx_word' id='word_1_1376' title='bbox 2174 1446 2197 1467; x_wconf 78' lang='grc' dir='ltr'>ι.</span> <span class='ocrx_word' id='word_1_1377' title='bbox 2210 1436 2268 1466; x_wconf 87' lang='lat' dir='ltr'>Off.</span> <span class='ocrx_word' id='word_1_1378' title='bbox 2279 1440 2323 1467; x_wconf 89' lang='lat'>66.</span> <span class='ocrx_word' id='word_1_1379' title='bbox 2348 1436 2384 1467; x_wconf 88' lang='lat' dir='ltr'>Et</span> <span class='ocrx_word' id='word_1_1380' title='bbox 2401 1437 2475 1476; x_wconf 91' lang='lat' dir='ltr'>apud</span> <span class='ocrx_word' id='word_1_1381' title='bbox 2491 1444 2554 1470; x_wconf 68' lang='lat' dir='ltr'>euna</span> 
     </span>
     <span class='ocr_line' id='line_1_140' title="bbox 1459 1472 2537 1516; baseline -0.001 -12"><span class='ocrx_word' id='word_1_1382' title='bbox 1459 1474 1525 1504; x_wconf 88' lang='lat' dir='ltr'>dem</span> <span class='ocrx_word' id='word_1_1383' title='bbox 1542 1482 1566 1510; x_wconf 83' lang='lat'>3.</span> <span class='ocrx_word' id='word_1_1384' title='bbox 1581 1474 1616 1503; x_wconf 90' lang='lat' dir='ltr'>de</span> <span class='ocrx_word' id='word_1_1385' title='bbox 1628 1474 1687 1502; x_wconf 69' lang='lat' dir='ltr'>bin.</span> <span class='ocrx_word' id='word_1_1386' title='bbox 1724 1473 1851 1516; x_wconf 75' lang='lat' dir='ltr'>Cernitur</span> <span class='ocrx_word' id='word_1_1387' title='bbox 1862 1473 2005 1503; x_wconf 86' lang='lat' dir='ltr'>honestate</span> <span class='ocrx_word' id='word_1_1388' title='bbox 2015 1473 2095 1503; x_wconf 86' lang='lat' dir='ltr'>beata</span> <span class='ocrx_word' id='word_1_1389' title='bbox 2107 1475 2172 1504; x_wconf 86' lang='lat' dir='ltr'>vita.</span> <span class='ocrx_word' id='word_1_1390' title='bbox 2534 1472 2537 1503; x_wconf 73' lang='grc' dir='ltr'>Ῐ</span> 
     </span>
    </p>

    <p class='ocr_par' dir='ltr' id='par_1_61' title="bbox 1439 1510 2558 1595">
     <span class='ocr_line' id='line_1_141' title="bbox 1439 1510 2558 1555; baseline 0.003 -13"><span class='ocrx_word' id='word_1_1391' title='bbox 1439 1512 1560 1542; x_wconf 85' lang='lat' dir='ltr'>Cernere</span> <span class='ocrx_word' id='word_1_1392' title='bbox 1568 1521 1675 1542; x_wconf 89' lang='lat' dir='ltr'>verum.</span> <span class='ocrx_word' id='word_1_1393' title='bbox 1698 1549 1704 1555; x_wconf 23' lang='grc' dir='ltr'><strong><em>ἢ</em></strong></span> <span class='ocrx_word' id='word_1_1394' title='bbox 1716 1510 1774 1555; x_wconf 45' lang='lat' dir='ltr'>Cic..</span> <span class='ocrx_word' id='word_1_1395' title='bbox 1783 1521 1810 1546; x_wconf 94' lang='lat'>4.</span> <span class='ocrx_word' id='word_1_1396' title='bbox 1823 1511 1906 1540; x_wconf 85' lang='lat' dir='ltr'>Acad.</span> <span class='ocrx_word' id='word_1_1397' title='bbox 1921 1521 1982 1541; x_wconf 82' lang='lat'>122.</span> <span class='ocrx_word' id='word_1_1398' title='bbox 2005 1511 2133 1548; x_wconf 91' lang='lat' dir='ltr'>Quorum</span> <span class='ocrx_word' id='word_1_1399' title='bbox 2144 1518 2228 1543; x_wconf 81' lang='lat' dir='ltr'>omne</span> <span class='ocrx_word' id='word_1_1400' title='bbox 2242 1512 2351 1543; x_wconf 84' lang='lat' dir='ltr'>borium</span> <span class='ocrx_word' id='word_1_1401' title='bbox 2362 1513 2393 1543; x_wconf 89' lang='lat' dir='ltr'>in</span> <span class='ocrx_word' id='word_1_1402' title='bbox 2403 1519 2497 1544; x_wconf 86' lang='lat' dir='ltr'>mente</span> <span class='ocrx_word' id='word_1_1403' title='bbox 2507 1519 2558 1553; x_wconf 62' lang='lat' dir='ltr'>pin»</span> 
     </span>
     <span class='ocr_line' id='line_1_142' title="bbox 1460 1551 2522 1595; baseline 0 -16"><span class='ocrx_word' id='word_1_1404' title='bbox 1460 1551 1540 1595; x_wconf 75' lang='lat' dir='ltr'>situm</span> <span class='ocrx_word' id='word_1_1405' title='bbox 1551 1572 1560 1584; x_wconf 88' lang='lat'><em>‚</em></span> <span class='ocrx_word' id='word_1_1406' title='bbox 1582 1552 1607 1579; x_wconf 85' lang='lat'>&amp;</span> <span class='ocrx_word' id='word_1_1407' title='bbox 1617 1556 1719 1578; x_wconf 83' lang='lat' dir='ltr'>mentis</span> <span class='ocrx_word' id='word_1_1408' title='bbox 1729 1558 1788 1578; x_wconf 88' lang='lat' dir='ltr'>acie</span> <span class='ocrx_word' id='word_1_1409' title='bbox 1799 1571 1807 1584; x_wconf 91' lang='lat'>,</span> <span class='ocrx_word' id='word_1_1410' title='bbox 1830 1559 1884 1586; x_wconf 86' lang='lat' dir='ltr'>qua</span> <span class='ocrx_word' id='word_1_1411' title='bbox 1895 1559 1990 1578; x_wconf 87' lang='lat' dir='ltr'>verum</span> <span class='ocrx_word' id='word_1_1412' title='bbox 2005 1556 2172 1580; x_wconf 89' lang='lat' dir='ltr'>cerneretur.</span> <span class='ocrx_word' id='word_1_1413' title='bbox 2516 1567 2522 1570; x_wconf 90' lang='lat'>-</span> 
     </span>
    </p>

    <p class='ocr_par' dir='ltr' id='par_1_62' title="bbox 1439 1586 2551 1631">
     <span class='ocr_line' id='line_1_143' title="bbox 1439 1586 2551 1631; baseline 0.002 -13"><span class='ocrx_word' id='word_1_1414' title='bbox 1439 1587 1544 1618; x_wconf 90' lang='lat' dir='ltr'>Ultima</span> <span class='ocrx_word' id='word_1_1415' title='bbox 1553 1597 1675 1620; x_wconf 88' lang='lat' dir='ltr'>cernere,</span> <span class='ocrx_word' id='word_1_1416' title='bbox 1686 1586 1844 1631; x_wconf 77' lang='lat' dir='ltr'>Intelligere</span> <span class='ocrx_word' id='word_1_1417' title='bbox 1853 1586 1880 1616; x_wconf 92' lang='lat' dir='ltr'>se</span> <span class='ocrx_word' id='word_1_1418' title='bbox 1889 1587 1987 1616; x_wconf 89' lang='lat' dir='ltr'>versari</span> <span class='ocrx_word' id='word_1_1419' title='bbox 1998 1588 2027 1616; x_wconf 91' lang='lat' dir='ltr'>in</span> <span class='ocrx_word' id='word_1_1420' title='bbox 2038 1594 2163 1617; x_wconf 79' lang='lat' dir='ltr'>extremo</span> <span class='ocrx_word' id='word_1_1421' title='bbox 2172 1589 2307 1626; x_wconf 86' lang='lat' dir='ltr'>periculo.</span> <span class='ocrx_word' id='word_1_1422' title='bbox 2320 1588 2551 1628; x_wconf 64' lang='lat' dir='ltr'>Virg.2.AEii.446i</span> 
     </span>
    </p>

    <p class='ocr_par' dir='ltr' id='par_1_63' title="bbox 1632 1615 2556 1668">
     <span class='ocr_line' id='line_1_144' title="bbox 1632 1615 2556 1668; baseline 0.002 -14"><span class='ocrx_word' id='word_1_1423' title='bbox 1632 1625 1723 1668; x_wconf 80' lang='lat' dir='ltr'>——his</span> <span class='ocrx_word' id='word_1_1424' title='bbox 1734 1625 1777 1661; x_wconf 89' lang='lat' dir='ltr'>se,</span> <span class='ocrx_word' id='word_1_1425' title='bbox 1799 1626 1912 1662; x_wconf 85' lang='lat' dir='ltr'>quando</span> <span class='ocrx_word' id='word_1_1426' title='bbox 1928 1626 2025 1655; x_wconf 83' lang='lat' dir='ltr'>ultima</span> <span class='ocrx_word' id='word_1_1427' title='bbox 2035 1633 2173 1662; x_wconf 80' lang='lat' dir='ltr'>cernunt,</span> <span class='ocrx_word' id='word_1_1428' title='bbox 2554 1615 2556 1619; x_wconf 67' lang='lat'>,</span> 
     </span>
    </p>

    <p class='ocr_par' dir='ltr' id='par_1_64' title="bbox 1439 1663 2553 1778">
     <span class='ocr_line' id='line_1_145' title="bbox 1534 1663 2220 1706; baseline 0.001 -13"><span class='ocrx_word' id='word_1_1429' title='bbox 1534 1663 1667 1693; x_wconf 82' lang='lat' dir='ltr'>Extrema</span> <span class='ocrx_word' id='word_1_1430' title='bbox 1674 1673 1730 1706; x_wconf 72' lang='lat' dir='ltr'>Jarri</span> <span class='ocrx_word' id='word_1_1431' title='bbox 1741 1664 1771 1692; x_wconf 89' lang='lat' dir='ltr'>iri</span> <span class='ocrx_word' id='word_1_1432' title='bbox 1781 1670 1870 1692; x_wconf 89' lang='lat' dir='ltr'>morte</span> <span class='ocrx_word' id='word_1_1433' title='bbox 1880 1670 1977 1701; x_wconf 87' lang='lat' dir='ltr'>parant</span> <span class='ocrx_word' id='word_1_1434' title='bbox 1989 1663 2140 1693; x_wconf 88' lang='lat' dir='ltr'>defendere</span> <span class='ocrx_word' id='word_1_1435' title='bbox 2148 1664 2220 1694; x_wconf 87' lang='lat' dir='ltr'>telis.</span> 
     </span>
     <span class='ocr_line' id='line_1_146' title="bbox 1439 1699 2549 1745; baseline 0 -12"><span class='ocrx_word' id='word_1_1436' title='bbox 1439 1702 1590 1737; x_wconf 78' lang='lat' dir='ltr'>Cerneres,</span> <span class='ocrx_word' id='word_1_1437' title='bbox 1605 1711 1663 1745; x_wconf 37' lang='lat' dir='ltr'>&#39;pro</span> <span class='ocrx_word' id='word_1_1438' title='bbox 1674 1701 1775 1738; x_wconf 82' lang='lat' dir='ltr'>Quivis</span> <span class='ocrx_word' id='word_1_1439' title='bbox 1784 1699 1873 1738; x_wconf 79' lang='lat' dir='ltr'>posset</span> <span class='ocrx_word' id='word_1_1440' title='bbox 1882 1710 2005 1731; x_wconf 90' lang='lat' dir='ltr'>cernere.</span> <span class='ocrx_word' id='word_1_1441' title='bbox 2026 1701 2091 1731; x_wconf 88' lang='lat' dir='ltr'>Ter.</span> <span class='ocrx_word' id='word_1_1442' title='bbox 2105 1702 2175 1732; x_wconf 83' lang='lat' dir='ltr'>And.</span> <span class='ocrx_word' id='word_1_1443' title='bbox 2189 1713 2212 1732; x_wconf 93' lang='grc' dir='ltr'>ι.</span> <span class='ocrx_word' id='word_1_1444' title='bbox 2226 1712 2250 1732; x_wconf 86' lang='lat' dir='ltr'>r.</span> <span class='ocrx_word' id='word_1_1445' title='bbox 2265 1707 2326 1737; x_wconf 90' lang='lat'>108·</span> <span class='ocrx_word' id='word_1_1446' title='bbox 2547 1712 2549 1714; x_wconf 89' lang='lat'>·</span> 
     </span>
     <span class='ocr_line' id='line_1_147' title="bbox 1519 1738 2553 1778; baseline 0.003 -8"><span class='ocrx_word' id='word_1_1447' title='bbox 1519 1740 1594 1770; x_wconf 91' lang='lat' dir='ltr'>Tum</span> <span class='ocrx_word' id='word_1_1448' title='bbox 1604 1740 1651 1769; x_wconf 86' lang='lat' dir='ltr'>illa</span> <span class='ocrx_word' id='word_1_1449' title='bbox 1662 1762 1670 1774; x_wconf 94' lang='lat'>,</span> <span class='ocrx_word' id='word_1_1450' title='bbox 1691 1746 1724 1768; x_wconf 90' lang='lat' dir='ltr'>ut</span> <span class='ocrx_word' id='word_1_1451' title='bbox 1730 1738 1894 1768; x_wconf 90' lang='lat' dir='ltr'>consuetum</span> <span class='ocrx_word' id='word_1_1452' title='bbox 1904 1739 1985 1768; x_wconf 89' lang='lat' dir='ltr'>facile</span> <span class='ocrx_word' id='word_1_1453' title='bbox 1993 1748 2117 1770; x_wconf 87' lang='lat' dir='ltr'>amorem</span> <span class='ocrx_word' id='word_1_1454' title='bbox 2126 1750 2262 1770; x_wconf 89' lang='lat' dir='ltr'>cerneres.</span> <span class='ocrx_word' id='word_1_1455' title='bbox 2321 1740 2553 1778; x_wconf 72' lang='lat' dir='ltr'>Virg.4.AEn.4on</span> 
     </span>
    </p>
   </div>
   <div class='ocr_carea' id='block_1_36' title="bbox 2337 1779 2554 1816">
    <p class='ocr_par' dir='ltr' id='par_1_65' title="bbox 2337 1779 2554 1816">
     <span class='ocr_line' id='line_1_148' title="bbox 2337 1779 2554 1816; baseline 0.009 -7"><span class='ocrx_word' id='word_1_1456' title='bbox 2337 1779 2437 1816; x_wconf 70' lang='lat' dir='ltr'>Quiv1s</span> <span class='ocrx_word' id='word_1_1457' title='bbox 2446 1784 2554 1811; x_wconf 65' lang='lat' dir='ltr'>cernere</span> 
     </span>
    </p>
   </div>
   <div class='ocr_carea' id='block_1_37' title="bbox 2575 569 2604 1217">
    <p class='ocr_par' dir='ltr' id='par_1_66' title="bbox 2575 569 2604 1217">
     <span class='ocr_line' id='line_1_149' title="bbox 2579 569 2604 700; baseline 0 0"><span class='ocrx_word' id='word_1_1458' title='bbox 2579 569 2604 700; x_wconf 95' lang='lat' dir='ltr'>   </span> 
     </span>
     <span class='ocr_line' id='line_1_150' title="bbox 2577 700 2604 1041; baseline 0 -80"><span class='ocrx_word' id='word_1_1459' title='bbox 2577 700 2604 1041; x_wconf 95' lang='lat' dir='ltr'>  </span> 
     </span>
     <span class='ocr_line' id='line_1_151' title="bbox 2575 1041 2604 1217; baseline 0 -22"><span class='ocrx_word' id='word_1_1460' title='bbox 2575 1041 2604 1217; x_wconf 95' lang='lat' dir='ltr'>   </span> 
     </span>
    </p>
   </div>
   <div class='ocr_carea' id='block_1_38' title="bbox 2576 1225 2599 1534">
    <p class='ocr_par' dir='ltr' id='par_1_67' title="bbox 2576 1225 2599 1534">
     <span class='ocr_line' id='line_1_152' title="bbox 2576 1225 2599 1534; textangle 90"><span class='ocrx_word' id='word_1_1461' title='bbox 2582 1468 2594 1534; x_wconf 28' lang='grc' dir='ltr'>’.κ-π</span> <span class='ocrx_word' id='word_1_1462' title='bbox 2583 1366 2598 1464; x_wconf 49' lang='grc' dir='ltr'>νος-...Ὅ</span> <span class='ocrx_word' id='word_1_1463' title='bbox 2576 1225 2599 1358; x_wconf 44' lang='grc' dir='ltr'>έύ-Ἤ,</span> <span class='ocrx_word' id='word_1_1464' title='bbox 2592 1264 2598 1274; x_wconf 27' lang='lat'>3</span> 
     </span>
    </p>
   </div>
   <div class='ocr_carea' id='block_1_39' title="bbox 2501 1217 2604 3997">
    <p class='ocr_par' dir='ltr' id='par_1_68' title="bbox 2501 1217 2604 3997">
     <span class='ocr_line' id='line_1_153' title="bbox 2562 1217 2604 1649; baseline 0 -45"><span class='ocrx_word' id='word_1_1465' title='bbox 2562 1217 2604 1649; x_wconf 95' lang='lat' dir='ltr'>        </span> 
     </span>
     <span class='ocr_line' id='line_1_154' title="bbox 2559 1649 2604 1945; baseline 0 -182"><span class='ocrx_word' id='word_1_1466' title='bbox 2559 1649 2604 1945; x_wconf 95' lang='lat' dir='ltr'>     </span> 
     </span>
     <span class='ocr_line' id='line_1_155' title="bbox 2541 1945 2604 2181; baseline 0 -85"><span class='ocrx_word' id='word_1_1467' title='bbox 2541 1945 2604 2181; x_wconf 95' lang='lat' dir='ltr'>     </span> 
     </span>
     <span class='ocr_line' id='line_1_156' title="bbox 2543 2181 2604 2441; baseline 0.033 -77"><span class='ocrx_word' id='word_1_1468' title='bbox 2543 2181 2604 2441; x_wconf 95' lang='lat' dir='ltr'>          </span> 
     </span>
     <span class='ocr_line' id='line_1_157' title="bbox 2543 2513 2604 2708; baseline 0 -23"><span class='ocrx_word' id='word_1_1469' title='bbox 2543 2513 2604 2708; x_wconf 95' lang='lat' dir='ltr'>   </span> <span class='ocrx_word' id='word_1_1470' title='bbox 2573 2628 2604 2708; x_wconf 95' lang='lat' dir='ltr'>  </span> 
     </span>
     <span class='ocr_line' id='line_1_158' title="bbox 2552 2708 2604 2889; baseline 0 -100"><span class='ocrx_word' id='word_1_1471' title='bbox 2552 2708 2556 2789; x_wconf 95' lang='lat' dir='ltr'> </span> <span class='ocrx_word' id='word_1_1472' title='bbox 2573 2708 2604 2889; x_wconf 95' lang='lat' dir='ltr'>  </span> 
     </span>
     <span class='ocr_line' id='line_1_159' title="bbox 2520 2889 2604 3050; baseline 0 -85"><span class='ocrx_word' id='word_1_1473' title='bbox 2520 2889 2604 3050; x_wconf 95' lang='lat' dir='ltr'>      </span> 
     </span>
     <span class='ocr_line' id='line_1_160' title="bbox 2545 3050 2604 3162; baseline 0 -36"><span class='ocrx_word' id='word_1_1474' title='bbox 2545 3050 2604 3162; x_wconf 95' lang='lat' dir='ltr'>  </span> 
     </span>
     <span class='ocr_line' id='line_1_161' title="bbox 2534 3162 2604 3272; baseline 0 -70"><span class='ocrx_word' id='word_1_1475' title='bbox 2534 3162 2604 3272; x_wconf 95' lang='lat' dir='ltr'>   </span> 
     </span>
     <span class='ocr_line' id='line_1_162' title="bbox 2539 3272 2604 3339; baseline 0 -58"><span class='ocrx_word' id='word_1_1476' title='bbox 2539 3272 2604 3339; x_wconf 95' lang='lat' dir='ltr'>  </span> 
     </span>
     <span class='ocr_line' id='line_1_163' title="bbox 2524 3339 2604 3427; baseline 0 795"><span class='ocrx_word' id='word_1_1477' title='bbox 2524 3339 2604 3427; x_wconf 95' lang='lat' dir='ltr'> </span> 
     </span>
     <span class='ocr_line' id='line_1_164' title="bbox 2501 3427 2604 3691; baseline 0 -92"><span class='ocrx_word' id='word_1_1478' title='bbox 2501 3427 2604 3691; x_wconf 95' lang='lat' dir='ltr'>   </span> 
     </span>
     <span class='ocr_line' id='line_1_165' title="bbox 2533 3691 2604 3798; baseline 0 -71"><span class='ocrx_word' id='word_1_1479' title='bbox 2533 3691 2604 3798; x_wconf 95' lang='lat' dir='ltr'>    </span> 
     </span>
     <span class='ocr_line' id='line_1_166' title="bbox 2561 3798 2599 3863; baseline 0 -16"><span class='ocrx_word' id='word_1_1480' title='bbox 2561 3798 2599 3863; x_wconf 95' lang='lat' dir='ltr'>   </span> 
     </span>
     <span class='ocr_line' id='line_1_167' title="bbox 2519 3863 2590 3997; baseline 0 -93"><span class='ocrx_word' id='word_1_1481' title='bbox 2519 3863 2590 3997; x_wconf 95' lang='lat' dir='ltr'>    </span> 
     </span>
    </p>
   </div>
   <div class='ocr_carea' id='block_1_40' title="bbox 2580 1543 2595 1767">
    <p class='ocr_par' dir='ltr' id='par_1_69' title="bbox 2580 1543 2595 1767">
     <span class='ocr_line' id='line_1_168' title="bbox 2580 1543 2595 1767; textangle 90"><span class='ocrx_word' id='word_1_1482' title='bbox 2580 1543 2595 1767; x_wconf 37' lang='grc' dir='ltr'>’παῖ-(ἔῃ</span> 
     </span>
    </p>
   </div>
   <div class='ocr_carea' id='block_1_41' title="bbox 1439 1777 2315 1960">
    <p class='ocr_par' dir='ltr' id='par_1_70' title="bbox 1439 1777 2315 1960">
     <span class='ocr_line' id='line_1_169' title="bbox 1497 1777 2315 1845; baseline 0.002 -39"><span class='ocrx_word' id='word_1_1483' title='bbox 1497 1821 1508 1845; x_wconf 66' lang='lat' dir='ltr'>t</span> <span class='ocrx_word' id='word_1_1484' title='bbox 1519 1778 1672 1845; x_wconf 36' lang='lat' dir='ltr'>megs-antes</span> <span class='ocrx_word' id='word_1_1485' title='bbox 1681 1786 1776 1806; x_wconf 87' lang='lat' dir='ltr'>cernas</span> <span class='ocrx_word' id='word_1_1486' title='bbox 1786 1798 1794 1812; x_wconf 84' lang='lat'><strong>‚</strong></span> <span class='ocrx_word' id='word_1_1487' title='bbox 1814 1783 1928 1814; x_wconf 86' lang='lat' dir='ltr'>totaque</span> <span class='ocrx_word' id='word_1_1488' title='bbox 1939 1786 1973 1807; x_wconf 80' lang='lat' dir='ltr'>ex</span> <span class='ocrx_word' id='word_1_1489' title='bbox 1980 1777 2048 1807; x_wconf 89' lang='lat' dir='ltr'>urbe</span> <span class='ocrx_word' id='word_1_1490' title='bbox 2054 1784 2175 1808; x_wconf 87' lang='lat' dir='ltr'>ruentes.</span> <span class='ocrx_word' id='word_1_1491' title='bbox 2258 1779 2278 1807; x_wconf 89' lang='lat' dir='ltr'>i.</span> <span class='ocrx_word' id='word_1_1492' title='bbox 2290 1787 2315 1809; x_wconf 92' lang='lat' dir='ltr'>e.</span> 
     </span>
     <span class='ocr_line' id='line_1_170' title="bbox 1479 1826 1537 1845; baseline 0 0"><span class='ocrx_word' id='word_1_1493' title='bbox 1479 1826 1495 1845; x_wconf 95' lang='lat' dir='ltr'>o</span> <span class='ocrx_word' id='word_1_1494' title='bbox 1530 1827 1537 1845; x_wconf 91' lang='lat' dir='ltr'>i</span> 
     </span>
     <span class='ocr_line' id='line_1_171' title="bbox 1439 1826 2138 1890; baseline -0.004 -5"><span class='ocrx_word' id='word_1_1495' title='bbox 1439 1826 1560 1885; x_wconf 50' lang='lat' dir='ltr'>Cgrnl&#39;lere</span> <span class='ocrx_word' id='word_1_1496' title='bbox 1571 1853 1610 1883; x_wconf 84' lang='lat' dir='ltr'>est</span> <span class='ocrx_word' id='word_1_1497' title='bbox 1624 1875 1632 1889; x_wconf 93' lang='lat'>,</span> <span class='ocrx_word' id='word_1_1498' title='bbox 1654 1852 1732 1882; x_wconf 87' lang='lat' dir='ltr'>Licet</span> <span class='ocrx_word' id='word_1_1499' title='bbox 1744 1851 1849 1882; x_wconf 82' lang='lat' dir='ltr'>videre.</span> <span class='ocrx_word' id='word_1_1500' title='bbox 1872 1851 1945 1890; x_wconf 84' lang='lat' dir='ltr'>Virg.</span> <span class='ocrx_word' id='word_1_1501' title='bbox 1956 1855 1982 1882; x_wconf 90' lang='lat'>6.</span> <span class='ocrx_word' id='word_1_1502' title='bbox 1999 1853 2061 1884; x_wconf 81' lang='lat' dir='ltr'>AEn.</span> <span class='ocrx_word' id='word_1_1503' title='bbox 2075 1855 2138 1889; x_wconf 85' lang='lat'>596.</span> 
     </span>
     <span class='ocr_line' id='line_1_172' title="bbox 1519 1890 2248 1960; baseline 0.004 -41"><span class='ocrx_word' id='word_1_1504' title='bbox 1519 1892 1642 1960; x_wconf 48' lang='lat' dir='ltr'>{33ng</span> <span class='ocrx_word' id='word_1_1505' title='bbox 1650 1890 1790 1958; x_wconf 51' lang='lat' dir='ltr'>{rffgtyon</span> <span class='ocrx_word' id='word_1_1506' title='bbox 1800 1897 1878 1920; x_wconf 86' lang='lat' dir='ltr'>terrae</span> <span class='ocrx_word' id='word_1_1507' title='bbox 1893 1891 2096 1929; x_wconf 88' lang='lat' dir='ltr'>omniparentis</span> <span class='ocrx_word' id='word_1_1508' title='bbox 2103 1891 2248 1922; x_wconf 87' lang='lat' dir='ltr'>alumnum</span> 
     </span>
     <span class='ocr_line' id='line_1_173' title="bbox 1614 1945 1724 1958; baseline 0 0"><span class='ocrx_word' id='word_1_1509' title='bbox 1614 1945 1622 1958; x_wconf 70' lang='lat' dir='ltr'>K</span> <span class='ocrx_word' id='word_1_1510' title='bbox 1717 1951 1724 1958; x_wconf 67' lang='lat' dir='ltr'>o</span> 
     </span>
    </p>
   </div>
   <div class='ocr_carea' id='block_1_42' title="bbox 2534 2789 2562 2889">
    <p class='ocr_par' dir='ltr' id='par_1_71' title="bbox 2534 2789 2562 2889">
     <span class='ocr_line' id='line_1_174' title="bbox 2534 2789 2562 2889; baseline 0 0"><span class='ocrx_word' id='word_1_1511' title='bbox 2534 2789 2562 2889; x_wconf 95' lang='lat' dir='ltr'>  </span> 
     </span>
    </p>
   </div>
   <div class='ocr_carea' id='block_1_43' title="bbox 1439 1965 2604 3142">
    <p class='ocr_par' dir='ltr' id='par_1_72' title="bbox 1439 1965 2556 2051">
     <span class='ocr_line' id='line_1_175' title="bbox 1439 1965 2556 2012; baseline 0.003 -14"><span class='ocrx_word' id='word_1_1512' title='bbox 1439 1967 1501 2005; x_wconf 82' lang='lat' dir='ltr'>Jam</span> <span class='ocrx_word' id='word_1_1513' title='bbox 1513 1977 1635 2012; x_wconf 74' lang='lat' dir='ltr'>cernam,</span> <span class='ocrx_word' id='word_1_1514' title='bbox 1649 1976 1741 2011; x_wconf 79' lang='lat' dir='ltr'>mene,</span> <span class='ocrx_word' id='word_1_1515' title='bbox 1752 1975 1789 1996; x_wconf 88' lang='lat' dir='ltr'>an</span> <span class='ocrx_word' id='word_1_1516' title='bbox 1799 1965 1875 1996; x_wconf 84' lang='lat' dir='ltr'>inam</span> <span class='ocrx_word' id='word_1_1517' title='bbox 1883 1966 2023 2004; x_wconf 84' lang='lat' dir='ltr'>potiorem</span> <span class='ocrx_word' id='word_1_1518' title='bbox 2033 1972 2123 2005; x_wconf 91' lang='lat' dir='ltr'>putes.</span> <span class='ocrx_word' id='word_1_1519' title='bbox 2137 1966 2195 1998; x_wconf 77' lang='lat' dir='ltr'>cic.</span> <span class='ocrx_word' id='word_1_1520' title='bbox 2207 1977 2233 1998; x_wconf 90' lang='lat'>2.</span> <span class='ocrx_word' id='word_1_1521' title='bbox 2241 1965 2323 1998; x_wconf 91' lang='lat' dir='ltr'>Tusc.</span> <span class='ocrx_word' id='word_1_1522' title='bbox 2336 1975 2381 1998; x_wconf 88' lang='lat'>20.</span> <span class='ocrx_word' id='word_1_1523' title='bbox 2402 1967 2431 1998; x_wconf 92' lang='lat' dir='ltr'>h.</span> <span class='ocrx_word' id='word_1_1524' title='bbox 2440 1977 2464 1999; x_wconf 87' lang='lat' dir='ltr'>e.</span> <span class='ocrx_word' id='word_1_1525' title='bbox 2476 1968 2556 2001; x_wconf 68' lang='lat' dir='ltr'>Nunc</span> 
     </span>
     <span class='ocr_line' id='line_1_176' title="bbox 1460 2004 2554 2051; baseline 0.003 -15"><span class='ocrx_word' id='word_1_1526' title='bbox 1460 2016 1585 2051; x_wconf 77' lang='lat' dir='ltr'>experiar</span> <span class='ocrx_word' id='word_1_1527' title='bbox 1599 2007 1625 2035; x_wconf 86' lang='lat'>&amp;</span> <span class='ocrx_word' id='word_1_1528' title='bbox 1636 2004 1748 2034; x_wconf 86' lang='lat' dir='ltr'>videbo.</span> <span class='ocrx_word' id='word_1_1529' title='bbox 1788 2004 1893 2042; x_wconf 88' lang='lat' dir='ltr'>Vulgus</span> <span class='ocrx_word' id='word_1_1530' title='bbox 1901 2004 2076 2034; x_wconf 85' lang='lat' dir='ltr'>barbarorum</span> <span class='ocrx_word' id='word_1_1531' title='bbox 2086 2005 2156 2035; x_wconf 87' lang='lat' dir='ltr'>dicit</span> <span class='ocrx_word' id='word_1_1532' title='bbox 2168 2027 2176 2041; x_wconf 88' lang='lat'><strong>‚</strong></span> <span class='ocrx_word' id='word_1_1533' title='bbox 2197 2005 2254 2044; x_wconf 89' lang='lat' dir='ltr'>Ego</span> <span class='ocrx_word' id='word_1_1534' title='bbox 2272 2006 2343 2035; x_wconf 91' lang='lat' dir='ltr'>bene</span> <span class='ocrx_word' id='word_1_1535' title='bbox 2356 2005 2459 2036; x_wconf 92' lang='lat' dir='ltr'>videbo</span> <span class='ocrx_word' id='word_1_1536' title='bbox 2472 2012 2554 2039; x_wconf 60' lang='lat' dir='ltr'>nunca</span> 
     </span>
    </p>

    <p class='ocr_par' dir='ltr' id='par_1_73' title="bbox 1442 2042 2442 2088">
     <span class='ocr_line' id='line_1_177' title="bbox 1442 2042 2442 2088; baseline -0.001 -14"><span class='ocrx_word' id='word_1_1537' title='bbox 1442 2044 1512 2088; x_wconf 48' lang='lat' dir='ltr'>Qu-is</span> <span class='ocrx_word' id='word_1_1538' title='bbox 1523 2045 1561 2074; x_wconf 91' lang='lat' dir='ltr'>est</span> <span class='ocrx_word' id='word_1_1539' title='bbox 1570 2047 1745 2087; x_wconf 74' lang='lat' dir='ltr'>quincernat</span> <span class='ocrx_word' id='word_1_1540' title='bbox 1754 2049 1857 2080; x_wconf 86' lang='lat' dir='ltr'>quanta</span> <span class='ocrx_word' id='word_1_1541' title='bbox 1866 2043 1906 2071; x_wconf 88' lang='lat' dir='ltr'>vis</span> <span class='ocrx_word' id='word_1_1542' title='bbox 1919 2043 1996 2072; x_wconf 89' lang='lat' dir='ltr'>estin</span> <span class='ocrx_word' id='word_1_1543' title='bbox 2005 2042 2125 2072; x_wconf 75' lang='lat' dir='ltr'>sensibus</span> <span class='ocrx_word' id='word_1_1544' title='bbox 2133 2044 2147 2072; x_wconf 71' lang='grc' dir='ltr'>ἰ)</span> <span class='ocrx_word' id='word_1_1545' title='bbox 2169 2043 2228 2073; x_wconf 90' lang='lat' dir='ltr'>Cic.</span> <span class='ocrx_word' id='word_1_1546' title='bbox 2240 2054 2267 2079; x_wconf 90' lang='lat'>4.</span> <span class='ocrx_word' id='word_1_1547' title='bbox 2286 2044 2369 2073; x_wconf 80' lang='lat' dir='ltr'>Acad.</span> <span class='ocrx_word' id='word_1_1548' title='bbox 2381 2054 2442 2074; x_wconf 85' lang='lat'>120.</span> 
     </span>
    </p>

    <p class='ocr_par' dir='ltr' id='par_1_74' title="bbox 1442 2080 2581 2202">
     <span class='ocr_line' id='line_1_178' title="bbox 1442 2080 2559 2120; baseline 0 -8"><span class='ocrx_word' id='word_1_1549' title='bbox 1442 2085 1557 2113; x_wconf 76' lang='lat' dir='ltr'>Animus</span> <span class='ocrx_word' id='word_1_1550' title='bbox 1567 2089 1664 2111; x_wconf 92' lang='lat' dir='ltr'>cernit.</span> <span class='ocrx_word' id='word_1_1551' title='bbox 1687 2091 1704 2110; x_wconf 93' lang='lat' dir='ltr'>i.</span> <span class='ocrx_word' id='word_1_1552' title='bbox 1717 2090 1742 2109; x_wconf 89' lang='lat' dir='ltr'>e.</span> <span class='ocrx_word' id='word_1_1553' title='bbox 1764 2080 1904 2110; x_wconf 83' lang='lat' dir='ltr'>Praevidet.</span> <span class='ocrx_word' id='word_1_1554' title='bbox 1942 2080 2000 2110; x_wconf 90' lang='lat' dir='ltr'>Cic.</span> <span class='ocrx_word' id='word_1_1555' title='bbox 2012 2081 2047 2110; x_wconf 93' lang='lat' dir='ltr'>de</span> <span class='ocrx_word' id='word_1_1556' title='bbox 2056 2081 2164 2111; x_wconf 64' lang='lat' dir='ltr'>Senect.</span> <span class='ocrx_word' id='word_1_1557' title='bbox 2180 2087 2225 2115; x_wconf 63' lang='lat'>85.</span> <span class='ocrx_word' id='word_1_1558' title='bbox 2247 2082 2360 2111; x_wconf 83' lang='lat' dir='ltr'>Animus</span> <span class='ocrx_word' id='word_1_1559' title='bbox 2369 2091 2435 2111; x_wconf 89' lang='lat' dir='ltr'>vero</span> <span class='ocrx_word' id='word_1_1560' title='bbox 2445 2092 2503 2112; x_wconf 90' lang='lat' dir='ltr'>non</span> <span class='ocrx_word' id='word_1_1561' title='bbox 2513 2092 2559 2120; x_wconf 78' lang='grc' dir='ltr'>ιη</span> 
     </span>
     <span class='ocr_line' id='line_1_179' title="bbox 1461 2117 2581 2162; baseline 0.002 -13"><span class='ocrx_word' id='word_1_1562' title='bbox 1461 2120 1589 2156; x_wconf 75' lang='lat' dir='ltr'>deserens</span> <span class='ocrx_word' id='word_1_1563' title='bbox 1599 2141 1607 2155; x_wconf 86' lang='lat'>,</span> <span class='ocrx_word' id='word_1_1564' title='bbox 1627 2119 1674 2148; x_wconf 83' lang='lat' dir='ltr'>sed</span> <span class='ocrx_word' id='word_1_1565' title='bbox 1685 2118 1840 2162; x_wconf 68' lang='lat' dir='ltr'>respectans</span> <span class='ocrx_word' id='word_1_1566' title='bbox 1851 2138 1859 2154; x_wconf 85' lang='lat'>‚</span> <span class='ocrx_word' id='word_1_1567' title='bbox 1880 2120 1909 2148; x_wconf 91' lang='lat' dir='ltr'>in</span> <span class='ocrx_word' id='word_1_1568' title='bbox 1922 2128 1953 2149; x_wconf 85' lang='lat' dir='ltr'>ea</span> <span class='ocrx_word' id='word_1_1569' title='bbox 1964 2119 2094 2157; x_wconf 69' lang='lat' dir='ltr'>profecto</span> <span class='ocrx_word' id='word_1_1570' title='bbox 2107 2118 2170 2149; x_wconf 84' lang='lat' dir='ltr'>loca</span> <span class='ocrx_word' id='word_1_1571' title='bbox 2179 2117 2316 2156; x_wconf 76' lang='lat' dir='ltr'>discessit,</span> <span class='ocrx_word' id='word_1_1572' title='bbox 2338 2129 2393 2158; x_wconf 90' lang='lat' dir='ltr'>quo</span> <span class='ocrx_word' id='word_1_1573' title='bbox 2413 2120 2482 2150; x_wconf 88' lang='lat' dir='ltr'>mihi</span> <span class='ocrx_word' id='word_1_1574' title='bbox 2500 2121 2556 2160; x_wconf 87' lang='lat' dir='ltr'>ips</span> <span class='ocrx_word' id='word_1_1575' title='bbox 2572 2133 2581 2160; x_wconf 55' lang='grc' dir='ltr'><strong>ῃ</strong></span> 
     </span>
     <span class='ocr_line' id='line_1_180' title="bbox 1462 2157 1851 2202; baseline -0.008 -14"><span class='ocrx_word' id='word_1_1576' title='bbox 1462 2158 1596 2202; x_wconf 79' lang='lat' dir='ltr'>cernebat</span> <span class='ocrx_word' id='word_1_1577' title='bbox 1606 2157 1660 2187; x_wconf 77' lang='lat' dir='ltr'>esse</span> <span class='ocrx_word' id='word_1_1578' title='bbox 1670 2157 1851 2187; x_wconf 87' lang='lat' dir='ltr'>veniendum.</span> 
     </span>
    </p>

    <p class='ocr_par' dir='ltr' id='par_1_75' title="bbox 1441 2164 2581 2263">
     <span class='ocr_line' id='line_1_181' title="bbox 1441 2164 2581 2239; baseline 0.002 -14"><span class='ocrx_word' id='word_1_1579' title='bbox 1441 2198 1543 2226; x_wconf 82' lang='lat' dir='ltr'>Aninio</span> <span class='ocrx_word' id='word_1_1580' title='bbox 1553 2205 1674 2239; x_wconf 77' lang='lat' dir='ltr'>cernere.</span> <span class='ocrx_word' id='word_1_1581' title='bbox 1717 2194 1776 2224; x_wconf 87' lang='lat' dir='ltr'>Cic.</span> <span class='ocrx_word' id='word_1_1582' title='bbox 1791 2205 1813 2224; x_wconf 90' lang='lat'>1.</span> <span class='ocrx_word' id='word_1_1583' title='bbox 1827 2195 1863 2224; x_wconf 89' lang='lat' dir='ltr'>de</span> <span class='ocrx_word' id='word_1_1584' title='bbox 1873 2194 1933 2224; x_wconf 91' lang='lat' dir='ltr'>Fin.</span> <span class='ocrx_word' id='word_1_1585' title='bbox 1948 2204 1989 2230; x_wconf 76' lang='lat'>19·</span> <span class='ocrx_word' id='word_1_1586' title='bbox 2012 2193 2156 2232; x_wconf 83' lang='lat' dir='ltr'>Quicquid</span> <span class='ocrx_word' id='word_1_1587' title='bbox 2165 2204 2249 2233; x_wconf 82' lang='lat' dir='ltr'>porro</span> <span class='ocrx_word' id='word_1_1588' title='bbox 2259 2195 2353 2225; x_wconf 87' lang='lat' dir='ltr'>animo</span> <span class='ocrx_word' id='word_1_1589' title='bbox 2365 2196 2503 2227; x_wconf 87' lang='lat' dir='ltr'>cernimus</span> <span class='ocrx_word' id='word_1_1590' title='bbox 2528 2195 2557 2227; x_wconf 80' lang='lat' dir='ltr'>id</span> <span class='ocrx_word' id='word_1_1591' title='bbox 2571 2164 2581 2233; x_wconf 71' lang='lat' dir='ltr'>l</span> 
     </span>
     <span class='ocr_line' id='line_1_182' title="bbox 1461 2218 2513 2263; baseline -0.005 0"><span class='ocrx_word' id='word_1_1592' title='bbox 1461 2244 1545 2263; x_wconf 91' lang='lat' dir='ltr'>omne</span> <span class='ocrx_word' id='word_1_1593' title='bbox 1555 2241 1640 2262; x_wconf 89' lang='lat' dir='ltr'>oritur</span> <span class='ocrx_word' id='word_1_1594' title='bbox 1655 2243 1670 2261; x_wconf 90' lang='lat' dir='ltr'>a</span> <span class='ocrx_word' id='word_1_1595' title='bbox 1681 2232 1807 2261; x_wconf 88' lang='lat' dir='ltr'>sensibus.</span> <span class='ocrx_word' id='word_1_1596' title='bbox 2503 2218 2513 2232; x_wconf 67' lang='lat'><em>⁵</em></span> 
     </span>
    </p>

    <p class='ocr_par' dir='ltr' id='par_1_76' title="bbox 1441 2269 2555 2384">
     <span class='ocr_line' id='line_1_183' title="bbox 1441 2269 2555 2316; baseline 0.001 -15"><span class='ocrx_word' id='word_1_1597' title='bbox 1441 2273 1541 2316; x_wconf 79' lang='lat' dir='ltr'>Animo</span> <span class='ocrx_word' id='word_1_1598' title='bbox 1550 2280 1662 2301; x_wconf 85' lang='lat' dir='ltr'>cernere</span> <span class='ocrx_word' id='word_1_1599' title='bbox 1673 2277 1755 2314; x_wconf 70' lang='lat' dir='ltr'>atque</span> <span class='ocrx_word' id='word_1_1600' title='bbox 1766 2269 1930 2308; x_wconf 86' lang='lat' dir='ltr'>intelligere.</span> <span class='ocrx_word' id='word_1_1601' title='bbox 1971 2269 2030 2299; x_wconf 92' lang='lat' dir='ltr'>Cic.</span> <span class='ocrx_word' id='word_1_1602' title='bbox 2043 2269 2073 2298; x_wconf 89' lang='lat' dir='ltr'>in</span> <span class='ocrx_word' id='word_1_1603' title='bbox 2082 2269 2184 2308; x_wconf 90' lang='lat' dir='ltr'>Topic.</span> <span class='ocrx_word' id='word_1_1604' title='bbox 2202 2279 2247 2307; x_wconf 91' lang='lat'>27.</span> <span class='ocrx_word' id='word_1_1605' title='bbox 2269 2270 2335 2300; x_wconf 89' lang='lat' dir='ltr'>Non</span> <span class='ocrx_word' id='word_1_1606' title='bbox 2351 2270 2406 2300; x_wconf 86' lang='lat' dir='ltr'>esse</span> <span class='ocrx_word' id='word_1_1607' title='bbox 2422 2271 2510 2301; x_wconf 87' lang='lat' dir='ltr'>rursus</span> <span class='ocrx_word' id='word_1_1608' title='bbox 2524 2275 2555 2303; x_wconf 78' lang='lat' dir='ltr'>ea</span> 
     </span>
     <span class='ocr_line' id='line_1_184' title="bbox 1462 2307 2551 2376; baseline 0.002 -38"><span class='ocrx_word' id='word_1_1609' title='bbox 1462 2310 1531 2376; x_wconf 43' lang='grc' dir='ltr'><strong>’(11ξοί</strong></span> <span class='ocrx_word' id='word_1_1610' title='bbox 1534 2326 1551 2376; x_wconf 62' lang='lat' dir='ltr'>l,</span> <span class='ocrx_word' id='word_1_1611' title='bbox 1569 2315 1714 2375; x_wconf 55' lang='lat' dir='ltr'>ffuaes}assgl</span> <span class='ocrx_word' id='word_1_1612' title='bbox 1727 2308 1940 2338; x_wconf 86' lang='lat' dir='ltr'>demonstrarive</span> <span class='ocrx_word' id='word_1_1613' title='bbox 1951 2317 2009 2337; x_wconf 88' lang='lat' dir='ltr'>non</span> <span class='ocrx_word' id='word_1_1614' title='bbox 2021 2307 2133 2346; x_wconf 79' lang='lat' dir='ltr'>possunt</span> <span class='ocrx_word' id='word_1_1615' title='bbox 2142 2330 2152 2344; x_wconf 91' lang='lat'>,</span> <span class='ocrx_word' id='word_1_1616' title='bbox 2173 2308 2250 2338; x_wconf 90' lang='lat' dir='ltr'>cerni</span> <span class='ocrx_word' id='word_1_1617' title='bbox 2266 2315 2360 2339; x_wconf 86' lang='lat' dir='ltr'>tamen</span> <span class='ocrx_word' id='word_1_1618' title='bbox 2373 2309 2466 2339; x_wconf 86' lang='lat' dir='ltr'>animo</span> <span class='ocrx_word' id='word_1_1619' title='bbox 2480 2316 2551 2348; x_wconf 86' lang='lat' dir='ltr'>atqu-</span> 
     </span>
     <span class='ocr_line' id='line_1_185' title="bbox 1462 2354 1710 2384; baseline -0.004 -8"><span class='ocrx_word' id='word_1_1620' title='bbox 1462 2358 1490 2376; x_wconf 88' lang='lat' dir='ltr'>in</span> <span class='ocrx_word' id='word_1_1621' title='bbox 1505 2357 1520 2376; x_wconf 91' lang='lat' dir='ltr'>e</span> <span class='ocrx_word' id='word_1_1622' title='bbox 1545 2358 1580 2384; x_wconf 86' lang='lat' dir='ltr'>igi</span> <span class='ocrx_word' id='word_1_1623' title='bbox 1590 2357 1626 2384; x_wconf 91' lang='lat' dir='ltr'>po</span> <span class='ocrx_word' id='word_1_1624' title='bbox 1652 2354 1710 2376; x_wconf 88' lang='lat' dir='ltr'>unt.</span> 
     </span>
    </p>

    <p class='ocr_par' dir='ltr' id='par_1_77' title="bbox 1441 2340 2578 2537">
     <span class='ocr_line' id='line_1_186' title="bbox 1441 2340 2578 2430; baseline 0 -15"><span class='ocrx_word' id='word_1_1625' title='bbox 1441 2386 1542 2416; x_wconf 76' lang='lat' dir='ltr'>Animo</span> <span class='ocrx_word' id='word_1_1626' title='bbox 1553 2386 1665 2430; x_wconf 43' lang='lat' dir='ltr'>vid-ere,</span> <span class='ocrx_word' id='word_1_1627' title='bbox 1686 2393 1799 2414; x_wconf 88' lang='lat' dir='ltr'>cernere</span> <span class='ocrx_word' id='word_1_1628' title='bbox 1809 2390 1913 2413; x_wconf 88' lang='lat' dir='ltr'>mente.</span> <span class='ocrx_word' id='word_1_1629' title='bbox 1954 2383 2013 2414; x_wconf 90' lang='lat' dir='ltr'>Cic.</span> <span class='ocrx_word' id='word_1_1630' title='bbox 2028 2393 2051 2412; x_wconf 82' lang='lat'>1.</span> <span class='ocrx_word' id='word_1_1631' title='bbox 2066 2383 2102 2413; x_wconf 89' lang='lat' dir='ltr'>de</span> <span class='ocrx_word' id='word_1_1632' title='bbox 2111 2383 2176 2414; x_wconf 88' lang='lat' dir='ltr'>Nat.</span> <span class='ocrx_word' id='word_1_1633' title='bbox 2186 2383 2268 2413; x_wconf 91' lang='lat' dir='ltr'>Deor.</span> <span class='ocrx_word' id='word_1_1634' title='bbox 2279 2394 2324 2419; x_wconf 81' lang='lat'>49.</span> <span class='ocrx_word' id='word_1_1635' title='bbox 2356 2384 2491 2422; x_wconf 87' lang='lat' dir='ltr'>Epicurus</span> <span class='ocrx_word' id='word_1_1636' title='bbox 2511 2393 2553 2415; x_wconf 79' lang='lat' dir='ltr'>aui</span> <span class='ocrx_word' id='word_1_1637' title='bbox 2568 2340 2578 2426; x_wconf 63' lang='grc' dir='ltr'>ί</span> 
     </span>
     <span class='ocr_line' id='line_1_187' title="bbox 1461 2419 2570 2467; baseline 0 -15"><span class='ocrx_word' id='word_1_1638' title='bbox 1461 2431 1535 2459; x_wconf 80' lang='lat' dir='ltr'>tem,</span> <span class='ocrx_word' id='word_1_1639' title='bbox 1549 2433 1605 2467; x_wconf 40' lang='lat' dir='ltr'>&#39;qui</span> <span class='ocrx_word' id='word_1_1640' title='bbox 1616 2433 1658 2452; x_wconf 74' lang='lat' dir='ltr'>res</span> <span class='ocrx_word' id='word_1_1641' title='bbox 1677 2423 1818 2458; x_wconf 83' lang='lat' dir='ltr'>occultas,</span> <span class='ocrx_word' id='word_1_1642' title='bbox 1840 2424 1866 2452; x_wconf 70' lang='lat'>8&lt;</span> <span class='ocrx_word' id='word_1_1643' title='bbox 1883 2422 1994 2460; x_wconf 87' lang='lat' dir='ltr'>penitus</span> <span class='ocrx_word' id='word_1_1644' title='bbox 2010 2421 2136 2457; x_wconf 86' lang='lat' dir='ltr'>abditas,</span> <span class='ocrx_word' id='word_1_1645' title='bbox 2157 2431 2216 2451; x_wconf 91' lang='lat' dir='ltr'>non</span> <span class='ocrx_word' id='word_1_1646' title='bbox 2230 2422 2316 2451; x_wconf 87' lang='lat' dir='ltr'>modo</span> <span class='ocrx_word' id='word_1_1647' title='bbox 2334 2422 2435 2452; x_wconf 84' lang='lat' dir='ltr'>viderit</span> <span class='ocrx_word' id='word_1_1648' title='bbox 2450 2419 2552 2458; x_wconf 64' lang='lat' dir='ltr'>animo,</span> <span class='ocrx_word' id='word_1_1649' title='bbox 2568 2430 2570 2432; x_wconf 78' lang='grc'>’</span> 
     </span>
     <span class='ocr_line' id='line_1_188' title="bbox 1461 2440 2576 2505; baseline 0.001 -15"><span class='ocrx_word' id='word_1_1650' title='bbox 1461 2461 1508 2490; x_wconf 87' lang='lat' dir='ltr'>sed</span> <span class='ocrx_word' id='word_1_1651' title='bbox 1518 2468 1600 2505; x_wconf 80' lang='lat' dir='ltr'>etiam</span> <span class='ocrx_word' id='word_1_1652' title='bbox 1613 2460 1649 2490; x_wconf 85' lang='lat' dir='ltr'>sic</span> <span class='ocrx_word' id='word_1_1653' title='bbox 1660 2463 1772 2495; x_wconf 69' lang='lat' dir='ltr'>tractet,</span> <span class='ocrx_word' id='word_1_1654' title='bbox 1794 2466 1826 2490; x_wconf 86' lang='lat' dir='ltr'>ut</span> <span class='ocrx_word' id='word_1_1655' title='bbox 1835 2469 1931 2495; x_wconf 89' lang='lat' dir='ltr'>manu,</span> <span class='ocrx_word' id='word_1_1656' title='bbox 1943 2460 2043 2489; x_wconf 88' lang='lat' dir='ltr'>doceat</span> <span class='ocrx_word' id='word_1_1657' title='bbox 2051 2469 2112 2489; x_wconf 86' lang='lat' dir='ltr'>eam</span> <span class='ocrx_word' id='word_1_1658' title='bbox 2123 2459 2178 2490; x_wconf 82' lang='lat' dir='ltr'>esse</span> <span class='ocrx_word' id='word_1_1659' title='bbox 2189 2460 2246 2490; x_wconf 89' lang='lat' dir='ltr'>vim</span> <span class='ocrx_word' id='word_1_1660' title='bbox 2257 2462 2283 2491; x_wconf 68' lang='grc' dir='ltr'>ἃ.</span> <span class='ocrx_word' id='word_1_1661' title='bbox 2299 2468 2424 2490; x_wconf 85' lang='lat' dir='ltr'>naturam</span> <span class='ocrx_word' id='word_1_1662' title='bbox 2434 2461 2517 2491; x_wconf 82' lang='lat' dir='ltr'>deoru</span> <span class='ocrx_word' id='word_1_1663' title='bbox 2533 2475 2537 2486; x_wconf 89' lang='lat'><em>·</em></span> <span class='ocrx_word' id='word_1_1664' title='bbox 2567 2440 2576 2470; x_wconf 50' lang='lat'>‘⁴</span> 
     </span>
     <span class='ocr_line' id='line_1_189' title="bbox 1461 2498 2114 2537; baseline -0.005 -8"><span class='ocrx_word' id='word_1_1665' title='bbox 1461 2506 1493 2529; x_wconf 87' lang='lat' dir='ltr'>ut</span> <span class='ocrx_word' id='word_1_1666' title='bbox 1503 2509 1625 2537; x_wconf 89' lang='lat' dir='ltr'>primum</span> <span class='ocrx_word' id='word_1_1667' title='bbox 1635 2509 1691 2528; x_wconf 91' lang='lat' dir='ltr'>non</span> <span class='ocrx_word' id='word_1_1668' title='bbox 1702 2498 1779 2528; x_wconf 89' lang='lat' dir='ltr'>sensu</span> <span class='ocrx_word' id='word_1_1669' title='bbox 1789 2519 1798 2534; x_wconf 87' lang='lat'><strong>‚</strong></span> <span class='ocrx_word' id='word_1_1670' title='bbox 1819 2498 1865 2527; x_wconf 90' lang='lat' dir='ltr'>sed</span> <span class='ocrx_word' id='word_1_1671' title='bbox 1874 2505 1968 2527; x_wconf 87' lang='lat' dir='ltr'>mente</span> <span class='ocrx_word' id='word_1_1672' title='bbox 1978 2506 2114 2527; x_wconf 87' lang='lat' dir='ltr'>cernatur.</span> 
     </span>
    </p>

    <p class='ocr_par' dir='ltr' id='par_1_78' title="bbox 1444 2535 2394 2574">
     <span class='ocr_line' id='line_1_190' title="bbox 1444 2535 2394 2574; baseline 0 -7"><span class='ocrx_word' id='word_1_1673' title='bbox 1444 2537 1564 2567; x_wconf 85' lang='lat' dir='ltr'>Cernere</span> <span class='ocrx_word' id='word_1_1674' title='bbox 1579 2538 1614 2566; x_wconf 92' lang='lat' dir='ltr'>de</span> <span class='ocrx_word' id='word_1_1675' title='bbox 1624 2538 1704 2566; x_wconf 88' lang='lat' dir='ltr'>variis</span> <span class='ocrx_word' id='word_1_1676' title='bbox 1715 2536 1813 2571; x_wconf 92' lang='lat' dir='ltr'>rebus,</span> <span class='ocrx_word' id='word_1_1677' title='bbox 1835 2546 1886 2573; x_wconf 88' lang='lat' dir='ltr'>pro</span> <span class='ocrx_word' id='word_1_1678' title='bbox 1896 2535 2035 2572; x_wconf 88' lang='lat' dir='ltr'>Colloqui.</span> <span class='ocrx_word' id='word_1_1679' title='bbox 2074 2536 2160 2565; x_wconf 85' lang='lat' dir='ltr'>Plaut.</span> <span class='ocrx_word' id='word_1_1680' title='bbox 2174 2535 2251 2566; x_wconf 87' lang='lat' dir='ltr'>Trin.</span> <span class='ocrx_word' id='word_1_1681' title='bbox 2270 2545 2296 2566; x_wconf 87' lang='lat'>2.</span> <span class='ocrx_word' id='word_1_1682' title='bbox 2308 2546 2334 2572; x_wconf 84' lang='grc'>4.</span> <span class='ocrx_word' id='word_1_1683' title='bbox 2349 2541 2394 2574; x_wconf 85' lang='lat'>78.</span> 
     </span>
    </p>

    <p class='ocr_par' dir='ltr' id='par_1_79' title="bbox 1537 2573 2604 2647">
     <span class='ocr_line' id='line_1_191' title="bbox 1537 2573 2214 2611; baseline -0.001 -7"><span class='ocrx_word' id='word_1_1684' title='bbox 1537 2575 1726 2609; x_wconf 81' lang='lat' dir='ltr'>Verecundari</span> <span class='ocrx_word' id='word_1_1685' title='bbox 1739 2574 1882 2603; x_wconf 88' lang='lat' dir='ltr'>neminem</span> <span class='ocrx_word' id='word_1_1686' title='bbox 1894 2574 1968 2611; x_wconf 88' lang='lat' dir='ltr'>apud</span> <span class='ocrx_word' id='word_1_1687' title='bbox 1980 2573 2103 2603; x_wconf 83' lang='lat' dir='ltr'>mensam</span> <span class='ocrx_word' id='word_1_1688' title='bbox 2112 2574 2194 2603; x_wconf 88' lang='lat' dir='ltr'>decet</span> <span class='ocrx_word' id='word_1_1689' title='bbox 2207 2583 2214 2603; x_wconf 78' lang='grc' dir='ltr'>ε</span> 
     </span>
     <span class='ocr_line' id='line_1_192' title="bbox 1537 2612 2604 2647; baseline -0.002 -5"><span class='ocrx_word' id='word_1_1690' title='bbox 1537 2613 1612 2643; x_wconf 89' lang='lat' dir='ltr'>Nam</span> <span class='ocrx_word' id='word_1_1691' title='bbox 1626 2613 1663 2642; x_wconf 89' lang='lat' dir='ltr'>ibi</span> <span class='ocrx_word' id='word_1_1692' title='bbox 1681 2613 1716 2642; x_wconf 87' lang='lat' dir='ltr'>de</span> <span class='ocrx_word' id='word_1_1693' title='bbox 1727 2612 1827 2641; x_wconf 88' lang='lat' dir='ltr'>divinis</span> <span class='ocrx_word' id='word_1_1694' title='bbox 1840 2618 1924 2647; x_wconf 91' lang='lat' dir='ltr'>atque</span> <span class='ocrx_word' id='word_1_1695' title='bbox 1936 2612 2064 2640; x_wconf 87' lang='lat' dir='ltr'>humanis</span> <span class='ocrx_word' id='word_1_1696' title='bbox 2073 2612 2202 2641; x_wconf 82' lang='lat' dir='ltr'>cernitur.</span> <span class='ocrx_word' id='word_1_1697' title='bbox 2601 2627 2604 2631; x_wconf 96' lang='lat'>·</span> 
     </span>
    </p>

    <p class='ocr_par' dir='ltr' id='par_1_80' title="bbox 1444 2648 2602 2718">
     <span class='ocr_line' id='line_1_193' title="bbox 1444 2648 2539 2694; baseline -0.001 -14"><span class='ocrx_word' id='word_1_1698' title='bbox 1444 2650 1581 2694; x_wconf 77' lang='lat' dir='ltr'>Cernere,</span> <span class='ocrx_word' id='word_1_1699' title='bbox 1606 2651 1714 2680; x_wconf 77' lang='lat' dir='ltr'>Audire.</span> <span class='ocrx_word' id='word_1_1700' title='bbox 1756 2650 1853 2679; x_wconf 86' lang='lat' dir='ltr'>Accius</span> <span class='ocrx_word' id='word_1_1701' title='bbox 1872 2649 1996 2687; x_wconf 77' lang='lat' dir='ltr'>Chrysip.</span> <span class='ocrx_word' id='word_1_1702' title='bbox 2028 2650 2106 2686; x_wconf 88' lang='lat' dir='ltr'>Quid</span> <span class='ocrx_word' id='word_1_1703' title='bbox 2123 2649 2223 2688; x_wconf 77' lang='lat' dir='ltr'>agam?</span> <span class='ocrx_word' id='word_1_1704' title='bbox 2243 2658 2299 2679; x_wconf 83' lang='lat' dir='ltr'>vox</span> <span class='ocrx_word' id='word_1_1705' title='bbox 2323 2648 2398 2680; x_wconf 87' lang='lat' dir='ltr'>illius</span> <span class='ocrx_word' id='word_1_1706' title='bbox 2416 2649 2455 2680; x_wconf 84' lang='lat' dir='ltr'>est</span> <span class='ocrx_word' id='word_1_1707' title='bbox 2469 2653 2539 2680; x_wconf 71' lang='lat' dir='ltr'>cette</span> 
     </span>
     <span class='ocr_line' id='line_1_194' title="bbox 1466 2674 2602 2718; baseline -0.003 -1"><span class='ocrx_word' id='word_1_1708' title='bbox 1466 2689 1539 2718; x_wconf 88' lang='lat' dir='ltr'>idem</span> <span class='ocrx_word' id='word_1_1709' title='bbox 1550 2699 1647 2718; x_wconf 76' lang='lat' dir='ltr'>omnes</span> <span class='ocrx_word' id='word_1_1710' title='bbox 1657 2688 1804 2718; x_wconf 86' lang='lat' dir='ltr'>cernimus.</span> <span class='ocrx_word' id='word_1_1711' title='bbox 1828 2688 1947 2717; x_wconf 89' lang='lat' dir='ltr'>Nonius.</span> <span class='ocrx_word' id='word_1_1712' title='bbox 2507 2682 2510 2683; x_wconf 42' lang='lat'><em>⁷</em></span> <span class='ocrx_word' id='word_1_1713' title='bbox 2562 2674 2572 2697; x_wconf 26' lang='grc' dir='ltr'>λ’</span> <span class='ocrx_word' id='word_1_1714' title='bbox 2599 2702 2602 2714; x_wconf 70' lang='grc' dir='ltr'>ι</span> 
     </span>
    </p>

    <p class='ocr_par' dir='ltr' id='par_1_81' title="bbox 1444 2693 2573 2801">
     <span class='ocr_line' id='line_1_195' title="bbox 1444 2693 2573 2770; baseline -0.002 -14"><span class='ocrx_word' id='word_1_1715' title='bbox 1444 2727 1564 2770; x_wconf 78' lang='lat' dir='ltr'>Cernere</span> <span class='ocrx_word' id='word_1_1716' title='bbox 1575 2749 1583 2759; x_wconf 82' lang='lat'>,</span> <span class='ocrx_word' id='word_1_1717' title='bbox 1604 2727 1733 2762; x_wconf 67' lang='lat' dir='ltr'>judicare</span> <span class='ocrx_word' id='word_1_1718' title='bbox 1744 2746 1752 2761; x_wconf 82' lang='lat'>,</span> <span class='ocrx_word' id='word_1_1719' title='bbox 1774 2726 1849 2763; x_wconf 87' lang='lat' dir='ltr'>apud</span> <span class='ocrx_word' id='word_1_1720' title='bbox 1860 2728 1979 2759; x_wconf 71' lang='lat' dir='ltr'>veteres,</span> <span class='ocrx_word' id='word_1_1721' title='bbox 2002 2724 2068 2754; x_wconf 88' lang='lat' dir='ltr'>teste</span> <span class='ocrx_word' id='word_1_1722' title='bbox 2079 2725 2183 2755; x_wconf 91' lang='lat' dir='ltr'>Nonio.</span> <span class='ocrx_word' id='word_1_1723' title='bbox 2224 2725 2358 2755; x_wconf 86' lang='lat' dir='ltr'>Pacuvius</span> <span class='ocrx_word' id='word_1_1724' title='bbox 2367 2726 2509 2755; x_wconf 83' lang='lat' dir='ltr'>Armorum</span> <span class='ocrx_word' id='word_1_1725' title='bbox 2515 2719 2551 2762; x_wconf 68' lang='lat' dir='ltr'>im</span> <span class='ocrx_word' id='word_1_1726' title='bbox 2562 2693 2573 2737; x_wconf 44' lang='grc' dir='ltr'>ξ</span> 
     </span>
     <span class='ocr_line' id='line_1_196' title="bbox 1466 2737 2571 2801; baseline -0.002 -8"><span class='ocrx_word' id='word_1_1727' title='bbox 1466 2765 1520 2794; x_wconf 87' lang='lat' dir='ltr'>dic.</span> <span class='ocrx_word' id='word_1_1728' title='bbox 1559 2765 1592 2794; x_wconf 86' lang='lat' dir='ltr'>Et</span> <span class='ocrx_word' id='word_1_1729' title='bbox 1605 2773 1714 2801; x_wconf 56' lang='lat' dir='ltr'>aequum</span> <span class='ocrx_word' id='word_1_1730' title='bbox 1730 2765 1755 2793; x_wconf 72' lang='lat'>6&lt;</span> <span class='ocrx_word' id='word_1_1731' title='bbox 1766 2765 1872 2793; x_wconf 65' lang='lat' dir='ltr'>rectum</span> <span class='ocrx_word' id='word_1_1732' title='bbox 1881 2763 1936 2798; x_wconf 86' lang='lat' dir='ltr'>est,</span> <span class='ocrx_word' id='word_1_1733' title='bbox 1956 2763 2032 2799; x_wconf 83' lang='lat' dir='ltr'>quod</span> <span class='ocrx_word' id='word_1_1734' title='bbox 2040 2762 2177 2800; x_wconf 81' lang='lat' dir='ltr'>postulas,</span> <span class='ocrx_word' id='word_1_1735' title='bbox 2197 2763 2279 2797; x_wconf 79' lang='lat' dir='ltr'>jurati</span> <span class='ocrx_word' id='word_1_1736' title='bbox 2291 2769 2414 2793; x_wconf 89' lang='lat' dir='ltr'>cernant.</span> <span class='ocrx_word' id='word_1_1737' title='bbox 2562 2737 2571 2783; x_wconf 53' lang='lat' dir='ltr'>i</span> 
     </span>
    </p>

    <p class='ocr_par' dir='ltr' id='par_1_82' title="bbox 1445 2797 2597 2907">
     <span class='ocr_line' id='line_1_197' title="bbox 1445 2797 2570 2837; baseline -0.001 -6"><span class='ocrx_word' id='word_1_1738' title='bbox 1445 2803 1564 2832; x_wconf 88' lang='lat' dir='ltr'>Cernere</span> <span class='ocrx_word' id='word_1_1739' title='bbox 1574 2824 1581 2837; x_wconf 91' lang='lat'>,</span> <span class='ocrx_word' id='word_1_1740' title='bbox 1606 2802 1763 2831; x_wconf 88' lang='lat' dir='ltr'>Decernere</span> <span class='ocrx_word' id='word_1_1741' title='bbox 1774 2824 1781 2836; x_wconf 96' lang='lat'>,</span> <span class='ocrx_word' id='word_1_1742' title='bbox 1804 2801 1970 2830; x_wconf 89' lang='lat' dir='ltr'>constituere</span> <span class='ocrx_word' id='word_1_1743' title='bbox 1980 2822 1988 2834; x_wconf 93' lang='lat'>,</span> <span class='ocrx_word' id='word_1_1744' title='bbox 2007 2801 2168 2830; x_wconf 88' lang='lat' dir='ltr'>deliberare.</span> <span class='ocrx_word' id='word_1_1745' title='bbox 2191 2801 2250 2830; x_wconf 88' lang='lat' dir='ltr'>Cic.</span> <span class='ocrx_word' id='word_1_1746' title='bbox 2265 2813 2290 2834; x_wconf 79' lang='lat'>4.</span> <span class='ocrx_word' id='word_1_1747' title='bbox 2305 2801 2378 2830; x_wconf 81' lang='lat' dir='ltr'>Verr.</span> <span class='ocrx_word' id='word_1_1748' title='bbox 2393 2804 2454 2830; x_wconf 70' lang='lat'>161.</span> <span class='ocrx_word' id='word_1_1749' title='bbox 2471 2799 2532 2837; x_wconf 81' lang='lat' dir='ltr'>Quo</span> <span class='ocrx_word' id='word_1_1750' title='bbox 2562 2797 2570 2824; x_wconf 66' lang='lat'>‘³‘</span> 
     </span>
     <span class='ocr_line' id='line_1_198' title="bbox 1463 2826 2597 2907; baseline -0.001 -38"><span class='ocrx_word' id='word_1_1751' title='bbox 1463 2840 1829 2907; x_wconf 53' lang='lat' dir='ltr'>guane§ena[fus&#39;(1:reverit</span> <span class='ocrx_word' id='word_1_1752' title='bbox 1840 2861 1848 2874; x_wconf 90' lang='lat'>,</span> <span class='ocrx_word' id='word_1_1753' title='bbox 1868 2837 2023 2877; x_wconf 86' lang='lat' dir='ltr'>populusve</span> <span class='ocrx_word' id='word_1_1754' title='bbox 2033 2838 2156 2874; x_wconf 75' lang='lat' dir='ltr'>jusserit,</span> <span class='ocrx_word' id='word_1_1755' title='bbox 2175 2844 2218 2868; x_wconf 88' lang='lat' dir='ltr'>tot</span> <span class='ocrx_word' id='word_1_1756' title='bbox 2226 2838 2316 2869; x_wconf 84' lang='lat' dir='ltr'>sunto.</span> <span class='ocrx_word' id='word_1_1757' title='bbox 2346 2839 2433 2876; x_wconf 83' lang='lat' dir='ltr'>Regio</span> <span class='ocrx_word' id='word_1_1758' title='bbox 2443 2832 2546 2876; x_wconf 61' lang='lat' dir='ltr'>imperii</span> <span class='ocrx_word' id='word_1_1759' title='bbox 2560 2826 2568 2850; x_wconf 41' lang='grc' dir='ltr'><em>ἓ</em></span> <span class='ocrx_word' id='word_1_1760' title='bbox 2595 2857 2597 2869; x_wconf 45' lang='grc' dir='ltr'>ι</span> 
     </span>
    </p>

    <p class='ocr_par' dir='ltr' id='par_1_83' title="bbox 1485 2871 2604 2954">
     <span class='ocr_line' id='line_1_199' title="bbox 1485 2871 2604 2907; baseline -0.002 0"><span class='ocrx_word' id='word_1_1761' title='bbox 1485 2888 1520 2907; x_wconf 89' lang='lat' dir='ltr'>uo</span> <span class='ocrx_word' id='word_1_1762' title='bbox 1548 2888 1623 2907; x_wconf 72' lang='lat' dir='ltr'>uno</span> <span class='ocrx_word' id='word_1_1763' title='bbox 1668 2888 1710 2907; x_wconf 90' lang='lat' dir='ltr'>uci</span> <span class='ocrx_word' id='word_1_1764' title='bbox 1727 2901 1732 2906; x_wconf 95' lang='lat'>.</span> <span class='ocrx_word' id='word_1_1765' title='bbox 2526 2874 2544 2889; x_wconf 42' lang='lat'>⁸*</span> <span class='ocrx_word' id='word_1_1766' title='bbox 2602 2871 2604 2875; x_wconf 52' lang='lat'>¹</span> 
     </span>
     <span class='ocr_line' id='line_1_200' title="bbox 1539 2914 2192 2954; baseline -0.003 -9"><span class='ocrx_word' id='word_1_1767' title='bbox 1539 2916 1683 2953; x_wconf 75' lang='lat' dir='ltr'>Postquain</span> <span class='ocrx_word' id='word_1_1768' title='bbox 1695 2914 1851 2954; x_wconf 69' lang='lat' dir='ltr'>praesidium</span> <span class='ocrx_word' id='word_1_1769' title='bbox 1863 2914 1954 2944; x_wconf 85' lang='lat' dir='ltr'>castris</span> <span class='ocrx_word' id='word_1_1770' title='bbox 1966 2914 2085 2943; x_wconf 81' lang='lat' dir='ltr'>educere</span> <span class='ocrx_word' id='word_1_1771' title='bbox 2096 2914 2192 2944; x_wconf 88' lang='lat' dir='ltr'>crevit.</span> 
     </span>
    </p>

    <p class='ocr_par' dir='ltr' id='par_1_84' title="bbox 1446 2949 2560 3067">
     <span class='ocr_line' id='line_1_201' title="bbox 1446 2949 2537 2989; baseline -0.003 -6"><span class='ocrx_word' id='word_1_1772' title='bbox 1446 2954 1568 2983; x_wconf 83' lang='lat' dir='ltr'>Cernere</span> <span class='ocrx_word' id='word_1_1773' title='bbox 1580 2976 1587 2987; x_wconf 92' lang='lat'>,</span> <span class='ocrx_word' id='word_1_1774' title='bbox 1609 2954 1730 2988; x_wconf 80' lang='lat' dir='ltr'>Cedere,</span> <span class='ocrx_word' id='word_1_1775' title='bbox 1752 2953 1874 2989; x_wconf 88' lang='lat' dir='ltr'>antiquis</span> <span class='ocrx_word' id='word_1_1776' title='bbox 1885 2974 1893 2985; x_wconf 88' lang='lat'>,</span> <span class='ocrx_word' id='word_1_1777' title='bbox 1916 2953 2027 2981; x_wconf 63' lang='lat' dir='ltr'>auctore</span> <span class='ocrx_word' id='word_1_1778' title='bbox 2044 2952 2147 2981; x_wconf 86' lang='lat' dir='ltr'>Nonio.</span> <span class='ocrx_word' id='word_1_1779' title='bbox 2168 2950 2244 2981; x_wconf 84' lang='lat' dir='ltr'>unde</span> <span class='ocrx_word' id='word_1_1780' title='bbox 2257 2953 2281 2981; x_wconf 56' lang='lat'>81</span> <span class='ocrx_word' id='word_1_1781' title='bbox 2291 2952 2411 2982; x_wconf 80' lang='lat' dir='ltr'>Cernere</span> <span class='ocrx_word' id='word_1_1782' title='bbox 2422 2949 2519 2981; x_wconf 81' lang='lat' dir='ltr'>haeredi</span> <span class='ocrx_word' id='word_1_1783' title='bbox 2533 2965 2537 2973; x_wconf 84' lang='lat'>=</span> 
     </span>
     <span class='ocr_line' id='line_1_202' title="bbox 1464 2986 2537 3035; baseline -0.002 -14"><span class='ocrx_word' id='word_1_1784' title='bbox 1464 2999 1522 3021; x_wconf 90' lang='lat' dir='ltr'>tem</span> <span class='ocrx_word' id='word_1_1785' title='bbox 1541 2992 1737 3035; x_wconf 71' lang='lat' dir='ltr'>filiipatribus</span> <span class='ocrx_word' id='word_1_1786' title='bbox 1757 2991 1794 3027; x_wconf 80' lang='lat' dir='ltr'>(i.</span> <span class='ocrx_word' id='word_1_1787' title='bbox 1809 3001 1833 3020; x_wconf 91' lang='lat' dir='ltr'>e.</span> <span class='ocrx_word' id='word_1_1788' title='bbox 1856 2990 1980 3024; x_wconf 77' lang='lat' dir='ltr'>Cedere,</span> <span class='ocrx_word' id='word_1_1789' title='bbox 2002 2990 2070 3019; x_wconf 66' lang='lat' dir='ltr'>dicti</span> <span class='ocrx_word' id='word_1_1790' title='bbox 2090 2990 2160 3019; x_wconf 90' lang='lat' dir='ltr'>sunt.</span> <span class='ocrx_word' id='word_1_1791' title='bbox 2203 2990 2301 3020; x_wconf 81' lang='lat' dir='ltr'>Accius</span> <span class='ocrx_word' id='word_1_1792' title='bbox 2318 2990 2489 3027; x_wconf 77' lang='lat' dir='ltr'>Myrmidon.</span> <span class='ocrx_word' id='word_1_1793' title='bbox 2506 2986 2537 3019; x_wconf 85' lang='lat' dir='ltr'>R</span> 
     </span>
     <span class='ocr_line' id='line_1_203' title="bbox 1463 3028 2560 3067; baseline -0.001 -9"><span class='ocrx_word' id='word_1_1794' title='bbox 1463 3039 1549 3066; x_wconf 82' lang='lat' dir='ltr'>gnum</span> <span class='ocrx_word' id='word_1_1795' title='bbox 1559 3030 1610 3059; x_wconf 88' lang='lat' dir='ltr'>tibi</span> <span class='ocrx_word' id='word_1_1796' title='bbox 1624 3029 1746 3067; x_wconf 84' lang='lat' dir='ltr'>permitti</span> <span class='ocrx_word' id='word_1_1797' title='bbox 1757 3029 1882 3058; x_wconf 88' lang='lat' dir='ltr'>malunt:</span> <span class='ocrx_word' id='word_1_1798' title='bbox 1903 3037 2033 3060; x_wconf 87' lang='lat' dir='ltr'>cernam,</span> <span class='ocrx_word' id='word_1_1799' title='bbox 2053 3028 2160 3057; x_wconf 85' lang='lat' dir='ltr'>tradam</span> <span class='ocrx_word' id='word_1_1800' title='bbox 2168 3029 2330 3057; x_wconf 82' lang='lat' dir='ltr'>exercitum.</span> <span class='ocrx_word' id='word_1_1801' title='bbox 2516 3034 2526 3045; x_wconf 85' lang='lat'>‘&#39;</span> <span class='ocrx_word' id='word_1_1802' title='bbox 2557 3049 2560 3061; x_wconf 87' lang='lat'>.</span> 
     </span>
    </p>

    <p class='ocr_par' dir='ltr' id='par_1_85' title="bbox 1446 3053 2599 3142">
     <span class='ocr_line' id='line_1_204' title="bbox 1446 3055 2599 3111; baseline -0.001 -15"><span class='ocrx_word' id='word_1_1803' title='bbox 1446 3067 1586 3111; x_wconf 82' lang='lat' dir='ltr'>Cernere,</span> <span class='ocrx_word' id='word_1_1804' title='bbox 1608 3077 1659 3105; x_wconf 84' lang='lat' dir='ltr'>pro</span> <span class='ocrx_word' id='word_1_1805' title='bbox 1674 3066 1824 3100; x_wconf 87' lang='lat' dir='ltr'>Dirimere,</span> <span class='ocrx_word' id='word_1_1806' title='bbox 1846 3066 1968 3103; x_wconf 80' lang='lat' dir='ltr'>separare</span> <span class='ocrx_word' id='word_1_1807' title='bbox 1980 3087 1987 3099; x_wconf 87' lang='lat'>,</span> <span class='ocrx_word' id='word_1_1808' title='bbox 2011 3067 2036 3094; x_wconf 59' lang='grc' dir='ltr'>ἃ</span> <span class='ocrx_word' id='word_1_1809' title='bbox 2052 3065 2211 3100; x_wconf 83' lang='lat' dir='ltr'>secernere,</span> <span class='ocrx_word' id='word_1_1810' title='bbox 2234 3073 2264 3095; x_wconf 87' lang='lat' dir='ltr'>ut</span> <span class='ocrx_word' id='word_1_1811' title='bbox 2278 3067 2316 3095; x_wconf 88' lang='lat' dir='ltr'>ait</span> <span class='ocrx_word' id='word_1_1812' title='bbox 2336 3064 2462 3094; x_wconf 80' lang='lat' dir='ltr'>Budaeus.</span> <span class='ocrx_word' id='word_1_1813' title='bbox 2498 3062 2546 3093; x_wconf 66' lang='lat' dir='ltr'>cic.</span> <span class='ocrx_word' id='word_1_1814' title='bbox 2562 3055 2565 3058; x_wconf 68' lang='lat'><em>,</em></span> <span class='ocrx_word' id='word_1_1815' title='bbox 2590 3091 2599 3095; x_wconf 71' lang='grc'>,</span> 
     </span>
     <span class='ocr_line' id='line_1_205' title="bbox 1465 3101 2594 3142; baseline -0.004 -7"><span class='ocrx_word' id='word_1_1816' title='bbox 1465 3105 1567 3142; x_wconf 87' lang='lat' dir='ltr'>Topic.</span> <span class='ocrx_word' id='word_1_1817' title='bbox 1582 3111 1627 3139; x_wconf 77' lang='lat'>80.</span> <span class='ocrx_word' id='word_1_1818' title='bbox 1650 3105 1736 3134; x_wconf 84' lang='lat' dir='ltr'>Causa</span> <span class='ocrx_word' id='word_1_1819' title='bbox 1755 3105 1835 3134; x_wconf 91' lang='lat' dir='ltr'>certis</span> <span class='ocrx_word' id='word_1_1820' title='bbox 1847 3103 1985 3141; x_wconf 70' lang='lat' dir='ltr'>personis,</span> <span class='ocrx_word' id='word_1_1821' title='bbox 2006 3103 2094 3138; x_wconf 86' lang='lat' dir='ltr'>locis,</span> <span class='ocrx_word' id='word_1_1822' title='bbox 2115 3104 2301 3140; x_wconf 76' lang='lat' dir='ltr'>temporibus,</span> <span class='ocrx_word' id='word_1_1823' title='bbox 2322 3101 2493 3136; x_wconf 72' lang='lat' dir='ltr'>actionibus,</span> <span class='ocrx_word' id='word_1_1824' title='bbox 2510 3108 2557 3130; x_wconf 66' lang='grc' dir='ltr'>πᾶ</span> <span class='ocrx_word' id='word_1_1825' title='bbox 2592 3123 2594 3127; x_wconf 58' lang='grc'>,</span> 
     </span>
    </p>
   </div>
   <div class='ocr_carea' id='block_1_44' title="bbox 1445 3138 2604 3995">
    <p class='ocr_par' dir='ltr' id='par_1_86' title="bbox 1445 3138 2604 3995">
     <span class='ocr_line' id='line_1_206' title="bbox 1464 3138 2565 3187; baseline -0.005 -15"><span class='ocrx_word' id='word_1_1826' title='bbox 1464 3144 1548 3187; x_wconf 74' lang='lat' dir='ltr'>gotiis</span> <span class='ocrx_word' id='word_1_1827' title='bbox 1558 3144 1695 3177; x_wconf 78' lang='lat' dir='ltr'>cernitur,</span> <span class='ocrx_word' id='word_1_1828' title='bbox 1717 3143 1801 3172; x_wconf 86' lang='lat' dir='ltr'>autin</span> <span class='ocrx_word' id='word_1_1829' title='bbox 1812 3141 1941 3171; x_wconf 79' lang='lat' dir='ltr'>omnibus</span> <span class='ocrx_word' id='word_1_1830' title='bbox 1949 3163 1957 3174; x_wconf 89' lang='lat'>,</span> <span class='ocrx_word' id='word_1_1831' title='bbox 1979 3148 2026 3169; x_wconf 82' lang='lat' dir='ltr'>aut</span> <span class='ocrx_word' id='word_1_1832' title='bbox 2035 3142 2063 3169; x_wconf 93' lang='lat' dir='ltr'>in</span> <span class='ocrx_word' id='word_1_1833' title='bbox 2073 3141 2209 3179; x_wconf 74' lang='lat' dir='ltr'>plerisque</span> <span class='ocrx_word' id='word_1_1834' title='bbox 2219 3150 2323 3170; x_wconf 87' lang='lat' dir='ltr'>eorum.</span> <span class='ocrx_word' id='word_1_1835' title='bbox 2354 3141 2386 3170; x_wconf 87' lang='lat' dir='ltr'>Et</span> <span class='ocrx_word' id='word_1_1836' title='bbox 2396 3151 2419 3176; x_wconf 83' lang='grc' dir='ltr'>ς.</span> <span class='ocrx_word' id='word_1_1837' title='bbox 2430 3138 2542 3169; x_wconf 65' lang='lat' dir='ltr'>Tuscae</span> <span class='ocrx_word' id='word_1_1838' title='bbox 2563 3163 2565 3166; x_wconf 55' lang='lat'>.</span> 
     </span>
     <span class='ocr_line' id='line_1_207' title="bbox 1465 3175 2532 3223; baseline -0.004 -13"><span class='ocrx_word' id='word_1_1839' title='bbox 1465 3180 1575 3210; x_wconf 85' lang='lat' dir='ltr'>Deinde</span> <span class='ocrx_word' id='word_1_1840' title='bbox 1586 3190 1621 3223; x_wconf 79' lang='lat' dir='ltr'>ex</span> <span class='ocrx_word' id='word_1_1841' title='bbox 1636 3181 1742 3216; x_wconf 80' lang='lat' dir='ltr'>majore</span> <span class='ocrx_word' id='word_1_1842' title='bbox 1752 3186 1830 3217; x_wconf 85' lang='lat' dir='ltr'>parte</span> <span class='ocrx_word' id='word_1_1843' title='bbox 1843 3178 1986 3216; x_wconf 87' lang='lat' dir='ltr'>plerasque</span> <span class='ocrx_word' id='word_1_1844' title='bbox 1998 3187 2040 3207; x_wconf 89' lang='lat' dir='ltr'>res</span> <span class='ocrx_word' id='word_1_1845' title='bbox 2050 3179 2188 3208; x_wconf 84' lang='lat' dir='ltr'>nominari</span> <span class='ocrx_word' id='word_1_1846' title='bbox 2199 3179 2282 3208; x_wconf 77' lang='lat' dir='ltr'>etiam</span> <span class='ocrx_word' id='word_1_1847' title='bbox 2295 3201 2302 3211; x_wconf 87' lang='lat'>.</span> <span class='ocrx_word' id='word_1_1848' title='bbox 2323 3178 2396 3216; x_wconf 80' lang='lat' dir='ltr'>siqua</span> <span class='ocrx_word' id='word_1_1849' title='bbox 2409 3186 2469 3216; x_wconf 85' lang='lat' dir='ltr'>pars</span> <span class='ocrx_word' id='word_1_1850' title='bbox 2486 3175 2532 3206; x_wconf 77' lang='lat' dir='ltr'>abe</span> 
     </span>
     <span class='ocr_line' id='line_1_208' title="bbox 1464 3215 2562 3253; baseline -0.003 -6"><span class='ocrx_word' id='word_1_1851' title='bbox 1464 3218 1521 3253; x_wconf 82' lang='lat' dir='ltr'>set,</span> <span class='ocrx_word' id='word_1_1852' title='bbox 1543 3224 1574 3246; x_wconf 91' lang='lat' dir='ltr'>ut</span> <span class='ocrx_word' id='word_1_1853' title='bbox 1583 3227 1673 3253; x_wconf 85' lang='lat' dir='ltr'>vires,</span> <span class='ocrx_word' id='word_1_1854' title='bbox 1694 3224 1725 3247; x_wconf 86' lang='lat' dir='ltr'>ut</span> <span class='ocrx_word' id='word_1_1855' title='bbox 1743 3217 1946 3251; x_wconf 85' lang='lat' dir='ltr'>valetudinem,</span> <span class='ocrx_word' id='word_1_1856' title='bbox 1968 3221 1998 3244; x_wconf 83' lang='lat' dir='ltr'>ut</span> <span class='ocrx_word' id='word_1_1857' title='bbox 2016 3217 2143 3253; x_wconf 80' lang='lat' dir='ltr'>divitias,</span> <span class='ocrx_word' id='word_1_1858' title='bbox 2165 3224 2195 3246; x_wconf 91' lang='lat' dir='ltr'>ut</span> <span class='ocrx_word' id='word_1_1859' title='bbox 2207 3217 2359 3249; x_wconf 83' lang='lat' dir='ltr'>honorem,</span> <span class='ocrx_word' id='word_1_1860' title='bbox 2382 3225 2413 3245; x_wconf 92' lang='lat' dir='ltr'>ut</span> <span class='ocrx_word' id='word_1_1861' title='bbox 2424 3215 2534 3251; x_wconf 61' lang='lat' dir='ltr'>glorium</span> <span class='ocrx_word' id='word_1_1862' title='bbox 2560 3233 2562 3237; x_wconf 83' lang='lat'><em>·</em></span> 
     </span>
     <span class='ocr_line' id='line_1_209' title="bbox 1464 3261 2522 3293; baseline -0.008 -8"><span class='ocrx_word' id='word_1_1863' title='bbox 1464 3266 1525 3293; x_wconf 83' lang='lat' dir='ltr'>quae</span> <span class='ocrx_word' id='word_1_1864' title='bbox 1541 3265 1643 3293; x_wconf 87' lang='lat' dir='ltr'>genere</span> <span class='ocrx_word' id='word_1_1865' title='bbox 1655 3278 1662 3290; x_wconf 83' lang='lat'>,</span> <span class='ocrx_word' id='word_1_1866' title='bbox 1685 3265 1742 3284; x_wconf 91' lang='lat' dir='ltr'>non</span> <span class='ocrx_word' id='word_1_1867' title='bbox 1754 3264 1870 3284; x_wconf 90' lang='lat' dir='ltr'>numero</span> <span class='ocrx_word' id='word_1_1868' title='bbox 1882 3261 2070 3283; x_wconf 88' lang='lat' dir='ltr'>cernerentur.</span> <span class='ocrx_word' id='word_1_1869' title='bbox 2518 3269 2522 3277; x_wconf 83' lang='lat'>.</span> 
     </span>
     <span class='ocr_line' id='line_1_210' title="bbox 1447 3284 2541 3329; baseline -0.005 -6"><span class='ocrx_word' id='word_1_1870' title='bbox 1447 3294 1581 3329; x_wconf 85' lang='lat' dir='ltr'>Cernere,</span> <span class='ocrx_word' id='word_1_1871' title='bbox 1603 3294 1736 3328; x_wconf 69' lang='lat' dir='ltr'>Pugnare.</span> <span class='ocrx_word' id='word_1_1872' title='bbox 1759 3293 1845 3322; x_wconf 80' lang='lat' dir='ltr'>Plaut.</span> <span class='ocrx_word' id='word_1_1873' title='bbox 1859 3290 1957 3328; x_wconf 77' lang='lat' dir='ltr'>Amph.</span> <span class='ocrx_word' id='word_1_1874' title='bbox 1972 3301 1997 3320; x_wconf 89' lang='lat'>2.</span> <span class='ocrx_word' id='word_1_1875' title='bbox 2013 3293 2168 3326; x_wconf 78' lang='lat' dir='ltr'>Argument.</span> <span class='ocrx_word' id='word_1_1876' title='bbox 2183 3300 2208 3321; x_wconf 93' lang='lat' dir='ltr'>v.</span> <span class='ocrx_word' id='word_1_1877' title='bbox 2222 3300 2247 3326; x_wconf 86' lang='grc'>3.</span> <span class='ocrx_word' id='word_1_1878' title='bbox 2517 3304 2520 3310; x_wconf 81' lang='lat'>.</span> <span class='ocrx_word' id='word_1_1879' title='bbox 2538 3284 2541 3287; x_wconf 47' lang='lat'>⁵</span> 
     </span>
     <span class='ocr_line' id='line_1_211' title="bbox 1528 3329 2237 3369; baseline -0.003 -9"><span class='ocrx_word' id='word_1_1880' title='bbox 1528 3331 1576 3360; x_wconf 91' lang='lat' dir='ltr'>Pro</span> <span class='ocrx_word' id='word_1_1881' title='bbox 1585 3332 1672 3369; x_wconf 84' lang='lat' dir='ltr'>patria</span> <span class='ocrx_word' id='word_1_1882' title='bbox 1687 3331 1850 3368; x_wconf 79' lang='lat' dir='ltr'>Amphitruo</span> <span class='ocrx_word' id='word_1_1883' title='bbox 1857 3330 1924 3362; x_wconf 78' lang='lat' dir='ltr'>dum</span> <span class='ocrx_word' id='word_1_1884' title='bbox 1935 3329 2023 3358; x_wconf 90' lang='lat' dir='ltr'>cernit</span> <span class='ocrx_word' id='word_1_1885' title='bbox 2031 3339 2096 3358; x_wconf 88' lang='lat' dir='ltr'>cuin</span> <span class='ocrx_word' id='word_1_1886' title='bbox 2108 3329 2237 3359; x_wconf 88' lang='lat' dir='ltr'>hostibus.</span> 
     </span>
     <span class='ocr_line' id='line_1_212' title="bbox 1445 3353 2604 3413; baseline -0.003 -15"><span class='ocrx_word' id='word_1_1887' title='bbox 1445 3368 1566 3398; x_wconf 88' lang='lat' dir='ltr'>Cernere</span> <span class='ocrx_word' id='word_1_1888' title='bbox 1579 3370 1659 3413; x_wconf 74' lang='lat' dir='ltr'>armis</span> <span class='ocrx_word' id='word_1_1889' title='bbox 1670 3379 1734 3412; x_wconf 82' lang='lat' dir='ltr'>cum</span> <span class='ocrx_word' id='word_1_1890' title='bbox 1748 3368 1843 3398; x_wconf 81' lang='lat' dir='ltr'>altero.</span> <span class='ocrx_word' id='word_1_1891' title='bbox 1883 3368 1980 3396; x_wconf 74' lang='lat' dir='ltr'>Accius</span> <span class='ocrx_word' id='word_1_1892' title='bbox 1996 3367 2221 3405; x_wconf 84' lang='lat' dir='ltr'>Epinausiniache</span> <span class='ocrx_word' id='word_1_1893' title='bbox 2233 3389 2240 3399; x_wconf 95' lang='lat'>,</span> <span class='ocrx_word' id='word_1_1894' title='bbox 2264 3366 2397 3396; x_wconf 87' lang='lat' dir='ltr'>Primores</span> <span class='ocrx_word' id='word_1_1895' title='bbox 2415 3361 2534 3404; x_wconf 68' lang='grc' dir='ltr'>ρῐοαοὶυ</span> <span class='ocrx_word' id='word_1_1896' title='bbox 2563 3379 2568 3384; x_wconf 88' lang='grc'><em>·</em></span> <span class='ocrx_word' id='word_1_1897' title='bbox 2586 3353 2604 3397; x_wconf 60' lang='lat'>,³</span> 
     </span>
     <span class='ocr_line' id='line_1_213' title="bbox 1462 3404 2556 3473; baseline -0.004 -38"><span class='ocrx_word' id='word_1_1898' title='bbox 1462 3414 1620 3473; x_wconf 44' lang='lat' dir='ltr'>{eviffarint</span> <span class='ocrx_word' id='word_1_1899' title='bbox 1639 3416 1754 3436; x_wconf 86' lang='lat' dir='ltr'>nomina</span> <span class='ocrx_word' id='word_1_1900' title='bbox 1766 3428 1774 3442; x_wconf 86' lang='lat'>‚</span> <span class='ocrx_word' id='word_1_1901' title='bbox 1795 3405 1845 3435; x_wconf 76' lang='lat' dir='ltr'>nisi</span> <span class='ocrx_word' id='word_1_1902' title='bbox 1860 3404 1927 3434; x_wconf 80' lang='lat' dir='ltr'>esset</span> <span class='ocrx_word' id='word_1_1903' title='bbox 1952 3405 2032 3441; x_wconf 87' lang='lat' dir='ltr'>quis,</span> <span class='ocrx_word' id='word_1_1904' title='bbox 2053 3405 2100 3441; x_wconf 87' lang='lat' dir='ltr'>qui</span> <span class='ocrx_word' id='word_1_1905' title='bbox 2115 3406 2197 3435; x_wconf 88' lang='lat' dir='ltr'>arinis</span> <span class='ocrx_word' id='word_1_1906' title='bbox 2217 3404 2311 3434; x_wconf 88' lang='lat' dir='ltr'>secum</span> <span class='ocrx_word' id='word_1_1907' title='bbox 2331 3404 2417 3440; x_wconf 88' lang='lat' dir='ltr'>vellet</span> <span class='ocrx_word' id='word_1_1908' title='bbox 2437 3411 2514 3433; x_wconf 88' lang='lat' dir='ltr'>cern</span> <span class='ocrx_word' id='word_1_1909' title='bbox 2531 3420 2534 3423; x_wconf 62' lang='lat'>&gt;</span> <span class='ocrx_word' id='word_1_1910' title='bbox 2554 3427 2556 3429; x_wconf 70' lang='grc'><strong>,</strong></span> 
     </span>
     <span class='ocr_line' id='line_1_214' title="bbox 1490 3444 2554 3473; baseline -0.004 0"><span class='ocrx_word' id='word_1_1911' title='bbox 1490 3454 1505 3473; x_wconf 84' lang='lat' dir='ltr'>x</span> <span class='ocrx_word' id='word_1_1912' title='bbox 1545 3454 1620 3473; x_wconf 91' lang='lat' dir='ltr'>onio.</span> <span class='ocrx_word' id='word_1_1913' title='bbox 2497 3444 2499 3446; x_wconf 79' lang='grc'><strong>’</strong></span> <span class='ocrx_word' id='word_1_1914' title='bbox 2514 3452 2515 3457; x_wconf 60' lang='grc'>’</span> <span class='ocrx_word' id='word_1_1915' title='bbox 2551 3453 2554 3462; x_wconf 68' lang='lat' dir='ltr'>i</span> 
     </span>
     <span class='ocr_line' id='line_1_215' title="bbox 1445 3480 2074 3518; baseline -0.003 -7"><span class='ocrx_word' id='word_1_1916' title='bbox 1445 3481 1565 3511; x_wconf 88' lang='lat' dir='ltr'>Cernere</span> <span class='ocrx_word' id='word_1_1917' title='bbox 1574 3483 1645 3511; x_wconf 81' lang='lat' dir='ltr'>ferro</span> <span class='ocrx_word' id='word_1_1918' title='bbox 1655 3504 1662 3514; x_wconf 97' lang='lat'>,</span> <span class='ocrx_word' id='word_1_1919' title='bbox 1684 3481 1770 3510; x_wconf 82' lang='lat' dir='ltr'>idem.</span> <span class='ocrx_word' id='word_1_1920' title='bbox 1794 3480 1867 3518; x_wconf 88' lang='lat' dir='ltr'>Virg.</span> <span class='ocrx_word' id='word_1_1921' title='bbox 1882 3490 1924 3510; x_wconf 85' lang='lat'>12.</span> <span class='ocrx_word' id='word_1_1922' title='bbox 1936 3480 1997 3510; x_wconf 78' lang='lat' dir='ltr'>AEn.</span> <span class='ocrx_word' id='word_1_1923' title='bbox 2010 3489 2074 3515; x_wconf 75' lang='lat'>700.</span> 
     </span>
     <span class='ocr_line' id='line_1_216' title="bbox 1540 3518 2132 3554; baseline -0.003 -6"><span class='ocrx_word' id='word_1_1924' title='bbox 1540 3520 1613 3549; x_wconf 79' lang='lat' dir='ltr'>Inter</span> <span class='ocrx_word' id='word_1_1925' title='bbox 1624 3519 1651 3549; x_wconf 84' lang='lat' dir='ltr'>se</span> <span class='ocrx_word' id='word_1_1926' title='bbox 1662 3519 1757 3548; x_wconf 86' lang='lat' dir='ltr'>coiisse</span> <span class='ocrx_word' id='word_1_1927' title='bbox 1770 3519 1843 3547; x_wconf 91' lang='lat' dir='ltr'>viros</span> <span class='ocrx_word' id='word_1_1928' title='bbox 1856 3540 1864 3554; x_wconf 89' lang='lat'>,</span> <span class='ocrx_word' id='word_1_1929' title='bbox 1887 3520 1913 3548; x_wconf 67' lang='grc' dir='ltr'>ἃ</span> <span class='ocrx_word' id='word_1_1930' title='bbox 1925 3527 2039 3547; x_wconf 88' lang='lat' dir='ltr'>cernere</span> <span class='ocrx_word' id='word_1_1931' title='bbox 2050 3518 2132 3546; x_wconf 89' lang='lat' dir='ltr'>ferro.</span> 
     </span>
     <span class='ocr_line' id='line_1_217' title="bbox 1446 3553 2410 3592; baseline -0.003 -6"><span class='ocrx_word' id='word_1_1932' title='bbox 1446 3556 1567 3586; x_wconf 88' lang='lat' dir='ltr'>Cernere</span> <span class='ocrx_word' id='word_1_1933' title='bbox 1577 3558 1662 3586; x_wconf 77' lang='lat' dir='ltr'>vitam</span> <span class='ocrx_word' id='word_1_1934' title='bbox 1673 3579 1681 3591; x_wconf 96' lang='lat'>,</span> <span class='ocrx_word' id='word_1_1935' title='bbox 1707 3557 1745 3585; x_wconf 89' lang='lat' dir='ltr'>De</span> <span class='ocrx_word' id='word_1_1936' title='bbox 1757 3556 1813 3585; x_wconf 86' lang='lat' dir='ltr'>vita</span> <span class='ocrx_word' id='word_1_1937' title='bbox 1824 3562 1935 3585; x_wconf 87' lang='lat' dir='ltr'>certare.</span> <span class='ocrx_word' id='word_1_1938' title='bbox 1959 3556 2063 3585; x_wconf 86' lang='lat' dir='ltr'>Ennius</span> <span class='ocrx_word' id='word_1_1939' title='bbox 2075 3554 2150 3592; x_wconf 87' lang='lat' dir='ltr'>apud</span> <span class='ocrx_word' id='word_1_1940' title='bbox 2162 3553 2220 3584; x_wconf 87' lang='lat' dir='ltr'>Cic.</span> <span class='ocrx_word' id='word_1_1941' title='bbox 2235 3564 2257 3584; x_wconf 91' lang='lat'>1.</span> <span class='ocrx_word' id='word_1_1942' title='bbox 2271 3553 2353 3584; x_wconf 83' lang='lat' dir='ltr'>Offic.</span> <span class='ocrx_word' id='word_1_1943' title='bbox 2365 3559 2410 3591; x_wconf 82' lang='lat'>38.</span> 
     </span>
     <span class='ocr_line' id='line_1_218' title="bbox 1540 3594 2563 3629; baseline -0.004 -5"><span class='ocrx_word' id='word_1_1944' title='bbox 1540 3595 1621 3628; x_wconf 85' lang='lat' dir='ltr'>Ferro</span> <span class='ocrx_word' id='word_1_1945' title='bbox 1632 3618 1639 3629; x_wconf 84' lang='lat'>,</span> <span class='ocrx_word' id='word_1_1946' title='bbox 1661 3604 1718 3623; x_wconf 90' lang='lat' dir='ltr'>non</span> <span class='ocrx_word' id='word_1_1947' title='bbox 1731 3604 1814 3628; x_wconf 84' lang='lat' dir='ltr'>auro,</span> <span class='ocrx_word' id='word_1_1948' title='bbox 1835 3594 1918 3622; x_wconf 87' lang='lat' dir='ltr'>vitam</span> <span class='ocrx_word' id='word_1_1949' title='bbox 1930 3603 2075 3622; x_wconf 86' lang='lat' dir='ltr'>cernamus</span> <span class='ocrx_word' id='word_1_1950' title='bbox 2086 3594 2203 3629; x_wconf 86' lang='lat' dir='ltr'>utrique.</span> <span class='ocrx_word' id='word_1_1951' title='bbox 2557 3609 2563 3618; x_wconf 82' lang='lat'><em>·</em></span> 
     </span>
     <span class='ocr_line' id='line_1_219' title="bbox 1447 3622 2565 3675; baseline -0.004 -15"><span class='ocrx_word' id='word_1_1952' title='bbox 1447 3631 1567 3661; x_wconf 89' lang='lat' dir='ltr'>Cernere</span> <span class='ocrx_word' id='word_1_1953' title='bbox 1576 3633 1766 3675; x_wconf 34' lang='lat' dir='ltr'>liaeredi&#39;tatein</span> <span class='ocrx_word' id='word_1_1954' title='bbox 1776 3654 1784 3666; x_wconf 94' lang='lat'>,</span> <span class='ocrx_word' id='word_1_1955' title='bbox 1807 3641 1856 3668; x_wconf 92' lang='lat' dir='ltr'>pro</span> <span class='ocrx_word' id='word_1_1956' title='bbox 1866 3631 1947 3660; x_wconf 80' lang='lat' dir='ltr'>Adire</span> <span class='ocrx_word' id='word_1_1957' title='bbox 1959 3653 1966 3666; x_wconf 89' lang='lat'><strong>‚</strong></span> <span class='ocrx_word' id='word_1_1958' title='bbox 1988 3632 2100 3660; x_wconf 76' lang='lat' dir='ltr'>auctore</span> <span class='ocrx_word' id='word_1_1959' title='bbox 2110 3630 2195 3660; x_wconf 78' lang='lat' dir='ltr'>Festo.</span> <span class='ocrx_word' id='word_1_1960' title='bbox 2237 3628 2295 3658; x_wconf 90' lang='lat' dir='ltr'>Cic.</span> <span class='ocrx_word' id='word_1_1961' title='bbox 2310 3639 2321 3658; x_wconf 88' lang='lat'>1</span> <span class='ocrx_word' id='word_1_1962' title='bbox 2330 3639 2352 3659; x_wconf 91' lang='grc' dir='ltr'>ι.</span> <span class='ocrx_word' id='word_1_1963' title='bbox 2365 3629 2418 3659; x_wconf 73' lang='lat' dir='ltr'>Ati.</span> <span class='ocrx_word' id='word_1_1964' title='bbox 2430 3637 2456 3658; x_wconf 87' lang='lat'>2.</span> <span class='ocrx_word' id='word_1_1965' title='bbox 2475 3622 2538 3658; x_wconf 75' lang='lat' dir='ltr'>Litt-</span> <span class='ocrx_word' id='word_1_1966' title='bbox 2564 3635 2565 3640; x_wconf 62' lang='lat'>¹</span> 
     </span>
     <span class='ocr_line' id='line_1_220' title="bbox 1465 3666 2600 3713; baseline -0.004 -15"><span class='ocrx_word' id='word_1_1967' title='bbox 1465 3679 1507 3698; x_wconf 84' lang='lat' dir='ltr'>ras</span> <span class='ocrx_word' id='word_1_1968' title='bbox 1516 3678 1576 3713; x_wconf 78' lang='lat' dir='ltr'>tuas</span> <span class='ocrx_word' id='word_1_1969' title='bbox 1587 3680 1682 3713; x_wconf 83' lang='lat' dir='ltr'>accepi</span> <span class='ocrx_word' id='word_1_1970' title='bbox 1695 3670 1785 3707; x_wconf 89' lang='lat' dir='ltr'>pridie</span> <span class='ocrx_word' id='word_1_1971' title='bbox 1798 3669 1893 3698; x_wconf 85' lang='lat' dir='ltr'>Nonas</span> <span class='ocrx_word' id='word_1_1972' title='bbox 1904 3669 2077 3703; x_wconf 81' lang='lat' dir='ltr'>Februarias,</span> <span class='ocrx_word' id='word_1_1973' title='bbox 2099 3677 2189 3705; x_wconf 88' lang='lat' dir='ltr'>eoque</span> <span class='ocrx_word' id='word_1_1974' title='bbox 2207 3667 2265 3704; x_wconf 89' lang='lat' dir='ltr'>ipso</span> <span class='ocrx_word' id='word_1_1975' title='bbox 2281 3667 2326 3696; x_wconf 91' lang='lat' dir='ltr'>die</span> <span class='ocrx_word' id='word_1_1976' title='bbox 2344 3666 2538 3697; x_wconf 67' lang='lat' dir='ltr'>ex&#39;testamerit</span> <span class='ocrx_word' id='word_1_1977' title='bbox 2553 3679 2555 3686; x_wconf 46' lang='grc' dir='ltr'>ι</span> <span class='ocrx_word' id='word_1_1978' title='bbox 2591 3668 2600 3679; x_wconf 70' lang='grc'>““</span> 
     </span>
     <span class='ocr_line' id='line_1_221' title="bbox 1464 3693 2603 3742; baseline -0.003 -7"><span class='ocrx_word' id='word_1_1979' title='bbox 1464 3716 1538 3736; x_wconf 92' lang='lat' dir='ltr'>crevi</span> <span class='ocrx_word' id='word_1_1980' title='bbox 1557 3708 1758 3737; x_wconf 70' lang='lat' dir='ltr'>iiaereditateni.</span> <span class='ocrx_word' id='word_1_1981' title='bbox 1794 3707 1811 3736; x_wconf 90' lang='lat' dir='ltr'>i.</span> <span class='ocrx_word' id='word_1_1982' title='bbox 1825 3715 1848 3735; x_wconf 92' lang='lat' dir='ltr'>e.</span> <span class='ocrx_word' id='word_1_1983' title='bbox 1875 3706 1961 3735; x_wconf 74' lang='lat' dir='ltr'>Adivi.</span> <span class='ocrx_word' id='word_1_1984' title='bbox 2003 3705 2100 3735; x_wconf 87' lang='lat' dir='ltr'>Eidem</span> <span class='ocrx_word' id='word_1_1985' title='bbox 2115 3710 2141 3734; x_wconf 88' lang='lat'>6.</span> <span class='ocrx_word' id='word_1_1986' title='bbox 2157 3715 2178 3734; x_wconf 91' lang='grc' dir='ltr'>ι.</span> <span class='ocrx_word' id='word_1_1987' title='bbox 2209 3704 2328 3741; x_wconf 80' lang='lat' dir='ltr'>eleganti</span> <span class='ocrx_word' id='word_1_1988' title='bbox 2346 3704 2501 3742; x_wconf 83' lang='lat' dir='ltr'>metaphora</span> <span class='ocrx_word' id='word_1_1989' title='bbox 2515 3710 2541 3734; x_wconf 82' lang='lat' dir='ltr'>e</span> <span class='ocrx_word' id='word_1_1990' title='bbox 2581 3693 2603 3727; x_wconf 38' lang='grc' dir='ltr'>ἶς’</span> 
     </span>
     <span class='ocr_line' id='line_1_222' title="bbox 1464 3732 2584 3781; baseline -0.004 -8"><span class='ocrx_word' id='word_1_1991' title='bbox 1464 3743 1527 3773; x_wconf 91' lang='lat' dir='ltr'>usus</span> <span class='ocrx_word' id='word_1_1992' title='bbox 1539 3764 1546 3775; x_wconf 55' lang='lat' dir='ltr'>t</span> <span class='ocrx_word' id='word_1_1993' title='bbox 1568 3746 1662 3781; x_wconf 80' lang='lat' dir='ltr'>Quare</span> <span class='ocrx_word' id='word_1_1994' title='bbox 1672 3745 1805 3781; x_wconf 82' lang='lat' dir='ltr'>adjunges</span> <span class='ocrx_word' id='word_1_1995' title='bbox 1817 3743 1925 3773; x_wconf 76' lang='lat' dir='ltr'>Aulium</span> <span class='ocrx_word' id='word_1_1996' title='bbox 1934 3743 2066 3777; x_wconf 83' lang='lat' dir='ltr'>nostruin,</span> <span class='ocrx_word' id='word_1_1997' title='bbox 2079 3743 2220 3772; x_wconf 83' lang='lat' dir='ltr'>hominem</span> <span class='ocrx_word' id='word_1_1998' title='bbox 2231 3742 2338 3779; x_wconf 83' lang='lat' dir='ltr'>semper</span> <span class='ocrx_word' id='word_1_1999' title='bbox 2349 3749 2482 3771; x_wconf 89' lang='lat' dir='ltr'>amantem</span> <span class='ocrx_word' id='word_1_2000' title='bbox 2490 3746 2530 3769; x_wconf 82' lang='lat' dir='ltr'>me</span> <span class='ocrx_word' id='word_1_2001' title='bbox 2559 3756 2561 3763; x_wconf 90' lang='lat'>·</span> <span class='ocrx_word' id='word_1_2002' title='bbox 2581 3732 2584 3741; x_wconf 57' lang='grc'><strong><em>’</em></strong></span> 
     </span>
     <span class='ocr_line' id='line_1_223' title="bbox 1465 3780 2520 3825; baseline -0.005 -14"><span class='ocrx_word' id='word_1_2003' title='bbox 1465 3790 1542 3825; x_wconf 77' lang='lat' dir='ltr'>nunc</span> <span class='ocrx_word' id='word_1_2004' title='bbox 1550 3783 1634 3811; x_wconf 84' lang='lat' dir='ltr'>credo</span> <span class='ocrx_word' id='word_1_2005' title='bbox 1645 3793 1679 3811; x_wconf 86' lang='lat' dir='ltr'>eo</span> <span class='ocrx_word' id='word_1_2006' title='bbox 1688 3782 1774 3825; x_wconf 79' lang='lat' dir='ltr'>inagis</span> <span class='ocrx_word' id='word_1_2007' title='bbox 1781 3782 1857 3818; x_wconf 86' lang='lat' dir='ltr'>quod</span> <span class='ocrx_word' id='word_1_2008' title='bbox 1868 3781 1952 3810; x_wconf 89' lang='lat' dir='ltr'>debet</span> <span class='ocrx_word' id='word_1_2009' title='bbox 1960 3782 2041 3809; x_wconf 84' lang='lat' dir='ltr'>etiam</span> <span class='ocrx_word' id='word_1_2010' title='bbox 2053 3781 2141 3809; x_wconf 81' lang='lat' dir='ltr'>fratris</span> <span class='ocrx_word' id='word_1_2011' title='bbox 2149 3780 2230 3818; x_wconf 76' lang='lat' dir='ltr'>Appii</span> <span class='ocrx_word' id='word_1_2012' title='bbox 2239 3789 2360 3809; x_wconf 84' lang='lat' dir='ltr'>amorem</span> <span class='ocrx_word' id='word_1_2013' title='bbox 2368 3789 2428 3825; x_wconf 79' lang='lat' dir='ltr'>erga</span> <span class='ocrx_word' id='word_1_2014' title='bbox 2440 3785 2520 3807; x_wconf 84' lang='lat' dir='ltr'>mecu</span> 
     </span>
     <span class='ocr_line' id='line_1_224' title="bbox 1465 3814 2561 3855; baseline -0.004 -8"><span class='ocrx_word' id='word_1_2015' title='bbox 1465 3819 1570 3855; x_wconf 85' lang='lat' dir='ltr'>reliqua</span> <span class='ocrx_word' id='word_1_2016' title='bbox 1591 3820 1752 3849; x_wconf 57' lang='lat' dir='ltr'>haereditate</span> <span class='ocrx_word' id='word_1_2017' title='bbox 1770 3818 1890 3848; x_wconf 76' lang='lat' dir='ltr'>crevisse.</span> <span class='ocrx_word' id='word_1_2018' title='bbox 1913 3819 2039 3847; x_wconf 77' lang='lat' dir='ltr'>ssudaeus.</span> <span class='ocrx_word' id='word_1_2019' title='bbox 2085 3817 2183 3847; x_wconf 88' lang='lat' dir='ltr'>Sensus</span> <span class='ocrx_word' id='word_1_2020' title='bbox 2199 3818 2254 3846; x_wconf 89' lang='lat' dir='ltr'>est:</span> <span class='ocrx_word' id='word_1_2021' title='bbox 2285 3817 2321 3846; x_wconf 91' lang='lat' dir='ltr'>Ut</span> <span class='ocrx_word' id='word_1_2022' title='bbox 2341 3827 2398 3846; x_wconf 90' lang='lat' dir='ltr'>nori</span> <span class='ocrx_word' id='word_1_2023' title='bbox 2418 3815 2502 3846; x_wconf 86' lang='lat' dir='ltr'>solum</span> <span class='ocrx_word' id='word_1_2024' title='bbox 2514 3814 2561 3842; x_wconf 64' lang='lat' dir='ltr'>r&#39;fi</span> 
     </span>
     <span class='ocr_line' id='line_1_225' title="bbox 1464 3853 2554 3899; baseline -0.004 -15"><span class='ocrx_word' id='word_1_2025' title='bbox 1464 3866 1546 3892; x_wconf 78' lang='lat' dir='ltr'>quam</span> <span class='ocrx_word' id='word_1_2026' title='bbox 1558 3858 1663 3899; x_wconf 64' lang='lat' dir='ltr'>Appius</span> <span class='ocrx_word' id='word_1_2027' title='bbox 1673 3857 1788 3892; x_wconf 82' lang='lat' dir='ltr'>habuit,</span> <span class='ocrx_word' id='word_1_2028' title='bbox 1809 3856 1856 3885; x_wconf 91' lang='lat' dir='ltr'>sed</span> <span class='ocrx_word' id='word_1_2029' title='bbox 1866 3857 1966 3885; x_wconf 82' lang='lat' dir='ltr'>amoris</span> <span class='ocrx_word' id='word_1_2030' title='bbox 1975 3857 2070 3890; x_wconf 86' lang='lat' dir='ltr'>etiam,</span> <span class='ocrx_word' id='word_1_2031' title='bbox 2093 3865 2148 3892; x_wconf 89' lang='lat' dir='ltr'>quo</span> <span class='ocrx_word' id='word_1_2032' title='bbox 2166 3864 2212 3885; x_wconf 91' lang='lat' dir='ltr'>me</span> <span class='ocrx_word' id='word_1_2033' title='bbox 2229 3856 2323 3884; x_wconf 90' lang='lat' dir='ltr'>vivens</span> <span class='ocrx_word' id='word_1_2034' title='bbox 2332 3853 2488 3892; x_wconf 76' lang='lat' dir='ltr'>prosecutus</span> <span class='ocrx_word' id='word_1_2035' title='bbox 2503 3860 2517 3880; x_wconf 91' lang='lat' dir='ltr'>e</span> <span class='ocrx_word' id='word_1_2036' title='bbox 2551 3859 2554 3875; x_wconf 74' lang='lat' dir='ltr'>t</span> 
     </span>
     <span class='ocr_line' id='line_1_226' title="bbox 1467 3888 2558 3937; baseline 0 -16"><span class='ocrx_word' id='word_1_2037' title='bbox 1467 3892 1552 3922; x_wconf 81' lang='lat' dir='ltr'>liaeres</span> <span class='ocrx_word' id='word_1_2038' title='bbox 1566 3896 1704 3937; x_wconf 80' lang='lat' dir='ltr'>Auhuslit.</span> <span class='ocrx_word' id='word_1_2039' title='bbox 1735 3894 1764 3923; x_wconf 94' lang='lat' dir='ltr'>V.</span> <span class='ocrx_word' id='word_1_2040' title='bbox 1789 3904 1816 3931; x_wconf 88' lang='lat' dir='ltr'>p.</span> <span class='ocrx_word' id='word_1_2041' title='bbox 1833 3905 1858 3932; x_wconf 91' lang='lat' dir='ltr'>p.</span> <span class='ocrx_word' id='word_1_2042' title='bbox 1882 3903 1925 3922; x_wconf 70' lang='lat' dir='ltr'>ea</span> <span class='ocrx_word' id='word_1_2043' title='bbox 1937 3903 2032 3922; x_wconf 69' lang='lat' dir='ltr'>iz‘rio.</span> <span class='ocrx_word' id='word_1_2044' title='bbox 2539 3888 2558 3910; x_wconf 34' lang='grc' dir='ltr'>Τ</span> 
     </span>
     <span class='ocr_line' id='line_1_227' title="bbox 1447 3925 2526 3968; baseline -0.006 -8"><span class='ocrx_word' id='word_1_2045' title='bbox 1447 3930 1567 3961; x_wconf 79' lang='lat' dir='ltr'>Cernere</span> <span class='ocrx_word' id='word_1_2046' title='bbox 1583 3932 1678 3962; x_wconf 65' lang='lat' dir='ltr'>falsum</span> <span class='ocrx_word' id='word_1_2047' title='bbox 1692 3931 1882 3962; x_wconf 69' lang='lat' dir='ltr'>haereditatem</span> <span class='ocrx_word' id='word_1_2048' title='bbox 1900 3931 1996 3961; x_wconf 81' lang='lat' dir='ltr'>alienae</span> <span class='ocrx_word' id='word_1_2049' title='bbox 2015 3926 2118 3968; x_wconf 66' lang='lat' dir='ltr'>gloriae&#39;.</span> <span class='ocrx_word' id='word_1_2050' title='bbox 2155 3931 2175 3959; x_wconf 85' lang='lat' dir='ltr'>i.</span> <span class='ocrx_word' id='word_1_2051' title='bbox 2196 3939 2221 3959; x_wconf 77' lang='lat' dir='ltr'>e.</span> <span class='ocrx_word' id='word_1_2052' title='bbox 2241 3929 2374 3967; x_wconf 76' lang='lat' dir='ltr'>usurpare</span> <span class='ocrx_word' id='word_1_2053' title='bbox 2387 3928 2433 3958; x_wconf 84' lang='lat' dir='ltr'>sibi</span> <span class='ocrx_word' id='word_1_2054' title='bbox 2446 3925 2526 3965; x_wconf 83' lang='lat' dir='ltr'>gloria</span> 
     </span>
     <span class='ocr_line' id='line_1_228' title="bbox 2441 3963 2565 3995; baseline -0.032 0"><span class='ocrx_word' id='word_1_2055' title='bbox 2441 3963 2532 3995; x_wconf 80' lang='lat' dir='ltr'>alteriu</span> <span class='ocrx_word' id='word_1_2056' title='bbox 2547 3964 2549 3966; x_wconf 79' lang='grc'>’</span> <span class='ocrx_word' id='word_1_2057' title='bbox 2561 3977 2565 3984; x_wconf 81' lang='lat'><em>‹</em></span> 
     </span>
    </p>
   </div>
  </div>
 </body>
</html>
