2600 4177
469 145 498 179 C
596 145 625 180 A
722 146 749 180 L

95 222 162 261 gicae
173 225 237 255 artis
246 225 362 261 loquens
374 247 381 259 ,
402 224 442 254 Ita
456 225 639 255 blandissimis
649 247 656 260 ,
679 226 962 265 desideratissimisque
977 229 1111 268 promissis
1123 230 1200 260 addi-

97 263 164 291 disse
173 265 243 293 vires
252 264 402 297 religionis,
412 264 447 292 ad
457 273 523 300 quas
533 264 653 292 maxime
664 265 817 294 etiamnum
828 266 928 301 caligat
936 269 1088 297 humanum
1100 279 1196 304 genus.

78 297 218 330 Posteriori
245 310 325 330 a>cate
349 300 437 329 aclive
466 300 598 337 significat
618 301 772 332 Obscurare
785 325 793 338 ,
822 304 939 341 caligine
959 306 1109 336 obducere.
1139 306 1195 336 Pet.

15 366 16 369 ,
98 336 282 374 Chrysologus
293 338 379 367 serm.
391 348 436 373 4¹·
452 340 477 368 8<
488 340 573 367 Serm.
586 348 610 374 7.
623 350 648 372 4·

14 376 16 405 ἑ
43 373 65 403 C
76 380 94 401 A
105 385 120 402 L
130 385 139 402 1
149 385 167 403 G
179 386 197 403 A
207 385 226 403 N
234 385 245 404 s
255 398 263 410 ,
285 375 380 405 Partic.
405 375 583 411 [ἀμέλυώῖίων
595 377 607 410 ]
630 376 699 413 Virg.
714 387 739 410 4.
758 377 856 414 Georg.
870 383 935 413 468.

14 407 15 416 ¹
158 412 191 441 Et
204 413 368 450 caligantem
383 413 460 450 nigra
471 412 622 442 formidine
638 413 734 443 lucum
829 416 972 453 Ingressus.

79 449 178 478 Animo
190 450 335 486 caligante.
357 450 426 479 Plin.
440 451 487 480 lib.
504 461 544 479 ii.
556 461 615 488 cap.
626 460 669 486 37.

97 485 167 516 Vide
178 487 291 525 Vertigo
300 487 446 517 oculorum
457 491 483 518 ἃ
492 489 577 516 animi
588 498 621 517 ex
636 488 720 517 Livio.
744 489 777 517 H.
790 489 828 519 St.
853 491 879 519 in
902 500 919 520 v
933 502 946 521 13
956 502 970 520 R
979 501 999 520 T
1009 501 1035 522 o.

79 523 177 561 Campi
188 525 348 560 caligantes.
371 526 437 555 Stat.
456 536 477 555 1.
490 525 580 555 Theb.
593 536 636 561 95.
661 527 696 554 de
708 525 861 557 inferorum
875 529 946 559 sede.

78 560 210 592 Fenestrae
222 562 381 600 caligantes.
406 564 486 600 Apud
500 563 597 599 Juven.
611 568 636 593 6.
653 564 706 592 Sat.
721 573 765 598 31.

98 600 137 629 Ab
149 600 261 635 effectu,
272 600 356 630 veluti
368 600 464 631 Caecae.
476 624 482 630 .
494 624 500 630 .
512 624 517 630 .
542 601 612 638 Quae
624 602 730 630 faciunt
739 603 852 632 utoculi
863 603 992 641 caligent,
1010 605 1080 642 Qua:
1089 604 1200 642 vertigi—

97 647 162 666 nem
175 636 301 667 afferunt.
326 638 359 667 H.
374 638 412 667 St.

80 675 163 705 Oculi
174 676 333 714 caligantes.
355 675 422 705 Plin.
437 685 482 705 20.
495 685 541 706 22.

42 711 90 742 CA
102 723 117 741 L
128 723 136 741 1
147 722 268 742 GATio
280 736 287 747 ,
308 714 379 743 onis.
401 714 419 743 f.
444 711 640 750 [ἁμζλυωπῆαι]
669 713 737 743 Plin.
752 713 799 743 lib.
812 724 856 749 29.
868 725 929 753 cap.
941 720 965 746 6.
997 718 1101 754 Aquila:
1120 717 1200 746 misto

78 749 142 779 felle
151 760 214 780 cum
226 751 309 780 melle
325 752 416 781 Attico
436 753 609 789 inunguntur
625 751 771 781 nubeculae
784 775 792 787 ‚
814 754 840 782 St
860 754 1055 791 caligationes,
1078 755 1202 784 suffusio-

80 788 181 825 nesque
190 789 345 818 oculorum.

43 824 65 854 C
74 836 91 854 A
102 836 164 854 L1G
174 837 182 853 1
194 836 214 855 Ν
224 837 242 855 A
254 836 271 854 Ν
281 836 293 856 s
303 849 312 862 ,
333 827 414 856 antis.
446 826 526 857 Idem
549 836 581 856 ac
597 825 732 864 Caligans.
755 826 809 856 Th.
823 827 900 859 Prisc.
915 839 938 859 1.
950 839 992 866 19.
1014 830 1200 868 Caliginantes

80 862 176 892 oculos
186 873 290 894 curare.

42 899 247 930 CALicsJLA
261 924 267 932 .
298 901 326 931 V.
350 911 510 932 CALicA.

42 937 66 967 C
77 948 185 973 AL1M,
205 940 453 976 antiquidicebant
463 950 514 978 pro
525 939 622 975 Clam,
644 945 675 969 iit
693 939 745 969 Nis
760 950 811 978 pro
830 941 936 978 Nobis,
957 942 1021 973 Sam
1033 953 1084 982 pro
1104 943 1198 979 suam,

20 989 25 996 =
79 976 121 1006 lm
134 986 184 1014 pro
201 977 280 1006 Eum.
306 977 407 1007 Festus.
444 979 507 1013 [An
519 978 571 1007 Um
581 1000 589 1012 ‚
610 984 641 1007 ut
652 978 754 1007 Eccum
766 980 779 1006 ⁸?

42 1013 225 1043 CALlNGAE
236 1037 244 1050 ‚
266 1016 370 1045 Gentes
383 1015 484 1045 Indica:
500 1016 534 1044 ad
543 1025 626 1044 mare.
664 1015 732 1045 Plin.
745 1015 792 1045 lib.
807 1020 832 1045 6.
845 1026 905 1054 cap.
922 1026 962 1053 17.
978 1020 1004 1048 ἃ
1023 1029 1064 1054 19.
1088 1018 1130 1048 De
1142 1020 1200 1055 qui-

81 1051 131 1080 bus
147 1052 252 1081 rursum
272 1052 321 1082 lib.
334 1062 358 1089 7.
375 1063 436 1091 cap.
449 1063 474 1082 2.
496 1053 531 1082 sic
548 1053 659 1087 scribit,
681 1053 712 1082 In
732 1053 853 1091 Calingis
875 1055 998 1091 ejusdem
1016 1056 1100 1086 india:
1118 1064 1200 1093 gente

79 1089 272 1126 quinquennes
282 1091 429 1129 concipere
441 1092 557 1121 feminas
569 1114 577 1126 ,
598 1092 728 1120 octavum
740 1093 802 1121 vitae
820 1102 925 1122 annum
937 1104 995 1123 non
1005 1095 1151 1124 excedere.

43 1126 331 1195 CALintftiibAsiae
342 1129 458 1166 populi,
479 1129 579 1167 quibus
592 1129 683 1158 vicina
703 1130 742 1158 est
760 1130 915 1167 Ampelone
934 1132 1107 1162 Milesiorum
1126 1131 1202 1162 colo-

80 1174 134 1194 nia.
187 1166 224 1195 in.
248 1167 255 1195 i
278 1171 365 1195 .6.ca
389 1176 421 1195 .2
445 1190 451 1195 .

44 1202 66 1232 C
74 1212 93 1231 A
102 1213 118 1231 L
127 1214 137 1231 1
146 1212 167 1232 Ν
177 1213 195 1232 G
204 1213 222 1233 o
231 1213 251 1233 Ν
259 1226 266 1238 ,
289 1173 610 1242 Indiai'prgmontorium
619 1226 627 1239 ,
651 1211 682 1234 ut
692 1205 776 1234 tradit
786 1205 854 1235 Plin.
867 1206 914 1235 lib.
926 1210 951 1236 6.
973 1217 1034 1246 cap.
1047 1217 1093 1238 20.

44 1239 67 1269 C
77 1250 118 1269 AL
128 1251 137 1269 1
147 1250 168 1269 Ν
177 1252 185 1270 1
195 1251 210 1269 1>
219 1252 237 1271 A
248 1251 265 1270 x
277 1252 295 1270 A
307 1264 314 1277 ,
336 1242 501 1279 Scytharum
512 1242 658 1280 oppidum.
682 1242 750 1272 Plin.
764 1243 813 1272 li’o.
827 1248 853 1273 6.
866 1254 927 1282 cap.
944 1254 985 1282 17.

43 1277 67 1307 C
77 1288 120 1307 AL
129 1289 138 1307 1
147 1288 167 1307 Ν
177 1281 196 1308 u
205 1289 217 1309 s
227 1301 236 1314 ,
257 1280 423 1315 Statuarius,
455 1281 534 1316 cujus
560 1280 688 1309 meminit
713 1280 834 1317 Quintil.
865 1282 986 1313 Calamis
1010 1283 1110 1321 legitur
1126 1283 1202 1322 apud

82 1316 202 1353 Quintil.
221 1317 269 1347 lib.
286 1327 326 1347 12.
348 1327 408 1354 cap.
426 1328 466 1347 ¹0.
507 1328 533 1354 q.
557 1317 587 1346 V.
608 1317 696 1355 supra.

43 1352 92 1383 CA
100 1365 132 1382 Li
142 1365 158 1384 o
168 1365 183 1383 a
193 1365 210 1384 o
222 1366 231 1384 1
239 1377 248 1391 ,
269 1355 368 1394 Populi
378 1356 480 1385 suntin
491 1355 610 1386 Taurica
620 1357 735 1394 regione
745 1356 864 1395 Scythiae
876 1380 884 1394 ‚
905 1359 940 1388 de
952 1359 1052 1396 quibus
1063 1359 1132 1390 Plin.
1151 1359 1199 1390 lib.

82 1402 108 1425 4.
121 1402 183 1430 cap.
196 1403 238 1422 12.

42 1429 264 1463 CALri’oLis.
296 1430 596 1461 V.CALL11²0LIS.

43 1466 233 1498 CALisivA
245 1492 252 1505 ,
274 1469 514 1499 Medicamentum
528 1470 583 1504 est,
606 1469 642 1499 de
661 1480 717 1507 quo
732 1469 829 1501 Galen.
847 1471 890 1501 his
906 1472 997 1502 verbis
1009 1495 1017 1507 ,
1037 1472 1151 1502 Califiva
1170 1473 1202 1503 fit

80 1505 116 1535 de
127 1505 220 1544 lapide
231 1529 238 1541 ,
261 1508 307 1544 qui
318 1507 466 1536 affeetatim
476 1508 564 1536 uritur
574 1529 582 1542 ,
603 1510 629 1537 ὅ(
641 1508 679 1537 est
689 1507 865 1539 viscidiffima
875 1532 882 1544 ,
905 1520 965 1547 quae
984 1512 1023 1540 est
1035 1521 1132 1540 recens
1145 1533 1153 1546 ,
1175 1512 1202 1541 δι

79 1552 136 1572 non
148 1545 290 1574 mundata.
330 1545 451 1574 Mittitur
463 1552 555 1574 autem
566 1545 595 1574 in
606 1546 759 1584 emplastris
768 1548 793 1576 &
808 1548 837 1575 in
850 1549 983 1577 causticis.
1024 1549 1066 1578 Est
1083 1550 1158 1579 enim
1175 1550 1202 1579 δε

80 1580 140 1618 Ipsa
150 1583 268 1612 caustica
276 1605 284 1617 ,
306 1584 332 1613 &
342 1583 414 1612 vires
424 1583 508 1612 habet
516 1584 672 1614 acerrimas.
695 1584 725 1613 V.
747 1584 836 1622 ipsum
848 1586 985 1616 Galerium
995 1586 1045 1617 lib.
1058 1587 1093 1616 de
1101 1587 1200 1625 Simpl.

80 1619 231 1650 Medicam.
271 1621 359 1658 [Quo
369 1621 434 1650 loco
443 1622 457 1650 ‘2

45 1655 94 1687 CA
104 1668 137 1686 Li
149 1667 160 1687 s
170 1668 189 1686 T
199 1668 215 1687 o
227 1680 235 1694 ,
265 1659 308 1688 vel
329 1659 431 1688 CALL
441 1669 448 1687 i
459 1668 471 1688 s
481 1668 542 1691 To,
558 1660 600 1688 sis.
621 1659 639 1688 f.
669 1657 818 1695 [Kamai]
840 1660 974 1698 Lycaonis
989 1662 1060 1699 regis
1080 1662 1201 1692 Arcadi'ae

81 1694 151 1731 filia,
173 1695 227 1726 sese
239 1696 333 1726 Dianae
345 1697 478 1726 comitem
489 1697 604 1726 addixit.
643 1696 804 1735 Compreffa
816 1699 919 1728 deinde
929 1700 985 1729 astu
999 1701 1033 1729 ab
1042 1700 1120 1736 Jove,
1144 1708 1202 1730 ute-

80 1734 104 1762 ri
116 1740 225 1764 tumore
237 1741 387 1773 apparente
395 1757 404 1769 ,
425 1735 493 1764 dum
502 1734 580 1764 simul
590 1735 710 1769 lavaret,
731 1735 765 1764 ab
776 1746 808 1765 ea
817 1737 924 1773 repulsa
933 1760 941 1772 ,
962 1748 1080 1775 puerum
1090 1739 1119 1768 in
1129 1739 1202 1768 silvis

79 1772 209 1809 peperit,
231 1783 314 1810 quem
324 1773 426 1802 Arcada
438 1773 613 1807 nominavit,
634 1783 650 1801 a
663 1783 718 1810 quo
740 1774 833 1810 postea
848 1775 921 1804 dicta
938 1776 976 1805 est
995 1777 1116 1806 Arcadia.
1157 1777 1202 1813 Ip-

78 1809 135 1839 sam
148 1819 213 1839 vero
225 1820 289 1840 cum
298 1810 412 1840 accensa
422 1810 496 1846 Juno
505 1811 534 1839 in
551 1811 639 1839 ursam
650 1811 878 1849 transfigurasset,
895 1813 1024 1851 Juppiter
1033 1824 1159 1845 unacum
1171 1815 1202 1844 fi-

79 1847 119 1876 lio
130 1848 202 1877 inter
215 1848 299 1878 sidera
307 1848 464 1878 collocavit.
492 1848 523 1877 V.
548 1848 631 1878 Ovid.
641 1858 665 1878 2.
685 1849 754 1878 Met.
766 1850 889 1889 Propert.
904 1861 931 1882 2..
943 1861 988 1882 21.
1000 1861 1046 1889 25.

160 1885 272 1915 Callisto
284 1886 415 1916 Arcadios
429 1893 567 1915 erraverat
576 1886 634 1915 ursa
644 1897 694 1924 per
706 1897 801 1926 agros:

162 1923 229 1953 Haec
243 1926 377 1954 nocturna
385 1924 434 1954 suo
446 1924 531 1953 fidere
539 1924 600 1953 vela
610 1925 687 1962 regit.

15 1937 19 2002 i
79 1960 181 1991 Calisto
198 1962 346 2000 Lycaonia.
370 1961 469 1992 Catull.
483 1965 528 1997 64.
539 1966 584 1991 66.

16 2007 19 2060 1
173 1999 290 2029 Lumina
301 2000 400 2030 Calisto
410 2001 505 2036 juncta
517 2000 672 2037 Lycaoniae.

79 2036 181 2066 Calisto
193 2060 200 2072 ,
221 2038 311 2068 Sidus.
349 2037 487 2068 Columel.
500 2037 548 2068 lib.
565 2048 606 2067 11.
623 2048 685 2077 cap.
697 2048 724 2068 2.
746 2049 784 2068 vx
796 2050 806 2068 1
826 2039 893 2069 Idus
913 2039 993 2070 Febr.
1016 2039 1117 2070 Calisto
1129 2041 1202 2071 sidus

16 2061 19 2087 Ι
99 2075 206 2104 occidit
217 2098 224 2109 ,
248 2076 363 2105 Favonii
374 2076 473 2114 spirare
484 2077 632 2114 incipiunt.
808 2115 813 2120 ¹

43 2111 182 2148 CALix,
202 2114 264 2143 icis.
283 2124 320 2143 m.
344 2114 457 2150 [κύλιξ]
478 2114 573 2143 Genus
592 2114 687 2152 poculi
709 2124 765 2152 quo
787 2114 917 2145 bibimus.
945 2115 1018 2145 Varr.
1036 2127 1063 2152 4.
1079 2117 1114 2146 de
1127 2116 1155 2146 L.
1170 2117 1199 2147 L.

81 2150 178 2187 Calix,
199 2161 214 2180 a
225 2152 322 2181 caldo:
345 2153 420 2189 quod
429 2152 458 2180 in
468 2161 502 2181 eo
513 2151 591 2181 calda
606 2151 668 2189 puls
679 2152 888 2190 apponebatur,
910 2155 936 2183 Sc
946 2153 1057 2183 caldum
1074 2164 1108 2184 eo
1124 2155 1202 2185 bibe-

79 2188 155 2218 bant.
176 2189 284 2226 Festus,
306 2190 402 2225 Calix,
423 2190 500 2227 quod
523 2191 551 2218 in
568 2199 602 2219 eo
619 2189 740 2219 calidum
760 2190 872 2220 bibitur.
894 2191 1019 2221 Macrob.
1038 2192 1085 2222 lib.
1106 2204 1129 2229 ς.
1155 2194 1203 2222 Sa-

77 2233 151 2256 turn.
164 2236 223 2265 cap.
234 2238 278 2258 21.
318 2227 398 2266 Cylix
420 2228 501 2263 (ait)
523 2227 617 2265 poculi
627 2237 714 2265 genus
727 2229 773 2258 est.
795 2239 848 2257 nos
859 2239 915 2259 una
932 2229 1023 2259 littera
1039 2231 1200 2267 immutata,

82 2264 198 2294 calicem
208 2265 335 2295 dicimus.
367 2265 425 2295 Cic.
437 2266 466 2294 in
479 2265 565 2295 Pison.
580 2270 625 2303 67.
648 2266 788 2296 Toreuma
798 2266 906 2297 nullum
917 2290 924 2303 ,
945 2269 1059 2298 maximi
1075 2269 1184 2299 calices.

40 2330 43 2331 .
80 2303 234 2332 Amariores
244 2303 353 2333 calices.
377 2303 478 2333 Catull.
491 2313 536 2339 25.
549 2314 574 2333 2.
616 2303 670 2333 Hic
677 2313 728 2342 pro
737 2306 803 2335 vino
814 2306 930 2342 ponitur
940 2328 949 2341 ‚
970 2313 1002 2336 ut
1011 2306 1162 2345 saepiffime.

79 2341 195 2370 Auratus
205 2341 286 2370 calix.
310 2341 432 2378 Propert.
448 2341 497 2371 lib.
511 2351 536 2371 2.
550 2350 648 2378 33.40.

80 2377 236 2408 Coronatus
246 2379 327 2408 calix.
349 2379 443 2409 Tibul.
457 2389 482 2408 2.
499 2391 522 2415 5.
538 2386 582 2415 98.

78 2415 195 2446 Diatreti
204 2417 322 2452 calices,
343 2417 469 2447 caelati&
484 2416 645 2453 tornatiles,
667 2418 714 2454 qui
722 2417 893 2448 Toreumata
904 2418 1001 2451 Graeco
1016 2420 1153 2451 vocabulo
1162 2421 1203 2451 di-

99 2461 202 2484 cuntur
211 2455 354 2491 Sallustio,
376 2455 505 2485 Ciceroni
521 2477 530 2490 ,
549 2455 721 2493 Tranquillo.
743 2456 871 2486 Budaeus.

81 2489 242 2522 Foecundus
252 2492 333 2522 calix.
358 2493 424 2522 Hor.
441 2503 464 2523 1.
482 2493 566 2531 Epist.
580 2504 654 2528 5⁴9-

158 2530 294 2560 Foecundi
305 2530 404 2560 calices
415 2540 497 2568 quem
505 2541 562 2560 non
570 2532 661 2561 fecere
671 2531 803 2561 disertum
815 2532 829 2561 *ἶ

79 2566 240 2605 Inaequales.
263 2569 329 2598 Hor.
343 2579 368 2599 2.
386 2569 471 2599 Serm.
482 2574 509 2599 6.
519 2574 563 2603 68.
588 2569 618 2598 V.
641 2569 729 2599 Pitisc.
743 2569 808 2599 Lex.

78 2605 189 2635 Plebeii.
213 2607 230 2635 i.
243 2616 267 2636 e.
291 2606 372 2637 Viles.
393 2607 493 2643 Juven.
510 2617 551 2637 11.
563 2607 616 2636 Sat.
633 2617 693 2644 145.
846 2645 851 2651 .

78 2643 180 2673 Pteroti
192 2644 310 2680 calices,
332 2646 349 2674 i.
363 2655 388 2674 e.
410 2645 467 2681 Qui
479 2645 548 2674 duas
566 2645 670 2674 habent
687 2645 772 2675 ansas.
812 2644 881 2674 Plin.
901 2648 945 2679 36.
964 2649 1010 2676 26.
1038 2644 1201 2680 Harduinus

116 2681 185 2711 dicit
202 2682 282 2712 MSS.
305 2683 372 2720 Reg.
387 2692 413 2712 2.
431 2685 457 2713 Sc
472 2683 552 2713 Colb.
571 2692 594 2719 3.
611 2684 713 2712 habere
726 2684 857 2712 Petrotos.
899 2684 1004 2720 [Forte
1018 2685 1164 2716 Diatretos.

79 2718 186 2749 Vitreus
197 2721 278 2749 calix.
319 2720 439 2750 Martial.
457 2720 504 2750 lib.
521 2731 562 2756 14.
580 2731 640 2756 1¹5-
663 2721 786 2758 Bayfius,
808 2721 851 2751 llli
869 2729 962 2752 autem
984 2724 1029 2760 qui
1047 2725 1080 2753 ab
1099 2726 1202 2756 eodem

97 2757 203 2787 Calices
214 2759 293 2787 vitrei
304 2759 450 2793 dicuntur,
471 2769 485 2788 a
500 2759 603 2788 Grzecis
613 2759 709 2786 κύλικες
724 2759 812 2786 ὑάλινοι
823 2781 831 2793 ,
852 2760 967 2789 verbum
979 2770 994 2790 e
1003 2762 1087 2792 verbo
1095 2763 1202 2794 scilicet

98 2803 294 2833 nuncupantur
306 2818 313 2831 ,
336 2798 450 2826 auctore
458 2796 533 2832 Julio
544 2797 665 2826 Polluce.

80 2831 235 2871 impingere
243 2833 326 2863 alicui
338 2834 463 2864 calicem.
505 2835 563 2864 Cic.
575 2845 599 2871 3.
611 2834 691 2864 Tusc.
701 2845 747 2870 44.
770 2835 849 2872 Quid
860 2835 949 2865 huic‘?
970 2836 1043 2866 calix
1057 2838 1135 2867 mulii
1148 2838 1201 2869 im-

97 2871 256 2908 pingendus
265 2872 304 2901 est
313 2894 321 2908 ,
332 2878 364 2901 ut
372 2872 479 2910 plorare
488 2872 602 2907 desinat,
617 2879 664 2902 aut
673 2873 777 2910 aliquid
787 2874 933 2909 ejusmodi.
949 2873 1085 2904 Proverbii
1094 2876 1194 2914 specie.

77 2908 186 2939 Siccare
197 2909 306 2939 calices.
330 2910 398 2940 Hor.
408 2920 434 2940 2.
447 2910 533 2940 Serm.
543 2914 569 2940 6.
580 2916 624 2945 68.
647 2911 665 2940 i.
679 2921 703 2941 e.
729 2911 764 2940 Ut
776 2912 814 2940 ait
825 2912 916 2940 Acron
930 2934 937 2945 ,
960 2912 1087 2942 Ebibere.

77 2946 187 2977 Texere
198 2947 299 2977 calices
309 2948 435 2985 gemmis.
457 2948 526 2978 Plin.
539 2949 568 2977 in
579 2959 696 2987 prooem.
710 2949 758 2978 lib.
773 2959 816 2985 33.
840 2950 900 2978 Nec
911 2950 965 2979 hoc
975 2950 1038 2980 satis
1055 2952 1122 2982 fuit:
1144 2958 1200 2982 tur-

100 2983 134 3015 ba
144 2995 315 3022 gemmarum
326 2993 469 3023 potari-ius,
491 2987 518 3016 &
526 2986 672 3024 smaragdis
684 2988 806 3017 teximus
813 2987 923 3016 calices.

78 3020 206 3053 Trac‘tare
214 3023 339 3053 calicem.
361 3024 428 3054 Hor.
444 3033 470 3053 2.
488 3024 575 3054 Serm.
587 3036 613 3061 4.
624 3034 669 3061 79.
803 3024 893 3054 —seu
906 3035 976 3063 puer
986 3026 1077 3056 umftis

170 3060 311 3091 Tradavit
319 3061 438 3091 calicem
446 3062 575 3091 manibus
586 3084 594 3097 ,
616 3063 683 3092 dum
691 3061 763 3091 furta
772 3062 874 3100 ligurit.

76 3097 157 3128 Calix
166 3120 175 3134 ,
198 3098 248 3128 Vas
259 3099 287 3128 in
295 3109 350 3136 quo
361 3099 502 3138 legumina
515 3101 540 3130 Sc
549 3100 624 3129 olera
634 3107 801 3138 coquuntur.
824 3101 907 3130 Ovid.
921 3111 945 3135 ς.
956 3101 1024 3131 Fast.
1042 3112 1104 3138 509.

168 3136 247 3166 Stant
255 3136 374 3173 calices,
393 3138 486 3167 minor
498 3138 667 3174 malefabris,
689 3138 751 3167 olus
761 3138 831 3168 alter
845 3138 972 3167 habebat.
1023 3140 1052 3169 V.
1075 3149 1196 3171 CRATER.

78 3172 158 3203 Calix
169 3196 177 3210 ,
198 3184 256 3204 non
268 3175 356 3204 ibium
366 3185 416 3213 pro
428 3175 493 3205 Vase
505 3185 519 3205 a
529 3176 691 3206 doctissimis
701 3177 814 3214 ponitur
824 3198 832 3212 ,
853 3176 900 3205 sed
919 3177 1005 3206 etiam
1018 3187 1068 3215 pro
1086 3178 1123 3208 Ea
1140 3185 1199 3208 tan-

95 3216 156 3241 tum
171 3213 238 3242 vasis
258 3220 337 3250 parte
357 3224 417 3250 quae
436 3213 561 3243 humoris
578 3224 668 3252 capax
687 3214 734 3243 est.
757 3214 826 3243 Plin.
847 3214 896 3243 lib.
911 3223 953 3251 37.
975 3224 1034 3252 cap.
1045 3225 1069 3245 2.
1093 3217 1141 3245 ubi
1161 3217 1198 3246 de

26 3251 28 3268 ⁴¹
63 3272 68 3273 ⁷
95 3250 327 3287 murrhiuipretio
337 3251 393 3288 agit
405 3273 413 3286 ,
434 3251 573 3281 Excrescit
583 3253 611 3281 in
623 3253 684 3281 dies
696 3253 756 3284 eius
765 3253 804 3281 rei
817 3252 898 3281 luxus
910 3274 917 3286 ‚
939 3253 1083 3282 murrhino
1100 3265 1116 3283 L
1125 3264 1142 3283 x
1151 3264 1169 3283 x
1179 3264 1198 3284 x

95 3287 220 3318 sestertiis
231 3295 345 3326 empto,
367 3289 556 3326 capaciplane
572 3290 607 3319 ad
624 3289 755 3319 sextarios
768 3297 823 3319 tres
841 3290 938 3319 calice.
981 3290 1063 3321 Vides
1079 3299 1110 3321 ut
1127 3292 1198 3321 Cali-

95 3327 307 3392 {emfimmhini
327 3327 443 3363 dixerit,
472 3327 539 3357 Eam
556 3334 663 3366 partem
680 3338 741 3365 quae
761 3328 907 3357 humorem
927 3329 1073 3359 continere
1093 3331 1198 3368 queat?

119 3373 133 3392 a
173 3373 211 3393 us.

76 3373 155 3430 cani<
166 3401 298 3432 cochleae.
339 3401 408 3432 Plin.
420 3402 468 3432 lib.
483 3413 509 3438 9.
520 3413 581 3441 cap.
597 3407 639 3439 56.
663 3403 748 3439 Cujus
757 3404 820 3433 artis
833 3402 920 3440 gloria
933 3403 962 3432 in
980 3413 1041 3433 eam
1057 3405 1197 3442 magnitu-

97 3438 191 3468 dinem
200 3441 335 3477 perducta
343 3441 396 3475 est,
417 3448 448 3470 ut
467 3449 565 3471 Lxxx
587 3442 752 3479 quadrantes
771 3448 904 3479 caperent
913 3441 1196 3479 singularumcaliees.

97 3475 139 3505 De
150 3478 273 3507 cochleis
282 3478 414 3516 loquitur.

76 3511 187 3544 Florum
198 3516 311 3552 calices,
339 3517 410 3545 dixit
422 3515 490 3546 Plin.
502 3517 538 3546 de
548 3516 623 3552 rosa,
642 3526 687 3546 21.
699 3528 726 3553 4.
749 3516 893 3546 Paullatim
913 3516 1062 3546 rubescens
1080 3518 1198 3549 dehiscit

6 3584 9 3593 s
95 3561 127 3581 ac
135 3552 188 3582 sese
197 3555 304 3590 pandit.
316 3554 345 3582 in
356 3555 451 3583 calicis
459 3555 554 3583 medio
567 3556 606 3584 sui
615 3555 708 3584 stantis
723 3555 869 3592 complexa
880 3555 971 3584 luteos
980 3556 1088 3593 apices:
1111 3558 1136 3586 ἀ
1148 3567 1195 3588 21.

31 3591 32 3624 l
98 3599 121 3626 ς.
134 3591 169 3620 de
182 3590 242 3620 lilio
252 3591 375 3621 Calicem
385 3592 466 3627 dixit,
483 3592 553 3629 Quae
565 3594 603 3621 est
612 3593 737 3629 depressa
747 3594 776 3621 in
788 3593 882 3621 medio
893 3593 1003 3627 cavitas,
1013 3594 1088 3623 unde
1096 3594 1122 3623 se
1129 3595 1196 3626 folia

31 3625 33 3659 i
94 3629 215 3658 rotundo
222 3630 328 3659 ambitu
337 3630 547 3667 explicant.Sed
556 3633 581 3660 Sc
589 3631 704 3668 Calyces
715 3631 818 3660 habent
825 3630 954 3659 nonnulli
961 3630 1034 3660 libri.
1044 3631 1075 3661 V.
1083 3641 1194 3664 CALYx.

76 3664 119 3694 De
135 3666 228 3696 Calice
240 3668 268 3696 in
280 3668 487 3703 aquaeductibus
518 3668 546 3697 V.
567 3669 654 3698 Pitisc.
674 3669 740 3698 Lex.

32 3701 275 3739 :CALicuLus,
296 3706 314 3734 i.
336 3715 374 3734 m.
394 3706 546 3742 [nummu]
571 3707 668 3736 dimin.
699 3707 769 3736 Cato
791 3716 851 3743 cap.
868 3711 928 3739 108·
959 3706 1062 3736 Vinum
1082 3707 1100 3737 fi
1117 3708 1196 3739 voles

76 3743 193 3779 experiri
202 3742 364 3772 duraturum
376 3744 421 3778 sit,
443 3753 549 3779 necne,
568 3745 713 3781 polentam
734 3745 867 3781 grandem
888 3744 1040 3774 dimidium
1057 3746 1195 3777 acetabuli

75 3779 106 3808 in
118 3779 265 3809 caliculum
277 3791 381 3810 novum
390 3781 489 3810 indito.
512 3781 605 3812 Celsus
618 3783 653 3811 de
664 3782 846 3812 cucurbitulis
857 3781 975 3816 loquens
988 3783 1035 3813 lib.
1047 3793 1160 3821 2.cap.1
1169 3795 1193 3814 1.

34 3816 35 3825 ¹
76 3819 114 3847 Ac
123 3817 140 3846 fi
150 3827 239 3847 cetera
248 3819 411 3848 defecerunt
421 3840 429 3854 ,
450 3820 583 3849 caliculus
591 3831 702 3858 quoque
712 3843 719 3855 ,
741 3829 788 3849 aut
802 3820 936 3857 pultarius
949 3821 1004 3851 oris
1014 3822 1194 3859 eompreffio.

34 3867 35 3891 j
76 3855 128 3890 ris,
150 3856 176 3884 ei
186 3856 225 3884 rei
237 3857 386 3885 commode
397 3864 514 3894 aptatur.

34 3890 131 3922 ³CAL1
142 3901 234 3922 caLL
245 3903 282 3922 us
295 3916 303 3928 ,
324 3895 342 3923 i.
361 3904 398 3923 m.
419 3895 506 3924 idem.
529 3903 578 3931 ut,
600 3894 751 3924 Calicellus
760 3893 827 3932 passi
845 3894 954 3931 plenus.
976 3895 1040 3926 oet.
1056 3897 1150 3927 Horat.
1162 3909 1189 3934 4.

34 3919 62 3969 iC
70 3939 89 3959 A
97 3941 129 3959 Li
139 3941 156 3959 L
165 3941 182 3959 L
191 3940 209 3959 u
219 3940 232 3959 s
250 3932 362 3962 tertium
373 3933 477 3962 demin.
488 3934 559 3962 sorte
570 3934 768 3962 restituendum
780 3932 905 3975 Horatio.
930 3933 960 3962 V.
983 3943 1000 3962 c
1010 3944 1028 3963 υ
1036 3945 1052 3963 L
1062 3945 1079 3963 υ
1091 3946 1107 3963 L
1115 3947 1131 3964 L
1140 3946 1158 3964 u
1167 3946 1189 3965 s.

41 3965 130 3997 CALr
141 3978 185 3997 cu
197 3978 240 3996 LA
253 3979 266 3996 a
278 3979 308 3998 is
323 3992 330 4003 ,
352 3979 377 3998 e.
399 3971 465 4006 Adj..
481 3978 511 4000 ut
522 3993 530 4008 ‚
561 3971 652 4002 Herba
674 3971 845 4007 calicularis,
871 3971 959 4007 qualis
984 3971 1190 4010 hyoscyamos,

35 3993 37 4049 i
74 4006 148 4043 apud
166 4005 245 4044 Apul.
259 4006 295 4036 de
305 4007 390 4038 Herb.
403 4018 464 4046 cap.
476 4020 503 4045 4·

36 4057 37 4071 l

1679 150 1707 185 C
1804 155 1830 188 A
1929 156 1955 190 i.
2347 175 2414 208 399

1255 230 1277 260 C
1289 241 1381 259 ALLA
1394 253 1402 265 ,
1428 229 1528 260 Herbae
1545 240 1631 269 genus
1651 233 1689 261 est
1708 243 1755 262 aro
1772 234 1877 270 limile,
1909 236 1936 264 iii
1959 239 2130 268 arationibus
2148 238 2277 277 iiziscenS,
2300 243 2416 275 usuffiue

1292 268 1406 297 eosdem
1420 269 1527 297 habens
1540 280 1607 305 quos
1618 281 1705 300 arum.
2373 276 2377 281 ⁵

1293 306 1336 335 Est
1348 309 1371 334 ἃ
1386 306 1469 334 altera
1486 306 1561 335 calla·
1582 308 1701 347 species,
1724 319 1806 345 quam
1827 310 1980 339 Anc'nusam
2000 314 2128 342 nonnulli
2140 337 2146 348 ,
2169 316 2214 344 alii
2238 317 2415 349 Rinocliiiain

1312 343 1464 380 appellant.
1507 344 1536 372 V.
1561 345 1627 374 Plin.
1645 346 1691 375 lib.
1705 356 1749 382 27.
1765 357 1825 385 cap.
1839 358 1864 381 9·
1881 348 1926 377 alii
1939 348 2129 385 lcgunt‘c'allh.

1255 380 1429 410 CALLfflci
1446 403 1453 413 ,
1488 381 1519 410 V.
1543 392 1741 412 CALLAiCi.

1255 418 1277 447 C
1289 428 1307 445 A
1317 429 1332 445 L
1342 429 1357 445 i.
1368 429 1390 445 fh
1403 429 1410 446 1
1421 440 1429 451 ,
1451 417 1608 454 [admouet]
1631 421 1854 463 Callinaceorum
1868 422 1957 452 barba
1981 424 2112 454 dicuntur
2124 448 2132 461 ,
2154 437 2188 456 eo
2200 428 2275 464 quod
2292 430 2416 461 colorem

1293 465 1465 521 purpureum
1479 477 1487 490 ,
1508 466 1590 492 quem
1608 466 1720 489 mmmmm
1735 461 1822 489 Grai—ci
1844 461 1943 489 dicunt
1954 484 1961 494 .
1984 463 2135 493 imitantur.
2179 466 2206 494 V.
2230 467 2295 495 (Συ-1.
2324 469 2413 499 Ιὶῑωά.

1306 493 1341 521 ib.
1359 502 1400 520 11.
1418 503 1477 530 cap.
1494 498 1534 523 16.
1556 495 1601 523 vel
1612 497 1704 533 potius
1716 497 1801 526 Henr.
1815 498 1910 535 steph.
1924 499 2004 528 Thes.
2019 502 2105 530 Crafc.

1255 529 1279 558 C
1290 540 1307 558 A
1319 541 1333 557 1.
1343 541 1359 572 ¹:
1370 532 1428 572 Alc
1440 541 1465 572 ι.Ἶ
1488 531 1535 573 vel*
1549 532 1572 560 C
1583 543 1600 560 A
1612 544 1627 560 i.
1639 545 1685 562 ωε
1695 545 1711 563 c
1721 546 1728 562 i
1739 557 1746 569 ,
1767 537 1944 571 [mummi]
1966 537 2108 567 Luiitanize
2120 540 2236 577 populi,
2261 542 2346 571 Gallis
2357 543 2419 572 iiiii-

1294 568 1366 610 timi,
1388 568 1454 595 dicti
1465 570 1536 610 quali
1551 569 1683 605 Callaici,
1707 582 1777 609 quos
1790 580 1819 601 ut
1831 573 1978 603 bellicosos
1991 577 2111 605 maxime
2128 580 2307 608 commendat
2317 582 2415 610 Strabo

1294 605 1377 638 lib.3.
1430 604 1547 639 [Potius
1568 617 1582 635 a
1603 608 1679 637 Calie
1704 611 1810 647 oppido
1829 621 1933 640 nomen
1950 613 2050 642 habere
2064 618 2241 646 contendunt
2257 618 2342 647 docti.
2384 619 2414 648 V.

1294 641 1394 671 Cellar.
1416 642 1515 679 Geogr.
1533 645 1618 681 antiq.
1633 655 1658 674 2.
1676 657 1697 675 1.
1713 657 1735 682 3.
1762 648 1791 677 V.
1814 658 1873 685 qua:
1886 659 1911 686 p.
1924 661 1951 688 p.
1970 658 2108 681 notamus.

1256 680 1331 708 CAL
1342 689 1383 707 LA
1395 690 1403 706 1
1414 689 1457 708 cu
1468 689 1479 708 s
1491 701 1499 713 ,
1520 690 1553 719 a,
1574 692 1632 711 um.
1654 685 1713 718 Adj.
1736 686 1922 722 [Καλᾰώηρς]
1944 689 2064 719 Martial.
2080 690 2126 720 lib.
2138 703 2164 727 4.
2180 701 2222 728 39.

1374 717 1436 745 Nec
1449 727 1509 751 quie
1523 718 1645 748 Callaico
1655 721 1781 751 linuntur
1793 733 1868 753 auro.

1294 754 1395 784 Brutus
1407 754 1545 784 Callaicus
1555 778 1563 789 ,
1595 758 1627 785 ab
1642 759 1717 787 hoste
1730 760 1853 789 Callaico
1869 762 1967 791 dictus.
1991 763 2074 794 Ovid.
2091 768 2116 793 6.
2130 765 2196 796 Fast.
2211 771 2276 802 461.

1370 792 1445 821 Tum
1458 792 1506 835 sibi
1520 793 1641 823 Callaico
1654 795 1751 825 Brutus
1761 807 1918 835 cognomen
1935 802 1968 828 ab
1978 801 2055 831 hoste

1417 829 1495 858 Fecit
1505 852 1512 863 ‚
1527 832 1558 874 ⁶&
1572 831 1720 869 Hispanam
1731 834 1862 871 sanguine
1876 838 1959 866 tinxit
1975 839 2100 869 humum.
2197 842 2243 871 ubi
2264 843 2417 875 Callaicum

1312 866 1419 896 hostem
1434 878 1488 911 pro·
1499 867 1620 905 Hispano
1637 871 1748 900 videtur
1765 873 1872 902 dixiil'e.
1914 876 2024 909 [inimo
2048 879 2157 908 dativus
2173 880 2210 909 est
2225 882 2356 911 Callaico.
2381 885 2414 913 i).

1312 904 1419 948 Brutus·
1444 915 1519 934 enirn
1544 906 1658 936 Callaici
1687 919 1842 944 cognomen
1863 912 2033 950 triumphale
2056 926 2071 944 a
2087 917 2202 946 devictis
2224 919 2350 949 Callaecis
2373 931 2415 950 re-

1313 949 1435 980 portaVit
1448 943 1476 972 V.
1489 944 1575 973 Strab.
1589 945 1606 973 l.
1619 955 1644 974 c.
1670 946 1743 975 Male
1753 948 1828 984 apud
1844 949 1946 979 Patere.
1960 961 1984 980 2.
2000 963 2022 986 ς.
2047 953 2159 983 ΟειΙΙ;ε(;1
2178 966 2337 991 cognomen
2359 968 2418 988 me-

1313 981 1378 1014 ruit,
1391 980 1557 1018 expressum.
1569 982 1617 1011 Vel
1626 983 1738 1013 Callaici
1751 986 1825 1014 enim
1840 986 2015 1018 scribendum
2025 1000 2089 1020 cuni
2100 985 2236 1022 Strabone
2248 998 2274 1024 &
2290 996 2414 1026 Ovidio:

1314 1018 1392 1047 Adde
1406 1019 1472 1048 Plin.
1492 1018 1592 1062 lib.36.
1605 1031 1666 1062 cap.
1682 1033 1704 1056 ς.
1729 1024 1754 1051 δε
1776 1023 1875 1054 Denar.
1890 1033 1942 1054 vet.
1965 1037 2049 1063 quem
2065 1029 2099 1057 ad
2114 1029 2184 1058 Flori
2205 1031 2258 1061 loc.
2282 1042 2347 1062 mox
2367 1036 2415 1064 cit.

1314 1056 1432 1098 adducit
1447 1057 1666 1088 Freinshemius:
1689 1060 1733 1088 vel
1748 1061 1864 1090 fortaslis
1882 1062 2028 1094 Callfecici.
2052 1067 2246 1104 Quodpnritcr
2255 1071 2297 1099 vel
2310 1079 2416 1107 agente

1313 1095 1423 1123 devicta
1434 1116 1441 1128 ,
1464 1101 1494 1124 ut
1505 1094 1639 1125 Isauricus
1648 1097 1682 1126 ab
1696 1097 1790 1127 isauris
1802 1120 1810 1133 ,
1832 1099 1989 1130 Chaucicus
2009 1106 2083 1140 apud
2095 1105 2170 1134 Suet.
2185 1107 2212 1135 in
2224 1107 2319 1137 Claud.
2334 1120 2357 1138 c.
2368 1120 2413 1145 24.

1314 1141 1330 1174 a
1347 1131 1484 1166 Chaucis,
1498 1134 1550 1162 &c-
1572 1134 1615 1163 vel
1633 1144 1648 1163 a
1660 1136 1775 1165 nomine
1795 1137 1916 1173 regionis
1933 1139 2067 1175 subaclic,
2090 1142 2216 1173 Gallaecia
2235 1155 2356 1183 nempe,
2380 1148 2417 1177 Ut

1314 1169 1344 1198 id
1355 1170 1430 1206 apud
1443 1169 1513 1199 Flor.
1526 1170 1542 1199 l.
1556 1181 1581 1200 2.
1595 1182 1620 1201 c.
1636 1181 1677 1209 17.
1690 1173 1759 1203 Plin.
1772 1185 1798 1209 4.
1812 1184 1856 1204 20.
1873 1175 1920 1204 Sil.
1936 1185 1958 1212 3.
1973 1187 2035 1212 345.
2058 1179 2233 1211 scribendum
2243 1186 2279 1212 est
2292 1206 2298 1215 .
2320 1195 2418 1221 quem-

1312 1207 1651 1240 admodumaGermania
1663 1211 1861 1247 Germanicus,
1883 1223 1897 1242 a
1909 1214 2041 1245 Numidia
2062 1218 2242 1253 Numidicus,
2265 1225 2315 1250 &c
2341 1228 2415 1253 recte

1312 1245 1491 1281 formabitur3
1514 1246 1548 1275 Et
1558 1247 1647 1277 forsan
1658 1257 1773 1286 utraque
1786 1250 1910 1280 obtinuit
1923 1253 2088 1290 appellatio.
2111 1256 2239 1286 Ceterum
2249 1260 2352 1295 gentile
2362 1261 2417 1291 sine

1313 1282 1401 1326 dubio
1413 1283 1556 1319 Callaecus,
1570 1283 1707 1318 Kamous&
1721 1287 1838 1317 indivisa
1851 1289 2038 1328 diphthongo,
2050 1297 2192 1329 quomodo
2201 1298 2227 1325 &a
2239 1294 2312 1333 apud
2326 1300 2413 1332 strab,

1313 1319 1383 1350 Plin.
1396 1322 1450 1350 &c
1474 1323 1500 1351 ἃ
1518 1323 1546 1351 in
1559 1322 1670 1353 Liviana
1685 1325 1756 1362 Epit.
1769 1325 1787 1354 l.
1803 1329 1844 1361 56.
1866 1337 1918 1364 pro
1932 1328 2087 1365 Gallaecios,
2099 1331 2258 1370 scripserim.
2279 1335 2302 1363 G
2316 1336 2415 1372 littera,

1309 1366 1410 1388 contra
1420 1367 1546 1389 veterum
1556 1370 1804 1392 monumentorum
1814 1364 1900 1393 fidem
1910 1387 1918 1398 ‚
1936 1375 1971 1395 ex
1990 1367 2122 1404 sequioris
2141 1371 2190 1399 aevi
2211 1372 2415 1403 consuetudine

1313 1396 1398 1426 ascita
1411 1398 1531 1428 videtur.
1574 1399 1666 1428 Hodie
1681 1401 1756 1430 enirn
1767 1402 1843 1439 regio
1857 1404 1963 1431 Gallicia
1973 1426 1982 1441 ,
2001 1406 2100 1444 populi
2111 1409 2204 1444 ‹sala-gi
2214 1418 2356 1441 vocantur,

1293 1433 1387 1464 Vestes
1398 1435 1535 1465 Callaicae.
1557 1436 1677 1467 Martial.
1695 1438 1743 1467 lib.
1763 1450 1804 1475 ¹4-
1819 1449 1880 1475 139.

1374 1472 1389 1508 J
1392 1483 1493 1511 ungere
1502 1473 1623 1505 nescistis
1632 1477 1715 1506 nobis
1725 1499 1733 1512 ,
1756 1487 1773 1506 0
1787 1477 1867 1507 stulte
1883 1477 2006 1510 lacernas
2019 1491 2025 1511 z

1415 1511 1549 1541 Indueras
1558 1512 1633 1542 albas
1648 1536 1655 1549 ,
1677 1524 1749 1543 exue
1761 1515 1905 1547 Callaicas.
1988 1519 2038 1548 Hae
2053 1520 2140 1550 vestes
2154 1529 2231 1552 erant
2249 1523 2282 1553 ab
2299 1527 2355 1555 auri
2371 1537 2416 1555 co-

1314 1547 1373 1578 lore
1383 1549 1479 1579 rutilae.
1505 1550 1535 1579 V.
1562 1551 1662 1581 Ferrar.
1676 1553 1713 1581 de
1723 1552 1764 1582 Re
1776 1554 1845 1582 Vest.
1856 1565 1865 1582 1
1875 1564 1897 1584 1.
1913 1565 1936 1584 1.
1948 1564 1974 1592 7.
1995 1557 2040 1586 alii
2050 1558 2148 1593 legunt
2159 1560 2305 1591 Callianas.

1255 1585 1280 1615 C
1292 1596 1310 1614 A
1320 1597 1336 1615 L
1345 1598 1361 1615 L
1373 1597 1433 1616 Ais
1443 1609 1451 1623 ‚
1472 1587 1533 1617 idis.
1551 1586 1701 1632 [marinas]
1722 1590 1839 1620 Gemma
1851 1592 1890 1621 est
1900 1603 1935 1622 ex
1946 1595 2029 1624 viridi
2045 1591 2198 1633 pallescens
2209 1621 2216 1633 ,
2241 1600 2315 1629 oculi
2330 1601 2416 1635 fitium

1294 1625 1480 1660 extuberans,
1501 1625 1655 1664 leviterque
1669 1628 1811 1658 adhaerens
1822 1631 1908 1667 petris
1919 1653 1927 1667 ,
1949 1641 2007 1662 non
2024 1641 2054 1662 ut
2066 1643 2165 1672 agnata
2175 1658 2182 1669 ,
2205 1637 2251 1666 sed
2263 1646 2294 1667 ut
2311 1636 2415 1670 eisdem

1294 1663 1426 1700 apposita.
1468 1664 1596 1694 Nascitur
1606 1666 1635 1694 in
1647 1665 1749 1696 finibus
1764 1667 1850 1696 lndiae
1861 1690 1869 1702 ,
1889 1669 2075 1707 amplitudine
2088 1673 2238 1711 conspicua
2252 1698 2258 1710 ,
2280 1676 2328 1706 sed
2344 1677 2416 1707 futu-

1293 1700 1370 1768 losagl,
1392 1701 1548 1769 &sergium
1558 1702 1652 1741 plena.
1694 1704 1724 1734 V.
1745 1704 1824 1742 plura
1836 1706 1870 1735 de
1881 1706 1933 1737 hac
1942 1718 2054 1745 gemma
2065 1712 2142 1748 apud
2153 1712 2220 1742 Plin.
2234 1713 2282 1743 lib.
2298 1724 2339 1748 37.
2354 1726 2415 1754 cap.

1295 1743 1321 1772 8.
1381 1749 1422 1768 10.
1492 1749 1539 1769 inc

1256 1775 1279 1805 C
1289 1786 1307 1805 A
1316 1787 1333 1804 L
1343 1778 1433 1806 LA‘i’N
1445 1787 1463 1806 υ
1472 1787 1484 1807 s
1496 1800 1509 1821 ,.
1525 1788 1540 1807 a
1551 1800 1559 1814 ‚
1573 1788 1630 1808 um.
1641 1779 1713 1822 Adi.
1734 1780 1859 1811 colorem
1879 1792 1996 1819 gemmae
2019 1784 2101 1821 hujus
2121 1786 2258 1818 indicans.
2280 1790 2418 1823 Callainas

1294 1822 1396 1844 vocant
1408 1825 1423 1844 e
1438 1816 1550 1844 turbido
1561 1816 1706 1853 Callaino,
1727 1819 1820 1856 inquit
1830 1820 1898 1850 Plin.
1917 1831 1960 1858 37.
1975 1832 2015 1852 io.
2059 1824 2087 1853 V.
2111 1824 2246 1856 Harduin.
2268 1828 2415 1861 inlocum.

1293 1852 1427 1882 Scribitur
1437 1855 1463 1883 ἃ
1477 1853 1565 1884 Calais
1577 1855 1603 1884 &
1621 1854 1760 1885 Calamus.

1254 1889 1279 1920 C
1290 1900 1309 1919 A
1320 1902 1361 1919 Li.
1371 1901 1389 1919 A
1398 1900 1431 1919 Rl
1443 1901 1496 1928 As,
1518 1902 1549 1922 ae.
1572 1892 1591 1922 f.
1614 1892 1696 1923 Piscis
1716 1895 1754 1923 est
1764 1895 1831 1924 mari
1842 1896 2007 1933 pecu-liaris,
2029 1908 2064 1928 ex
2078 1899 2229 1931 Asellorum
2242 1912 2344 1940 genere
2356 1927 2364 1941 ,
2388 1906 2418 1935 ni

1295 1929 1388 1957 minor
1397 1928 1471 1958 effet.
1513 1930 1544 1960 V.
1567 1930 1636 1960 Plin.
1651 1931 1699 1961 lib.
1713 1941 1756 1968 32.
1771 1943 1833 1971 cap.
1846 1934 1895 1963 ult.

1256 1966 1540 2003 CALLATER1A,
1571 1968 1603 1998 V.
1626 1978 1814 2000 CALATiA.

1256 2004 1413 2034 CALLao
1426 2027 1434 2041 ,
1456 2005 1637 2036 CALLENS.
1681 2007 1713 2037 V.
1736 2018 1893 2039 GALLus.

1257 2041 1429 2078 CALLBT‚
1450 2043 1588 2081 Hispaniae
1608 2045 1766 2083 oppidum,
1794 2047 2006 2084 stipendiarium
2020 2072 2028 2085 ,
2061 2060 2119 2080 non
2144 2051 2280 2090 liberum,
2306 2056 2421 2087 dicente

1295 2080 1364 2110 Plin.
1383 2080 1430 2110 lib.
1444 2090 1468 2116 3.
1482 2091 1545 2119 cap.
1565 2083 1657 2120 primo
1669 2106 1677 2119 ,
1699 2084 1886 2122 Stipendiaria
1897 2108 1906 2121 ,
1926 2086 2019 2117 Callet
2031 2110 2039 2123 ,
2061 2087 2194 2120 Calucula
2204 2113 2213 2127 ,
2235 2092 2325 2123 Castra
2335 2096 2422 2132 gemi-

1295 2129 1342 2153 na,
1365 2118 1476 2156 Illipula
1490 2121 1582 2149 minor
1592 2143 1600 2156 ,
1618 2122 1670 2151 &c.

1258 2156 1281 2186 C
1290 2167 1309 2185 A
1319 2168 1334 2185 L
1344 2167 1359 2185 L
1370 2168 1379 2185 1
1391 2167 1410 2185 A
1420 2167 1438 2185 o
1450 2167 1463 2186 iz
1473 2167 1485 2186 s
1499 2179 1507 2192 ,
1528 2158 1559 2187 is.
1583 2168 1620 2187 m.
1643 2159 1805 2189 Statuarius.
1826 2160 1896 2190 Plin.
1909 2171 1952 2197 34·
1969 2167 1995 2196 8.
2027 2163 2058 2193 V.
2081 2164 2165 2195 Hard.

1257 2194 1537 2224 CALLIANASSA
1551 2197 1577 2226 ἃ
1591 2196 1843 2227 CALLxANiRA
1858 2221 1866 2234 ,
1889 2200 2084 2235 [mamimus-02
2099 2205 2121 2240 ις
2145 2205 2333 2242 Κκᾶαάνιηρφ]
2358 2207 2422 2239 Duo

1294 2233 1481 2270 nympharum
1490 2234 1657 2264 marinarum
1671 2236 1807 2266 nomina:
1828 2236 1947 2267 alterum
1964 2248 1980 2267 a
2000 2238 2072 2268 bene
2086 2241 2270 2278 imperando:
2304 2246 2423 2277 alterum

1295 2280 1310 2300 a
1321 2271 1387 2300 viris
1398 2271 1577 2301 honestandis
1590 2273 1706 2302 dictum.

1257 2307 1280 2338 C
1290 2318 1309 2337 A
1318 2319 1334 2337 L
1344 2320 1360 2337 L
1369 2320 1378 2337 1
1387 2319 1406 2337 A
1417 2319 1433 2337 R
1444 2319 1462 2337 u
1472 2319 1484 2338 s
1495 2331 1503 2344 ,
1524 2310 1541 2339 i.
1565 2308 1765 2347 [Καλὴιόιρζῷυ]
1784 2311 1938 2342 Locrorum
1950 2315 2087 2352 oppidum
2098 2326 2106 2352 3
2128 2317 2166 2346 ita
2179 2318 2284 2348 dietum
2297 2330 2312 2350 a
2324 2321 2424 2352 Callia-

1294 2356 1326 2375 ro
1340 2346 1484 2376 Odoedoci
1494 2369 1501 2382 ,
1522 2349 1548 2378 Sc
1562 2348 1720 2379 Laonomes
1730 2349 1805 2384 filio,
1819 2358 1851 2380 ut
1862 2361 1895 2380 ex
1909 2350 2045 2382 sententia
2058 2354 2197 2385 Hellanici
2211 2358 2293 2387 tradit
2307 2359 2422 2398 Stepha-

1297 2394 1358 2414 nus.
1382 2385 1515 2414 Meminit
1526 2386 1608 2421 hujus
1619 2387 1758 2424 oppidi&
1769 2388 1857 2418 Strab.
1870 2388 1918 2418 lib.
1933 2400 1958 2424 9.

1259 2422 1282 2451 C
1290 2433 1309 2451 A
1320 2433 1335 2450 L
1344 2434 1360 2451 L
1369 2433 1378 2450 i
1389 2433 1407 2451 A
1418 2433 1430 2452 s
1440 2445 1448 2457 ,
1470 2425 1636 2459 [Καλλία]
1661 2425 1832 2456 Atheniensis
1849 2427 1980 2457 Comicus
1990 2449 1997 2462 ,
2019 2428 2092 2459 filius
2105 2429 2257 2467 Lysimachi
2277 2435 2401 2465 restionis
2411 2457 2421 2472 ‚

1296 2461 1372 2490 unde
1385 2462 1411 2490 Sc
1423 2461 1480 2498 ipse
1494 2463 1709 2499 cognominatus
1720 2464 1758 2492 est
1770 2471 1918 2502 propterea
1931 2466 2030 2502 σχυινίων
2044 2489 2051 2502 ,
2067 2468 2135 2498 teste
2145 2469 2239 2500 Suida.
2263 2474 2309 2509 qui
2321 2475 2347 2502 δι
2359 2473 2425 2503 Dra-

1296 2505 1402 2565 giatum
1421 2500 1481 2534 ejus
1501 2499 1627 2530 indicem
1641 2501 1764 2531 exhibet.
1803 2502 1958 2541 [Suspicor
1970 2504 2065 2541 epulor
2085 2507 2103 2535 i.
2115 2517 2140 2536 e.
2161 2507 2312 2546 Resticula,
2332 2511 2426 2549 legen-

1317 2546 1384 2571 um,
1406 2547 1456 2574 per
1476 2549 1496 2566 ο.

1296 2574 1399 2604 Callias
1422 2576 1490 2604 item
1514 2570 1706 2607 λακκέπλετῶι
1717 2599 1724 2612 ,
1749 2578 1826 2615 quod
1839 2578 1936 2609 effosso
1959 2591 1974 2610 e
1990 2581 2106 2611 cisterna
2128 2593 2195 2613 auro
2215 2584 2319 2615 Persico
2345 2587 2423 2617 dives

1313 2612 1403 2642 faetus
1424 2612 1491 2642 esset
1501 2634 1509 2645 ,
1530 2615 1761 2651 cognominatus,
1784 2616 1842 2646 dux
1866 2618 2076 2649 Atheniensium
2097 2621 2201 2651 no'oilis
2212 2645 2219 2657 ,
2242 2633 2337 2654 contra
2351 2627 2424 2655 Arra-

1315 2658 1433 2719 {erxem
1444 2651 1547 2718 igfflis.
1589 2653 1720 2683 Auctores
1734 2654 1833 2684 Suidas
1855 2656 1882 2685 &
1898 2656 2061 2695 Hesychius.
2103 2659 2145 2689 De
2166 2660 2221 2690 hoc
2243 2663 2355 2701 aliisque
2388 2664 2419 2694 V.

1341 2698 1438 2717 ronov.
1512 2712 1517 2718 .
1532 2700 1559 2724 4.
1574 2698 1602 2726 7.

1294 2719 1396 2756 Callias
1406 2726 1473 2756 item
1486 2726 1601 2756 Lesbius
1612 2729 1819 2766 grammaticus,
1832 2740 1916 2768 quem
1925 2732 2023 2763 Strabo
2037 2733 2086 2771 l.3.
2102 2735 2171 2765 dicit
2181 2735 2272 2772 Alcaei,
2284 2738 2424 2776 Sapphus-

1315 2774 1368 2802 que
1381 2770 1510 2802 poemata
1522 2765 1666 2796 enarrasse.
2314 2782 2328 2792 a

1295 2802 1396 2832 Callias
1411 2803 1581 2846 Atheniensis
1589 2825 1603 2847 ,Ι
1618 2804 1733 2841 quidam
1742 2805 1795 2834 fuit
1805 2827 1813 2840 ,
1835 2806 1993 2846 Hipponici
2004 2809 2041 2839 fil.
2069 2811 2115 2847 qui
2127 2821 2175 2848 per
2186 2811 2283 2841 luxum
2296 2820 2377 2867 atpue
2389 2815 2420 2844 li-

1314 2840 1441 2870 bidi'nem
1453 2848 1654 2878 patrimonium
1663 2842 1849 2880 abligurierat.
1873 2845 1905 2875 ln
1918 2857 1983 2877 eum
1993 2848 2113 2884 vulgaris
2124 2851 2203 2885 jocus
2211 2852 2327 2880 exstitit.
2353 2861 2420 2881 iem-

1314 2878 1370 2906 λιόκ
1388 2877 1528 2922 πἹεςοῤῥυᾷ,
1550 2879 1567 2908 1.
1581 2889 1604 2909 e.
1628 2880 1723 2910 Calliae
1736 2881 1864 2911 defluunt
1882 2894 1993 2921 pennae.
2033 2886 2097 2921 Ejus
2122 2889 2250 2916 meminit
2270 2889 2368 2919 Suidas
2393 2893 2420 2921 Sc

1311 2916 1458 2946 Athenaeus
1471 2916 1584 2954 Dipnos.
1597 2928 1624 2953 4.
1640 2920 1666 2948 &
1680 2929 1722 2949 12.
1747 2919 1795 2955 [V.
1818 2920 1887 2951 Barl.
1900 2923 1935 2951 ad
1946 2922 2062 2952 Luciarii
2073 2924 2148 2954 Tim.
2161 2936 2187 2963 p.
2203 2936 2263 2961 105.
2278 2928 2417 2958 edurat-2³.

1311 2953 1437 2983 Perizon.
1447 2954 1482 2983 ad
1494 2954 1592 2985 [Elian.
1607 2956 1638 2985 V.
1653 2957 1687 2986 H.
1702 2968 1729 2993 4.
1746 2960 1788 2987 16.
1811 2958 1910 2989 Forsan
1922 2961 1998 2990 idem
2009 2971 2072 2991 cum
2084 2965 2189 3000 priore,
2211 2965 2257 3000 qui
2270 2965 2419 3002 Elpinicen

1313 2992 1448 3022 Miltiadis
1460 2992 1541 3021 duxit
1550 3003 1676 3023 uxorem.
1720 2995 1748 3025 V.
1771 2995 1845 3033 Nep.
1861 2997 1890 3026 in
1911 3000 2001 3036 princ.
2022 2999 2075 3029 Vit.
2093 3000 2203 3030 Cimon.
2222 3002 2316 3040 ibique
2335 3004 2419 3034 Com-

1312 3037 1441 3060 mentatt.
1453 3030 1500 3059 etsi
1519 3031 1686 3069 distinguere
1697 3033 1805 3063 laborat
1818 3034 1940 3066 Gronov.

1256 3067 1278 3097 C
1288 3078 1306 3097 A
1317 3079 1332 3096 L
1340 3079 1356 3096 L
1364 3079 1373 3096 i
1384 3079 1398 3096 B
1408 3079 1423 3096 L
1433 3078 1446 3096 E
1456 3078 1470 3096 P
1480 3078 1500 3097 H
1510 3071 1527 3098 A
1536 3079 1552 3097 R
1561 3080 1580 3098 u
1589 3081 1611 3099 M
1622 3092 1630 3106 ,
1653 3071 1671 3100 i.
1688 3081 1716 3101 n.
1747 3072 1997 3109 [υλλιξλέφοιςαν]
2018 3075 2197 3104 Medicamen
2222 3081 2418 3110 accommoda-

1292 3112 1351 3135 tum
1364 3106 1438 3135 vitiis
1448 3106 1612 3143 oculorum,
1633 3109 1783 3146 praesertim
1795 3120 1880 3147 quum
1893 3111 2032 3149 palpebrae
2045 3113 2234 3144 cohaerescunt
2250 3137 2257 3150 ,
2279 3118 2305 3146 8<
2324 3118 2417 3148 ulcera

1292 3143 1438 3173 oculorum
1451 3144 1524 3174 male
1539 3153 1632 3175 curata
1643 3146 1714 3176 sunt.
1756 3148 1997 3179 Medicamentum
2010 3150 2048 3179 est
2061 3160 2115 3187 quo
2126 3151 2255 3182 fucantur
2269 3164 2418 3185 ornantur.

1289 3191 1347 3219 que
1362 3181 1509 3219 palpebrae.
1537 3183 1607 3213 Plin.
1619 3183 1670 3214 lib.
1685 3194 1729 3220 23.
1743 3196 1803 3224 cap.
1814 3197 1841 3222 4.
1866 3187 1967 3216 Nuclei
1980 3187 2134 3224 palmarum
2154 3191 2267 3219 cremati
2288 3193 2316 3220 in
2337 3193 2416 3223 fictili

1291 3229 1385 3254 novO,
1406 3221 1501 3250 cinere
1520 3220 1599 3257 loto,
1620 3222 1710 3259 spodii
1732 3225 1824 3253 vicem
1845 3224 1984 3259 efficiunt,
2006 3225 2210 3264 miscenturque
2225 3229 2365 3266 collyriis,
2389 3234 2416 3262 Sc

1292 3257 1489 3296 calliblephara
1500 3258 1609 3289 faciunt
1619 3260 1715 3290 addito
1728 3262 1825 3291 nardo.
1849 3266 1958 3288 κιλλιόω
1969 3284 1976 3296 ,
1998 3264 2114 3292 venusto
2128 3286 2135 3299 ,
2158 3265 2332 3302 pulchrifico.
2356 3274 2416 3300 βλέ-

1289 3299 1365 3362 gago*
1378 3318 1386 3332 ,
1407 3296 1539 3334 palpebra
1552 3319 1560 3333 ,
1581 3308 1674 3336 gena,
1699 3300 1781 3337 pellis
1804 3299 1901 3328 oculos
1921 3300 2063 3330 claudens.
2105 3301 2135 3332 V.
2157 3303 2264 3334 Tertul.
2284 3307 2320 3335 de
2338 3307 2413 3338 Guit.

1302 3343 1355 3363 em.
1372 3344 1404 3364 ca
1428 3356 1433 3363 .
1451 3345 1493 3364 ιο.

1252 3370 1328 3438 Crltss
1337 3383 1353 3400 L
1362 3383 1371 3400 1
1381 3345 1424 3401 cip
1423 3382 1442 3401 A
1454 3395 1462 3408 ‚
1483 3372 1591 3409 Herba,
1613 3384 1667 3412 qua
1678 3374 1954 3412 Pythagorasaquam
1966 3375 2134 3413 conglaciari
2144 3378 2266 3410 tradidit.
2291 3381 2322 3412 V.
2341 3383 2413 3414 Ptin.

1300 3420 1307 3438 i
1331 3432 1336 3439 .
1350 3418 1366 3439 2
1389 3433 1395 3439 .
1408 3420 1441 3440 ca
1464 3433 1470 3440 .
1487 3421 1496 3439 i
1521 3434 1526 3440 .
1565 3422 1585 3441 r.

1249 3446 1301 3476 CA
1310 3458 1326 3476 L
1335 3421 1464 3477 Li4cLeps
1474 3471 1482 3484 ,
1502 3420 1535 3478 is.
1544 3422 1792 3484 fr)ii.[1<oc›m³0iir]
1814 3449 1967 3479 Statuarius
1979 3451 2092 3487 nobilis,
2104 3454 2187 3489 cujus
2200 3458 2330 3488 meminit
2341 3458 2412 3491 Plin.

1288 3485 1337 3514 lib.
1352 3495 1395 3522 34.
1409 3496 1470 3523 cap.
1487 3492 1512 3520 8.
1536 3487 1653 3516 Alterius
1674 3486 1796 3516 Calliclis
1820 3488 1951 3517 meminit
1974 3489 2095 3525 Quintil.
2110 3490 2158 3520 lib.
2172 3502 2197 3522 2.
2220 3504 2279 3533 cap.
2295 3501 2335 3525 16.
2361 3499 2413 3528 ubi

1288 3523 1345 3552 hoc
1366 3525 1391 3553 ei
1413 3525 1523 3554 tribuit:
1554 3522 1591 3551 ’ἂν
1606 3526 1724 3559 famma
1742 3524 1809 3560 &3955
1831 3525 1950 3559 bnwevcbr
1972 3526 2065 3559 ἕσταθι]
2081 3526 2173 3556 diamur
2190 3530 2240 3567 0'2‘390
2264 3531 2297 3561 δεῖ
2315 3532 2372 3562 εἶναι
2389 3540 2412 3573 ‚53

1286 3560 1423 3595 -ἒππςήμῳκ
1442 3564 1487 3588 τῶν
1503 3559 1619 3597 &nubam
1648 3562 1667 3590 i.
1683 3571 1707 3590 e.
1730 3562 1876 3591 Oratorem
1898 3562 1957 3592 fieri
1979 3564 2122 3595 volentem
2134 3568 2289 3607 eximium,
2310 3573 2412 3607 justum

1288 3599 1406 3634 quidem
1416 3600 1463 3629 seu
1476 3600 1581 3628 bonum
1596 3599 1650 3628 effe
1661 3607 1773 3635 oportet
1785 3621 1792 3633 ‚
1814 3610 1967 3638 eorumque
1981 3612 2042 3638 quae
2054 3603 2128 3634 bona
2135 3605 2201 3636 sunt
2211 3630 2219 3644 ,
2239 3619 2365 3646 gnarum.

1288 3635 1353 3666 Fuit
1363 3639 1392 3666 &
1405 3637 1474 3666 alius
1484 3637 1616 3666 vCallicles
1629 3637 1719 3674 pictor
1731 3659 1738 3672 ,
1760 3637 1839 3672 cujus
1853 3640 1982 3668 meminit
1996 3640 2064 3671 Plin.
2080 3651 2122 3678 35.
2139 3649 2181 3678 18.

1249 3673 1274 3704 C
1283 3684 1302 3703 A
1312 3685 1327 3703 L
1337 3685 1353 3703 L
1364 3686 1373 3703 1
1382 3685 1399 3704 c
1409 3685 1424 3703 R
1432 3679 1449 3704 A
1457 3684 1498 3703 'rii
1507 3685 1519 3704 s
1528 3696 1537 3710 ,
1559 3675 1590 3703 is.
1613 3684 1650 3703 m.
1671 3674 1900 3711 [KoeAAmgjm]
1921 3678 2025 3707 Artifex
2036 3701 2045 3714 ,
2067 3689 2101 3708 ex
2111 3680 2196 3713 ebore
2214 3684 2345 3716 formicas
2354 3709 2362 3722 ,
2384 3689 2411 3717 ὁὶ

1287 3712 1340 3741 alia
1351 3719 1407 3741 tam
1420 3722 1503 3750 parva
1516 3712 1585 3741 fecit
1600 3712 1730 3741 animalia
1741 3735 1748 3747 ,
1769 3719 1801 3742 ut
1818 3721 1913 3750 ⁴partes
1927 3725 2022 3745 earum
2036 3719 2112 3747 cerni
2126 3729 2185 3750 non
2198 3723 2317 3760 possent.
2340 3725 2410 3754 Plin.

1287 3750 1336 3779 lib.
1353 3754 1395 3785 36.
1407 3759 1468 3787 cap.
1484 3761 1508 3784 ς.
1528 3750 1563 3779 ad
1572 3749 1657 3778 finem
1670 3751 1696 3778 8<
1709 3760 1733 3784 7.
1747 3760 1791 3779 21.
1813 3751 1912 3781 AElian.
1932 3753 1961 3783 V.
1979 3754 2012 3783 H.
2029 3765 2050 3784 1.
2068 3765 2110 3792 17.

1248 3787 1544 3821 CALchRATEA,
1570 3797 1601 3817 ae.
1622 3787 1641 3816 f.
1665 3787 1770 3825 Viginti
1790 3798 1824 3818 ac
1847 3799 1952 3821 ncvern
1973 3791 2125 3824 liberorum
2143 3798 2270 3833 genetrix·
2293 3800 2318 3829 Sc
2338 3801 2410 3830 inter

1286 3825 1451 3854 macrobios.
1475 3824 1573 3854 Auson.
1587 3825 1716 3862 Epitaph.
1734 3834 1776 3862 34.

1248 3862 1299 3892 CA
1310 3874 1325 3891 L
1336 3873 1368 3890 Li
1381 3872 1398 3891 c
1408 3872 1424 3890 a
1434 3872 1452 3890 A
1463 3872 1501 3890 Ti
1511 3873 1528 3890 o
1538 3873 1577 3892 As
1591 3884 1598 3897 ,
1620 3872 1650 3891 ae.
1674 3873 1710 3892 m.
1741 3864 1803 3893 Dux
1824 3866 1850 3894 &
1870 3866 2016 3902 praefeftus
2038 3869 2112 3898 claffi
2133 3870 2408 3905 Lacedremonioruin

1285 3900 1429 3938 proximus
1442 3900 1501 3937 post
1515 3900 1692 3938 Lysandrum.
1728 3901 1784 3932 Cic.
1802 3913 1823 3931 i.
1841 3903 1898 3932 Off.
1914 3914 1975 3939 109.
1998 3906 2043 3935 alii
2059 3907 2157 3945 legunt
2170 3909 2368 3942 Callicratides.

1248 3938 1270 3968 C
1280 3949 1299 3966 A
1310 3949 1324 3965 L
1334 3949 1349 3965 L
1359 3946 1444 3966 ieri<
1455 3948 1463 3965 1
1474 3948 1481 3965 i
1493 3959 1500 3972 ,
1523 3938 1694 3968 vocabantur
1706 3939 1734 3968 in
1750 3940 1830 3970 Creta
1841 3964 1849 3975 ,
1870 3941 1962 3971 Liberi
1976 3943 2016 3972 illi
2031 3966 2039 3978 ,
2062 3947 2108 3980 qui
2119 3950 2209 3976 coacti
2223 3950 2318 3985 inopia
2328 3972 2335 3985 ,
2357 3950 2407 3980 sec-

1283 3975 1348 4003 vilia
1361 3974 1540 4012 praestabant,
1562 3976 1630 4006 sicut
1641 3976 1816 4013 Syracusanis
1829 3980 1917 4010 Arotae
1930 3982 1956 4010 ἂν.
1968 3981 2091 4018 Callyrii.
2136 3985 2164 4014 V.
2187 3986 2261 4015 Alex.
2276 3984 2311 4015 ab
2332 3988 2407 4019 Alex.

1282 4012 1331 4042 Lib.
1348 4022 1372 4050 3.
1385 4022 1502 4051 capae.
2277 4024 2327 4054 CA
2340 4037 2410 4056 LL1-
