2600 4177
459 98 488 133 C
584 98 619 132 O
714 98 753 132 M

110 179 202 212 Davus
211 180 336 210 comicus
344 202 351 215 ‚
363 181 380 209 i.
394 189 416 209 e.
433 179 514 216 Quia
525 179 641 207 comicis
650 179 740 214 poetis
749 177 919 208 describitur.
936 178 1005 208 Hor.
1017 187 1043 208 2.
1057 179 1220 215 Serm.<.9r.

394 234 430 238 —
442 218 530 245 Davus
540 216 571 245 lis
586 218 710 244 comicus
721 237 728 247 .
750 223 832 252 atque

202 255 262 283 Stes
272 256 362 293 capite
375 255 483 291 obstipo
495 275 502 287 ‚
523 253 641 281 multum
654 252 746 281 similis
759 253 902 282 metuenti.

111 292 195 321 Poeta
206 293 346 325 comicus,
368 292 574 322 Comoediarum
585 291 689 318 auctor.
711 290 770 319 Cic.
781 290 808 318 in
822 290 900 319 Orat.
917 296 977 324 ¹84-

113 330 167 360 Res
181 330 288 358 comica
303 352 310 364 .
337 331 353 359 i.
368 340 392 359 e.
413 331 611 366 Argumentum
629 327 706 364 quod
728 328 756 356 in
781 328 930 357 comoediis
950 329 1089 358 tractatur.
1112 328 1179 358 Hor.
1197 330 1225 357 in

131 368 194 396 Arte
208 367 278 395 Poet.
292 373 307 399 8
330 390 335 395 .

195 377 326 433 Versibus9
333 404 436 440 exponi
447 401 569 439 Tragicis
586 411 627 430 res
639 401 753 430 Comica
766 411 821 429 non
834 400 902 431 vult.
1055 433 1060 435 λ

113 441 198 472 Senes
209 442 319 470 comici.
364 442 421 470 Cic.
433 439 584 469 deSenect.
600 444 643 473 36.
667 439 737 468 Nam
749 448 818 475 quos
831 440 871 468 ait
883 440 1010 468 Caecilius
1029 441 1151 470 comicos
1165 440 1229 470 stul-

133 486 177 508 tos
194 478 271 508 senes
283 489 290 507 :
311 479 361 507 hos
381 477 512 515 significat
524 499 531 511 ‚
553 476 680 506 credulos
695 498 702 508 .
724 476 872 506 obliviosos
883 499 891 511 ,
914 478 1065 506 dissolutos.
1088 488 1142 512 quo
1163 479 1228 507 loco

133 517 247 551 quidam
259 517 370 546 codices
381 516 484 544 habent
495 514 636 544 Comicus.
663 513 709 542 sed
729 514 858 542 Comicus
881 515 1035 544 accusativo
1055 515 1115 544 casu
1135 515 1230 551 legen-

133 554 201 582 dum
212 553 265 582 effe
274 575 282 588 ‚
306 553 510 582 ostenditlocus
519 551 574 590 ipse
585 551 687 580 Caecilii
699 573 707 586 ‚
732 552 777 587 qui
790 551 896 588 integer
908 554 1019 589 ponitur
1029 563 1043 581 a
1054 552 1189 582 Cicerone
1199 554 1229 582 in

134 590 218 619 Laelio
230 600 274 625 99.
297 591 356 620 haec
366 591 442 620 enim
452 589 534 619 verba
551 589 609 618 illic
621 589 750 625 leguntur
761 610 769 623 ,
792 588 868 624 Quid
884 598 976 618 autem
998 590 1105 627 turpius
1117 613 1125 625 ,
1146 600 1229 628 quam

134 628 238 657 illudi?
265 629 338 664 quod
349 638 384 657 ne
395 629 502 658 accidat
512 649 520 661 ,
541 628 625 662 magis
637 626 792 655 cavendum
808 626 869 655 est‘?
891 633 921 656 ut
931 628 958 656 in
970 627 1096 665 Epiclero
1108 650 1116 663 ‚

210 664 303 694 Hodie
313 675 358 696 me
368 673 432 695 ante
442 674 538 694 omnes
545 665 669 694 comicos
678 663 772 693 stultos
783 663 860 692 senes

209 702 327 733 Versaris
340 726 348 738 ‚
369 710 450 740 atque
465 702 558 732 luseris
573 701 728 731 lautiffime.
813 701 898 737 Quod
915 703 989 731 enim
1007 702 1065 732 illic
1083 703 1111 732 in
1127 703 1231 733 excusis

135 739 213 770 libris
224 740 371 770 Coamicos
386 742 501 777 legitur,
522 740 664 769 manifesto
674 744 835 775 corruptum
846 739 891 767 est.
915 750 966 768 nec
983 741 1057 769 enim
1075 742 1187 771 verbum
1201 742 1231 770 il-

136 778 185 807 lud
199 778 326 807 Latinum
337 779 393 808 est:
417 788 507 815 neque
530 777 621 807 sensus
642 778 701 812 ejus
711 798 719 810 .
741 776 758 804 si
776 777 804 804 in
823 776 1023 806 consuetudine
1045 779 1135 808 fuisset
1145 801 1153 813 ‚
1175 779 1232 808 illic

136 816 259 853 quadrat.
301 816 384 845 Porro
397 816 527 845 Comicos
539 815 593 844 dici
605 822 682 852 putat
696 814 829 843 Vistorius
840 815 869 842 in
881 814 965 843 Variis
978 815 1155 849 lectionibus,
1169 826 1232 853 qua-

136 853 176 883 les
187 863 202 882 a
214 854 336 883 Cornicis
349 855 376 883 in
388 854 487 884 fabulis
497 853 685 882 inducuntur:
707 851 803 880 stultos
815 861 879 880 vero
892 874 900 886 ‚
921 853 984 888 quia
999 853 1064 889 fingi
1076 855 1159 883 etiam
1173 853 1233 891 pos-

136 890 199 920 sunt
208 912 216 925 ,
237 890 383 929 sapientes.
419 892 451 920 ln
467 890 616 920 comoediis
636 896 730 919 autem
751 888 821 926 sirpe
842 889 878 918 ita
907 889 997 919 stolidi
1024 891 1165 928 finguntur
1175 913 1182 926 ‚
1204 899 1234 921 ut

135 929 428 995 grgmplum‘stultitiae
438 929 505 958 lint:
527 927 614 965 qualis
637 928 676 957 est
698 926 854 957 Nicobulus
873 926 920 956 ille
931 927 1071 958 Plautinus
1082 930 1111 958 in
1123 930 1237 959 Bacchi-

160 977 165 994 ι
188 976 228 995 us.

116 1004 216 1033 Servus
227 1004 351 1034 comicus
361 1026 369 1036 .
390 1004 478 1034 Testis
498 1004 632 1033 comicus.
671 1001 703 1031 V.
725 1001 856 1032 Comicus
868 1003 941 1033 testis
951 1026 959 1039 ‚
981 1003 1010 1032 in
1031 1012 1051 1032 'r
1061 1013 1075 1033 iz
1086 1014 1098 1034 s
1107 1013 1126 1033 τ
1136 1015 1145 1033 r
1154 1014 1175 1034 s.

117 1041 247 1071 Absolute
259 1043 342 1071 etiam
355 1042 487 1071 Comicus
498 1041 600 1070 dicitur
612 1062 620 1075 ‚
641 1039 764 1078 Scriptor
774 1040 940 1071 fabularum.
964 1041 1049 1071 Plaut.
1062 1042 1138 1072 Poen.
1148 1051 1233 1080 3.2.4.

208 1080 296 1146 Quir}
299 1080 400 1118 edepol
411 1079 578 1109 condoctior
593 1078 651 1108 sum
662 1099 670 1113 ‚
691 1087 776 1115 quam
791 1078 922 1116 Tragoedi
936 1086 984 1109 aut
1000 1079 1118 1110 Comici.

138 1117 221 1147 etiam
232 1120 277 1146 l’er
292 1141 297 1145 .
311 1129 334 1151 4.
348 1127 372 1146 2.
384 1129 411 1153 4.
928 1119 934 1125 ’

81 1155 105 1187 C
113 1166 131 1186 ο
141 1166 160 1184 Μ
171 1156 209 1185 ἴα
218 1165 232 1184 13
243 1177 251 1190 ‚
273 1155 339 1184 Adv.
359 1155 417 1185 Cic.
431 1164 456 1190 3.
473 1154 508 1183 de
518 1153 596 1183 Orat.
608 1162 653 1189 27.
675 1152 748 1188 Quis
762 1162 883 1189 unquam
893 1163 936 1183 res
947 1175 956 1187 ‚
978 1160 1076 1192 praeter
1084 1155 1170 1191 hunc,
1185 1161 1238 1185 tra-

120 1194 193 1231 gicas
205 1202 283 1230 paene
295 1193 403 1222 comice
412 1215 420 1228 ,
441 1193 528 1221 tristes
538 1190 644 1220 remisse
654 1212 661 1225 ‚
683 1190 787 1220 severas
799 1191 886 1221 hilare
898 1214 906 1226 ‚
927 1192 1047 1221 forenses
1058 1192 1164 1222 scenica
1173 1204 1237 1231 pro-

119 1241 156 1269 pe
168 1231 306 1260 venustate
316 1231 441 1260 tractavit
452 1231 465 1258 ‘2
487 1229 520 1259 Et
534 1229 598 1258 Sen.
614 1228 696 1266 Epist.
709 1237 772 1257 100.
793 1229 835 1258 Sit
846 1229 959 1266 aliquod
970 1232 1087 1260 oratorie
1099 1240 1171 1267 acre,
1185 1238 1238 1261 tra-

118 1269 182 1306 gice
194 1269 313 1305 grande,
333 1269 441 1297 comice
457 1267 537 1296 exile.

84 1306 107 1336 C
117 1317 134 1336 o
144 1317 164 1335 M
173 1316 200 1334 oe
211 1316 229 1334 o
240 1317 249 1334 r
259 1315 302 1335 cu
311 1315 338 1339 s,
359 1316 390 1340 a,
412 1315 467 1334 um.
491 1305 551 1340 Adj.
572 1303 651 1342 Apul.
666 1312 691 1340 3.
707 1302 811 1333 Florid.
828 1314 855 1342 p.
870 1313 933 1341 353.
955 1304 1037 1335 Hisce
1050 1305 1177 1336 laudibus
1188 1306 1237 1337 diu

122 1345 151 1373 in
162 1350 217 1373 arte
225 1344 382 1372 comoedica
392 1341 502 1371 nobilis.

84 1381 247 1412 conoenr
257 1390 312 1417 cs,
334 1373 502 1417 [ιωμῳᾶὶῖς]
521 1378 589 1412 Adv.
612 1388 628 1408 a
652 1378 811 1415 Comoedo,
835 1379 927 1417 inquit
948 1380 1048 1410 Festus.
1069 1380 1156 1412 Plaut.
1173 1381 1236 1411 Mil.

122 1430 150 1450 2.
162 1429 188 1449 2.
200 1424 243 1454 58.

177 1456 270 1494 Euge,
290 1465 376 1494 euge,
397 1455 564 1491 Euscheme‚
586 1453 680 1484 hercle
692 1454 774 1484 astitit
786 1455 811 1484 &
826 1454 919 1484 dulice
934 1456 960 1485 δι
971 1455 1137 1486 comoedice.
1177 1457 1195 1487 i.
1209 1467 1236 1487 e.

121 1494 246 1524 Suaviter
255 1495 416 1530 &jucunde
428 1515 436 1528 ,
458 1501 489 1523 ut
507 1493 625 1530 exponit
636 1492 745 1522 Caelius,

83 1531 108 1563 C
118 1542 134 1562 o
145 1543 164 1561 M
175 1542 202 1561 oe
211 1542 228 1560 n
240 1543 249 1560 r
260 1542 279 1561 A
288 1541 340 1560 1.1s
351 1553 360 1567 ‚
380 1541 405 1561 e.
428 1531 586 1561 Scribanius
600 1530 636 1560 de
652 1529 715 1559 Pais.
725 1529 822 1559 Christ.
832 1539 892 1568 cap.
904 1540 930 1567 9.
951 1530 1106 1561 Theatralis
1125 1531 1170 1562 vel
1190 1541 1239 1562 co-

125 1570 261 1599 moedialis
273 1569 362 1599 scena.

83 1607 108 1638 C
119 1618 135 1637 o
145 1619 165 1636 M
174 1617 200 1637 oe
210 1618 227 1636 n
239 1618 248 1636 r
257 1617 273 1636 o
283 1617 301 1636 c
312 1617 329 1636 R
338 1617 357 1636 A
368 1617 382 1636 p
393 1617 412 1636 Η
422 1617 437 1636 υ
449 1616 461 1637 s
471 1629 479 1643 ‚
499 1608 518 1637 i.
543 1616 580 1637 m.
601 1603 864 1642 [κωμῳῦοκσίφῶυ]
893 1606 951 1636 Cic.
971 1606 1048 1645 apud
1066 1607 1238 1638 Victorinum

124 1647 151 1676 ἃ
165 1645 282 1675 Probum
295 1667 304 1681 ‚
325 1645 446 1675 Gramm.

85 1682 263 1713 Conopor.
273 1695 282 1712 r
292 1693 304 1713 s
319 1705 325 1718 ‚
349 1684 380 1713 is.
402 1683 421 1712 f.
443 1679 636 1719 [κωμᾷπυλις]
656 1680 746 1710 Locus
761 1681 848 1716 major
869 1691 951 1719 quam
970 1682 1048 1712 vicus
1062 1704 1072 1718 ,
1101 1683 1128 1712 &
1147 1682 1239 1713 minor

124 1730 207 1758 quam
217 1721 291 1751 urbs.
313 1720 399 1751 Marc.
413 1720 491 1759 Emp.
507 1719 555 1749 lib.
570 1729 594 1748 1·

84 1758 110 1788 C
118 1769 136 1788 0
146 1769 191 1788 Μο
199 1769 212 1788 s
221 1770 241 1788 Α
250 1769 270 1788 Ν
277 1769 295 1789 D
307 1769 326 1788 Α
335 1771 351 1788 L
360 1769 377 1788 0
386 1768 397 1788 s
406 1781 414 1795 ‚
449 1752 694 1795 [νωμοσ-άνῶιλῶ]
725 1755 788 1785 Flos
809 1756 847 1786 est
856 1778 864 1790 ,
886 1766 971 1794 quem
995 1757 1106 1787 notiore
1123 1758 1240 1788 nomine

123 1797 314 1835 Hyacinthum
325 1797 501 1826 nominamus
512 1817 520 1830 ‚
540 1801 572 1824 ut
581 1795 665 1823 tradit
676 1793 786 1823 Pausan.
806 1795 835 1823 in
853 1794 978 1824 Corinth.
999 1805 1060 1833 pag.
1071 1801 1115 1832 78.
1130 1796 1238 1826 Wech.

121 1844 159 1865 ex
171 1845 226 1872 quo
239 1834 453 1865 Hermionenses
466 1854 474 1866 ,
492 1832 652 1862 solennibus
664 1831 812 1861 Chthoniae
823 1832 881 1862 deae
896 1832 969 1862 festis
988 1843 1106 1864 coronas
1122 1833 1239 1872 compli-

126 1874 235 1902 cabant.
266 1873 296 1902 V.
317 1873 384 1902 Cael.
398 1883 441 1908 27.
459 1875 503 1901 26.

87 1909 273 1946 COMOS1S‚
293 1911 326 1940 V.
346 1918 546 1940 coMMosts.

88 1948 284 1984 Corrosus,
306 1948 336 1978 V.
359 1958 472 1978 COMA.

88 1985 136 2016 Cf>
145 1997 164 2015 M
174 1989 191 2016 ὃ
199 1996 219 2015 T
228 1997 237 2015 1
247 1996 264 2015 c
274 1996 294 2015 A
304 2008 313 2022 ‚
343 1986 388 2016 vel
406 1986 499 2024 potius
526 1983 548 2015 C
557 1994 573 2014 ο
583 1995 604 2014 Μ
612 1994 632 2013 M
640 1994 658 2014 o
667 1993 702 2013 ’rr
713 1992 730 2012 c
740 1993 759 2013 Α
770 2004 779 2019 ,
809 1981 1001 2020 [κομμωπκςέ]
1030 1985 1240 2016 Medicamenta

125 2024 188 2053 sunt
196 2024 307 2062 capillis
321 2025 496 2054 venustandis
506 2045 514 2057 ,
535 2023 730 2060 eleganterque
743 2022 877 2051 ornandis
889 2025 1053 2059 excogitata.
1095 2024 1195 2059 Qualia
1205 2025 1241 2053 ab

126 2062 277 2100 Archigene
287 2062 439 2100 composita
452 2061 591 2091 memoriae
603 2061 746 2098 proditum
758 2060 810 2095 est,
833 2060 933 2097 quibus
945 2061 1028 2090 docet
1046 2061 1133 2091 flavos
1153 2064 1178 2091 Sc
1190 2063 1244 2091 cri-

125 2100 189 2138 spos
202 2100 318 2138 capillos
327 2100 386 2130 fieri
396 2100 456 2129 salis
466 2098 572 2137 spuma,
583 2099 744 2127 intermixta
755 2098 872 2135 myrrha.
897 2098 1018 2128 Galenus
1030 2109 1140 2137 quoque
1153 2099 1242 2128 medi-

124 2148 176 2168 cus
193 2138 299 2175 alioqui
314 2139 401 2176 gravis
413 2159 422 2173 ‚
443 2138 581 2168 comotica
592 2136 716 2166 recenset
732 2136 832 2172 quibus
851 2136 969 2173 nigricet
989 2137 1107 2174 capillus
1121 2159 1129 2173 ‚
1151 2143 1198 2167 aut
1212 2138 1241 2166 in

126 2176 281 2205 candorem
292 2176 477 2213 perducatur,
497 2174 542 2204 vel
551 2175 649 2203 evadat
660 2173 751 2202 rufior.
790 2173 868 2210 Quin
884 2182 1085 2204 commemorat
1097 2175 1126 2205 se
1146 2175 1242 2205 vidisse

126 2214 258 2244 mulieres
266 2213 469 2251 complusculas
479 2212 632 2242 immodica
642 2211 763 2240 affec'tati
773 2211 899 2249 capillitii
909 2212 1053 2242 defunstas
1068 2213 1223 2243 curiositate
1232 2235 1242 2249 ‚

127 2261 214 2288 quum
232 2260 317 2290 caput
327 2251 518 2288 hujuscemodi
529 2249 742 2280 medicamentis
753 2249 879 2278 lethifera
889 2249 1040 2286 frigiditate
1053 2251 1204 2281 vexassent.

90 2288 196 2319 C'oMo
207 2298 294 2319 Tmo
305 2299 344 2325 Ν,
364 2290 408 2319 vel
420 2289 512 2327 potius
528 2287 550 2317 C
561 2298 577 2317 o
588 2297 664 2317 MMo
675 2296 763 2316 Tmo
774 2296 793 2315 N
805 2309 813 2322 ‚
834 2287 852 2316 i.
874 2296 902 2316 n.
925 2288 1121 2324 [υμμῶνιςιω]
1142 2289 1244 2319 dicitur

127 2327 342 2357 Instrumentum
352 2349 360 2363 ‚
381 2337 436 2364 quo
449 2326 617 2364 comptrices
629 2324 744 2362 capillos
758 2325 912 2360 adornant,
943 2325 1039 2355 Latine
1053 2326 1245 2357 Calamistrum

128 2365 304 2403 appellatur,
326 2364 371 2395 vel
387 2363 610 2394 discerniculum.
645 2363 676 2392 V.
699 2362 858 2396 Pollucem,
880 2362 982 2392 &CaeL
999 2364 1045 2392 lib.
1064 2370 1104 2398 ¹8-
1121 2374 1182 2403 cap.
1200 2375 1241 2394 10.

91 2402 116 2433 C
125 2413 140 2432 0
150 2414 171 2432 Μ
180 2411 225 2432 οτ
234 2413 250 2433 R
261 2414 319 2439 ΗΕ,
341 2413 428 2432 arum,
450 2403 468 2432 f,
488 2400 668 2438 [samaram]
690 2400 784 2429 Latine
795 2400 969 2438 Comptrices
984 2402 1038 2430 dici
1050 2402 1161 2439 possunt
1171 2424 1179 2437 ⁷
1201 2403 1245 2432 vel

129 2441 281 2471 ornatrices
291 2463 298 2476 ‚
319 2450 380 2478 quae
391 2440 522 2470 ornandae
533 2448 619 2469 comae
627 2438 731 2468 habent
741 2438 877 2476 peritiam.
899 2438 996 2468 Romae
1013 2439 1097 2469 Vestae
1107 2441 1245 2476 ministrae,

129 2480 242 2509 auctore
253 2479 345 2514 Festo,
366 2478 516 2508 Comotriae
527 2477 608 2507 dictae
618 2477 748 2511 fuerunt,
769 2486 829 2513 quae
840 2475 886 2505 sex
903 2484 982 2506 erant
991 2487 1126 2514 numero,
1147 2485 1178 2508 ut
1196 2479 1249 2507 [ιη-

149 2517 200 2546 ulae
231 2523 299 2546 artes
311 2517 425 2554 populi,
447 2515 565 2553 singulas
576 2514 709 2544 haberent
717 2514 854 2543 sacrorum
864 2515 1009 2544 ministras.
1050 2516 1116 2551 [De
1128 2526 1245 2546 numero

153 2527 279 2584 estalium
293 2554 382 2584 Festus
396 2555 426 2584 in
446 2564 458 2584 s
466 2563 506 2583 ux
515 2575 523 2588 ‚
544 2553 599 2582 Sed
610 2562 647 2582 ne
657 2552 771 2581 verbum
781 2552 895 2589 quidem
906 2552 941 2581 de
953 2553 1104 2583 Comotriis
1115 2554 1178 2584 istis.
1199 2564 1250 2584 vo-

129 2592 261 2622 cabulum
273 2592 399 2622 Graecum
411 2592 465 2627 est,
485 2590 653 2630 proprieque
668 2590 844 2620 Ornatricem
858 2590 975 2620 denotat
985 2613 992 2625 ‚
1014 2591 1149 2628 scribique
1161 2593 1249 2622 debet

127 2631 270 2668 geminata
280 2630 371 2660 littera
378 2630 550 2659 Commotria
563 2650 571 2663 ‚
592 2639 606 2658 a
619 2638 642 2657 v.
661 2628 771 2663 νωμμέω.
793 2627 870 2657 Suid.
892 2628 1038 2663 Κομμόηηω
1051 2651 1059 2664 ,
1079 2631 1248 2667 mmmmm,

129 2670 141 2697 ἡ
158 2667 274 2703 ’ωηιξη-κ
290 2665 331 2694 nir
351 2669 473 2702 meam.
496 2666 577 2696 Conf.
589 2666 692 2695 Polluc.
706 2674 731 2703 7.
747 2665 812 2695 sect.
828 2670 887 2701 165.
901 2667 927 2695 δι
947 2666 981 2696 H.
991 2667 1087 2704 Steph.
1104 2668 1186 2698 Thes.
1198 2668 1245 2698 Gr.

93 2704 142 2735 Co
153 2715 346 2738 MrAc‘rus,
368 2705 614 2739 Comucrro,
636 2703 917 2739 ΟοΜΡΑοτιιιε,
933 2705 984 2733 &c.
1026 2706 1057 2734 V.
1086 2715 1246 2736 comprimo.

94 2742 118 2773 C
129 2747 297 2778 OMPEGO,
318 2743 382 2773 inis.
403 2743 421 2772 f.
444 2741 626 2779 [durazzino]
645 2743 672 2772 8(
688 2741 839 2770 Coum-xo
850 2750 884 2769 as
895 2763 903 2775 ‚
926 2741 956 2770 is.
978 2742 998 2771 f.
1034 2742 1062 2771 h.
1078 2753 1103 2772 e.
1125 2743 1250 2780 Conjun-

132 2783 188 2812 ctio
199 2803 207 2816 ‚
228 2781 413 2819 compositio,
434 2780 609 2810 commissura
621 2801 630 2815 ‚
650 2779 794 2809 confixio:
816 2778 920 2808 dicitur
934 2789 949 2808 a
964 2779 1198 2819 Compingendo,
1220 2783 1251 2811 id

132 2820 171 2849 est
180 2820 389 2856 conjungendo.
430 2819 541 2849 Servius
550 2839 559 2853 ,
580 2817 715 2854 Ambages
728 2819 754 2846 Gr
766 2816 922 2854 Compages
932 2818 1039 2854 antiqui
1052 2825 1160 2849 tantum
1175 2820 1251 2849 dice-

131 2857 209 2887 bant.
251 2857 392 2887 Posteritas
406 2856 515 2886 admisit
524 2862 554 2885 ut
562 2856 646 2886 etiam
657 2855 800 2892 Compago
817 2855 940 2884 dicatur:
961 2855 1007 2884 sed
1019 2865 1077 2885 non
1088 2857 1150 2894 quia
1161 2858 1251 2887 varius

129 2894 186 2925 effe
194 2895 284 2933 ⁴potest
294 2895 482 2924 nominativus
491 2915 500 2929 ‚
521 2894 606 2923 debet
615 2894 699 2923 etiam
708 2892 860 2922 declinatio
870 2894 970 2922 mutari
983 2915 991 2929 ,
1014 2895 1251 2930 quemadmodum

132 2943 186 2963 nec
198 2935 226 2962 in
237 2933 292 2962 istis
302 2932 464 2962 nominibus
474 2931 554 2961 arbor
563 2931 644 2961 arbos
655 2953 663 2966 ‚
684 2940 780 2960 vomer
797 2931 904 2959 vomis:
926 2940 990 2960 nam
1002 2932 1027 2961 ἃ
1038 2933 1142 2961 arboris
1160 2934 1187 2962 ἀ
1206 2943 1253 2962 νο-

127 2972 216 3001 meris
226 2977 334 3000 tantum
345 2971 420 2999 facit.
461 2969 532 3007 Ergo
542 2978 693 3007 compages
706 2968 864 3005 compagis:
887 2970 1019 3005 quoniam
1030 2979 1167 3008 compago
1178 2970 1253 3000 usur-

131 3016 229 3047 patum
238 3009 284 3038 est.
306 3007 479 3046 compaginis
493 3008 572 3037 enim
589 3016 673 3037 nemo
684 3006 799 3045 penitus
812 3005 890 3036 dicit.
933 3007 1075 3037 Hactenus
1093 3009 1202 3038 Servius
1222 3009 1252 3038 in

133 3046 204 3076 illud
218 3057 242 3076 1.
258 3047 321 3078 AEn.
337 3056 401 3083 29³·

420 3098 456 3104 —
465 3082 646 3120 compagibus
659 3081 739 3111 aretis

131 3159 151 3191 S
187 3159 193 3166 .
226 3121 399 3152 claudentur
409 3121 477 3150 belli
487 3127 583 3158 portae.
664 3119 749 3150 Ovid.
760 3125 854 3149 tamen
864 3119 902 3149 ita
911 3120 950 3149 ait
959 3119 1008 3150 lib.
1023 3130 1046 3150 r.
1061 3120 1130 3151 Met.
1141 3130 1205 3159 71¹·
1219 3122 1255 3152 de

173 3169 214 3189 rm
235 3169 250 3189 e
263 3181 273 3194 ‚

154 3170 171 3197 y
217 3169 317 3234 gAtque
330 3197 368 3225 ita
376 3194 530 3234 disparibus
538 3195 651 3226 calamis
659 3195 904 3232 compaginecerae

227 3234 302 3264 Inter
309 3234 336 3264 se
350 3235 453 3270 junc'tis
463 3256 472 3269 ‚
493 3242 597 3263 nomen
609 3232 725 3262 tenuisse
737 3232 846 3270 puellae.
930 3233 963 3263 Et
979 3233 1118 3264 inferioris
1131 3234 1182 3263 aevi
1194 3233 1257 3264 scri-

135 3279 230 3313 ptores
239 3272 487 3303 hacdeclinatione
497 3277 632 3306 utuntur,
652 3270 683 3300 V.
705 3270 775 3300 Cels.
787 3282 815 3306 4.
827 3280 870 3299 10.
881 3280 923 3308 pr.
941 3272 967 3301 &
978 3272 1043 3309 Aug.
1059 3271 1119 3302 Civ.
1134 3272 1195 3308 Dei,
1211 3277 1254 3302 16.

137 3322 164 3342 2.
179 3318 249 3341 extr.

136 3348 325 3388 corporisque
336 3347 420 3386 ipsius
427 3346 658 3376 constitutionem
667 3355 699 3375 ac
709 3346 914 3383 compaginem.
936 3345 1077 3376 Pontanus
1089 3350 1150 3382 562.
1168 3346 1202 3377 H.
1216 3348 1256 3378 St.

136 3387 270 3425 Corporis
281 3394 439 3423 compages.
478 3385 536 3414 Cic.
551 3384 702 3414 deSenect.
714 3392 758 3419 77.
782 3384 854 3413 Nam
866 3384 933 3413 dum
943 3384 1035 3414 sumus
1053 3386 1083 3414 in
1099 3385 1140 3414 his
1158 3385 1257 3415 inclusi

157 3423 341 3462 compagibus
348 3422 475 3461 corporis
489 3444 498 3458 ‚
519 3431 634 3452 munere
643 3421 767 3459 quodam
777 3421 943 3451 neceffitatis
968 3424 994 3452 δε
1013 3423 1088 3461 gravi
1102 3432 1185 3460 opere
1197 3433 1258 3461 per.

156 3463 209 3493 fun
228 3464 308 3492 imur.

138 3472 277 3539 Lapiiium
288 3507 444 3536 compages.
467 3496 552 3526 Ovid.
565 3505 589 3532 3.
602 3496 671 3526 Met.
685 3505 728 3533 30.

233 3537 361 3567 Efficiens
371 3534 507 3566 humilem
517 3534 644 3571 lapidum
652 3534 833 3573 compagibus
843 3544 948 3565 arcum.

141 3576 228 3605 Arstae
238 3583 395 3612 compages.
421 3573 494 3610 Virg.
507 3572 603 3602 1.AEn.
619 3582 683 3608 ²93·

140 3612 428 3650 Discuffacompages.
452 3610 554 3640 Lucan.
565 3619 591 3639 2.
607 3615 671 3646 487.

140 3651 273 3687 Duraque
280 3650 364 3679 deum
375 3657 510 3686 compage
518 3647 659 3677 tenebant.
683 3646 781 3677 Claud.
793 3657 818 3678 2.
837 3647 873 3676 de
882 3647 962 3685 Rapt.
974 3647 1093 3686 Proserp.
1107 3656 1167 3684 ¹7¹·

140 3689 241 3720 Ferrea
250 3696 388 3726 compago
398 3686 522 3716 laterum.
543 3686 611 3717 Stat.
624 3694 650 3721 7.
664 3685 755 3715 Theb.
767 3695 812 3722 43.
833 3685 951 3715 domum
962 3686 1060 3716 Martis
1071 3686 1240 3717 describens..

142 3727 272 3757 Humana
283 3734 438 3762 compages.
459 3723 562 3753 Lucan.
577 3734 601 3759 5.
617 3733 677 3757 119.

141 3764 226 3795 Lairae
241 3772 399 3800 compages.
422 3761 494 3799 Virg.
509 3771 532 3791 x.
547 3761 610 3792 ffin.
628 3769 690 3790 122.

140 3801 248 3832 Solida.
272 3801 374 3839 Lucan.
384 3810 410 3836 9.
427 3805 491 3836 ⁴⁶7·

142 3839 248 3870 Soluta.
271 3837 369 3867 Claud.
386 3848 406 3867 1.
429 3838 464 3866 de
474 3837 553 3875 Rapt.
564 3835 685 3874 Proserp.
701 3843 762 3872 ῐῐς.

144 3877 250 3907 validis
259 3875 362 3905 haerere
368 3875 552 3913 compagibus
563 3874 687 3910 veneris,
708 3874 724 3903 i.
732 3883 757 3904 e.
779 3872 941 3904 Tenacibus
960 3873 1090 3905 vinculis.
1111 3873 1222 3906 Lucret.
1234 3886 1262 3913 4.

165 3924 245 3950 1107.

197 3951 280 3981 vor..
304 3949 325 3981 I.

1701 100 1731 135 C
1829 100 1864 135 O
1956 100 1995 137 M
2361 113 2428 145 601

1317 179 1441 210 Revulsae
1449 190 1606 218 compages.
1629 182 1692 211 Seri.
1705 181 1817 218 Thyest.
1834 192 1875 211 ια.

1320 217 1419 251 Risi-ris
1432 222 1621 257 compauihtis.
1650 222 1712 248 rien.
1724 220 1814 249 Olith.
1827 230 1852 253 9.

1318 255 1432 284 Solvere
1442 267 1606 294 compagem
1620 258 1698 286 muri.
1719 257 1819 286 Lucan.
1831 257 1879 286 lib.
1895 266 1918 291 ι.
1932 267 1995 293 49ῐ.

1282 290 1303 320 C
1313 301 1330 320 0
1343 303 1361 320 M
1372 303 1384 319 τ)
1396 297 1411 321 λ’
1423 304 1439 322 c
1452 305 1466 322 c
1480 306 1491 322 s
1502 317 1508 328 ‚
1532 296 1548 324 i.
1572 306 1608 323 m.
1631 295 1818 324 Calceamenti
1831 305 1918 331 genus
1939 295 2109 325 barbaricum
2121 318 2129 331 ,
2150 297 2307 329 intercisum
2328 301 2380 331 five
2396 303 2439 333 su.

1319 330 1420 365 periori
1432 339 1506 366 purte
1518 333 1694 368 perforatum.
1733 332 1856 362 Trebell.
1875 332 1962 361 Pollio
1980 335 2009 362 in
2027 335 2081 362 vira
2093 334 2209 364 Gallien.
2222 346 2281 374 cap.
2300 342 2340 367 16.
2363 340 2438 369 Cali-

1320 375 1367 402 gas
1377 371 1689 403 gemmatasannexuit.
1711 380 1796 406 quum
1817 380 1967 407 compages
1986 371 2116 401 reticulos
2131 373 2291 410 appellaret.
2334 375 2364 406 V.
2388 379 2439 407 Ca-

1322 403 1393 432 saub.
1407 408 1432 434 ὅ(
1444 406 1554 436 Salmas.
1565 409 1599 436 ad
1614 408 1666 436 loc.
1682 408 1831 445 Dempster.
1845 409 1879 437 ad
1894 408 1989 438 Rosini
2002 411 2090 446 Antiq.
2104 410 2184 439 Rom.
2201 422 2223 446 5.
2239 416 2281 446 36.
2296 422 2324 449 p.
2339 419 2400 447 506.

1285 440 1307 469 C
1316 451 1332 469 o
1345 452 1363 469 M
1374 445 1410 469 rii
1421 452 1438 469 o
1449 445 1459 471 ῐ
1470 453 1488 471 N
1498 454 1533 483 o,
1554 448 1608 473 Ere.
1633 445 1782 482 Coniungo
1791 467 1798 479 ‚
1820 445 1924 482 copulo
1934 468 1941 480 ‚
1962 455 1977 475 a
1989 448 2102 476 nomine
2116 449 2280 486 Compages,
2295 450 2347 479 five
2356 451 2441 482 Com.

1324 488 1395 515 pago
1407 490 1496 525 ‚Nouae
1510 483 1745 515 eonjunctionem
1759 482 1919 520 significant.
1961 485 2114 522 Scriptores
2132 486 2182 515 Rei
2200 489 2287 523 Agrar.
2301 489 2389 518 (ioelii
2408 501 2437 527 p.

1326 521 1387 559 μᾷ.
1410 517 1645 556 Compaginanres
1656 521 1710 555 agri
1722 520 1864 549 limitcsve.
1902 521 2029 551 Paulinus
2042 522 2122 560 Epist.
2141 533 2182 552 12.
2203 526 2292 559 (nov.
2304 526 2347 554 ed.
2362 527 2441 558 Puris.

1324 552 1407 590 Epist.
1421 563 1463 589 32.
1477 565 1501 599 n.
1518 567 1558 585 ro.
1573 558 1583 591 )
1605 557 1664 585 Hac
1674 558 1754 593 igitur
1764 559 1870 587 ratione
1881 558 2033 595 persuasus,
2058 561 2180 590 basilicas
2199 562 2301 592 nostras
2313 565 2368 593 tuis
2380 586 2387 597 ‚
2410 566 2444 594 li.

1325 598 1373 619 cut
1382 593 1409 633 ,ἆ
1421 602 1511 635 operis
1523 601 1650 630 tempore
1660 615 1668 627 .
1691 596 1716 622 8(
1728 596 1784 623 voti
1796 605 1895 632 genere
1907 597 2056 631 conjuncta
2074 597 2149 633 sunt,
2172 601 2207 627 ita
2219 600 2352 630 &litteris
2365 611 2444 632 com-

1325 638 1447 664 pagmari
1458 633 1569 659 curavit.
1597 632 1626 660 V.
1639 632 1722 660 etiarn
1735 631 1805 662 Zen.
1820 633 1966 663 Veronens.
1980 636 2005 664 &
2018 635 2145 665 Prudent.
2156 636 2186 666 in
2196 637 2324 667 Romano
2337 649 2362 669 v.
2373 645 2440 676 890.

1326 666 1435 702 August.
1450 668 1569 697 Confesl'.
1586 677 1626 704 13.
1642 678 1684 703 30.

1288 702 1311 733 C
1321 712 1389 747 ufar
1399 713 1416 731 Α
1427 714 1444 732 o
1454 715 1463 748 .¹
1473 715 1493 733 N
1503 710 1518 734 si
1530 716 1549 734 rr
1560 716 1577 734 υ
1588 715 1599 734 s
1611 728 1618 739 ‚
1639 716 1669 740 a,
1690 716 1748 735 um.
1770 713 1801 737 ut
1812 729 1820 742 .
1842 707 1947 738 Forma:
1961 711 2170 748 compaginatae.
2211 713 2346 743 Ammian.
2357 720 2400 748 28·
2414 725 2443 746 2.

1326 740 1532 783 Lompagmatae
1544 743 1638 772 forma:
1649 753 1664 771 e
1675 744 1819 774 roboribus
1829 746 2016 784 conjedtaeque
2028 749 2057 777 in
2075 749 2193 778 alveum.
2232 750 2265 780 Et
2276 760 2320 781 21.
2331 762 2357 781 2.
2381 755 2446 783 Axi-

1327 778 1398 806 culls
1415 781 1488 810 orbis
1500 787 1558 810 erat
1569 783 1789 817 compaginatus.

1326 815 1452 845 Membra
1463 819 1666 856 compaginata.
1690 820 1797 856 August.
1811 820 1898 849 Serm.
1916 829 1939 850 1.
1952 822 2020 851 feria
2033 831 2058 857 ι.
2072 822 2221 853 Pentecost.

1291 852 1618 898 COMPAGJfoT10,
1640 857 1711 885 onis.
1733 857 1753 886 f.
1776 856 1858 886 Glofl'.
1878 857 1936 887 Vet.
1958 858 2070 896 ἁρμογὴ,
2098 861 2244 897 junctura,
2274 873 2444 904 compages,

1328 900 1542 928 compaglnatro.

1291 927 1544 973 Comraoirvrr,
1567 940 1597 959 ae.
1621 931 1640 960 f.
1663 930 1749 960 Idem.
1785 931 1823 960 M.
1846 931 1913 961 Baro
1937 934 1973 962 de
1995 934 2067 964 Cafis
2088 935 2250 966 Litterarum
2275 949 2302 976 p.
2317 949 2380 976 ²39-
2405 942 2447 972 Ed

1328 965 1436 1001 Goesn,
1456 968 1565 1004 Collrgo
1577 969 1611 997 ab
1620 969 1696 997 omni
1707 969 1871 1006 compagina
1881 969 2052 1008 litterarum,
2073 975 2123 1003 &o
2144 974 2440 1016 Etlnnooent.p.246.

1330 1003 1432 1034 Omnis
1440 1007 1605 1043 compagina
1616 1007 1769 1035 litterarum
1780 1028 1787 1041 ‚
1807 1008 1858 1036 ἃς.

1294 1041 1316 1072 C
1326 1050 1343 1070 o
1354 1052 1375 1070 M
1386 1051 1427 1070 ΡΑ
1439 1052 1464 1077 R,
1484 1044 1546 1087 aris.
1568 1044 1628 1080 Λᾶ).
1651 1045 1666 1079 [
1680 1042 1818 1077 ψιάθως»,
1835 1044 1977 1080 σύζυγῶι]
1998 1046 2075 1077 idem
2085 1048 2217 1086 fignificat
2230 1052 2306 1088 quod
2318 1052 2373 1083 Par.
2387 1054 2446 1086 Liv.

1331 1088 1357 1108 1.
1374 1089 1398 1113 9.
1422 1080 1453 1109 Id
1465 1091 1539 1110 enim
1548 1081 1662 1111 demum
1671 1091 1786 1119 compar
1797 1083 1970 1112 connubium
1982 1084 2048 1113 fore.

1328 1117 1406 1146 SUid.
1428 1120 1594 1154 Ko'pamcg&‚
1618 1120 1641 1146 δὲ·
1658 1118 1813 1155 συνέζευκται
1838 1121 1867 1146 εὶς
1889 1120 2024 1157 z‘zrngroiw
2040 1121 2088 1152 τινί.
2112 1121 2211 1158 ὁμοίως,
2231 1123 2267 1155 τῆν
2287 1128 2360 1156 αὐτὴν
2375 1129 2448 1157 eju—ff.

1331 1155 1376 1180 λῶν
1387 1155 1488 1190 zerim:
1510 1157 1558 1185 ubi
1573 1167 1630 1185 non
1641 1157 1740 1186 dubito
1750 1179 1757 1191 ,
1779 1158 1845 1194 quin
1857 1157 1887 1186 sit
1899 1157 2042 1195 κε’μπαςῶ»
2052 1181 2060 1195 ,
2080 1171 2131 1198 pro
2143 1160 2263 1198 κάμπας,
2285 1167 2387 1196 deinde
2398 1167 2450 1206 syl.

1329 1191 1391 1221 laba
1407 1204 1429 1219 ος
1449 1193 1557 1232 sumpta
1569 1194 1643 1224 litex
1654 1205 1703 1230 cO,
1725 1195 1772 1231 qui
1789 1195 1909 1232 sequitur
1927 1197 2052 1226 articulo.
2092 1199 2137 1227 Sic
2156 1206 2248 1229 autem
2262 1202 2359 1233 Munia
2373 1215 2452 1235 com.

1329 1230 1404 1267 paris
1415 1241 1522 1267 aequare
1533 1233 1604 1261 dixit
1612 1232 1680 1261 Hor.
1698 1239 1832 1269 tanquam
1850 1231 2032 1269 σννεζευγμῦῥκε
2047 1235 2077 1261 ἐς
2094 1234 2119 1262 ⁷23
2135 1235 2193 1263 σαὶ-η’
2208 1238 2279 1273 ἔριον.
2303 1241 2337 1270 Η.
2351 1242 2390 1272 St.

1331 1267 1485 1312 Consslium·
1492 1279 1614 1312 compar.
1649 1270 1704 1299 Liv.
1718 1276 1763 1304 28.
1777 1280 1823 1305 42.
1835 1278 1904 1301 extr.
1927 1272 2018 1309 Quam
2029 1282 2143 1311 compar
2154 1276 2298 1307 confilium
2309 1286 2387 1309 tuum
2401 1291 2452 1319 pa.

1351 1315 1437 1336 renns
1447 1315 1487 1336 tur
1499 1308 1612 1337 conhlio
1623 1308 1669 1342 sit,
1692 1316 1799 1346 reputa.

1330 1343 1425 1374 Funus
1434 1346 1647 1383 comparmorti.
1687 1345 1747 1374 Liv.
1758 1352 1782 1380 8.
1804 1355 1845 1376 10.
1866 1346 1947 1376 Decii
1964 1357 2064 1385 corpus
2086 1358 2122 1378 ne
2141 1359 2175 1378 eo
2194 1351 2240 1380 die
2256 1353 2427 1385 inveniretur

1351 1391 1409 1411 nox
1418 1391 1571 1419 quaerentes
1579 1383 1730 1427 oppressit}
1753 1384 1861 1421 postero
1873 1385 1918 1413 die
1928 1385 2074 1415 inventum
2085 1387 2158 1416 inter
2171 1390 2321 1420 maximam
2333 1378 2453 1424 hostiun'r

1350 1420 1467 1457 stragem
1477 1443 1485 1457 ,
1506 1430 1671 1459 coopertum
1681 1421 1743 1464 telis
1756 1431 1764 1451 t
1785 1421 1922 1459 funusque
1931 1432 2045 1462 compar
2056 1426 2151 1462 morti,
2165 1427 2324 1458 celebrante
2334 1430 2453 1468 collega.

1351 1458 1464 1488 fastum.
1506 1459 1545 1489 Al.
1569 1459 1616 1488 Par
1626 1465 1719 1488 morti.

1331 1495 1407 1525 Mars
1421 1506 1544 1534 compar.
1571 1497 1630 1527 Liv.
1646 1501 1689 1533 36.
1702 1507 1749 1532 44.

1331 1534 1435 1564 Modus
1446 1544 1569 1578 compar.
1591 1535 1641 1564 i.e.
1664 1535 1749 1578 Par&
1761 1535 1872 1571 aequalis
1883 1535 2018 1566 mensura.
2040 1536 2110 1567 Cels.
2126 1537 2173 1568 lib.
2186 1549 2212 1575 4.
2229 1549 2290 1578 cap.
2304 1552 2329 1578 ς.

1332 1572 1719 1610 Naturavmcomparuxon.
1740 1572 1848 1602 Lucret.
1859 1584 1886 1609 4.
1902 1580 1982 1610 ¹²48·
2015 1575 2032 1604 i.
2044 1584 2067 1604 e.
2092 1576 2280 1608 Conveniens.

1333 1609 1470 1647 Compar,
1489 1619 1554 1640 cum
1564 1611 1696 1648 genitivo.
1735 1610 1807 1640 Gell.
1817 1611 1867 1641 lib.
1878 1614 1903 1641 6.
1915 1621 1977 1650 cap.
1991 1622 2034 1642 11.
2062 1613 2136 1650 Quia
2153 1616 2287 1653 tantisper
2313 1617 2407 1649 fimiHs
2423 1621 2453 1651 Sc

1354 1657 1469 1685 compar
1480 1658 1576 1678 eorum
1586 1648 1644 1678 fias.

1334 1685 1473 1723 Compar,
1494 1687 1639 1716 exornatio
1649 1685 1806 1715 Rhetorica.
1845 1687 1923 1716 Aust.
1938 1686 1972 1716 ad
1983 1686 2084 1718 Heren.
2095 1698 2122 1724 4.
2136 1695 2180 1724 ²8-
2204 1690 2325 1728 Compar
2334 1694 2456 1732 appella-

1352 1730 1417 1790 tsull'
1425 1724 1514 1790 bquod
1526 1723 1610 1754 habet
1620 1724 1649 1753 in
1659 1723 1686 1753 se
1694 1723 1819 1754 membra
1829 1725 1961 1754 orationis
1972 1746 1980 1760 ,
2002 1735 2062 1763 quae
2077 1727 2204 1758 constant
2221 1739 2255 1759 ex
2266 1731 2325 1768 pari
2335 1741 2456 1762 numero

1369 1772 1385 1799 y
1410 1771 1424 1790 a
1444 1771 1531 1791 arum.

1335 1798 1458 1837 Compar
1468 1821 1477 1834 ,
1498 1809 1547 1838 pro
1560 1799 1642 1829 Socio
1653 1798 1698 1828 seu
1709 1798 1845 1837 Coniuge.
1866 1799 1951 1829 Plaut.
1963 1798 2050 1831 Cafin.
2063 1812 2089 1837 4.
2102 1811 2127 1831 2.
2141 1808 2183 1838 ¹8-

1417 1837 1497 1866 Meus
1519 1837 1627 1867 socerus
1636 1858 1645 1873 ,
1665 1846 1781 1875 compar
1796 1859 1803 1871 ,
1831 1838 2011 1868 commaritus
2020 1861 2028 1873 ‚
2049 1840 2167 1870 villicus.
2280 1843 2298 1872 i.
2311 1853 2336 1873 e.
2358 1844 2458 1875 Socius

1354 1875 1399 1904 vel
1414 1875 1534 1912 aequalis.
1576 1875 1644 1904 Plin.
1659 1874 1708 1905 lib.
1722 1880 1747 1910 8.
1762 1884 1880 1913 cap.23.
1902 1875 2038 1914 Conjugia
2054 1877 2142 1908 ferme
2163 1887 2315 1917 vagantur:
2337 1892 2391 1913 nec
2407 1884 2476 1913 nili>

1354 1922 1419 1942 cum
1428 1922 1561 1951 compare
1572 1935 1580 1948 ‚
1600 1913 1656 1942 vita
1666 1913 1713 1942 est.

1336 1950 1455 1988 AEquare
1465 1952 1559 1980 munia
1569 1951 1716 1988 comparis.
1738 1950 1807 1980 Hor.
1817 1960 1843 1980 2.
1855 1950 1945 1979 Carm.
1961 1961 1983 1986 ς.
1996 1960 2022 1981 a.

1431 1989 1568 2018 Nondum
1579 1988 1688 2018 subacta
1703 1988 1773 2018 ferre
1788 1989 1884 2026 jugum
1896 1989 1970 2018 valet

1428 2025 1546 2056 Cervice
1557 2048 1565 2060 ,
1587 2027 1715 2055 nondum
1731 2027 1826 2056 munia
1836 2027 1977 2064 comparis

1466 2064 1602 2101 AEquare:
1626 2074 1679 2094 nec
1691 2064 1760 2093 tauri
1776 2065 1881 2093 ruentis

1504 2103 1535 2132 In
1545 2112 1675 2132 venerem
1687 2102 1806 2131 tolerare
1816 2102 1938 2140 pondus·
2015 2102 2049 2134 V.
2070 2104 2155 2142 paulo
2164 2104 2244 2144 supra
2256 2106 2345 2139 Henr.
2360 2109 2463 2148 Steph.

1357 2139 1391 2171 V.
1416 2140 1500 2170 etiam
1516 2140 1625 2170 Gruter.
1640 2140 1763 2177 inscript.
1786 2151 1814 2178 p.
1830 2150 1893 2176 79³-
1914 2149 1942 2168 n.
1961 2150 1986 2176 9.

1302 2176 1611 2207 COMPARA'HVUS
1624 2199 1631 2212 ‚
1660 2177 1691 2206 V.
1714 2187 1784 2206 cOM
1797 2187 1902 2207 Pano.

1305 2216 1327 2246 C
1336 2227 1353 2245 o
1362 2227 1384 2245 M
1394 2226 1408 2245 P
1417 2218 1434 2245 a
1444 2217 1478 2244 ai
1488 2227 1520 2244 ω
1531 2225 1542 2244 s
1551 2237 1559 2250 ,
1580 2225 1604 2245 e.
1626 2215 1713 2245 Idem.
1735 2215 1834 2245 Auson.
1854 2215 1946 2250 Eclog.
1958 2225 1983 2245 2.
1996 2221 2041 2252 38.

1422 2253 1517 2283 Nescit
1528 2253 1694 2288 compariles
1704 2252 1822 2282 laterum
1835 2253 1953 2283 formare
1963 2253 2070 2292 figuras.

1303 2292 1325 2322 C
1335 2302 1351 2322 o
1359 2303 1380 2321 Μ
1388 2301 1430 2321 ΡΛ
1440 2302 1457 2321 a
1469 2301 1511 2321 co
1522 2313 1531 2328 ‚
1552 2291 1571 2320 si
1580 2313 1588 2327 ,
1609 2291 1668 2320 sum
1680 2313 1688 2327 ‚
1711 2287 1867 2327 [cpeihmu]
1888 2293 1942 2321 ete.
1964 2291 2044 2322 idern
2055 2292 2131 2329 quod
2141 2292 2261 2326 Parcere.
2271 2295 2336 2327 Ter.
2349 2297 2459 2329 Pborm.

1343 2340 1368 2360 1.
1383 2340 1406 2360 1.
1418 2340 1446 2366 9.

1421 2367 1507 2405 Quod
1519 2366 1566 2396 ille
1575 2366 1711 2396 unciatim
1722 2367 1769 2395 vix
1779 2366 1815 2395 de
1825 2366 1957 2396 demenso
1970 2367 2029 2404 suo,

1343 2443 1363 2473 P
1422 2407 1510 2436 Suum
1519 2405 1669 2434 defrudans
1689 2405 1820 2442 genium,
1847 2405 1995 2442 comparsit
2011 2405 2090 2435 miier
2101 2428 2110 2441 ,
2128 2407 2181 2436 Sec.
2276 2409 2356 2440 Adde
2373 2411 2467 2441 pacati

1365 2453 1416 2473 ane
1439 2467 1445 2473 .
1458 2453 1490 2473 ca
1515 2466 1521 2473 .
1555 2453 1580 2472 2.
2053 2450 2062 2461 .

1307 2482 1330 2512 C
1339 2492 1356 2511 0
1366 2493 1387 2512 Μ
1396 2454 1436 2511 ΡΞ
1445 2454 1518 2516 rag,
1536 2452 1579 2515 3ui,
1600 2478 1763 2516 [φιιᾶνομοω]
1785 2468 1928 2510 ἕτε.“εῐη
1938 2481 2014 2517 quod
2027 2480 2173 2519 Apparere.
2187 2482 2274 2514 Plaut.
2288 2485 2346 2514 Aul.
2359 2497 2387 2521 4.
2399 2496 2425 2521 4.
2437 2496 2465 2517 2.

1437 2518 1495 2556 Qui
1515 2519 1601 2548 modo
1618 2517 1751 2554 nusquam
1764 2517 1946 2556 comparebas
1957 2540 1966 2553 ,
1997 2528 2072 2548 nunc
2093 2529 2179 2555 quum
2199 2531 2344 2559 compares
2354 2546 2361 2558 ,
2383 2525 2467 2561 peris.

1346 2558 1406 2587 Cic.
1419 2566 1444 2594 7.
1459 2557 1534 2586 Verr.
1550 2565 1611 2592 ¹47·
1629 2556 1753 2592 Quaerite
1761 2565 1837 2585 nunc
1848 2557 1959 2593 vestigia
1968 2557 2044 2594 prius
2054 2557 2153 2595 quibus
2170 2559 2260 2589 exitus
2280 2560 2410 2598 illorum,
2431 2571 2469 2592 ex

1347 2596 1398 2625 illo
1409 2595 1473 2624 loco
1489 2602 1678 2632 compareant.
1700 2594 1786 2623 Ovid.
1799 2594 1834 2623 ad
1848 2593 1908 2623 Liv.
1923 2604 1989 2630 407.

1426 2632 1536 2662 Lucifer
1547 2633 1575 2661 in
1588 2638 1649 2661 toto
1659 2632 1730 2661 nulli
1740 2633 1898 2670 comparuit
1910 2632 1988 2661 orbe.

1346 2671 1378 2701 'ln
1390 2670 1571 2701 multitudine
1579 2670 1719 2699 bonorum
1728 2679 1898 2707 comparere.
1922 2669 1979 2700 Cic.
1994 2680 2045 2708 pro
2056 2670 2148 2701 Rabir.
2159 2671 2284 2710 perduci.
2298 2682 2342 2710 23.

1349 2709 1477 2746 Aliquem
1487 2717 1544 2737 non
1558 2717 1730 2745 comparere.
1751 2707 1811 2737 Cic.
1830 2718 1870 2737 12.
1887 2709 1938 2736 Att.
1949 2717 1975 2737 2.

1349 2746 1435 2776 Causa
1443 2747 1556 2776 terroris
1567 2755 1625 2774 non
1637 2745 1802 2783 comparuit.
1825 2744 1882 2774 Liv.
1896 2750 1921 2779 8.
1937 2755 1980 2782 37.

1350 2784 1458 2822 Corpus
1466 2784 1567 2813 mortui
1577 2793 1634 2812 non
1641 2790 1796 2821 comparet.
1815 2783 1955 2821 Papinian.
1965 2784 1994 2812 in
2005 2783 2024 2813 l.
2033 2783 2084 2813 ult.
2098 2784 2131 2814 D.
2144 2785 2181 2814 de
2191 2785 2233 2815 his
2243 2786 2288 2822 qui
2301 2792 2357 2816 not.
2370 2787 2467 2819 infam.

1368 2823 1396 2852 Si
1411 2823 1510 2860 quisin
1517 2821 1595 2851 bello
1610 2821 1761 2850 ceciderit:
1785 2821 1833 2851 etti
1844 2831 1945 2859 corpus
1956 2822 2015 2857 ejus
2031 2831 2088 2850 non
2101 2830 2277 2860 compareat,
2297 2824 2446 2862 lugebitur.

1349 2860 1483 2890 inchoata
1501 2869 1516 2889 a
1529 2866 1626 2888 natura
1638 2866 1810 2897 comparent.
1833 2859 1891 2888 Cic.
1904 2869 1955 2896 pro
1964 2859 2032 2889 Sull.
2046 2869 2089 2896 73.
2329 2859 2334 2862 “

1351 2898 1452 2928 Officia
1459 2903 1622 2935 comparent
1631 2897 1661 2925 in
1670 2898 1788 2927 actione.
1810 2897 1869 2927 Cic.
1882 2906 1905 2931 3.
1920 2896 1977 2926 Off.
1993 2908 2033 2932 ις.
2056 2898 2152 2934 Quum
2160 2904 2253 2928 autern
2264 2898 2368 2935 aliquid
2378 2902 2471 2930 actum

1369 2936 1409 2965 est
1420 2937 1448 2964 in
1461 2944 1515 2971 quo
1525 2935 1617 2964 media
1627 2934 1718 2964 officia
1730 2941 1920 2973 compareant,
1931 2935 1959 2963 id
1972 2935 2112 2964 cumulate
2126 2936 2235 2965 videtur
2246 2936 2299 2966 ess'e
2307 2937 2473 2975 perfectum.

1351 2974 1450 3004 Oratio
1468 2973 1527 3002 haec
1546 2973 1575 3002 in
1593 2973 1674 3012 turba
1687 2981 1825 3003 novorum
1840 2972 2019 3002 voluminum
2031 2973 2077 3002 vix
2094 2980 2245 3012 comparet.
2266 2974 2326 3005 Cic.
2348 2975 2385 3005 de
2401 2976 2472 3005 Clar⁴

1373 3012 1450 3041 Orat.
1465 3020 1526 3040 112.

1353 3050 1527 3079 Ornamenta
1535 3047 1668 3077 orationis
1683 3067 1690 3078 ‚
1712 3053 1883 3084 comparent.
1907 3047 1966 3077 cic.
1977 3047 2005 3076 in
2016 3047 2092 3078 Orat.
2107 3057 2170 3084 234.

1353 3086 1480 3117 Scintilla
1489 3085 1565 3116 nulla
1575 3093 1720 3123 comparet
1728 3086 1862 3115 incendii.
1888 3086 1946 3115 Cic.
1957 3087 2053 3121 Anteq.
2065 3086 2117 3115 iret
2129 3088 2158 3115 in
2167 3085 2233 3116 exil.
2248 3095 2290 3122 ¹4.

1353 3124 1558 3163 Signa&dona
1572 3133 1734 3161 comparere
1745 3125 1848 3152 omnia.
1871 3124 1929 3153 Cic.
1944 3133 1968 3159 3.
1983 3123 2055 3152 Verr.
2068 3133 2129 3159 132.

1354 3164 1439 3200 Signa
1448 3163 1557 3191 testium
1566 3170 1626 3191 non
1638 3167 1814 3199 comparent.
1852 3160 1918 3199 Ulp.
1934 3162 1964 3190 in
1976 3160 1994 3189 1.
2013 3161 2112 3197 Quum
2126 3161 2238 3191 'tabulae.
2253 3161 2287 3191 D.
2297 3162 2405 3192 debon.
2416 3163 2477 3201 pos-

1373 3200 1430 3230 sess.
1442 3199 1558 3230 secund.
1579 3199 1634 3228 tab.
2405 3202 2408 3203 ⁷

1354 3238 1567 3276 comparebunt
1576 3247 1635 3274 quae
1646 3237 1773 3274 imperas.
1795 3235 1883 3266 Plaut.
1895 3235 1993 3274 Amph.
2003 3245 2029 3264 2.
2044 3245 2068 3265 1.
2081 3241 2126 3270 8²-

1449 3275 1482 3305 Et
1493 3284 1600 3305 memor
1608 3274 1667 3304 sum
1677 3296 1685 3309 ,
1707 3274 1864 3311 &diligens
1873 3295 1883 3310 ,
1905 3281 1936 3303 ut
1945 3283 2004 3311 qua:
2015 3274 2153 3311 imperes,
2177 3281 2369 3313 compareant.
2421 3275 2440 3305 i.
2452 3285 2479 3307 e.

1376 3314 1458 3343 Fiant
1468 3323 1501 3343 ea
1512 3323 1573 3351 quae
1584 3319 1614 3342 tu
1627 3314 1757 3349 imperas.

1356 3351 1423 3382 Non
1433 3357 1579 3389 comparet
1589 3351 1693 3385 argenti
1704 3351 1782 3379 ratio.
1806 3348 1892 3378 Plaut.
1905 3347 1984 3377 Trin.
1997 3357 2023 3378 2.
2035 3359 2060 3383 4-
2074 3358 2117 3383 ¹5·

1438 3389 1582 3425 Postquam
1596 3387 1787 3417 comeditrem
1799 3407 1807 3422 ,
1828 3387 1888 3423 post
1901 3387 2038 3415 rationem
2047 3392 2137 3423 putat.

1440 3438 1463 3456 ι..
1487 3427 1667 3464 Nequaquam
1680 3425 1786 3462 argenti
1800 3425 1868 3453 ratio
1879 3431 2023 3461 comparet
2032 3431 2134 3453 tamen.

1359 3464 1538 3503 Comparme,
1558 3473 1608 3501 pro
1621 3463 1727 3492 Extare.
1748 3461 1804 3492 Liv.
1815 3471 1859 3496 ις.
1869 3472 1914 3496 40.
1938 3461 2188 3491 visebantur-enim
2198 3462 2232 3492 ab
2242 3463 2363 3493 externis
2372 3463 2408 3493 ad
2418 3474 2481 3502 por-

1380 3509 1436 3532 tarn
1445 3502 1586 3539 Capenam
1597 3501 1725 3529 dedicata
1740 3509 1756 3529 a
1770 3499 1906 3528 Marcello
1917 3500 2035 3537 templa:
2058 3506 2172 3537 propter
2183 3501 2349 3530 excellentia
2359 3503 2422 3538 ejus
2433 3512 2481 3539 ge-

1381 3541 1455 3570 neris
1466 3546 1630 3568 ornamenta
1642 3559 1649 3572 ,
1670 3547 1788 3574 quorum
1798 3537 1899 3574 exigua
1909 3547 1970 3574 pars
1982 3546 2134 3574 comparet.
2156 3537 2234 3567 Idem
2244 3538 2291 3567 lib.
2308 3549 2350 3575 ³²-
2372 3550 2412 3568 ro.
2437 3541 2483 3574 lis,

1376 3587 1498 3614 quorum
1510 3576 1732 3613 agrosurbesque
1741 3574 1892 3612 populatus
1901 3574 1977 3609 esset,
1990 3575 2120 3604 redderet
2133 3584 2479 3613 ressquae'comparerent:

1379 3624 1535 3646 ceterorum
1548 3623 1627 3650 aequo
1639 3613 1752 3642 arbitrio
1773 3613 1914 3641 aestimatio
1933 3613 2017 3641 fieret.
2056 3612 2112 3641 Liv.
2126 3618 2150 3642 6.
2169 3625 2190 3642 r.
2214 3613 2243 3642 ln
2260 3615 2360 3651 primis
2378 3615 2485 3644 foedera

1380 3662 1414 3683 ac
1422 3653 1496 3689 leges
1518 3654 1620 3686 (ei-ant
1634 3658 1726 3679 aurem
1735 3659 1773 3678 eae
1784 3650 1935 3678 duodecim
1950 3649 2066 3679 Tabulae
2078 3672 2086 3686 ,
2107 3653 2134 3680 ά
2144 3651 2276 3688 qur-edam
2289 3654 2369 3689 regite
2388 3653 2483 3689 leges)

1382 3689 1509 3726 conquiri
1521 3711 1529 3724 ‚
1551 3698 1611 3724 quae
1625 3694 1832 3725 comparerent.
1853 3687 1995 3722 jusserunt.

1324 3729 1373 3760 00
1384 3739 1404 3758 Μ
1412 3738 1428 3756 P
1439 3731 1455 3756 Ᾱ
1466 3737 1481 3755 a
1489 3736 1506 3755 ο
1516 3748 1523 3761 ,
1545 3725 1767 3761 [συσκοοάζομοω
1789 3725 2003 3760 παρφπώάζω]
2023 3727 2077 3754 ἐῖτ-ε.
2096 3727 2209 3764 proprie
2219 3727 2256 3756 esi
2266 3727 2368 3756 Parare.
2393 3727 2482 3762 Cic.3‚.

1364 3766 1439 3795 Verr.
1452 3769 1497 3799 65.
1529 3762 1680 3806 Magnifice
1701 3764 1837 3791 &ornate
1857 3765 1910 3798 (ut
1929 3769 1986 3792 erat
2003 3763 2035 3791 in
2049 3763 2146 3800 primis
2164 3765 2238 3794 inter
2250 3764 2314 3794 'suos
2329 3764 2457 3802 'copiosus
2469 3764 2485 3797 ‘y

1363 3809 1510 3840 comparat
1519 3810 1691 3830 convivium.

1363 3840 1557 3871 Accusatorem
1571 3838 1654 3867 alicu-i
1664 3846 1834 3874 comparare.
1852 3836 1913 3866 Cic.
1927 3846 1977 3874 pro
1992 3837 2103 3868 Cluent.
2121 3848 2181 3874 191.

1364 3877 1543 3908 Accusatores
1553 3884 1712 3913 comparare
1720 3876 1749 3903 in
1760 3874 1888 3911 aliquem.
1900 3874 2094 3911 Cic.proRo'sc.
2102 3877 2187 3906 rimer.
2195 3876 2353 3911 30.Crirnen
2365 3876 2485 3904 incredi-

1384 3914 1442 3945 bile
1452 3913 1625 3951 confingunt:
1639 3913 1718 3943 testes
1725 3913 1754 3941 in
1761 3912 1838 3942 hunc
1849 3912 2173 3949 &accusatoreshujnsce
2181 3915 2303 3952 pecunia
2310 3922 2483 3951 compari-nr.

1872 3949 1899 3979 G
1907 3959 1925 3988 3
1934 3960 1951 3988 8
1961 3960 1980 3987 ἓ
2372 3951 2485 3979 Aditum
