2600 4177
506 171 534 205 C
631 172 664 206 O
764 173 798 207 N

158 243 191 277 iffi
210 260 242 276 is-
259 272 261 275 .
280 250 338 284 jure
351 249 471 280 utimur:
493 258 524 280 ut
542 252 628 287 judex
651 254 696 288 qui
714 253 795 282 semel
815 255 857 284 vel
876 254 962 293 pluris
979 278 986 289 ,
1007 256 1052 287 vel
1069 252 1182 286 minoris
1197 265 1263 286 con-

164 296 175 309 r
185 289 322 322 cenavit,
343 289 461 325 amplius
471 291 606 326 corrigere
618 290 782 320 lhiitenriim
795 291 867 321 suain
878 304 934 322 non
947 295 1036 330 possit.

142 322 191 351 ca
200 342 210 348 ..
219 328 337 354 {minare
348 347 355 359 ,
378 335 428 362 pro
438 326 572 356 Liberare.
613 327 754 357 Titinnius
769 329 906 359 Veliterna
916 354 924 366 ,
947 331 1066 361 Fortasse
1077 338 1172 360 votum
1185 328 1264 360 fuisse

163 369 218 395 otio
229 362 273 390 die
285 361 354 392 liber
362 363 450 393 foret:
472 374 548 393 nunc
558 365 617 396 eius
627 367 685 394 voti
698 367 903 397 condemnatus
915 370 961 403 est,
974 368 1129 399 immolavit
1139 369 1264 398 hostiam.

158 399 204 441 {ric
219 401 334 429 Nonius.
366 401 457 430 Potius
467 403 569 431 dicitur
580 402 800 439 Condemnatus,
824 405 866 434 vel
880 407 1029 436 Damnatus
1040 407 1096 435 voti
1111 429 1119 440 ,
1144 407 1200 442 Qui
1215 407 1264 435 ob-

162 441 263 471 ligatus
274 438 311 466 est
321 439 354 466 ad
365 436 529 468 solvendum
546 441 621 476 quod
635 441 682 470 sub
699 444 864 472 conditione
874 449 995 474 voverat.
1032 445 1061 474 V.
1083 445 1209 475 Perizon.
1229 443 1265 473 ad

108 507 110 510 .
164 474 256 504 sanet.
269 475 387 505 Minerv.
402 486 428 511 4.
445 487 471 509 4.
487 488 529 512 14.

104 509 153 540 Co
164 521 182 538 N
196 522 211 540 n
222 522 236 541 ii
246 520 266 541 Μ
276 522 297 540 Ν
306 523 323 541 Α
338 522 358 540 Τ
367 522 406 541 us
420 535 427 548 ,
448 511 663 551 [trevir-ocream]
694 516 788 546 Partic.
811 523 860 553 ut,
882 518 956 548 Furti
978 519 1191 550 condemnatus.
1218 517 1267 548 Ul-

142 550 216 586 pin.
234 551 260 578 in
275 550 292 578 l.
306 550 379 580 stirti.
404 551 438 581 D.
458 553 544 582 dehis
573 554 600 582 ui
615 560 721 583 notant.
736 555 831 584 infam.

141 588 269 616 mandati
283 587 495 653 copdemnatus.
536 590 558 620 U
571 592 648 629 piari.
668 592 697 621 in
713 591 733 622 1.
748 592 823 622 furti.
843 593 865 630 §.
886 593 1020 625 mandati.
1044 594 1079 624 D.
1105 596 1141 624 de
1157 594 1200 624 liis
1219 594 1266 632 qui

160 630 266 654 notant.
286 627 314 654 in
329 637 380 656 am.

141 661 270 692 Pecuniae
288 664 407 700 publicae
425 665 463 695 est
477 666 689 696 condemnatus.
709 667 768 697 Cic.
779 677 831 705 pro
843 668 943 699 Flacco
957 679 1001 707 43.
1034 670 1050 699 i.
1064 678 1088 699 e.
1112 670 1198 707 Quod
1218 680 1268 708 po-

163 698 230 736 pulo
245 710 300 729 non
313 701 434 733 solvebat
446 726 454 737 .
476 711 507 733 ut
518 704 574 742 ipse
584 704 695 734 Tullius
706 705 837 743 explicat.

141 737 265 768 Nomine
276 740 368 769 alieno
380 742 596 772 condemnatur.
638 741 701 786 Ulp.
715 742 774 772 inl.
788 743 870 774 Furti.
891 745 913 782 ξ.
934 745 951 773 fi
965 745 1033 781 quis.
1057 745 1090 775 D.
1109 745 1144 775 de
1157 745 1200 774 his
1220 745 1268 781 qui

161 781 266 842 poftaanp
278 777 372 808 infam.
394 778 422 809 Si
434 780 495 817 quis
506 780 597 809 alieno
610 789 725 810 nomine
744 781 948 812 condemnatus
959 782 1058 819 fuerit,
1080 792 1139 812 non
1160 783 1268 813 laborat

163 823 189 841 Π]
223 823 286 844 mla-

141 850 257 881 Summa
269 854 473 884 condemnatus
483 855 575 885 alicui.
597 855 718 885 Scaevola
730 856 758 885 in
770 856 790 886 l.
806 856 898 887 Titius
917 858 994 888 Seiae.
1012 858 1046 887 D.
1059 858 1105 895 qui
1122 859 1223 895 potior.
1238 858 1268 887 in

162 890 217 927 pig.
237 889 366 958 hzg‘beant.
388 893 481 923 Titius
495 894 565 923 Seiae
581 893 618 923 ob
634 893 780 930 summam,
798 905 852 932 qua
869 905 904 925 ex
924 896 1011 926 tutela
1028 897 1054 926 ei
1063 896 1268 927 condemnatus

162 935 222 956 erat
233 950 240 962 ‚
288 939 310 958 c.

142 964 320 1005 Nefariorum
329 967 465 998 scelerum
476 968 688 999 condemnatus.
711 969 769 998 Cic.
780 973 805 999 6.
822 969 898 1001 Fam.
912 974 937 1000 6.

104 1001 422 1042 CoNnBMNA'rro,
444 1008 514 1037 finis.
537 1007 556 1037 f.
585 1006 696 1044 Ulpian.
713 1007 744 1036 in
764 1007 782 1036 l.
802 1008 908 1045 penult.
928 1009 961 1039 D.
981 1009 998 1039 si
1020 1019 1055 1040 ex
1074 1010 1170 1039 noxali
1189 1005 1268 1039 causa

143 1047 247 1077 agatur.
289 1043 373 1072 Aliter
385 1044 504 1075 deservo
514 1044 652 1083 supplicio
666 1045 691 1075 &
703 1044 863 1076 verberibus
879 1047 915 1075 de
933 1048 1034 1083 injuria
1054 1048 1166 1078 satisfit:
1189 1047 1268 1077 aliter

143 1079 179 1107 de
190 1078 279 1109 libero
291 1082 414 1112 vindicta
424 1082 556 1120 sumitur,
577 1082 621 1111 vel
632 1082 833 1112 condemnatio
844 1086 1012 1122 pecuniaria.

105 1115 129 1146 C
137 1126 154 1145 o
163 1126 182 1145 N
191 1126 209 1145 n
221 1127 235 1146 a
245 1128 266 1146 Μ
276 1128 296 1147 Ν
305 1122 322 1147 Ᾰ
333 1129 352 1148 τ
362 1130 379 1149 o
388 1130 404 1149 a
415 1143 423 1156 ,
445 1121 512 1151 oris.
531 1130 568 1150 m.
592 1117 794 1156 [nantuac-17¹⁵]
815 1122 872 1158 Qui
883 1124 1094 1153 condemnavit.

141 1154 193 1184 Pro
213 1156 395 1194 Accusatore,
416 1160 464 1196 qui
475 1168 554 1188 reum
565 1159 690 1196 peregit,
713 1160 789 1196 apud
800 1159 889 1189 Tacit.
903 1172 929 1196 4.
949 1163 1022 1191 Arm.
1035 1165 1080 1190 66.
1101 1160 1155 1191 Ubi
1171 1161 1269 1191 Domi-

141 1193 214 1222 tium
227 1193 322 1224 Afrum
332 1197 671 1226 vocatcondernnatorem
688 1195 813 1226 Claudiae
824 1198 964 1235 pulchrae:
988 1209 1075 1237 quum
1087 1205 1153 1229 ante
1165 1198 1269 1230 retulis-

142 1229 182 1259 set
190 1253 198 1265 ,
220 1230 298 1262 fuiffe
308 1233 341 1263 ab
353 1243 386 1263 eo
395 1234 560 1263 accusatam.

104 1268 152 1299 Co
161 1278 182 1298 N
192 1279 211 1300 ι)
222 1280 235 1299 s
245 1280 265 1298 N
276 1281 288 1300 s
299 1281 312 1300 a
321 1281 339 1301 0
348 1294 355 1307 ‚
369 1270 544 1308 [πυκνέμοω]
557 1273 612 1302 Ere.
626 1271 760 1310 fignificat
769 1272 894 1304 Densum
904 1273 1267 1312 facere.Lucret.lib.1.392.

236 1308 322 1345 Quod
332 1310 348 1338 si
361 1310 431 1339 fone
440 1310 538 1345 aliquis
549 1331 558 1345 ,
579 1319 664 1348 quum
673 1319 791 1348 corpora
801 1311 940 1342 diffiluere
950 1332 959 1349 ‚

235 1346 309 1376 Tum
320 1354 398 1386 putat
412 1348 440 1377 id
451 1347 525 1382 fieri,
545 1349 609 1384 quia
620 1347 647 1377 se
661 1349 832 1379 condenseat
843 1360 888 1380 aer
903 1372 913 1387 ,

233 1384 328 1421 Errat,
351 1387 403 1416 &a
508 1386 563 1415 Sed
576 1385 699 1416 usitatius
716 1387 763 1416 est.

104 1421 128 1452 C
137 1431 212 1451 oNo
222 1432 266 1451 aN
276 1433 312 1452 so
323 1446 331 1459 ‚
352 1423 494 1460 [πυκνόω]
513 1426 568 1454 are.
595 1424 635 1453 Co
656 1434 717 1460 ere,
738 1424 857 1463 spissare.
894 1425 1033 1456 Columel.
1052 1426 1101 1457 lib.
1112 1435 1138 1465 7.
1160 1435 1220 1465 cap.
1240 1423 1269 1461 εἰ

140 1460 266 1528 ἔοι-τίει).
283 1461 338 1492 sale
351 1462 540 1500 contingitur,
560 1462 635 1493 rursu
648 1472 702 1500 que
716 1463 890 1500 ponderibus
905 1464 1101 1495 condensatur.
1141 1465 1263 1496 Subaud.

155 1508 223 1536 mpo
236 1507 290 1528 itis.

140 1536 321 1567 Condensant
329 1537 394 1567 sein
405 1547 494 1568 unum
502 1537 598 1568 locuni
606 1548 681 1569 oves.
702 1537 788 1568 Varro
798 1538 846 1568 lib.
857 1549 883 1569 2.
898 1540 934 1569 de
947 1539 981 1570 R.
997 1540 1030 1570 R.
1043 1550 1104 1579 cap.
1119 1549 1144 1576 3.

103 1572 128 1603 C
137 1584 153 1603 o
164 1583 184 1603 N
194 1585 211 1603 n
220 1584 235 1604 a
245 1584 314 1605 NSA
325 1585 362 1604 Tr
372 1586 389 1605 o
401 1598 408 1611 ,
432 1578 503 1606 onis.
527 1577 546 1606 s.
568 1576 736 1613 [widona]
758 1576 818 1606 Vet.
833 1577 917 1608 Gloff.
933 1579 958 1608 ἃ
970 1578 1035 1608 Cael.
1049 1578 1140 1608 Aurel.

103 1611 127 1641 C
135 1622 151 1642 o
161 1622 181 1642 N
192 1623 209 1642 u
218 1623 232 1642 ii
241 1622 281 1643 Ns
292 1624 311 1642 u
321 1623 333 1643 s
341 1636 349 1649 ,
371 1614 506 1651 [πυκνῶς]
527 1616 589 1652 Adj.
611 1624 646 1644 ex
658 1614 722 1644 Con
731 1615 758 1645 &
768 1614 874 1646 Densus
889 1616 1084 1655 compositum.
1103 1622 1134 1647 ut
1142 1637 1153 1653 ,

140 1651 220 1680 Acies
230 1651 381 1682 condensa.
403 1652 463 1682 Liv.
480 1656 524 1682 26.
540 1664 564 1688 ς.

141 1687 286 1719 Columbae
299 1690 455 1721 condensae.
480 1689 551 1729 Virg.
566 1700 592 1720 2.
603 1689 666 1720 AEn.
677 1696 740 1728 517.

141 1726 250 1765 Corpus
259 1728 443 1759 condensum.
465 1727 574 1759 Lucret.
585 1728 632 1758 lib.
645 1732 671 1758 6.
685 1738 748 1759 101.

136 1764 244 1795 Turma
254 1766 406 1797 condensa.
427 1767 499 1797 Hirt.
511 1767 579 1798 Bell.
595 1766 648 1797 Afr.
662 1776 704 1803 14.
718 1777 762 1805 pr.

139 1801 224 1833 Vallis
235 1804 376 1835 condensa
384 1805 536 1835 arboribus.
562 1805 618 1835 Liv.
631 1814 676 1840 ²5·
691 1814 734 1841 39.
743 1814 784 1844 pr.

103 1840 153 1871 Co
161 1851 180 1869 N
191 1852 208 1870 o
218 1852 261 1872 ΕΝ
272 1853 284 1872 s
293 1851 314 1873 u
322 1854 342 1872 M
353 1865 361 1879 ,
386 1844 405 1873 i.
427 1853 455 1873 n.
479 1843 548 1874 Plin.
559 1843 607 1873 lib.
623 1853 666 1872 10.
676 1852 736 1881 cap.
752 1853 797 1881 73.
819 1842 945 1874 Infidunt
959 1842 988 1874 in
999 1843 1099 1875 eadem
1109 1840 1268 1876 AfricaPar=

141 1879 169 1908 di
184 1881 325 1910 condensa
333 1881 482 1911 arborum:
501 1881 691 1917 occultatique
703 1891 797 1911 earum
811 1883 912 1919 ramis,
934 1883 964 1911 in
981 1885 1179 1921 praetereuntia
1199 1884 1268 1914 defi-

140 1917 232 1954 liunt,
253 1926 336 1955 atque
351 1929 368 1950 e
385 1920 531 1950 volucrum
541 1919 606 1949 sede
620 1918 777 1957 grassantur.

103 1953 181 1984 CON
193 1959 381 1988 DiiNsiTAs
393 1980 400 1993 ,
421 1958 481 1987 atis.
504 1958 522 1987 f.
546 1957 627 1996 Apul.

102 1992 151 2022 Co
161 2003 180 2022 N
189 2004 206 2023 o
217 2004 230 2023 t
239 2004 254 2023 P
262 2005 274 2024 s
284 2005 302 2024 0
313 2017 320 2028 .
342 1996 398 2026 ere.
420 1996 607 2026 Commiscere
617 2018 625 2028 .
646 1995 726 2027 simul
736 1995 852 2034 depsere
862 2018 870 2031 ,
892 1995 983 2032 Pestrir
993 1995 1120 2035 ensemble.
1142 2007 1157 2027 a
1169 1999 1266 2029 Graeco

140 2033 260 2062 tracitum
271 2031 351 2065 δὲψω.
372 2033 543 2072 Pomponius
551 2034 681 2072 Nuptiis,
704 2034 811 2063 Partem
821 2034 932 2072 infipui,
955 2035 1089 2071 conclusi,
1101 2036 1265 2075 condepsui.

138 2069 207 2101 Haec
217 2070 336 2102 Nonius.
357 2071 426 2102 Cato
438 2082 498 2111 cap.
512 2078 557 2109 ὃς.
575 2072 670 2102 Postea
679 2071 773 2102 farinae
784 2071 834 2101 lib.
848 2083 891 2102 11.
905 2072 1082 2112 conspergite
1091 2095 1100 2109 ‚
1122 2073 1267 2112 condepsi-

139 2113 169 2137 to
190 2118 235 2139 ue.
433 2117 434 2120 ’

102 2146 127 2176 C
136 2156 153 2176 o
163 2119 187 2175 N}
198 2157 217 2176 D
227 2156 260 2176 ns
269 2157 285 2176 a
293 2157 311 2176 a
320 2156 340 2177 T
348 2157 365 2177 o
373 2157 389 2177 iz
397 2169 405 2183 ,
427 2148 491 2178 oris.
510 2157 549 2179 m.
571 2147 691 2179 Tertull.
706 2148 743 2178 de
755 2148 845 2178 Carne
853 2148 952 2179 Christi
962 2160 1023 2189 cap.
1036 2159 1060 2180 1.
1081 2148 1269 2189 Condiscipu..

140 2184 184 2214 lus
197 2186 224 2214 ἃ
235 2185 414 2216 condesertor
423 2187 492 2223 ejus.

101 2221 126 2253 C
135 2232 179 2252 oN
189 2233 207 2252 o
216 2227 253 2253 ic
263 2233 294 2259 0,
315 2225 361 2260 xi,
382 2225 460 2255 etum
469 2247 477 2260 ‚
499 2222 592 2262 [nivi‘ae
604 2247 612 2260 ‚
630 2223 748 2252 cvm-offla
759 2245 768 2260 ‚
788 2223 991 2261 {masmar-tou]
1012 2227 1067 2256 ὅτε.
1089 2226 1129 2262 est
1140 2226 1267 2257 Duorum

138 2269 187 2290 aut
196 2261 320 2304 plurium
329 2262 451 2292 invicem
462 2263 690 2292 denuntiantium
699 2262 815 2300 aliquid.
854 2263 871 2299 J
874 2263 956 2301 ustin.
967 2264 1015 2293 lib.
1032 2274 1073 2300 ις.
1100 2264 1138 2294 Hi
1150 2273 1199 2302 per
1209 2266 1268 2302 epi-

138 2299 219 2329 stolas
227 2300 348 2330 invicem
356 2300 383 2330 se
394 2301 592 2331 confirmantes
603 2323 612 2336 ,
632 2301 745 2336 locum,
767 2301 931 2339 tempusque
948 2302 1073 2332 coeundi
1091 2303 1264 2340 condicunt,

137 2336 245 2367 bellum
255 2339 453 2368 communibus
463 2339 566 2369 viribus
574 2339 722 2368 instruunt.

137 2374 313 2412 Condicere,
335 2377 373 2406 est
385 2377 511 2406 Dicendo
520 2377 694 2414 denuntiare.
718 2376 819 2406 Festus.
841 2377 918 2407 conf.
941 2377 1086 2413 justinian.
1100 2378 1181 2408 infra.

136 2412 297 2444 Condicere
314 2415 366 2451 (ait
376 2415 529 2445 Sabellicus
537 2415 566 2444 in
575 2415 755 2450 Suetonium)
775 2414 814 2444 est
822 2415 911 2445 Simul
921 2416 1108 2446 determinare
1121 2426 1128 2446 :
1151 2416 1229 2446 unde
1240 2417 1267 2448 ἃ

156 2451 328 2482 Οοηάῐςῖιιπι
339 2475 347 2487 ,
368 2453 440 2490 quasi
453 2454 492 2483 Ex
499 2454 645 2483 communi
663 2454 781 2483 dicium.

136 2490 180 2520 Aa
197 2490 318 2557 ansilia
331 2499 431 2521 vocem
443 2492 583 2521 transtulit
595 2491 711 2522 Tacitus
726 2491 762 2521 de
775 2490 870 2521 Germ.
886 2500 930 2521 11.
951 2490 999 2521 Sic
1017 2491 1209 2529 constituunt,
1229 2492 1266 2523 stc

153 2538 210 2557 con
234 2536 322 2558 icunt.

136 2566 295 2596 Condicere
303 2567 376 2596 foras
385 2567 421 2596 ad
429 2577 550 2602 coenam.
589 2566 677 2597 Plaut.
689 2566 766 2596 Men.
782 2575 806 2596 1.
818 2575 844 2597 2.
863 2577 874 2597 1
882 2576 906 2601 ς.

231 2604 322 2634 Hodie
333 2606 435 2635 ducam
446 2603 566 2636 scortum
576 2627 584 2641 ,
604 2612 688 2643 atque
697 2605 732 2634 ad
745 2614 857 2634 coenam
867 2604 962 2644 aliquo
977 2605 1127 2636 condicam
1138 2606 1223 2637 foras.

135 2641 296 2672 Condicere
305 2652 415 2672 coenam
423 2643 516 2674 alicui.
556 2644 631 2673 Suet.
643 2645 672 2672 in
683 2643 778 2672 Tiber.
793 2653 855 2681 cap.
867 2653 913 2679 42.
943 2644 1029 2674 Sestio
1050 2645 1130 2674 Gallo
1151 2654 1264 2675 coenam

156 2689 188 2710 ea
199 2680 261 2719 lege
281 2682 427 2717 condixit,
448 2690 484 2711 ne
504 2682 572 2719 quid
594 2692 630 2711 ex
645 2681 848 2711 consuetudine
859 2682 1036 2717 immutaret,
1057 2689 1105 2712 aut
1127 2683 1262 2713 demeret.

153 2718 273 2748 Coenam
283 2719 430 2754 condixit,
449 2720 468 2749 i.
482 2729 508 2749 e.
529 2720 564 2749 Se
577 2729 643 2749 cum
657 2719 707 2748 ilio
716 2726 893 2749 coenaturum
914 2720 1101 2751 denuntiavit.
1142 2722 1218 2751 Suet.
1234 2722 1264 2751 in

154 2754 254 2787 Claud.
266 2762 329 2796 cap.
339 2767 384 2787 21.
407 2757 517 2788 Ibidem
526 2758 778 2788 extraordinarium
789 2759 906 2793 (munus
935 2758 1111 2788 ladiatorium
1121 2759 1263 2795 exhibuit)

153 2796 182 2826 a:
192 2796 278 2826 breve
287 2818 295 2832 ,
318 2795 483 2834 dierumque
493 2806 649 2835 paucorum
661 2818 669 2831 ‚
690 2796 823 2834 quodque
834 2796 918 2833 appel
931 2805 976 2825 are
988 2798 1076 2834 coepit
1093 2797 1259 2835 sportulam:

153 2834 217 2871 quia
227 2835 351 2872 primum
363 2835 478 2865 daturus
490 2835 631 2869 edixerat,
653 2833 730 2863 velut
749 2833 786 2863 ad
799 2833 917 2864 subitam
937 2835 1154 2874 condictamque
1166 2843 1262 2865 coenu=

155 2871 212 2902 lam
221 2873 340 2903 invitare
348 2873 376 2903 se
389 2872 537 2911 populum.
558 2872 608 2902 ubi
632 2872 659 2901 V.
681 2872 813 2902 Torrent.
1164 2879 1170 2882 ·

135 2909 294 2941 Condicere
306 2912 342 2940 ad
353 2920 474 2941 coenam.
496 2911 582 2940 Plaut.
602 2909 688 2940 Stich.
704 2919 729 2943 ς.
744 2919 767 2939 1.
779 2916 823 2946 37.

229 2951 319 2987 Atque
328 2949 358 2978 id
370 2959 406 2980 ne
414 2959 465 2980 vos
475 2949 616 2979 miremini
627 2970 635 2982 ,
654 2948 783 2977 homines
796 2947 918 2977 servolos

225 2985 326 3017 Potare
337 3009 345 3022 ,
366 2997 459 3017 amare
467 3009 476 3023 ,
494 2993 578 3024 atque
589 2986 625 3016 ad
639 2996 750 3016 coenam
760 2986 927 3015 condicere:

228 3024 307 3056 Licet
320 3025 376 3055 hoc
394 3025 508 3055 Athenis
519 3025 610 3055 nobis.
725 3024 754 3053 h.
768 3033 793 3054 e.
803 3038 805 3041 ·
815 3024 829 3060 (
839 3024 879 3053 ait
899 3023 1057 3061 interpres)
1076 3022 1150 3055 Inire
1164 3024 1262 3056 condi.

151 3062 262 3093 tionem
271 3073 304 3093 ac
314 3063 426 3098 pacisci.
466 3065 599 3091 Convenir
607 3063 641 3090 du
651 3063 740 3100 fh‘uper
749 3083 758 3097 ,
780 3072 811 3089 ou
822 3084 830 3097 ,
849 3063 936 3098 quand
946 3081 953 3093 ‚
973 3061 1007 3095 (θ’
1018 3063 1119 3100 deq‘my.

133 3100 292 3132 Condicere
303 3101 461 3139 symbolum
470 3101 505 3130 ad
516 3110 637 3130 coenam.
658 3100 741 3130 Plaut.
753 3100 838 3130 Stich.
851 3108 876 3137 3.
894 3109 917 3129 1.
927 3104 973 3134 28.

422 3148 503 3168 —eo
514 3139 630 3168 condixi
642 3137 800 3176 symbolum
1105 3170 1107 3173 ¹

152 3214 173 3244 b
193 3214 203 3244 ἰ
217 3176 258 3207 Ad
268 3186 389 3212 coenam,
410 3176 445 3207 ad
453 3177 514 3213 ejus
521 3176 687 3207 conservum
698 3176 881 3216 Sangarinum
893 3175 1002 3212 syrum.
1083 3175 1125 3207 Al.
1147 3175 1179 3206 In
1190 3174 1262 3216 sym.

175 3224 192 3244 o
205 3224 258 3244 am.

88 3262 91 3263 ⁷
133 3250 292 3283 Condicere
304 3251 403 3286 alicui.
427 3250 561 3288 absolute,
582 3251 729 3282 subaudito
742 3251 870 3281 Coenam.
911 3249 971 3280 Cic.
985 3259 1008 3279 1.
1021 3249 1132 3287 Fam.9.
1153 3252 1262 3283 Craffus

153 3300 235 3330 paerie
244 3301 259 3320 a
268 3291 339 3321 'meis
349 3290 451 3330 laribus
466 3291 495 3319 in
505 3290 583 3328 provi
605 3291 678 3320 ,ciam
689 3290 728 3320 est
737 3290 889 3328 profectus.
930 3288 1003 3332 Nam
1019 3297 1105 3333 quum
1116 3290 1185 3319 mihi
1197 3301 1263 3320 con.

150 3326 280 3364 dixisset,
301 3329 509 3366 coenavitapud
522 3338 567 3358 me
577 3300 606 3357 ili
618 3328 674 3357 mei
684 3328 779 3366 generi
790 3324 955 3370 Craffipedis
964 3326 1058 3356 bortis.
1083 3328 1102 3357 i.
1116 3338 1140 3357 e.
1163 3328 1261 3365 Quum

150 3366 340 3397 denuntiasset
353 3365 379 3396 se
389 3366 461 3396 velle
476 3375 586 3396 coenare
595 3366 760 3395 domimeae.
800 3366 923 3395 Senorus
933 3370 1140 3402 interpretatur,
1163 3367 1260 3404 Quum

132 3439 135 3441 .
152 3405 224 3434 mihi
233 3404 399 3443 promisisset
406 3404 431 3434 se
441 3410 590 3434 venturum
602 3404 638 3434 ad
649 3413 770 3433 coenam.

133 3442 264 3474 Indueras
273 3443 434 3472 condicere.
474 3442 573 3478 Justin.
586 3441 636 3471 lib.
648 3451 672 3478 3.
685 3441 734 3471 sub
746 3441 832 3470 finem
846 3460 854 3474 ,
876 3439 976 3470 Pacem
987 3441 1016 3469 in
1026 3442 1262 3485 annos-quinqua-

154 3480 231 3519 gin'ta
240 3480 347 3515 fecere,
368 3490 452 3518 quam
461 3489 520 3509 non
529 3479 577 3509 nisi
587 3479 633 3509 sex
652 3480 732 3509 annis
747 3479 897 3509 servarunt.
938 3477 1013 3508 Nam
1027 3479 1172 3515 inducias,
1194 3490 1261 3517 quas

153 3519 270 3557 proprio
283 3519 399 3548 nomine
421 3518 625 3554 condixerant,
647 3527 683 3547 ex
701 3517 841 3547 sociorum
860 3515 980 3554 persona
998 3517 1175 3555 rumpebant.
1216 3521 1262 3547 Les

154 3564 240 3585 trever
248 3579 256 3592 ‚
276 3557 350 3594 qu’ils
360 3564 470 3594 avoyent
478 3556 610 3584 aecor-dees.

132 3594 292 3624 Condicere
302 3604 427 3633 operam.
470 3593 537 3623 Plin.
550 3595 580 3623 in
594 3593 699 3630 praefat.
728 3592 826 3630 Quum
843 3591 915 3621 hanc
934 3600 1048 3629 operam
1060 3593 1260 3637 condicerem,

153 3641 213 3661 non
224 3639 283 3662 eras
291 3632 321 3661 in
331 3632 386 3662 hoc
399 3632 472 3662 albo,
505 3632 524 3661 i.
538 3642 563 3661 e.
585 3631 683 3668 Quum
692 3631 764 3660 hanc
776 3629 886 3660 causam
895 3630 1035 3673 agendam
1046 3639 1150 3668 recepi,
1172 3642 1260 3669 quum

152 3671 209 3700 hoc
220 3679 291 3708 opus
299 3670 404 3709 suscepi
414 3692 422 3706 ,
444 3679 501 3699 non
511 3670 693 3708 providebam
708 3674 735 3698 te
745 3669 868 3697 futurum
878 3669 938 3702 ejus
953 3667 1088 3703 judicem.
1110 3678 1169 3698 non
1184 3671 1260 3700 enim

153 3715 213 3739 erat
226 3709 255 3738 in
265 3707 329 3738 albo
339 3718 444 3738 nomen
453 3715 533 3738 tuum
542 3730 550 3744 ,
571 3717 637 3737 cum
645 3706 764 3736 aliorum
773 3707 822 3744 qui
830 3705 973 3735 sortitione
979 3706 1110 3736 exierunt
1119 3716 1155 3737 ex
1168 3707 1260 3738 Decu-

154 3747 212 3776 riis.
243 3746 369 3776 Budaeus.

133 3784 293 3815 Condicere
305 3805 313 3819 ,
333 3784 454 3813 Verbum
474 3784 512 3813 est
532 3779 804 3819 Jurisconsultorum.
844 3780 927 3810 Unde
945 3781 1117 3818 Condictio,
1140 3782 1260 3813 vocabu-

153 3822 215 3853 lum
222 3823 297 3860 apud
306 3831 353 3851 eos
362 3821 612 3860 frequentissimum
624 3843 630 3853 .
653 3830 703 3858 pro
718 3820 950 3853 Denuntiatione,
972 3829 1032 3863 quaej
1042 3820 1126 3864 fiebat
1139 3821 1174 3850 ab
1184 3822 1260 3850 aeto.

153 3870 183 3890 re
195 3859 433 3898 quiintendebat,
454 3869 531 3889 reum
546 3860 592 3888 sibi
603 3859 669 3888 dare
681 3881 689 3893 ,
710 3858 802 3888 facere
814 3880 822 3893 ,
844 3857 969 3895 praestare
991 3857 1098 3895 aliquid
1117 3862 1257 3896 oportere.

154 3898 250 3936 Coepit
259 3899 319 3933 ejus
329 3898 410 3936 ipsius
417 3898 608 3927 condictionis
620 3896 773 3934 appellatio
783 3896 818 3924 ad
829 3905 875 3924 eas
891 3897 1014 3924 actiones
1033 3906 1100 3933 quas
1119 3895 1152 3926 In
1167 3896 1259 3935 perso.

155 3945 221 3966 nani
231 3943 349 3971 vocant,
371 3937 484 3974 porrigi.
523 3936 621 3971 justin.
634 3935 683 3964 lib.
699 3946 726 3968 4.
749 3934 832 3963 lnstit.
854 3934 876 3970 ἕ.
899 3933 1081 3971 appellamus.
1105 3934 1140 3963 de
1152 3935 1257 3965 ae'tion.

155 3973 336 4012 Appellamus
347 3980 459 4007 autem.
480 3974 591 4011 inquit,
610 3974 638 4002 in
653 3982 712 4002 reni
722 3973 835 4009 quidem
853 3973 994 4005 actiones.
1016 3971 1255 4003 Vendicationes:

155 4011 190 4043 in
200 4012 345 4050 personam
360 4012 557 4044 vero-actiones
567 4032 577 4047 ,
598 4011 698 4048 quibus
709 4011 774 4041 dare
784 4017 831 4040 aut
842 4011 932 4040 facere
943 4016 1074 4049 oportere
1089 4010 1258 4048 intenditur,

178 4049 197 4082 V
209 4060 227 4080 ο
237 4061 263 4083 ι.
303 4050 325 4082 I.

1697 178 1728 213 C
1824 180 1859 216 Ο
1951 181 1985 216 N
2419 193 2491 229 627

1379 258 1588 289 Conriiffiones.
1622 260 1781 291 Condicere
1793 261 1868 291 enim
1880 262 1918 292 est
1930 262 2103 293 Denuntiare
2114 264 2199 302 prisca
2212 264 2315 303 lingua.
2349 265 2432 297 Nunc
2444 279 2491 298 vc-

1379 305 1408 323 ro
1420 297 1528 326 alit-live
1541 299 1660 326 dicimus
1676 300 1886 328 condictionem
1900 301 2038 332 actionem
2051 302 2079 330 in
2098 302 2243 339 personam
2257 305 2310 332 cil'e
2321 326 2327 337 ,
2350 315 2401 340 qua
2414 308 2491 335 actor

1379 333 1502 375 intendit
1515 335 1572 363 dari
1590 335 1636 364 sibi
1649 342 1799 373 oportere:
1824 338 1900 367 nulla
1916 338 1992 367 enim
2003 338 2195 377 hoctenipore
2211 351 2243 370 eo
2257 342 2371 370 nomine
2382 343 2492 372 denim-

1381 373 1459 399 tiatio
1478 372 1515 401 iit.
1538 373 1663 406 Budaeus.
1701 374 1771 403 Gell.
1790 375 1838 404 lib.
1852 380 1877 404 6.
1892 386 1953 413 cap.
1967 386 1993 406 2.
2017 377 2132 406 Peccata
2159 388 2272 415 quoque
2296 378 2442 409 hominurn
2464 383 2491 411 δι

1382 407 1483 438 delicta
1496 419 1553 438 non
1566 410 1730 440 subsistenda
1742 421 1833 449 neque
1847 413 2023 444 condicenda
2036 414 2098 444 sunt
2115 415 2176 453 ipsis
2188 416 2432 454 voluntatibusque
2445 429 2492 447 co-

1380 455 1443 475 rum
1459 468 1467 481 ‚
1488 446 1532 475 sed
1542 448 1693 477 necellitati
1708 450 1819 479 cuidam
1834 451 1860 480 &
1871 452 2015 485 instantiae.
2034 461 2093 487 quae
2110 454 2196 482 oritur
2211 463 2245 482 eir
2259 454 2325 482 fato.
2347 455 2366 484 i.
2379 464 2402 483 e.
2426 456 2490 485 Non

1381 485 1532 520 repetenda
1544 485 1708 514 delictorum
1721 488 1788 516 ratio
1799 488 1841 517 vel
1851 498 1942 525 poena.
1964 490 2018 519 Sed
2029 489 2107 519 aliter
2121 489 2188 528 legit
2197 491 2320 521 Gronov.
2344 501 2368 529 q.
2392 492 2423 522 V.

1362 520 1500 563 aninios
1516 522 1566 551 tibi
1581 523 1729 553 condicere
1744 547 1750 559 ,
1774 535 1824 562 pro
1845 527 1981 563 Repetere
2001 528 2049 557 abs
2061 534 2100 558 te.
2123 528 2234 567 Ulpian.
2251 529 2280 558 in
2304 528 2323 558 l.
2339 530 2446 568 rogasti.
2466 532 2490 569 ς.

1383 559 1401 586 {i
1414 559 1553 595 fugitivus.
1580 560 1611 589 D.
1633 561 1650 588 si
1663 570 1768 590 certum
1783 570 1900 600 petatur.

1364 595 1522 626 Condicere
1535 597 1688 633 aliquarum
1701 607 1790 629 rerum
1801 623 1808 634 ,
1830 601 1920 630 litium
1931 624 1940 635 ‚
1960 608 2008 632 aut
2018 603 2159 633 causarum
2173 603 2268 640 alicui,
2289 604 2328 634 est
2340 604 2371 634 Ei
2383 606 2492 635 denun-

1382 635 1452 663 tiare
1466 645 1510 663 eas
1523 644 1581 669 res,
1604 635 1667 664 lites
1680 657 1688 669 ,
1709 637 1865 668 autcausas.
1907 638 1966 669 Liv.
1983 651 2006 670 1.
2019 650 2062 676 3²-
2086 641 2237 671 Confestim
2251 652 2299 672 rex
2322 652 2359 672 ex
2378 643 2420 672 liis
2440 644 2493 673 fer-

1383 681 1428 714 me
1443 672 1533 701 verbis
1546 672 1635 701 Patres
1652 674 1830 711 consulebat,
1853 677 1979 713 Quarum
1996 687 2086 708 rerum
2099 701 2107 714 ,
2127 678 2237 715 litium,
2261 680 2403 710 causarum
2424 691 2493 710 con-

1383 709 1455 738 dixit
1468 710 1667 747 Paterpatratus
1682 712 1746 749 Pop.
1759 713 1840 742 Rom.
1858 715 2011 751 Quiritium
2023 717 2206 755 Patripatrato
2216 718 2368 756 priscorum
2382 718 2494 748 Latino-

1382 755 1493 776 norum.
1531 748 1588 783 Jac.
1602 749 1759 779 Gronovius
1773 751 1807 779 ad
1820 752 1896 781 hunc
1907 753 2000 782 locum
2015 776 2023 788 ,
2045 764 2103 783 non
2117 754 2151 783 ad
2171 754 2385 793 Cliirigationem
2406 759 2495 795 perti-

1383 793 1452 828 nere
1463 785 1522 814 iiiuc
1534 785 1636 829 verba,
1658 785 1704 815 sed
1719 788 1753 816 ad
1768 788 1870 819 Foedus
1883 790 1950 819 olim
1968 791 2124 828 percussum
2134 792 2296 832 arbitratur,
2317 801 2415 823 eontra
2434 795 2496 824 sen-

1382 829 1498 865 tentiani
1512 823 1636 852 Turnebi
1649 845 1657 858 ,
1679 825 1704 853 δι
1718 825 1866 861 H.Grotii‚
1888 829 1978 865 primo
1989 830 2065 865 quod
2081 830 2281 868 Paterpa2ratus
2299 841 2358 860 non
2377 834 2412 863 ad
2434 833 2493 862 bel-

1383 859 1442 889 luni
1455 861 1650 903 indicendum,
1664 861 1710 890 sed
1720 863 1754 890 ad
1767 863 1859 894 foedus
1870 867 2052 903 pangendum
2067 877 2216 902 crearetur,
2237 870 2340 898 deinde
2351 871 2426 906 quod
2437 880 2492 901 vox

1383 906 1415 926 ea
1425 907 1483 926 non
1495 899 1544 927 nili
1555 898 1590 927 de
1599 898 1709 928 duobus
1719 900 1747 928 in
1758 910 1842 930 unam
1853 912 1912 932 rem
1924 913 1971 932 aut
1980 903 2074 934 locum
2084 907 2317 936 convenientibus
2330 930 2337 942 ,
2354 908 2473 938 dicatur.

1326 931 1350 963 C
1360 943 1377 964 o
1386 944 1404 963 Ν
1413 945 1432 964 n
1442 947 1451 963 1
1461 945 1478 964 e
1488 945 1508 964 T
1517 945 1535 965 u
1545 945 1558 965 s
1573 958 1580 970 ,
1602 936 1699 966 Partic.
1723 936 1946 976 [ὲπηγῖελμᾙὲὸε]
1967 948 1997 970 ut
2008 943 2146 973 Condicta
2158 944 2279 974 coenula.
2302 945 2377 975 Suet.
2391 946 2491 978 Claud.

1365 980 1426 1010 cap.
1441 983 1485 1002 21.
1508 973 1538 1003 V.
1564 974 1593 1002 in
1608 973 1668 1011 ipso
1678 975 1763 1003 verbo
1775 975 1862 1012 supra.

1365 1011 1457 1040 Status
1466 1011 1612 1041 condidus
1621 1011 1681 1041 dies
1691 1022 1755 1042 cuni
1765 1013 1852 1043 hoste.
1875 1014 1960 1045 Plaut.
1977 1016 2089 1047 Curcul.
2104 1027 2128 1048 1.
2143 1028 2167 1048 1.
2179 1029 2203 1053 ς.

1419 1049 1448 1078 Si
1460 1049 1542 1078 status
1552 1050 1700 1079 condictus
1710 1060 1775 1080 cum
1786 1051 1864 1081 hoste
1876 1053 2024 1084 intercedit
2036 1055 2105 1085 dies.
2200 1056 2270 1086 Gell.
2283 1056 2330 1087 lib.
2343 1061 2385 1088 16.
2397 1069 2491 1096 cap.4.

1326 1084 1555 1122 CoNorcTffio
1567 1109 1575 1122 ,
1596 1088 1667 1117 onis.
1689 1088 1708 1117 f.
1729 1089 1906 1126 [kmffim‘x]
1926 1093 1966 1121 est
1982 1092 2047 1129 Ejus
2066 1094 2106 1123 rei
2125 1103 2178 1131 qua
2199 1095 2234 1124 de
2246 1096 2349 1132 agitur,
2371 1097 2401 1125 in
2415 1098 2492 1128 diem

1365 1131 1474 1153 certum
1485 1124 1661 1154 denuntiatio
1673 1147 1681 1160 ,
1703 1128 1816 1156 auctore
1830 1128 1916 1158 Festo.

1364 1162 1515 1192 Condiestio
1527 1184 1536 1198 ,
1558 1164 1633 1201 apud
1641 1163 1856 1198 jurisconsultos
1864 1175 1970 1196 nomen
1983 1167 2022 1197 est
2030 1169 2147 1205 generis,
2161 1179 2215 1206 quo
2225 1170 2381 1207 personales
2392 1182 2493 1203 omnes

1383 1201 1509 1230 actiones
1521 1201 1808 1239 comprehenduntur.
1850 1204 1962 1243 Proprie
1973 1211 2066 1234 tamen
2076 1206 2112 1235 ad
2123 1216 2183 1236 eam
2197 1208 2311 1237 refertur
2327 1211 2466 1240 actionem
2484 1233 2494 1247 ‚

1382 1248 1444 1275 quae
1454 1248 1489 1267 ex
1501 1240 1590 1268 mutui
1601 1242 1745 1269 contractu
1756 1240 1876 1272 nascitur
1885 1264 1894 1277 ,
1918 1250 1947 1272 ut
1958 1243 2108 1273 Condiffio
2117 1244 2226 1274 definiri
2236 1246 2334 1283 poffit,
2352 1249 2431 1278 Actio
2444 1257 2493 1286 per

1380 1286 1465 1313 quam
1478 1286 1536 1305 rein
1553 1287 1568 1306 a
1584 1277 1665 1306 nobis
1678 1285 1776 1307 mutuo
1787 1279 1879 1309 datam
1891 1280 2079 1318 postulamus,
2099 1282 2141 1311 uti
2153 1283 2238 1312 docet
2251 1284 2380 1322 Imperat.
2398 1287 2427 1316 in
2448 1288 2494 1316 tit.

1384 1313 1461 1351 quib.
1474 1315 1551 1343 mod.
1564 1324 1592 1344 re
1610 1316 1735 1345 conti-ah.
1746 1316 1864 1354 obligat.
1877 1318 1906 1347 in
1919 1319 2039 1356 princip.

1363 1351 1515 1382 Condiffio
1527 1352 1617 1382 caussa
1627 1353 1684 1382 dati
1697 1376 1704 1389 ,
1726 1354 1816 1384 caussa
1826 1366 1884 1385 non
1896 1356 2010 1394 sequuta
2030 1356 2088 1392 (fic
2100 1357 2177 1387 enim
2189 1357 2340 1396 legendum
2352 1361 2390 1391 est
2403 1383 2411 1396 ‚
2433 1372 2492 1392 non

1382 1390 1473 1426 Data)
1492 1391 1530 1419 est
1544 1391 1621 1420 Actio
1632 1392 1659 1419 in
1672 1391 1818 1429 personam
1828 1416 1836 1429 ‚
1857 1404 1907 1432 pei·
1923 1404 2006 1432 quam
2017 1395 2064 1431 qui
2074 1395 2179 1432 aliquid
2198 1404 2302 1427 certam
2322 1399 2359 1427 ob
2373 1399 2494 1429 caussam

1383 1428 1464 1457 dedit
1474 1450 1482 1464 ,
1504 1429 1553 1457 nisi
1570 1430 1660 1459 caussa
1672 1430 1785 1467 sequuta
1793 1431 1839 1467 sit,
1861 1432 1891 1461 id
1903 1433 1940 1461 est
1952 1443 2045 1462 revera
2059 1441 2141 1471 atquc
2157 1435 2186 1463 in
2203 1434 2306 1464 effectu
2321 1437 2446 1474 constet,
2466 1438 2497 1467 id

1383 1467 1505 1504 repetit,
1527 1466 1544 1496 l.
1564 1477 1587 1496 1.
1603 1469 1629 1497 ἀ
1645 1474 1706 1496 toto
1719 1470 1797 1498 tract.
1810 1470 1846 1499 de
1857 1470 1982 1500 condic't.
1995 1470 2066 1501 caus
2077 1472 2135 1501 dat.
2149 1473 2201 1502 διε.
2225 1473 2339 1503 Hotom.

1362 1503 1515 1534 Condictio
1527 1505 1616 1541 certi,
1638 1506 1677 1534 est
1688 1507 1765 1535 Aetio
1777 1507 1803 1536 ei
1816 1514 1990 1545 competens,
2007 1509 2054 1546 qui
2064 1510 2111 1539 sibi
2128 1511 2196 1540 certi
2209 1510 2315 1548 aliquid
2332 1512 2389 1541 dari
2399 1512 2498 1543 fierive

1383 1542 1527 1580 stipulatus
1537 1543 1592 1573 est:
1616 1550 1647 1572 ut
1655 1550 1732 1582 patet
1741 1546 1826 1576 eXtit.
1840 1545 1904 1576 Inst.
1920 1547 1958 1576 de
1975 1547 2052 1577 verb.
2063 1547 2152 1586 oblig.
2164 1549 2195 1578 in
2213 1550 2304 1588 princ.
2318 1551 2344 1580 &
2355 1550 2373 1579 l.
2389 1560 2434 1587 24.
2456 1551 2492 1582 D.

1384 1581 1401 1609 si
1418 1587 1485 1610 cert.
1496 1588 1552 1618 pet.
1575 1581 1761 1612 Hotomanus.

1361 1616 1514 1648 'Condidio
1526 1619 1584 1649 dati
1596 1619 1632 1648 ob
1643 1620 1806 1658 turpemvel
1816 1621 1943 1658 injustam
1962 1622 2081 1653 caussam
2092 1645 2100 1659 ,
2122 1624 2161 1654 est
2184 1625 2262 1654 Actio
2278 1625 2306 1654 in
2327 1626 2472 1663 personam
2485 1649 2495 1663 ,

1383 1667 1433 1694 per
1445 1666 1528 1693 quam
1539 1657 1669 1695 quiturpi
1679 1658 1814 1694 injustave
1822 1660 1858 1689 de
1868 1659 1959 1689 caussa
1971 1662 2039 1698 quid
2050 1662 2129 1691 dedit
2138 1684 2146 1695 ,
2168 1662 2303 1699 siquidem
2315 1665 2343 1692 in
2355 1665 2498 1701 accipien-

1381 1701 1411 1724 te
1426 1695 1484 1724 solo
1495 1696 1641 1733 turpitudo
1648 1695 1722 1732 fuit,
1742 1698 1852 1736 repetit.
1867 1697 1887 1727 l.
1902 1708 1925 1728 1.
1936 1700 2033 1729 &toto
2041 1700 2164 1730 tract.D.
2179 1701 2216 1731 dc
2225 1702 2348 1732 condier.
2370 1703 2406 1732 ob
2419 1712 2494 1742 turp.

1383 1732 1572 1764 Hotomanus.

1360 1770 1515 1801 ‘Condicftio
1528 1771 1655 1809 exlege,
1679 1782 1739 1809 quae
1758 1773 1784 1802 Sc
1802 1772 1973 1804 Condiditia
1990 1784 2027 1805 eir
2044 1775 2107 1814 lege
2127 1777 2308 1813 nominatur,
2330 1778 2498 1816 generaliter

1382 1809 1484 1839 Omnis
1494 1809 1647 1848 personalis
1657 1811 1729 1840 aetio
1742 1811 1847 1841 dicitur
1857 1822 1917 1849 quae
1928 1822 1963 1843 ex
1978 1813 2151 1852 obligatione
2169 1815 2288 1844 nascitur
2297 1837 2305 1851 ‚
2327 1826 2408 1854 quam
2420 1826 2495 1847 nova

1380 1848 1510 1885 quaedam
1525 1847 1572 1877 lex
1581 1849 1757 1885 introduxit,
1779 1859 1841 1886 quae
1853 1860 1910 1888 quo
1923 1860 2024 1888 genere
2035 1853 2160 1883 aetionis·
2172 1854 2312 1891 agendum
2329 1854 2396 1884 esset
2406 1877 2415 1890 ,
2434 1863 2498 1884 'non

1380 1886 1464 1916 cavit.
1485 1886 1505 1915 1.
1521 1895 1544 1915 1.
1558 1886 1590 1916 D.
1607 1887 1643 1916 de
1652 1887 1776 1916 condiet.
1791 1897 1827 1917 ex
1837 1888 1890 1926 leg.
1906 1889 2023 1919 Hotom.
2476 1921 2479 1922 ⁷

1361 1923 1514 1954 Condietio
1528 1933 1563 1953 ex
1572 1924 1705 1962 scriptura
1717 1947 1726 1960 ,
1748 1925 1786 1954 est
1795 1926 1913 1956 Aetioin
1922 1928 2070 1965 personam
2080 1950 2088 1964 ,
2108 1937 2249 1966 perquam
2261 1930 2283 1959 is
2295 1930 2344 1967 qui
2364 1929 2392 1960 se
2413 1941 2500 1967 pecu.

1382 1962 1459 1990 niam
1473 1962 1556 1991 alicui
1567 1962 1669 1992 debere
1679 1962 1801 2001 scripsit,
1822 1964 1876 1994 five
1890 1974 1921 1994 ea
1939 1972 2082 1996 numerata
2093 1966 2143 2002 fit,
2165 1968 2220 1997 sive
2241 1978 2297 1996 non
2320 1968 2350 1998 sit
2362 1991 2369 2003 ,
2391 1969 2501 1999 solvere

1382 2000 1492 2037 cogitur
1501 2021 1510 2036 ‚
1532 2001 1601 2030 dum
1612 2007 1706 2031 tamen
1718 2023 1727 2036 ,
1748 2001 1767 2030 si
1778 2002 1842 2031 data
1852 2002 1949 2033 nonsrt
1959 2005 2079 2042 pecunia
2090 2027 2098 2040 ‚
2118 2005 2180 2043 post
2196 2006 2342 2035 biennium
2361 2007 2433 2035 actio
2454 2007 2499 2036 in—

1381 2038 1523 2069 tendatur.
1568 2039 1640 2069 Nam
1651 2047 1733 2069 antea
1744 2049 1803 2069 nori
1814 2048 1966 2071 numeratae
1976 2043 2105 2080 pecuniae
2126 2044 2295 2081 exceptione
2316 2043 2477 2074 excluditur
2487 2067 2497 2080 ‚

1382 2077 1423 2105 uti
1438 2076 1522 2144 doclelt
1532 2076 1661 2115 Imperat.
1671 2078 1716 2107 tit.
1731 2078 1767 2107 de
1776 2077 1861 2109 litter.
1877 2079 1963 2118 obiig.
1975 2082 2001 2110 Sc
2012 2080 2032 2110 l.
2046 2090 2090 2117 14.
2112 2080 2144 2112 C.
2164 2082 2200 2111 de
2211 2091 2270 2111 non
2287 2089 2426 2112 numerat.
2449 2092 2501 2120 pe-¹

1383 2123 1449 2144 cun.
1514 2121 1603 2145 otom.

1361 2151 1514 2182 Condietio
1528 2153 1648 2182 indebiti
1659 2175 1667 2187 ,
1689 2154 1728 2183 est
1743 2154 1823 2184 Actio
1834 2154 2001 2191 personalis,
2019 2165 2071 2194 per
2086 2165 2169 2194 quam
2181 2157 2211 2186 id
2223 2157 2300 2194 quod
2311 2167 2362 2195 per
2373 2167 2497 2189 errorem.

1381 2200 1441 2219 non
1452 2191 1579 2220 debitum
1590 2190 1723 2221 solvimus
1732 2214 1741 2228 ,
1751 2207 1754 2213 .
1763 2193 1843 2221 reddi
1858 2193 1940 2223 nobis
1951 2194 2122 2231 postulamus
2132 2217 2140 2231 ,
2165 2195 2206 2224 uti
2222 2196 2308 2226 docet
2318 2196 2420 2234 imper.
2431 2198 2456 2235 ᾗ.
2472 2207 2498 2227 1.

1380 2228 1459 2265 quib.
1472 2229 1549 2258 mod.
1563 2239 1593 2259 re
1602 2229 1730 2260 contrah.
1742 2229 1826 2267 oblig.
1850 2231 1965 2261 Hotom.

1359 2265 1514 2297 Condietio
1529 2267 1672 2297 triticiaria
1684 2290 1692 2304 ,
1714 2268 1753 2298 est
1765 2269 1842 2298 Act-io
1854 2269 1883 2297 in
1894 2269 2040 2307 personam
2051 2292 2060 2305 ,
2081 2279 2132 2308 per
2143 2279 2226 2308 quam
2247 2279 2290 2301 res
2310 2281 2426 2307 omnes,
2448 2282 2498 2302 ex-

1380 2310 1464 2342 cepta
1475 2306 1596 2342 pecunia
1605 2313 1754 2335 numerata
1763 2328 1772 2340 .
1793 2307 1983 2337 condicuntur
1993 2330 2002 2343 ,
2022 2308 2078 2338 five
2089 2308 2140 2338 smt
2154 2308 2273 2338 mobiles
2284 2331 2293 2345 ‚
2319 2309 2375 2340 sive
2398 2312 2500 2340 immo-

1381 2342 1459 2372 biles.
1480 2343 1499 2372 l.
1519 2353 1542 2373 1.
1557 2343 1588 2373 D.
1606 2344 1643 2373 de
1656 2344 1784 2373 condier.
1799 2345 1882 2375 tritic.
1905 2345 2021 2375 Hotom.

1320 2380 1347 2410 ‘C
1356 2390 1373 2409 o
1383 2390 1404 2410 N
1412 2391 1431 2409 o
1443 2392 1452 2409 i
1463 2391 1480 2410 c
1489 2391 1509 2409 ’r
1518 2391 1536 2410 u
1548 2392 1568 2410 Μ
1581 2403 1589 2417 ,
1611 2382 1699 2418 Quod
1709 2382 1739 2410 in
1753 2391 1906 2413 commune
1913 2384 1952 2414 est
1961 2384 2069 2414 diCtum
2080 2406 2091 2419 ,
2111 2384 2140 2413 ia
2150 2384 2189 2415 e'st
2206 2384 2364 2423 promissit),
2381 2385 2428 2416 seu
2449 2396 2499 2425 pa.

1361 2420 1438 2448 etum
1453 2419 1575 2449 invicem
1585 2419 1699 2449 factum.
1731 2416 1832 2450 Festus.

1323 2455 1637 2493 CONorcririus,
1661 2458 1720 2494 Adi.
1743 2456 1956 2495 [inuffennnjf]
1987 2465 2037 2493 ut,
2059 2459 2136 2490 Aetio
2159 2460 2341 2495 condictitia,
2364 2460 2428 2498 Qua
2446 2461 2497 2490 ali.

1360 2495 1429 2532 quid
1444 2495 1622 2525 condicimus
1637 2497 1845 2533 &repetimus:
1866 2497 1967 2533 injure
1980 2497 2056 2527 civili
2068 2495 2222 2528 'Condiffio
2236 2505 2359 2527 vocatur.
2380 2498 2444 2536 Ulp.
2462 2500 2495 2530 iri

1358 2532 1378 2562 1.
1398 2533 1417 2561 si
1431 2533 1498 2562 duo.
1520 2534 1542 2571 §.
1558 2534 1636 2563 idem
1646 2533 1783 2569 Julianus.
1807 2534 1841 2564 D.
1863 2535 1898 2564 de
1912 2535 2113 2571 jurejurando,
2133 2535 2213 2566 ldem
2231 2535 2358 2572 Julianus
2378 2535 2493 2574 scribit,

1361 2579 1427 2600 eum
1441 2572 1486 2608 qui
1498 2572 1597 2607 juravit
1609 2573 1713 2601 furtum
1724 2571 1753 2600 'se
1764 2581 1822 2601 nori
1832 2572 1943 2609 feciffe,
1965 2574 2053 2603 videri
2066 2574 2105 2603 de
2118 2580 2179 2603 toto
2190 2573 2288 2610 jurasse
2298 2596 2305 2609 ,
2327 2580 2409 2610 atque
2427 2575 2495 2605 ideo

1359 2619 1452 2675 rfieque
1466 2609 1549 2646 furti,
1571 2619 1663 2648 neque
1673 2610 1837 2640 conditoria
1851 2617 1963 2641 tenetur
1976 2621 1984 2641 :
2002 2612 2070 2649 quia
2082 2612 2247 2642 condictitia
2258 2634 2267 2648 ‚
2288 2613 2397 2650 inquit,
2414 2612 2495 2645 'solus

1374 2657 1404 2676 ur
1417 2653 1536 2677 tenetur.

1317 2684 1370 2714 ⁴Co
1380 2694 1448 2714 Nm
1459 2695 1478 2714 c
1489 2695 1556 2714 Nus
1566 2707 1574 2721 ,
1595 2685 1723 2722 [Z}c&]
1745 2685 1806 2722 Adi.
1829 2694 1880 2725 pro
1896 2687 2014 2725 Dignus.
2036 2687 2123 2718 Plaut.
2139 2688 2240 2726 Amph.
2255 2698 2278 2718 r.
2291 2697 2318 2725 3.
2328 2696 2377 2726 ‘39.

1440 2723 1551 2753 Ecastor
1561 2724 1735 2768 condignpm
1746 2724 1854 2754 donum
1866 2747 1874 2760 ,
1896 2725 1984 2762 qualis
1995 2726 2033 2770 eit
2043 2727 2090 2763 qui
2104 2726 2213 2770 donum
2222 2727 2310 2756 dedit.

1439 2772 1471 2791 M.
1494 2761 1554 2791 Imo
1565 2761 1600 2806 sic
1610 2762 1786 2830 condggnum
1798 2762 1924 2807 donum,
1947 2763 2035 2808 qualis
2051 2764 2089 2793 est
2101 2774 2147 2794 cui
2159 2765 2235 2793 dono
2246 2764 2398 2809 datu'miest.
2471 2804 2480 2811 ·

1357 2794 1638 2874 Ρέὲῖξῑητὶυηὲὲῧοιῦἒε
1647 2822 1663 2874 ’3
1684 2810 1901 2876 carpaec-larurnque
1919 2802 2114 2832 facundiarum
2131 2802 2371 2840 magniloquentia
2393 2804 2494 2834 condi..

1317 2873 1342 2904 C
1351 2884 1368 2903 o
1379 2885 1397 2904 Ν
1408 2884 1426 2904 i>
1438 2886 1445 2903 i
1458 2885 1476 2904 c
1487 2885 1507 2904 N
1515 2885 1531 2905 ri
1541 2898 1549 2911 ,
1573 2876 1686 2912 [ἀξίως]
1711 2876 1778 2906 Adv.
1797 2876 1884 2907 Plaut.
1897 2877 1985 2908 Calin.
1997 2888 2024 2913 4.
2039 2886 2062 2907 1.
2075 2887 2118 2913 14.
2135 2877 2287 2915 Condigne
2299 2883 2393 2909 autem
2403 2881 2492 2912 nimis

1357 2912 1517 2950 lepidehuc
1537 2914 1672 2944 conducti
1685 2914 1779 2952 coqui.
1819 2915 1877 2944 Sed
1888 2914 1945 2945 'alia
1955 2915 2040 2946 leffio
2048 2915 2080 2944 in
2091 2916 2137 2945 ed.
2151 2914 2272 2946 Gronov.
2300 2926 2328 2954 q.
2340 2917 2374 2947 V.

1357 2950 1506 2988 Condigne
1516 2953 1542 2982 &
1553 2953 1721 2982 condecore.
1745 2951 1816 2982 Gell.
1831 2953 1879 2982 lib.
1893 2963 1935 2989 14.
1948 2963 2009 2992 cap.
2020 2964 2047 2989 4.

1316 2987 1343 3018 C
1351 2998 1367 3017 o
1377 2998 1399 3017 N
1409 2999 1427 3018 o
1437 3000 1448 3018 i
1458 2999 1476 3018 c
1487 2999 1532 3028 ab».
1542 3001 1563 3019 M
1572 3001 1594 3019 Μ
1603 3000 1624 3019 A
1635 3012 1644 3025 ,
1667 2989 1820 3020 Carmaniae
1828 2991 1968 3037 oppidum
1980 3013 1989 3027 ,
2011 2991 2088 3030 apud
2098 2990 2167 3021 Plin.
2182 2991 2231 3021 lib.
2243 2994 2346 3030 6.vcap.
2357 3001 2403 3028 23.

1318 3026 1341 3056 C
1351 3036 1367 3056 0
1378 3036 1398 3055 N
1409 3037 1426 3055 r>
1437 3038 1445 3056 1
1455 3037 1472 3056 o
1482 3049 1489 3061 ,
1510 3029 1551 3057 ivi
1562 3027 1608 3057 vel
1619 3028 1656 3064 ii,
1677 3030 1751 3058 'itum
1760 3051 1770 3064 ,
1792 3028 1892 3065 [ὶὲτνω
1901 3051 1910 3063 ,
1932 3027 2003 3058 ἠδύνω
2013 3051 2022 3065 ,
2043 3029 2188 3066 πειχεύω]
2210 3032 2260 3059 Tre.
2291 3039 2327 3059 ex
2352 3030 2396 3060 Do
2409 3040 2492 3063 com..

1355 3065 1475 3102 positum
1488 3065 1543 3095 effe
1553 3067 1669 3103 quidam
1681 3066 1799 3103 volu‘nt3
1823 3067 2158 3105 fignificatque'Sapidum
2168 3068 2258 3098 'iacere
2267 3089 2275 3104 ‚
2296 3068 2489 3108 componere„

1357 3102 1484 3141 saporem
1496 3103 1600 3133 addere
1610 3105 1688 3134 cibis.
1713 3104 1800 3134 Plaut.
1814 3105 1909 3135 Pseud.
1923 3115 1947 3142 3.
1959 3115 1984 3135 2.
1998 3115 2044 3135 21.

1436 3139 1503 3171 Non
1519 3152 1571 3181 ego
1584 3142 1652 3172 item
1664 3151 1776 3173 coenam
1789 3143 1894 3173 condio
1906 3165 1914 3177 ,
1937 3149 1968 3173 ut
1981 3143 2025 3173 alii
2039 3143 2122 3181 eequi
2133 3164 2142 3178 ,

1436 3179 1493 3216 Qui
1508 3180 1578 3210 mihi
1593 3181 1709 3211 condita
1723 3188 1799 3219 prata
1808 3182 1838 3210 in
1852 3181 1955 3219 patinis
1966 3180 2120 3217 proferunt.
2218 3181 2277 3212 Cic.
2291 3186 2323 3220 ’7.
2346 3180 2422 3213 Fam.
2435 3186 2484 3215 26.

1356 3215 1464 3247 Herbas
1478 3226 1576 3248 omnes
1583 3218 1622 3248 ita
1635 3219 1782 3249 condiunt.

1352 3255 1442 3285 ³Cibos
1453 3257 1568 3286 condire
1579 3257 1707 3295 gulolius.
1736 3256 1767 3286 V.
1790 3256 1894 3287 Gulose
1906 3279 1915 3293 ‚
1937 3257 1966 3286 in
1986 3265 2094 3300 cuna.
2171 3294 2178 3301 ·

1356 3293 1463 3323 Labore
1475 3294 1503 3323 in
1514 3303 1635 3331 venatu,
1656 3295 1774 3330 sudore,
1796 3295 1896 3332 cursu,
1915 3294 1991 3325 fame
2003 3316 2011 3330 ,
2030 3293 2073 3323 suti
2091 3293 2266 3324 condiebant
2285 3294 2384 3334 epulas
2401 3295 2489 3327 Lace-

1375 3331 1518 3362 daemonii.
1541 3333 1600 3363 Cic.
1615 3344 1639 3369 5.
1653 3332 1735 3362 Tusc.
1749 3341 1793 3368 91.
2067 3358 2068 3361 ,
2204 3370 2220 3377 ..
2371 3362 2375 3363 ⁷

1354 3369 1478 3400 Condire
1488 3378 1623 3401 mortuos.
1664 3371 1725 3401 Cio.
1739 3380 1764 3400 1.
1777 3368 1860 3400 Tusc.
1873 3375 1919 3405 88.
1941 3368 2088 3400 condiunt
2099 3369 2221 3408 AEgyptn
2230 3376 2358 3401 mortuos
2369 3393 2378 3407 ,
2399 3373 2425 3402 dc
2435 3373 2487 3402 do.

1372 3408 1537 3438 miservant.

1351 3445 1496 3480 Condire,
1518 3456 1567 3483 per
1582 3443 1804 3476 translationem.
1844 3445 1905 3475 Cic.
1919 3455 1960 3475 12.
1975 3446 2028 3475 Att.
2045 3455 2101 3481 40.·
2120 3442 2298 3490 Hilaritatem
2311 3445 2410 3484 illam,
2431 3458 2487 3486 quai

1372 3484 1447 3513 hanc
1460 3484 1595 3515 tristitiam
1605 3491 1766 3522 temporum
1776 3483 1980 3513 condiebamus
1991 3505 2000 3518 ,
2022 3484 2051 3511 in
2063 3490 2230 3521 perpetuum
2238 3483 2322 3514 amisi.

1354 3522 1541 3557 Ambiguitate
1552 3523 1667 3551 condire
1677 3522 1873 3552 urbanitatem.
1891 3521 2016 3558 Quintil.
2028 3521 2077 3550 lib.
2091 3525 2116 3550 6.
2125 3531 2192 3559 cap.
2206 3530 2230 3557 3.
2310 3558 2313 3561 .
2326 3555 2328 3557 ,

1354 3560 1489 3597 Asperitas
1506 3561 1698 3590 contentionis
1723 3559 1841 3589 oratoris
1857 3559 1940 3598 ipsius
1958 3559 2132 3589 humanitate
2147 3559 2289 3590 conditur.
2317 3560 2376 3591 cre.
2396 3571 2424 3592 2.
2446 3561 2485 3592 de

1373 3598 1452 3627 Orat.
1469 3607 1532 3627 212.

1354 3635 1550 3673 Voluptatibus
1559 3634 1665 3672 aliquid
1680 3635 1808 3666 condire.
1829 3633 1952 3671 Quintil.
1971 3633 2019 3664 lib.
2036 3645 2059 3675 ς.
2072 3640 2135 3678 cap.
2150 3644 2193 3671 14.
2211 3673 2217 3679 ι
2310 3674 2313 3677 μ

1352 3673 1479 3703 Condire
1492 3673 1559 3703 vitia
1574 3680 1679 3703 naturae
1688 3695 1696 3708 ,
1717 3673 1807 3702 studio
1818 3679 1901 3710 atque
1910 3672 2028 3702 artificio
2041 3673 2163 3703 malitiae.
2185 3672 2245 3703 Cic.
2254 3681 2306 3711 pro
2317 3673 2480 3712 Cluent.72.

1375 3711 1488 3748 Quique
1509 3720 1541 3740 ea
1561 3711 1628 3740 vitia
1639 3732 1647 3745 ,
1669 3720 1729 3747 quae
1750 3720 1765 3740 a
1781 3717 1878 3741 natura
1892 3710 2034 3746 habebat,
2055 3711 2139 3740 etiam
2154 3711 2250 3741 'studio
2266 3718 2350 3749 atque
2363 3714 2482 3743 artificio

1374 3749 1496 3786 quodam
1502 3747 1620 3777 malitiae
1629 3748 1806 3778 condivisset.

1317 3786 1340 3817 C
1350 3797 1366 3816 o
1377 3796 1396 3815 N
1406 3797 1423 3815 u
1434 3790 1474 3815 ῖτ
1482 3796 1500 3815 υ
1511 3795 1533 3819 s.
1553 3783 1695 3821 [woffo]
1714 3786 1809 3816 Partic.
1831 3791 1863 3815 ut
1871 3807 1879 3821 ‚
1900 3785 1949 3821 Jus
1958 3785 2031 3815 male
2038 3785 2195 3816 condi-tum.
2208 3786 2478 3823 Hor.2.Serm.⁴8.e6.

1355 3824 1478 3853 Condita
1488 3825 1595 3859 oratio,
1616 3834 1666 3861 per
1681 3824 1894 3862 metaphoram,
1916 3823 2025 3853 Salibus
2045 3823 2209 3861 quibusdam
2229 3824 2342 3862 aspersa.
2378 3826 2435 3855 Cic.
2449 3834 2478 3855 2.

1377 3862 1413 3891 de
1426 3862 1502 3891 Orat.
1515 3871 1578 3898 ²27·
1601 3862 1662 3891 Nec
1672 3863 1748 3892 enim
1760 3862 1861 3891 concio
1871 3862 1960 3896 major
1971 3871 2094 3899 unquam
2102 3862 2165 3898 fuit,
2187 3873 2242 3892 n-ec
2251 3863 2326 3900 apud
2340 3862 2478 3900 populum

1372 3900 1480 3938 gravior
1489 3900 1594 3935 oratio,
1616 3909 1699 3937 quam
1709 3900 1791 3936 hujus
1802 3906 1899 3930 contra
1919 3895 2057 3937 collegam
2073 3901 2103 3930 in
2122 3900 2242 3930 Censura
2257 3910 2365 3938 nuper,
2385 3909 2478 3937 neque

1372 3938 1466 3975 lepore
1478 3938 1503 3966 ἃ
1512 3937 1664 3967 ‘festivitate
1675 3938 1826 3967 conditior.
2311 3975 2316 3980 ¹

1354 3975 1416 4005 Sale
1434 3975 1584 4010 conditus,
1602 3977 1628 4005 &
1645 3975 1753 4006 facetiis
1772 3975 1868 4006 Caesar.
1909 3975 1969 4006 Cic.
1985 3985 2009 4006 1.
2027 3975 2086 4007 off.
2101 3985 2161 4014 133.
2182 3975 2240 4006 Sed
2250 3974 2381 4004 meliores
2391 3974 2478 4004 codd.

1372 4013 1508 4043 omittunt
1517 4013 1665 4044 Conditus.
2413 4050 2419 4056 ,

1870 4050 1978 4082 kak
1997 4060 2016 4082 z
2336 4050 2479 4080 comitate
