2600 4177
456 123 485 158 C
581 123 608 157 A

54 205 127 236 Cutis
138 205 269 234 callosior,
292 204 359 234 Prin.
376 203 422 234 lib.
437 214 478 234 11.
490 214 550 243 cap.
563 213 604 240 39.

54 245 152 274 Dextra
163 243 269 271 callosa.
294 243 392 271 Lucan.
406 243 441 272 ad
454 242 543 272 Pison.
561 252 601 278 ¹7·

143 280 264 309 Humida
278 280 376 309 callosa
387 289 473 316 quum
488 279 608 317 pins-eret
621 279 726 325 hordea
738 280 842 310 dextra.

709 124 734 158 L

0 345 1 349 ,
35 324 36 343 ³
55 318 141 348 Olivae
150 317 263 346 callosae.
287 317 353 346 Plin.
366 317 412 345 lib.
429 327 469 350 ῐς.
484 327 542 354 cap..
558 327 580 350 ς.

0 558 10 629 f.

0 633 7 728 l

0 754 11 804 Ῑ,

0 805 9 856 ,ἱ

0 857 14 967 f.
29 856 44 969 k
72 888 189 920 terprete
202 882 329 916 Riualtio.

11 935 15 949 1

0 973 11 992 iz

0 997 10 1105 l

0 1111 7 1159 :³

54 356 114 386 Ora:
124 354 238 425 callos}
251 354 279 383 in
290 354 427 384 ulceribus
435 354 507 389 sunt,
528 364 586 391 quae
602 353 685 392 vulgo
695 354 780 384 Labra
796 356 864 385 dura
879 355 1009 385 dicimus.
1035 354 1103 384 Cels.
1117 354 1165 384 lib.

34 409 35 415 .
75 404 96 427 ς.
111 401 198 430 cap.2
221 414 227 421 .

0 447 4 465 ;
34 425 35 440 ³
55 431 112 462 Ova
123 429 228 460 callosa.
258 429 325 458 Hor.
337 438 363 458 2.
379 429 464 459 Serm.
480 439 504 463 4.
522 438 562 458 iz.

142 467 235 503 Longa
245 467 344 502 quibus
354 467 437 497 facies
452 468 510 496 ovis
524 468 575 496 erit
588 489 595 501 ‚
616 465 663 496 illa
675 474 818 496 memento

141 504 178 534 Ut
189 504 262 534 succi
274 505 394 534 melioris
403 527 411 539 ‚
433 506 459 534 Gt
470 512 499 533 ut
510 506 596 541 magis
607 504 667 533 alba
679 505 805 534 rotundis

114 568 117 573 .
141 542 262 577 Ponere.
285 551 403 579 namque
422 552 525 572 marem
538 542 674 572 cohibent
694 542 793 572 callosa
812 542 946 573 vitellum.

72 585 138 610 rent.
151 581 186 610 ad
196 579 299 609 locum.

55 618 160 649 Tunica
172 616 271 647 callosa
283 640 290 652 ,
311 617 364 646 sive
374 617 536 647 Membrana
548 617 632 647 oculi.
655 616 724 646 Plin.
740 615 787 646 lib.
807 626 848 646 11.
863 627 924 656 cap.
938 626 982 654 37.

56 656 154 685 Venter
162 655 257 685 avibus
267 654 391 685 callosus.
416 655 483 685 Plin.
496 656 543 684 lib.
558 667 565 684 1
578 666 598 684 i.
611 665 670 693 cap.
685 664 728 692 37.

1046 541 1077 572 V.
1099 541 1168 572 Tor-

55 692 151 724 Ulcera
161 693 270 722 callosa.
294 693 362 722 Plio.
374 693 422 722 lib.
436 697 480 722 26.
494 703 554 731 cap.
572 704 612 728 ¹4-

31 694 211 785 iEALLosi'r
221 741 237 759 A
250 742 260 760 s
275 754 282 764 ,
304 731 363 760 atis.
394 731 519 761 Scribon.
537 731 636 767 Largus
652 733 695 766 36.
731 729 1094 797 Collyrilulngnquogltsproprie
1104 730 1169 760 sacit

55 807 139 839 Dein,
161 806 338 836 Consuetudo
354 806 498 836 malorum.
539 806 657 836 Tertull.
675 806 710 835 de
729 791 911 835 Testimonio.
925 780 1024 835 :iniiiiae
1036 828 1043 840 ,
1064 816 1123 844 cap.
1143 816 1167 840 ς.

72 844 160 875 Exiffe
170 845 228 874 ha’c
246 846 276 874 in
297 844 358 874 usus
375 845 534 874 communis
553 844 741 874 callositatem.
764 844 782 872 i.
799 853 823 872 e.
846 843 1085 874 Consuetudinem
1100 866 1108 880 ,
1129 844 1170 872 in-

56 769 87 800 ad
98 768 295 807 aspritudinem
310 768 502 806 palpebrarum
514 771 538 799 80
553 767 741 798 callositatem.

51 930 184 955 ALLOR‚
207 921 269 950 oris.
296 930 331 950 ni.
355 920 433 950 Ide'm
445 921 518 958 apud
531 919 681 950 Caffiodor.
696 928 717 948 1.
736 918 820 960 Epist„
837 928 881 956 3<-

29 963 185 993 bAtLEo,
207 959 233 987 ui
245 981 252 993 .
274 959 411 994 [ww-das]
433 962 487 988 Ere.
510 958 595 988 Callis
606 957 761 986 obduiftum
771 957 833 986 esie.
850 956 916 986 Plin.
929 956 976 986 lib.
995 966 1037 986 11.
1051 966 1112 994 cap.
1125 955 1169 994 i7.

57 995 164 1032 Antiqui
184 995 322 1025 abdomen
353 997 490 1025 vocabant
502 1019 509 1029 .
540 994 699 1033 priusquam
719 995 852 1028 calleret,
882 995 1020 1024 incientes
1043 995 1172 1024 occidere

25 1057 26 1060 1
56 1038 111 1065 non
120 1032 223 1063 assueti.
246 1034 272 1063 h.
285 1044 309 1063 e.
332 1034 364 1064 In
374 1034 476 1063 callum
487 1033 652 1064 duresceret.
674 1032 760 1062 Plaut.
773 1032 867 1062 Pseud.
887 1042 910 1062 1.
924 1042 950 1062 2.
961 1043 988 1069 4.
1019 1032 1106 1070 Plagis
1125 1042 1172 1062 co—

25 1084 31 1148 1
57 1071 177 1139 018181Ιὲ110]Ϊὲ
180 1077 354 1145 {thangmari
367 1130 375 1144 ,
398 1106 420 1135 εὖ
436 1107 543 1145 eiiam]
563 1108 695 1146 significat
705 1107 780 1137 Scire
791 1129 798 1142 ‚
819 1107 875 1137 hoc
887 1107 924 1137 est
935 1107 1097 1143 calliditate,
1111 1117 1171 1146 quae

9 1159 14 1170 ·
71 1148 107 1178 est
117 1147 220 1176 urbana
231 1147 358 1177 scientia:
381 1154 412 1176 ut
421 1148 458 1177 ait
469 1147 587 1177 Nonius.
610 1147 677 1176 Hor.
688 1147 723 1175 de
735 1147 795 1174 Arte
807 1145 881 1175 Poet.
896 1155 960 1183 274.

143 1184 364 1222 Legitimumque
374 1184 472 1214 sonum
484 1186 578 1222 digitis
594 1184 725 1214 callemus
737 1185 762 1213 ἃ
776 1193 849 1213 aure.
944 1183 1085 1213 Callemus
1105 1183 1118 1219 (
1128 1183 1171 1212 in-

0 1220 13 1263 }
73 1222 130 1260 quit
139 1223 284 1256 Perottus)
305 1222 332 1251 h.
350 1232 374 1252 e.
395 1223 504 1252 Scimus
516 1245 523 1258 ‚
545 1223 692 1252 novimus:
715 1222 791 1259 quod
801 1221 867 1251 sicut
877 1231 925 1259 pes
937 1231 971 1251 ex
983 1221 1067 1259 longo
1074 1222 1124 1251 viae
1134 1221 1171 1250 la-

0 1267 10 1299 t
72 1260 137 1291 bore
148 1260 249 1290 callum
261 1261 340 1296 facit,
362 1261 400 1289 ita
415 1270 494 1290 mens
508 1260 591 1296 longa
615 1259 788 1298 experientia
802 1259 869 1288 facit
886 1260 1013 1289 habitum
1030 1260 1170 1297 quendam

0 1299 14 1413 f*
73 1307 162 1328 rerum
172 1299 201 1327 in
211 1298 311 1335 quibus
323 1298 449 1328 versatur.
487 1298 518 1328 V.
541 1298 599 1328 Cic.
614 1297 708 1327 locum
720 1298 750 1326 in
769 1307 786 1326 0
798 1307 816 1326 A
826 1309 842 1326 1.
853 1308 868 1326 r.
879 1309 887 1326 1
897 1308 915 1326 D
927 1308 945 1326 u
954 1308 975 1327 s.

14 1380 21 1396 t

55 1335 146 1367 031100
156 1336 229 1366 11300
239 1346 297 1366 rem
306 1358 315 1372 ‚
336 1346 387 1374 pro
397 1336 449 1365 hac
460 1346 489 1365 re
500 1358 508 1371 ‚
529 1338 641 1366 audtore
651 1336 754 1365 Nonio.
777 1335 845 1364 Pers.
857 1347 882 1370 4.
898 1332 953 1365 Sat.
968 1346 992 1371 ς.

207 1390 245 1396 ——-
259 1374 380 1404 dicenda
391 1396 399 1408 ‚
418 1374 592 1409 tacendaque
604 1373 695 1403 calles.
777 1373 842 1402 Ter.
860 1373 937 1403 ridel.
949 1385 975 1409 4.
991 1383 1014 1402 1.
1028 1381 1070 1409 17.

148 1412 225 1450 Quin
235 1420 263 1442 tu
277 1411 381 1441 otiosus
393 1422 422 1442 es
439 1434 447 1447 ‚
471 1421 524 1449 ego
536 1412 611 1441 illius
622 1411 729 1440 sensum
740 1410 855 1448 pulchre
865 1411 962 1440 calleo.

0 1425 19 1558 {i
47 1449 237 1525 [ἓξὲξ-ἓξὲξ.
276 1450 335 1480 Cic.
348 1460 399 1488 pro
411 1450 493 1480 Corn.
508 1450 584 1480 Balb.
602 1459 645 1487 32.
668 1449 784 1487 Ignosco
799 1449 868 1484 tibi,
890 1449 908 1478 11
919 1458 1011 1486 neque
1022 1447 1172 1478 Poenorum

53 1525 165 1557 Fidibus
175 1536 208 1564 ap
232 1526 300 1555 rime
310 1524 417 1556 callere.
458 1524 538 1563 Apul.
552 1525 654 1555 Florid.
666 1535 694 1563 p.
708 1533 719 1562 3
728 1530 771 1561 58.

5 1567 12 1603 3'
56 1563 160 1595 Callere
170 1565 205 1594 ad
228 1574 294 1594 uum
304 1563 444 1602 quaestum.
467 1563 554 1593 Plaut.
570 1563 655 1598 Truc.
671 1574 695 1599 5.
708 1573 754 1598 40.

55 1602 160 1632 Callere
171 1603 209 1632 in.
237 1602 304 1631 Plin.
322 1601 370 1630 lib.
381 1606 407 1635 8.
420 1611 481 1639 cap.
499 1611 544 1637 25.
568 1601 678 1631 Callent
694 1600 809 1630 enimin
820 1601 876 1630 hoc
886 1601 986 1630 cuneta
995 1598 1133 1629 animalia.

0 1640 12 1687 li
55 1638 178 1676 callere,
198 1650 263 1670 cum
279 1639 425 1669 infinitivo.
447 1640 514 1669 Hor.
527 1650 552 1674 4.
568 1639 658 1669 Carni.
671 1649 698 1674 9.
710 1648 756 1675 49.

0 1711 3 1722 1

0 1748 213 1836 ι’ῦᾼιιωτε.
236 1754 333 1784 Partic.

0 1868 21 1890 1,

0 1913 3 1935 ι

0 1955 3 1974 Ι

0 2061 9 2104 [κ’.

0 2107 7 2121 ,,

0 2143 8 2154 ,.

851 1654 889 1660 —
900 1639 947 1676 qui
959 1638 1078 1668 deorum

245 1675 409 1708 Muneribus
419 1676 555 1716 sapienter
566 1678 607 1706 uti
618 1699 626 1712 ‚

131 1715 290 1753 Duramque
301 1715 383 1745 callet
390 1716 552 1754 pauperiem
566 1716 634 1753 pati.
728 1715 747 1744 i.
759 1724 784 1743 e.
806 1713 952 1752 ingeniose
962 1713 1050 1743 novit.
1072 1714 1171 1743 Acron.

364 1751 412 1790 [εὖ
434 1747 517 1789 tiabit]
547 1763 595 1789 ut,
616 1751 729 1782 Callens
755 1753 935 1782 vaticinandi.
976 1751 1045 1781 Plin.
1066 1751 1171 1781 lib.21.

57 1801 116 1831 cap.
130 1802 174 1827 31.
196 1792 356 1822 Halicacabi
368 1792 491 1821 radicem
502 1791 618 1827 bibunt,
639 1790 760 1827 quisunt
774 1788 1097 1819 vaticinandicallentes.

54 1830 102 1867 Jus
117 1831 201 1860 civile
212 1831 360 1860 callentem
370 1829 534 1859 familiarem
544 1839 638 1859 meum
649 1828 814 1866 adspiciens.
854 1827 925 1858 Gell.
936 1827 984 1858 lib.
999 1831 1041 1857 16.
1053 1828 1171 1866 capgio.

24 1889 25 1901 ,
76 1868 105 1896 V.
128 1869 263 1898 Ammian.
284 1873 325 1898 16.
345 1877 387 1897 12.

22 1914 25 1925 ⁴
55 1905 286 1944 Callenslinguae.
307 1905 379 1936 Gell.
387 1905 434 1935 lib.
449 1914 490 1942 17.
508 1915 569 1944 cap.
583 1915 607 1939 ς.

27 1943 267 1979 Giintsnrssa,
287 1945 353 1974 Adv.
376 1943 456 1981 Apul.
468 1955 494 1979 4.
507 1944 542 1973 de
560 1944 640 1973 Asino
652 1964 660 1979 ‚
682 1953 711 1981 p.
729 1951 790 1978 150.
814 1942 943 1979 Quorum
961 1940 1024 1971 satis
1041 1940 1175 1970 callenter

58 1982 177 2011 curiosos
187 1982 330 2019 adspectus
338 1981 498 2012 Thrasileon
508 1982 598 2011 noster
607 1982 714 2019 impetu
732 1981 838 2011 minaci
849 1980 1007 2017 frequenter
1019 1979 1172 2008 inhibebat.

59 2020 204 2050 Callenter.
228 2020 353 2050 Beroald.
368 2021 396 2048 in
408 2019 448 2049 Pr.
471 2019 659 2049 Comnientar.
680 2019 710 2048 in
721 2019 896 2048 Suetonium.
919 2018 999 2062 Reip.
1015 2017 1175 2047 Bononien-

28 2073 30 2075 >
75 2057 107 2087 113
116 2057 237 2088 habenas
249 2059 304 2094 jam
318 2057 420 2087 multos
427 2067 515 2087 annos
527 2058 599 2087 adeo
609 2056 742 2088 callenter
753 2057 830 2094 regit.
852 2056 898 2085 Sic
911 2057 937 2086 δι
946 2054 1013 2085 alibi
1025 2077 1034 2091 ‚
1054 2064 1107 2084 nec
1124 2055 1176 2084 du-

77 2095 135 2125 bito
145 2118 153 2131 ‚
174 2097 240 2134 quin
250 2107 285 2126 ex
294 2096 387 2133 aliquo
396 2096 481 2125 veteri
500 2095 632 2134 scriptore
646 2095 747 2124 habeat
759 2117 766 2130 ‚
787 2101 818 2124 ut
836 2094 906 2132 saepe
918 2093 1019 2123 talibus
1038 2093 1125 2122 utitur
1139 2102 1175 2122 ex

76 2134 167 2171 aliquo
176 2135 283 2164 vetusto
298 2134 432 2171 scriptore
442 2133 565 2172 sumptis.
602 2134 648 2163 Sic
662 2133 797 2162 Rarenter
808 2133 900 2161 dicere
911 2153 919 2167 ,
941 2141 1023 2169 quam
1033 2130 1104 2160 Raro
1119 2140 1175 2160 ma-

0 2166 23 2202 ·-i
77 2172 153 2207 vult,
174 2173 316 2209 quomodo
327 2172 495 2202 Eminenter.
519 2171 554 2201 H.
568 2172 607 2202 St.
629 2171 699 2201 Vere
719 2170 883 2205 conjectasse
903 2169 1056 2199 Henricum
1075 2178 1111 2198 ex
1128 2169 1176 2198 ad-

20 2231 23 2238 .
76 2209 174 2248 scripto
186 2210 249 2240 loco
262 2211 362 2248 lippul.
374 2216 505 2248 apparet,
526 2210 615 2246 quiin
630 2209 718 2247 Lugd.
730 2208 942 2238 desiderabatur.

0 2250 9 2275 '.
26 2247 74 2278 CA
82 2259 121 2277 LL
131 2259 140 2276 ι
150 2258 162 2277 3
171 2257 189 2277 0
198 2258 211 2277 s
221 2259 236 2277 R
247 2259 275 2283 o,
285 2251 338 2278 ere.
355 2248 478 2277 Verbum
487 2249 632 2286 antiquum
642 2269 650 2283 ,
665 2248 744 2277 ldern
759 2247 835 2284 quod
846 2245 1173 2275 Calleo.Nonius.2.162.

0 2285 11 2316 Ξῖ
60 2285 248 2322 Calliscerunt‚
270 2297 321 2324 pro
334 2285 542 2316 Occalluerunt.

0 2329 21 2353 ’.ι’
58 2323 187 2354 liscerunt
196 2325 231 2354 ad
240 2325 363 2361 injurias.
404 2323 580 2353 Obsoletum.

3 2390 9 2394 .
19 2362 163 2399 jCALLio
174 2373 191 2391 υ
200 2373 212 2392 s
223 2384 231 2398 ‚
252 2374 268 2393 a
281 2385 289 2397 ,
314 2372 371 2392 um.
394 2359 585 2399 [mrigyssu]
606 2362 668 2397 Adj.
691 2361 792 2391 dicitur
804 2361 861 2397 Qui
872 2360 975 2389 callum
986 2359 1033 2388 sibi
1046 2358 1095 2388 usu
1111 2358 1176 2388 artis

0 2409 4 2415 ’
20 2403 21 2408 ’
59 2400 213 2435 induxerit,
234 2402 346 2431 3061010
364 2399 484 2430 Donato.
525 2399 583 2429 Cic.
596 2410 625 2435 4.
646 2399 729 2429 Acad.
741 2409 786 2435 94.
809 2399 866 2436 Ego
890 2399 966 2427 enim
977 2419 985 2432 ,
1009 2404 1040 2426 ut
1061 2397 1178 2433 agitator

583 2286 653 2315 Cato
668 2286 703 2314 de
712 2285 778 2314 Bell.
791 2284 917 2321 Carthag.
942 2285 1027 2313 Aures
1041 2282 1124 2312 nobis
1132 2292 1175 2312 ca-

621 2323 726 2360 [Forte
734 2322 910 2352 Callisserunt
920 2321 1081 2359 legendum.

59 2438 193 2473 callidus⁷
212 2440 301 2477 ‘prius
325 2448 407 2477 quam
431 2438 466 2467 ad
494 2437 580 2467 finem
601 2437 730 2474 veniam,
762 2445 849 2474 equos
872 2435 1019 2466 sustinebo.
1050 2435 1176 2464 Ovid.⁶.

0 2477 37 2518 :T-
49 2476 126 2521 xMet.
140 2482 202 2513 576.

0 2537 21 2584 51
61 2551 180 2582 Callidus
192 2555 218 2582 ok
231 2552 351 2581 Demens
361 2574 369 2587 ‚
390 2552 534 2581 contraria.
575 2552 672 2590 Nepos
682 2563 708 2588 4.
721 2560 745 2588 3.
758 2561 782 2580 1.

135 2515 258 2544 Stamina
267 2513 407 2543 barbarica
415 2511 555 2551 suspendit
562 2513 662 2543 callida
672 2513 735 2543 tela.
892 2531 895 2535 -

804 2550 872 2580 Non
884 2549 986 2580 callida
992 2547 1040 2578 sed
1051 2548 1178 2579 dementi

78 2590 182 2620 ratione
191 2591 311 2625 cogitata
322 2589 462 2627 patefecit.

0 2604 21 2681 ft]
61 2627 165 2658 Stultus
177 2629 202 2658 St
212 2626 335 2658 Callidus
348 2649 356 2662 .
378 2627 523 2657 contraria.
545 2627 631 2657 Ovid.
642 2637 667 2657 2.
679 2626 760 2657 Trist.
774 2636 837 2663 500.

148 2666 291 2702 Verbaque
302 2666 348 2694 dat
358 2665 439 2695 stulto
452 2664 552 2694 callida
563 2673 650 2703 nupta
663 2667 732 2694 viro.

0 2709 5 2732 ‚⁴
59 2703 132 2734 Inter
143 2703 286 2733 Versutuni
299 2705 323 2733 &
334 2703 483 2733 Callidum.
522 2703 571 2732 Cic
593 2713 616 2738 3.
630 2704 665 2732 de
676 2704 739 2733 Nat.
751 2702 836 2733 Deor.
847 2712 893 2738 25.
915 2701 1009 2732 Homo
1021 2702 1077 2731 11110
1090 2701 1178 2731 dubio

0 2783 5 2807 i
16 2798 17 2807 1

78 2741 198 2772 versutus
211 2744 236 2771 ἃ
245 2742 373 2772 callidus.
412 2740 540 2770 Versutos
550 2751 598 2770 eos
608 2741 721 2779 appello
732 2764 740 2776 ‚
761 2750 879 2778 quorum
892 2740 1018 2769 celeriter
1029 2750 1108 2769 mens
1119 2749 1180 2768 ver-

77 2779 155 2810 satur.
168 2779 316 2847 ll(Djotillidor‚
326 2786 434 2815 autem,
455 2789 573 2817 quorum
583 2786 715 2816 tanquam
728 2789 827 2810 manus
839 2788 924 2817 opere
938 2799 946 2814 ‚
966 2778 1002 2807 sic
1013 2778 1121 2807 animus
1131 2777 1179 2807 usu

16 2831 21 2863 h]
81 2827 166 2846 conca
190 2828 216 2847 ui
234 2841 239 2847 .

0 2863 21 2907 fl
55 2855 180 2885 Callidus
190 2863 356 2894 temporum.
396 2854 486 2884 Tacit.
501 2865 528 2889 4.
547 2854 615 2883 1100.
629 2864 672 2891 3³-
694 2855 779 2893 Igitur
788 2861 819 2885 ut
827 2854 898 2883 olim
910 2853 992 2890 plebe
1005 2853 1114 2888 valida,
1133 2853 1180 2883 vel

17 2905 21 2914 .
79 2903 163 2930 quum
173 2900 263 2930 patres
272 2892 412 2931 pollerent
421 2915 431 2928 ‚
451 2891 590 2922 noscenda
599 2893 674 2931 vulgi
687 2899 783 2922 natura
796 2915 803 2927 .
826 2894 851 2922 ἂν
861 2893 962 2929 quibus
971 2892 1062 2921 modis
1073 2899 1180 2929 tempe-

79 2938 167 2960 ranter
177 2931 338 2962 haberetur,
362 2931 530 2968 Senatusque
543 2932 569 2960 &
580 2931 758 2969 optimatium
770 2931 883 2968 ingenia
898 2931 945 2967 qui
955 2930 1076 2960 maxime
1087 2930 1180 2968 perdi-

0 2931 7 3029 }
80 2969 220 3004 dicerant‚
241 2969 334 2999 callidi
344 2975 503 3006 temporum
513 2970 539 2998 Sc
554 2969 691 3006 sapientes
701 2969 887 2999 credebantur
898 2990 906 3002 ‚
925 2969 978 2997 ἃς,

4 3019 20 3052 1

62 3007 182 3037 Callidus
192 3029 200 3042 ,
221 3009 247 3037 St
259 3007 386 3044 tegendis
398 3007 544 3036 sceleribus
554 3006 694 3037 obscurus.
715 3006 806 3037 Tacit.
816 3011 842 3036 6.
858 3008 927 3035 Ann.
940 3015 986 3041 24.

19 3070 20 3073 ,
63 3044 182 3074 Callidus
191 3046 297 3075 amicus
305 3045 495 3074 accendendis
509 3042 719 3075 offensionibus.
741 3044 832 3074 Tacit.
846 3054 872 3074 2.
889 3044 960 3074 Anii.
981 3052 1024 3080 57.

0 3082 21 3109 l.)
62 3083 102 3112 Ad
113 3083 251 3120 quaestum.
274 3082 359 3113 Plaut.
370 3083 454 3112 Truc.
471 3092 496 3112 2.
508 3093 535 3119 4.
548 3088 593 3113 62.

0 3124 21 3150 -l
45 3121 104 3150 ‘Ad
113 3130 178 3150 rem·
201 3121 378 3158 Plaiit.Epid.
397 3130 421 3157 3.
435 3129 516 3157 3.47.

16 3157 21 3185 1
60 3154 103 3188 ‘Ad
111 3159 243 3189 fraudem.
283 3159 342 3188 Cic.
354 3169 404 3197 pro
415 3158 526 3188 Cluent-
542 3165 603 3195 183.
627 3159 714 3196 Quod
728 3164 775 3188 aut
789 3157 818 3186 hi
830 3157 877 3195 qui
891 3158 926 3188 ad
943 3155 1069 3187 fraudem
1087 3154 1181 3185 callidi

0 3204 2 3215 ¹
19 3207 21 3210 ·
80 3196 156 3230 sunt,
178 3206 234 3226 nori
247 3203 355 3226 tantum
368 3198 489 3230 audent,
510 3203 644 3231 quantum
654 3198 824 3234 excogitant.

3 3253 5 3257 ι
19 3227 20 3264 J
63 3233 95 3264 In
106 3234 271 3272 disputando
281 3234 407 3264 callidus.

429 3235 547 3272 Quintil.
561 3236 609 3264 lib.
627 3245 670 3265 12.
682 3245 743 3274 cap.
757 3243 783 3264 2.

0 3268 21 3304 ¹¹}
62 3270 115 3302 Usu
128 3272 253 3302 callidus.
278 3272 364 3302 Ovid.
376 3282 421 3302 20.
437 3273 573 3310 ΕρίΙὶ.2ς.

15 3315 21 3368 ³⁵
65 3334 70 3338 .
152 3310 217 3340 Non
228 3320 279 3345 ego
292 3317 388 3340 natura
399 3332 407 3346 ,
427 3320 480 3340 nec
491 3310 552 3341 sum
561 3318 618 3341 tam
633 3309 752 3340 callidus
762 3307 821 3339 usu.

15 3362 17 3394 j
64 3347 182 3378 Adulter.
205 3346 290 3378 Ovid.
305 3359 328 3377 1.
345 3351 434 3378 Amor.
449 3359 491 3377 10.
503 3360 530 3384 4.

58 3424 221 3458 ,Artificiunn
261 3424 320 3454 Cic.
333 3434 356 3453 x.
373 3423 455 3454 Tusc.
467 3434 512 3461 47.

64 3386 144 3415 linior
154 3386 277 3416 callidus.
301 3387 385 3416 Ovid.
402 3396 425 3415 1.
438 3387 530 3416 Amor.
541 3396 567 3416 2.
579 3389 605 3416 6.

545 3425 715 3462 Quanquam
735 3422 872 3452 foramina
891 3421 938 3451 1113
954 3431 1014 3459 quae
1030 3429 1129 3460 patent
1147 3422 1183 3453 ad

81 3463 202 3491 animum
215 3473 230 3492 a
242 3472 358 3500 corpore
371 3462 546 3492 callidissimo
561 3462 677 3493 artificio
689 3468 786 3492 natura
795 3461 928 3490 fabricata
941 3460 988 3489 est.

64 3499 145 3529 Astus.
167 3500 230 3530 Seri.
241 3500 266 3530 T
268 3501 344 3530 road.
358 3505 384 3530 6.

15 3554 16 3557 =
64 3537 176 3576 Auceps.
199 3538 282 3567 Ovid.
297 3548 338 3567 11.
357 3538 426 3568 Met.
441 3547 484 3576 73.

19 3596 21 3610 2
66 3574 222 3605 Consilium.
264 3576 320 3605 Cic.
337 3586 378 3609 ις.
394 3577 446 3606 [itt.
461 3581 485 3606 6.
509 3576 549 3606 Ita
560 3586 609 3614 per
621 3581 649 3606 te
659 3580 807 3608 exoretur.
829 3583 864 3603 ne
877 3573 953 3610 quod
969 3572 1096 3602 callidius
1109 3574 1184 3604 ineat

20 3615 21 3620 ¹
83 3613 234 3643 confilium.
275 3614 326 3643 Alii
338 3613 462 3644 Calidius
478 3637 486 3649 ‚
507 3615 666 3651 θερμιάπςον,
689 3613 764 3651 quod
782 3613 875 3651 piacet
888 3611 989 3641 Victor.
1011 3611 1099 3642 Ursin.
1114 3611 1186 3651 Pop-

20 3675 21 3678 ,
84 3659 134 3680 ma:
146 3653 196 3681 840.
236 3651 268 3681 V.
292 3652 364 3681 infra
378 3652 491 3684 Calidus
504 3674 512 3688 ‚
533 3653 563 3681 in
584 3662 629 3682 cA
639 3662 680 3681 Lo
690 3662 715 3681 a.

20 3691 21 3694 ’
66 3685 192 3718 Fraudes.
213 3690 276 3718 Sen.
290 3689 405 3728 Hippoi.
418 3701 445 3726 4.

20 3725 21 3756 1
66 3725 162 3760 Judex.
184 3727 249 3756 Hor.
260 3737 285 3756 2.
301 3728 387 3757 Serm.
400 3737 424 3765 7.
442 3738 503 3757 roi.

20 3766 21 3789 l
66 3763 196 3800 Junctura
207 3787 215 3799 ,
237 3767 336 3802 Arguta
346 3766 522 3804 compositio.
545 3765 614 3795 Hor.
624 3764 653 3794 in
666 3766 726 3795 Arte
737 3762 811 3794 l‘oet.
824 3773 869 3801 47.

137 3802 266 3832 ⁷2Dixeris
278 3804 403 3841 egregie,
425 3811 524 3833 notum
537 3804 555 3833 si
567 3803 668 3833 callida
679 3803 794 3833 verbum

159 3840 321 3870 Reddiderit
329 3842 457 3877 ι10061013
468 3852 582 3871 novum.

20 3895 21 3918 3
66 3875 268 3907 Liberalitatem
278 3879 408 3909 callidam
417 3902 424 3915 ‚
446 3890 495 3917 pro
505 3880 635 3910 insidiosa
650 3881 677 3910 &
689 3878 842 3918 captatoria
854 3876 925 3907 dixit
940 3876 1036 3915 Nepos
1046 3884 1091 3913 ας.
1104 3886 1114 3906 r
1123 3885 1146 3907 1.
1160 3885 1184 3913 3.

20 3925 21 3934 ¹
66 3915 146 3945 Lena.
168 3915 264 3945 Tibul.
276 3916 324 3946 lib.
340 3927 363 3946 r.
377 3927 401 3951 ς.
413 3923 459 3954 48.

19 3970 21 4025 >
68 3953 255 3984 Mendacium.
277 3954 361 3985 Plaut.
377 3954 457 3986 Most.
473 3964 498 3993 3.
513 3965 536 3985 1.
554 3957 614 3992 136.

107 3991 187 4021 Voi..
230 3991 247 4022 1.

1629 125 1658 160 C
1757 128 1781 161 A

1259 204 1347 235 Modo
1360 206 1509 236 callitliote.
1535 206 1635 237 Lucan.
1649 207 1683 235 ad
1698 207 1782 237 Pison.
1800 214 1858 241 180.

1257 243 1356 273 Navita
1365 245 1489 273 callidus.
1514 245 1578 274 Hor.
1591 254 1614 280 3.
1634 247 1834 282 Carni.24.4o.

1352 282 1472 310 Vincunt
1484 293 1591 319 zrquora
1603 284 1710 312 naviuin

1258 317 1304 346 Vir
1319 319 1436 348 callidus
1448 341 1455 353 .
1480 321 1495 348 i.
1515 330 1538 348 e.
1562 320 1618 356 Qui
1630 321 1743 349 consilio
1760 320 1856 357 pollet.
1878 321 1974 359 Nepos
1990 331 2031 355 14.
2048 331 2089 350 10.
2105 331 2127 350 1.

1260 355 1384 385 Callidus
1406 357 1441 385 dc
1458 367 1485 385 rc
1501 358 1621 386 inanima
1635 379 1641 391 ,
1662 367 1727 387 0001
1745 359 1845 387 infinit.
1870 359 1936 388 Hor.
1950 368 1974 396 3.
1991 360 2081 388 Carm.
2099 369 2140 388 11.
2156 369 2182 395 4.

1339 394 1440 430 Tuque
1453 416 1461 428 ‚
1484 395 1591 423 testudo
1605 417 1612 429 ‚
1636 395 1760 425 resonare
1775 396 1879 434 septem

1455 431 1561 461 Callida
1575 434 1674 461 nervis.

1260 468 1388 510 Compar.
1428 467 1556 499 Tacit.2.
1578 469 1645 499 Hist.
1659 479 1701 505 31.
1715 475 1740 500 6.
1763 471 1853 501 Nemo
1878 480 1910 500 ea
1926 471 2087 510 tempestate
2105 470 2230 501 callidior
2251 472 2288 501 rei
2309 472 2381 502 mili.

1279 512 1352 533 taris.

1239 581 1246 589 Ἰ
1260 541 1369 579 Superl.
1391 541 1529 572 Columel.
1544 543 1592 572 lib.
1603 552 1629 573 2.
1643 553 1702 581 cap.
1717 554 1742 575 2.
1765 545 1959 575 Callidissimus
1969 556 2059 576 reruni
2069 546 2237 576 rusticarum.

1224 581 1274 626 CA
1285 590 1324 608 Li.
1335 590 1343 607 r
1355 589 1372 606 n
1384 589 1401 607 υ
1412 589 1453 608 tu
1464 590 1475 608 s
1487 601 1495 615 ,
1518 590 1548 614 a,
1569 591 1626 625 uin.
1649 582 1748 612 dimin.
1771 590 1801 613 ut
1812 605 1819 618 ,
1842 584 1923 613 Fraus
1938 584 2075 614 callidula.
2099 585 2198 613 Arnob.
2214 585 2290 614 lib.2.
2303 594 2380 622 poi.

1225 618 1247 646 L
1258 627 1326 659 Aut
1338 625 1398 644 103
1409 639 1417 650 ,
1440 617 1692 660 Λ(1ν.,[πανεξρως,
1719 619 1818 656 amar]
1839 621 1897 651 Cic.
1911 631 1936 651 2.
1956 622 1990 651 de
2006 622 2063 652 Fin.
2108 622 2162 651 Sed
2178 623 2271 652 omnia
2281 623 2382 652 callide

1262 656 1427 683 relerenteni
1440 654 1474 682 ad
1484 655 1641 685 utilitatem.

1261 691 1378 733 Accessit
1393 691 1501 721 tallide.
1547 692 1605 735 Cic.
1619 703 1668 730 pro
1686 694 1772 724 Flacc.
1791 704 1817 725 2.
1854 696 1929 727 Bene
1948 697 2043 726 testem
2062 698 2258 734 interrogavit,
2280 697 2382 727 callide

1281 729 1407 762 accessit,
1429 729 1617 766 reprehendit.

1262 766 1370 796 Cailide
1382 767 1483 809 dicere.
1523 767 1582 796 Cic.
1600 768 1628 811 iri
1639 767 1715 797 Orat.
1728 774 1771 803 98.
1795 770 1851 807 Qui
1862 770 1889 799 in
1902 771 1949 799 illo
1960 771 2052 800 subtili
2071 773 2096 802 δι
2116 780 2197 802 acuto
2210 771 2381 809 elaboravit,

1282 811 1313 833 ut
1326 803 1427 847 callide
1438 805 1719 848 arguteque-diceret,
1742 816 1795 835 nec
1812 809 1958 845 quicquain
1971 809 2053 838 altius
2066 811 2208 846 cogitaret.

1263 842 1373 885 Callide
1385 843 1409 871 δι
1421 848 1519 885 perite.
1561 842 1619 872 Cic.
1636 853 1658 871 1.
1671 843 1706 872 de
1716 844 1790 872 Orat.
1805 851 1850 879 48.
1877 846 1907 875 ln
1920 847 1961 875 his
1976 847 2037 884 ipsis
2050 847 2128 876 rebus
2141 847 2201 877 satis
2213 848 2314 878 callide
2326 858 2383 877 ver-

1283 880 1332 909 sari
1344 881 1369 909 6<
1382 886 1469 917 perite
1481 880 1577 916 potest.
1618 880 1648 909 V.
1673 880 1755 909 Plaut.
1768 882 1835 911 11110.
1847 891 1873 911 2.
1886 893 1910 912 2.
1924 891 1968 917 82.
1992 885 2089 921 l'ers.4.
2107 895 2131 914 1.
2146 894 2172 922 7.
2196 887 2222 915 δε
2233 886 2296 916 Ter.
2311 887 2379 916 And.

1286 927 1311 947 1.
1325 926 1350 946 2.
1363 926 1407 953 27.
1431 917 1501 954 Nep.
1518 927 1558 951 14.
1574 922 1635 952 8.4.
1658 920 1684 948 Sc
1699 918 1788 947 Tacit.
1801 923 1825 948 6.
1841 921 1909 950 Anii.
1923 930 1965 957 37.

1227 955 1276 985 CA
1287 965 1371 984 0010
1382 966 1390 983 ι
1401 964 1421 983 T
1431 965 1449 983 A
1459 965 1470 984 s
1483 976 1491 989 ‚
1512 955 1572 998 atis.
1595 955 1613 984 f.
1636 957 1831 999 [πζινδξγηκφ]
1853 958 1962 988 Astutia.
2003 960 2060 988 Cic.
2083 960 2119 989 de
2132 960 2226 998 llrusp.
2240 960 2320 998 Resp.
2342 971 2383 996 19.

1265 993 1358 1030 Quam
1368 992 1497 1021 volumus
1510 992 1576 1022 licet
1597 1003 1619 1021 P.
1636 1003 1661 1022 0.
1684 996 1731 1030 ipli
1746 1003 1796 1022 nos
1809 1004 1950 1025 amenius:
1982 1001 2075 1026 tamen
2090 1007 2143 1027 nec
2160 1008 2275 1028 numero
2289 998 2385 1036 Hispa-

1263 1040 1333 1065 nos,
1355 1040 1407 1059 nec
1423 1030 1522 1059 robore
1536 1029 1631 1060 Gallos
1642 1053 1650 1065 ⁷
1675 1040 1728 1060 nec
1742 1031 1894 1061 calliditate
1916 1034 2015 1063 Poenos
2027 1056 2034 1069 ,
2057 1044 2108 1063 000
2127 1036 2230 1066 artibus
2253 1037 2363 1066 Gra‘cos

1264 1078 1317 1098 nec
1328 1068 1450 1111 denique
1462 1070 1542 1111 ..δια
1564 1067 1762 1105 superavimus.
1804 1069 1861 1099 Cic.
1878 1081 1901 1099 1.
1917 1070 1975 1100 Off.
1993 1076 2037 1107 63.
2065 1072 2188 1102 Scientia
2208 1083 2266 1110 quse
2289 1074 2326 1103 est
2345 1058 2386 1103 re:

1264 1112 1340 1136 mota
1351 1106 1386 1135 ab
1397 1106 1498 1141 Justitia
1510 1128 1518 1141 ‚
1539 1106 1675 1135 calliditas
1686 1107 1779 1144 potius
1789 1128 1797 1141 ‚
1817 1117 1899 1145 quani
1911 1109 2042 1146 sapientia
2053 1110 2091 1139 est
2101 1111 2275 1147 appellanda.

1266 1143 1450 1178 Calliditates‚
1463 1143 1500 1180 pl.
1523 1153 1574 1181 pro
1585 1143 1744 1174 Fraudibus.
1759 1145 1824 1174 Ter.
1836 1145 1935 1175 Heaut.
1951 1155 1974 1182 ς.
1989 1156 2011 1176 1.
2027 1149 2147 1183 114801νί
2158 1158 2258 1178 venere
2271 1150 2298 1178 in
2309 1158 2387 1179 men-

1282 1188 1339 1211 tem
1354 1182 1414 1219 Syri
1426 1181 1602 1211 calliditates.
1924 1190 1933 1201 ·

1265 1219 1393 1249 Occulta.
1416 1219 1537 1255 Quintil.
1548 1219 1597 1248 lib.
1610 1228 1635 1249 2.
1651 1228 1712 1258 cap.
1727 1230 1749 1255 ς.

1265 1258 1293 1287 Ο
1312 1258 1381 1287 mira
1392 1257 1543 1287 calliditate
1556 1257 1664 1286 virum!
1687 1257 1770 1287 Ovid.
1789 1261 1832 1288 16.
1847 1257 1930 1296 Epist.
1946 1268 2008 1295 300.

1264 1295 1365 1363 Stulta]
1364 1295 1518 1331 calliditas,
1539 1295 1664 1333 perverse
1675 1296 1781 1326 imitata
1800 1297 1988 1334 prudentiam.
2033 1297 2092 1328 cic.
2107 1306 2130 1335 3.
2146 1297 2203 1328 Off.
2221 1307 2281 1336 113.
2312 1298 2389 1329 vide-

1285 1339 1330 1362 tur
1368 1343 1385 1362 x
1407 1343 1514 1362 moron.

1266 1343 1513 1400 Laedicalyiiditate.
1537 1370 1620 1400 Ovid.
1639 1380 1682 1400 2ο.
1700 1371 1782 1409 Epist.
1801 1375 1863 1402 126.

1266 1409 1374 1447 Rapere
1384 1409 1543 1438 calliditate.
1566 1418 1615 1446 pro
1630 1408 1747 1439 Callide.
1772 1410 1890 1439 Martial.
1903 1410 1950 1440 lib.
1966 1420 2008 1440 Π.
2026 1421 2068 1446 ςο.

1360 1447 1444 1477 Nulla
1454 1447 1491 1476 est
1502 1447 1566 1475 hora
1578 1447 1629 1475 tibi
1640 1468 1648 1481 ‚
1670 1457 1723 1483 qua
1734 1457 1790 1476 non
1803 1458 1849 1477 me
1859 1470 1866 1484 ‚
1887 1448 1993 1486 Phylli,
2014 1449 2154 1479 furentem

1235 1512 1237 1514 μ
1398 1485 1562 1522 Despolies:
1585 1490 1663 1513 tanta
1675 1484 1828 1515 calliditate
1839 1486 1920 1523 rapis.

1233 1528 1256 1558 C
1269 1532 1394 1558 Attis.
1417 1524 1447 1552 is.
1469 1533 1492 1552 c.
1515 1519 1663 1558 [reiC&·]
1684 1522 1817 1559 significat
1836 1524 1969 1553 Semitam
1981 1546 1989 1559 ‚
2010 1524 2097 1554 veluti
2112 1523 2184 1554 callo
2200 1523 2304 1561 pedum
2322 1534 2391 1562 prar-

1266 1561 1402 1591 duratam.
1425 1560 1510 1590 Masc.
1528 1569 1552 1598 g.
1574 1560 1755 1597 frequentius.
1772 1561 1842 1599 Virg.
1855 1573 1881 1597 4.
1893 1562 1956 1592 AEn.
1969 1573 2035 1599 405.
2373 1567 2376 1570 '

1462 1615 1499 1619 —
1510 1598 1688 1636 praedamque
1698 1607 1746 1636 per
1755 1598 1853 1629 herbas

1347 1636 1521 1665 Convet‘lzant
1530 1635 1601 1666 calle
1616 1637 1740 1674 angustO.
1821 1637 1876 1666 Ubi
1888 1637 2006 1672 Servius,
2027 1636 2158 1666 Callisest
2167 1636 2263 1666 semita
2273 1637 2393 1673 tenuior,

1267 1674 1340 1704 03110
1351 1683 1482 1711 pecorum
1493 1674 1655 1712 praedurata.
1696 1674 1755 1704 Cic.
1767 1684 1818 1713 pro
1829 1676 1904 1706 Sext.
1919 1684 1960 1705 12.
1983 1674 2069 1705 Italiae
2080 1675 2164 1705 calles
2176 1697 2184 1711 ‚
2207 1677 2235 1706 &
2253 1675 2393 1714 pastorum

1268 1712 1372 1742 stabula
1382 1711 1512 1750 praeclara
1520 1711 1637 1749 cepisset
1649 1713 1702 1742 διο.

1268 1750 1362 1788 ignoti
1377 1750 1470 1779 calles.
1494 1750 1570 1780 Curt.
1583 1760 1609 1786 4.
1624 1752 1667 1780 16.

1269 1788 1444 1818 Inviicalies.
1466 1788 1542 1817 Curt.
1561 1799 1585 1823 ς.
1599 1791 1625 1818 6.

1269 1826 1394 1856 Occulti.
1419 1826 1491 1863 Vii-g.
1505 1836 1530 1861 9.
1543 1826 1606 1857 1110.
1619 1825 1681 1863 38ξ.

1270 1865 1384 1894 Secreti.
1406 1863 1481 1901 Virg.
1493 1867 1518 1893 6.
1530 1864 1593 1894 AEn.
1609 1873 1673 1900 443.

1271 1902 1413 1932 Silvestres
1423 1902 1516 1931 calles.
1536 1902 1615 1931 Curt.
1635 1913 1657 1936 ς.
1671 1912 1698 1938 4.

1271 1941 1390 1978 Surgens
1403 1939 1489 1969 callis.
1527 1939 1596 1969 Pers.
1611 1949 1634 1976 3.
1649 1940 1703 1969 Sat.
1718 1948 1761 1977 57.

1329 1979 1496 2016 Surgentem
1506 1977 1605 2007 dextro
1617 1979 1778 2007 monstravit
1788 1976 1878 2008 limite
1888 1977 1998 2007 callem.
2058 1976 2102 2007 De
2119 1977 2211 2007 littera
2224 1977 2395 2015 Pythagorae.

1272 2015 1419 2046 Feminino
1428 2025 1529 2053 genere
1540 2015 1602 2045 usus
1612 2016 1649 2045 est
1664 2015 1756 2045 Livius
1772 2025 1816 2045 22.
1833 2026 1875 2053 ¹4·
1899 2016 2033 2045 Pecorum
2046 2016 2132 2045 niodo
2141 2025 2190 2053 per
2199 2016 2304 2045 aestivos
2314 2015 2397 2045 saltus

1291 2054 1440 2091 deviasque
1449 2053 1532 2083 calles
1543 2055 1698 2083 exercitum
1707 2053 1845 2083 ducimus.
1885 2053 1964 2083 idem
1975 2054 2011 2083 lic
2019 2054 2178 2091 frequenter
2188 2064 2196 2089 ς
2218 2053 2294 2091 quod
2305 2056 2330 2083 ὃς
2340 2054 2398 2083 No-

1293 2093 1357 2122 nius
1391 2115 1397 2121 .
1412 2095 1456 2127 46.
1470 2092 1586 2121 notavit.

1269 2102 1383 2165 Galles}
1404 2130 1547 2159 Provincia
1557 2128 1722 2159 Consulibus
1735 2128 1803 2158 olirn
1814 2128 1977 2158 demandari
1989 2128 2078 2159 solita.
2118 2128 2220 2158 Scribit
2233 2128 2309 2158 enim
2319 2128 2396 2159 Suet.

1291 2169 1321 2197 in
1334 2169 1393 2198 Vita
1405 2168 1471 2202 ¹Iulii
1483 2167 1547 2197 Caes.
1561 2177 1602 2202 19.
1624 2168 1782 2205 provincias
1793 2167 1903 2196 minimi
1914 2168 2020 2205 negotii
2031 2167 2109 2196 silvas
2126 2168 2153 2196 &
2176 2166 2260 2196 calles
2275 2167 2399 2197 decretas

1291 2206 1468 2236 Consulibus.
1511 2205 1592 2235 Silvae
1607 2211 1700 2234 autern
1710 2205 1761 2234 illie
1773 2206 1799 2234 ἃ
1811 2204 1894 2234 calles
1903 2205 1959 2234 fere
1971 2206 2001 2234 in
2012 2205 2111 2243 Apulia
2120 2227 2128 2240 ,
2149 2205 2176 2235 Sc
2193 2204 2241 2234 illo
2253 2203 2339 2234 Italiae
2348 2212 2401 2235 tra-

1293 2246 1338 2275 Ctu
1352 2251 1440 2274 erant.
1482 2243 1572 2274 Tacit.
1585 2253 1612 2279 4.
1627 2244 1697 2272 Λο0.
1713 2252 1757 2279 27.
1780 2243 1813 2272 Et
1823 2243 1918 2273 eratin
1931 2243 2028 2272 iisdem
2045 2243 2205 2280 regionibus
2220 2242 2331 2272 Curtius
2347 2243 2399 2272 Lu-

1292 2293 1346 2321 pus
1355 2283 1487 2319 00301101,
1506 2282 1551 2311 001
1560 2281 1721 2319 provincia,
1743 2287 1837 2310 vetere
1847 2290 1882 2310 ex
1893 2291 1985 2315 more,
2009 2281 2093 2310 calles
2102 2287 2244 2310 evenerat.
2275 2280 2397 2311 Gallium

1293 2328 1387 2350 autem
1397 2321 1512 2349 nomine
1523 2342 1531 2355 ‚
1552 2319 1677 2349 Saltuuni
1689 2319 1959 2348 administrationem
1971 2318 2113 2356 significari
2124 2318 2252 2348 existimo
2264 2340 2272 2353 ‚
2293 2319 2322 2347 in
2341 2319 2401 2356 qui.

1293 2359 1344 2388 bus
1354 2358 1465 2397 professi
1474 2358 1584 2396 pecoris
1593 2357 1633 2386 sui
1642 2358 1733 2395 capita
1743 2358 1868 2394 pecuarii
1886 2357 2052 2395 pascebant,
2074 2356 2291 2394 scripturamque
2313 2356 2400 2386 solve-

1293 2397 1369 2426 bant.
1411 2397 1483 2426 Nam
1496 2395 1579 2425 Callis
1590 2404 1624 2425 ex
1635 2405 1669 2424 eo
1677 2394 1833 2432 appellatur
1843 2417 1850 2430 ‚
1872 2396 1947 2432 quod
1960 2394 2101 2432 pecudum
2116 2394 2188 2424 callo
2199 2394 2329 2430 calcetur,
2351 2395 2401 2424 est-

1312 2445 1348 2465 00
1358 2434 1406 2465 Via
1415 2444 1430 2464 a
1441 2443 1544 2473 pecore
1553 2434 1666 2463 durata:
1689 2434 1737 2462 sed
1750 2435 1775 2463 ἃ
1788 2433 1861 2462 Loca
1870 2442 1929 2470 quae
1941 2433 2065 2470 pecudes
2081 2432 2199 2462 calcant.
2241 2432 2323 2461 Varro
2335 2455 2342 2465 .
2364 2433 2401 2462 de

1293 2445 1327 2503 111.
1339 2473 1371 2503 R.
1386 2482 1411 2502 2.
1427 2483 1468 2502 10.
1480 2482 1521 2510 pr.
1544 2471 1578 2501 Et
1588 2471 1717 2508 utrosque
1729 2492 1738 2505 ‚
1761 2472 1854 2509 inquit
1866 2493 1874 2506 ‚
1891 2471 1993 2500 horum
2007 2470 2144 2500 firmiores
2154 2493 2162 2505 ,
2183 2470 2230 2507 qui
2245 2470 2273 2498 in
2285 2470 2402 2500 callibus

1294 2511 1453 2546 versentur,
1478 2519 1559 2547 quam
1571 2519 1619 2539 eos
1648 2510 1715 2538 01111
1730 2509 1819 2539 fundo
1838 2509 1966 2546 quotidie
1983 2509 2020 2538 ad
2033 2508 2130 2539 villam
2140 2508 2264 2538 redeant.
2277 2508 2401 2539 Turneb.

1295 2550 1363 2579 Adv.
1379 2558 1458 2585 3.22.
1485 2547 1559 2578 conf.
1575 2547 1626 2577 Piti
1639 2557 1662 2576 c.
1675 2546 1740 2576 Lex.

1276 2587 1423 2625 Oppidum
1443 2586 1562 2615 Umbriae
1583 2585 1666 2621 hujus
1686 2585 1809 2614 nominis
1823 2584 1908 2614 etiarn
1919 2584 1973 2614 fuit
1983 2584 2018 2613 ad
2029 2584 2103 2614 viam
2113 2583 2279 2614 Flaminiam
2290 2606 2298 2620 ‚
2319 2583 2406 2614 hodie

1295 2627 1377 2661 Cagli.
1419 2624 1449 2653 V.
1473 2624 1560 2653 Graev.
1572 2624 1608 2653 ad
1620 2623 1677 2652 Cic.
1692 2628 1718 2656 8.
1737 2624 1790 2652 Att.
1804 2633 1829 2658 9.
1842 2633 1870 2660 p.
1886 2628 1950 2659 780.

1239 2665 1330 2699 CAto‚
1341 2664 1432 2699 [καλῶ
1438 2663 1452 2697 ]
1461 2663 1535 2692 {rea
1545 2661 1631 2691 verbo
1643 2661 1740 2690 Graeco
1753 2663 1841 2696 καλέω,
1856 2660 1909 2690 11νο
1919 2661 1991 2688 καλῶ
1999 2660 2148 2690 deducitur
2159 2670 2167 2696 ;
2181 2659 2400 2698 significatvoco.

1276 2701 1371 2732 Calata
1387 2701 1502 2730 comitia
1521 2699 1708 2733 vocabantur,
1738 2698 1809 2735 Qute
1828 2708 1879 2736 pro
1894 2698 2014 2735 collegio
2031 2698 2198 2735 pontificum
2218 2698 2312 2727 haberi
2334 2697 2405 2726 soie.

1295 2740 1379 2774 bant,
1402 2745 1448 2768 aut
1463 2738 1533 2776 regis
1552 2737 1709 2772 sacrorum,
1731 2744 1778 2766 aut
1792 2737 1938 2766 flaminum
1949 2737 2203 2773 inaugurandorum
2222 2735 2307 2766 causa.
2330 2735 2401 2765 Gell.

1294 2777 1343 2807 lib.
1362 2787 1403 2811 ις.
1416 2786 1477 2813 cap.
1491 2785 1536 2812 27.
1558 2775 1639 2805 Dicta
1650 2781 1742 2804 autem
1753 2774 1816 2804 sunt
1826 2774 1914 2804 calata
1924 2797 1932 2811 ,
1953 2775 2030 2812 quod
2044 2774 2197 2803 calarentur
2208 2796 2215 2808 ,
2238 2775 2291 2802 1100
2307 2774 2404 2802 011νο-

1293 2823 1424 2845 carentur
1432 2813 1527 2844 classes
1538 2823 1586 2851 per
1596 2813 1733 2842 ordinem.
1755 2813 1863 2850 equites
1875 2813 1951 2842 enim
1965 2812 2136 2842 vocabantur
2152 2812 2235 2849 primi
2250 2821 2256 2840 t
2277 2811 2405 2848 octogin-

1295 2861 1324 2883 ta
1334 2854 1437 2883 deinde
1448 2853 1545 2890 primae
1554 2851 1641 2881 0131113
1651 2851 1785 2881 centuriae
1796 2851 1924 2889 peditum
1936 2851 2107 2880 vocabantur
2118 2871 2126 2885 ‚
2148 2857 2230 2887 atque
2248 2849 2285 2878 ita
2297 2849 2331 2877 ad
2342 2848 2404 2877 infi-

1296 2901 1358 2921 mos
1373 2891 1485 2920 ordines
1497 2888 1707 2928 perveniebant.
1729 2889 1799 2918 Bud.
1826 2889 1908 2918 conf.
1931 2898 1948 2917 0
1957 2899 1976 2917 A
1986 2898 2028 2917 LA
2038 2898 2077 2916 BR
2086 2898 2107 2916 A
2127 2889 2153 2917 &
2174 2897 2191 2916 0
2200 2897 2218 2916 A
2227 2897 2264 2915 LE
2275 2896 2294 2915 N
2306 2897 2323 2914 o
2333 2897 2366 2915 AE.

1238 2931 1440 2963 CArsATio.³
1463 2929 1534 2958 6013.
1555 2928 1574 2957 f.
1595 2928 1613 2957 i.
1631 2936 1656 2956 e.
1679 2927 1806 2957 Vocatio.
1848 2927 1924 2957 Varr.
1943 2926 1978 2956 de
1989 2926 2019 2956 L.
2030 2925 2060 2956 L.
2071 2937 2098 2962 4.
2113 2935 2136 2955 1.
2149 2931 2218 2955 extr.
2247 2924 2307 2954 Nec
2328 2924 2404 2953 curia

1276 2968 1387 2998 calabra
1396 2967 1452 2996 sine
1464 2966 1602 2995 calatione
1611 2966 1702 3003 potest
1711 2965 1820 3002 aperiri.
2212 2998 2219 3007 ¹

1240 3006 1339 3036 CALK
1350 3016 1369 3034 T
1379 3015 1395 3034 0
1407 3015 1421 3033 a
1431 3027 1439 3039 ,
1460 3005 1523 3034 oris.
1545 3013 1583 3035 m.
1606 3000 1740 3039 [κληπὶς]
1760 3003 1874 3039 Festus;
1898 3002 2040 3032 Calatores
2051 3024 2060 3037 ‚
2081 3001 2173 3036 Servi,
2194 2998 2240 3027 >5⁷3
2258 3000 2290 3025 τῦ
2308 3000 2401 3035 καλᾶν,

1278 3045 1342 3081 0013
1351 3043 1457 3080 semper
1468 3042 1505 3071 ob
1517 3041 1706 3072 necessitatem
1716 3041 1855 3071 servitutis
1867 3042 1958 3071 vocari
1970 3040 2086 3079 possent.
2110 3038 2228 3068 Fortasse
2239 3037 2403 3075 legendum,

1277 3081 1392 3115 Vocare.
1404 3082 1432 3109 in
1445 3081 1534 3110 activa
1545 3079 1753 3118 fignificatione.
1776 3079 2032 3117 V.p.p.Calones.&
2042 3076 2140 3113 Scalig.
2154 3078 2179 3106 ἃ
2192 3076 2287 3105 Dacer.
2301 3075 2336 3104 ad
2346 3074 2401 3105 loc.

1279 3119 1366 3150 Plaut.
1381 3119 1452 3148 Rud.
1464 3128 1490 3148 2.
1504 3127 1529 3155 3.
1543 3129 1567 3152 ς.
1590 3120 1616 3148 &
1628 3118 1714 3147 Merc.
1730 3128 1753 3154 5.
1764 3127 1789 3147 2.
1805 3127 1847 3147 ri.
1867 3117 1941 3147 Infra
1954 3114 2156 3145 Nomenclator
2172 3115 2200 3142 in
2222 3122 2298 3142 nom
2310 3123 2362 3142 an.

1276 3157 1389 3187 Calator
1401 3157 1486 3186 etiam
1499 3156 1537 3186 est
1546 3156 1673 3186 Minister
1681 3156 1828 3185 sacrorum.
1869 3155 1900 3186 V.
1921 3155 1996 3184 Suet.
2011 3154 2046 3182 de
2064 3153 2212 3183 Grammat.
2234 3161 2295 3189 cap.
2311 3160 2353 3181 12.
2376 3152 2405 3181 &

1279 3196 1338 3225 Vet.
1354 3194 1437 3225 Gloff.
1458 3194 1597 3224 Calatores
1611 3216 1619 3230 ‚
1642 3192 1768 3226 ε’κζιῖαςεᾷ
1788 3191 1869 3228 lecim,

1240 3234 1263 3264 C
1274 3243 1424 3262 ALATOR
1434 3243 1443 3261 1
1454 3242 1492 3262 03
1507 3255 1516 3269 ,
1538 3242 1553 3261 3
1564 3254 1573 3267 ,
1602 3242 1658 3261 um.
1684 3232 1741 3266 Adi.
1775 3231 1850 3268 apud
1869 3229 2028 3260 Fabrettum
2039 3250 2047 3263 ,
2077 3237 2106 3266 p.
2129 3236 2194 3264 435.
2225 3225 2405 3257 PERMISSV

1278 3270 1494 3301 KALATORIO
1524 3270 1572 3300 ET
1598 3268 1805 3299 FLAMINVM.

1241 3310 1263 3339 C
1274 3319 1293 3338 A
1303 3320 1319 3338 r.
1328 3319 1344 3339 o
1353 3319 1374 3338 N
1384 3319 1398 3338 3
1407 3319 1418 3338 3
1428 3331 1435 3343 ,
1458 3304 1644 3345 [numidia]
1666 3307 1757 3337 Calcei
1770 3316 1804 3335 ex
1814 3306 1890 3343 ligno
1898 3304 1971 3334 facti.
2008 3303 2077 3332 Fest.

1241 3348 1292 3377 CA
1302 3358 1343 3376 Lo
1355 3369 1362 3381 ,
1384 3347 1454 3377 onis.
1476 3347 1592 3381 Servus,
1614 3346 1690 3375 unde
1700 3344 1866 3379 &Calones‚
1888 3352 1903 3371 a
1913 3341 2034 3371 ferendis
2046 3340 2137 3379 lignis.
2159 3340 2254 3371 Schol.
2273 3341 2358 3378 antiq.
2368 3340 2405 3370 ad

1280 3384 1352 3415 illud
1366 3385 1435 3415 Hor.
1448 3394 1471 3414 1.
1485 3384 1566 3423 Epist.
1584 3394 1625 3419 14.
1639 3393 1684 3420 42.

1672 3419 1823 3448 —invidet
1837 3417 1915 3447 usum

1398 3460 1550 3497 Lignorum
1563 3481 1571 3495 ³
1593 3460 1619 3488 86
1631 3459 1738 3496 pecoris
1750 3456 1799 3486 tibi
1810 3456 1870 3485 calo
1881 3460 2002 3494 argutus,
2024 3455 2049 3484 6:
2059 3454 2141 3484 horti.

1281 3499 1358 3529 domi
1371 3508 1428 3527 non
1438 3498 1521 3527 habet
1531 3520 1538 3532 ‚
1553 3497 1599 3534 qui
1610 3497 1632 3525 it
1642 3497 1778 3533 lignatum
1787 3494 1868 3522 foras.
1909 3492 2068 3522 Lambinus.
2262 3510 2265 3512 -

1281 3537 1402 3567 Calones
1414 3558 1422 3572 θ
1441 3536 1480 3574 pl„
1503 3545 1540 3565 m,
1565 3533 1754 3570 [σκώοφέζοι]
1775 3531 1899 3561 Militum
1909 3530 1975 3559 servi
1990 3552 1998 3566 ‚
2019 3530 2088 3559 disti
2106 3530 2170 3567 qnia
2191 3529 2296 3568 ligneas
2316 3531 2407 3560 clavas

1300 3575 1435 3613 gerebant
1447 3596 1455 3608 ,
1477 3583 1536 3611 qua*
1549 3572 1637 3601 Gracci
1649 3572 1715 3601 »φῖλαι
1724 3575 1834 3599 vocant.
1858 3569 1924 3598 Haec
1935 3568 2037 3598 Festus.
2078 3568 2207 3603 Servius,
2231 3569 2350 3598 Calones
2366 3569 2408 3598 di-

1301 3620 1420 3647 cuntur,
1441 3612 1497 3648 Qui
1510 3610 1645 3639 militibus
1662 3608 1736 3645 ligna
1755 3613 1876 3645 portant.
1920 3607 1950 3635 V.
1984 3616 2095 3635 CALA.
2127 3605 2184 3635 Liv.
2201 3615 2226 3641 3.
2254 3607 2321 3636 Bell.
2337 3607 2404 3636 Puri.

1301 3650 1508 3688 Impedimenta
1518 3647 1640 3684 subsequi
1652 3645 1735 3682 justit,
1753 3644 1878 3679 calones,
1890 3643 2012 3681 lixasque
2022 3666 2030 3679 ‚
2048 3645 2075 3673 Sc
2087 3643 2228 3673 invalidos
2238 3644 2342 3674 milites
2352 3644 2408 3673 val-

1300 3688 1360 3718 lum
1370 3689 1449 3717 serre.
1491 3686 1550 3715 Cic.
1564 3694 1587 3719 3.
1600 3685 1635 3712 de
1648 3684 1709 3712 Nat.
1723 3683 1802 3712 Deor.
1816 3692 1826 3710 i
1836 3692 1858 3711 1.
1882 3682 1934 3711 Eos
1948 3690 1978 3710 tu
1992 3682 2123 3711 canteriis
2133 3681 2202 3711 albis
2212 3703 2220 3714 .
2240 3683 2324 3712 nullis
2336 3682 2410 3711 calo-

1302 3726 1386 3756 nibus
1397 3725 1508 3754 obviam
1519 3723 1636 3752 Vatieno
1649 3719 1752 3751 venisse
1761 3720 1898 3749 existimas
1908 3742 1916 3756 ‚
1937 3721 1989 3749 διε.
2030 3720 2182 3758 Porphyrio
2193 3720 2221 3749 in
2231 3720 2301 3750 illud
2310 3720 2376 3749 Hor.
2384 3729 2407 3749 1.

1303 3765 1390 3794 Serm.
1405 3773 1429 3792 2.
1481 3784 1487 3789 .

1367 3773 1670 3836 Hunc⁴genninxerunt
1681 3795 1803 3826 calones.
1899 3795 2020 3825 Calones
2032 3817 2038 3830 ,
2059 3795 2168 3832 inquit,
2190 3795 2321 3824 dicuntur
2334 3805 2349 3823 a
2360 3794 2411 3823 Ca-

1302 3838 1388 3868 lando
1401 3859 1408 3872 ,
1430 3838 1454 3866 81
1468 3837 1522 3865 hoc
1535 3835 1573 3864 est
1590 3833 1666 3872 quod
1683 3841 1783 3863 vocent
1807 3833 1843 3863 ad
1861 3834 2053 3863 ministerium.
2092 3833 2232 3863 Nonnulli
2248 3843 2263 3861 a
2280 3832 2411 3862 Calendis

1303 3881 1412 3915 putant.
1431 3873 1506 3911 quod
1519 3882 1551 3902 ea
1563 3873 1609 3901 die
1620 3871 1722 3901 cibaria
1732 3872 1880 3909 accipiant.
1904 3872 2045 3901 1130100113
2059 3871 2219 3909 porphyrio.
2242 3871 2317 3908 apud
2328 3877 2411 3907 quem

1302 3912 1412 3943 fortasse
1422 3911 1588 3948 legendum,
1610 3910 1696 3946 Quod
1710 3917 1845 3939 vocentur
1855 3909 1890 3939 ad
1899 3910 2092 3939 ministerium.
2130 3908 2233 3945 [Nihil
2248 3907 2413 3945 igiturapud

1303 3951 1370 3982 fest.
1383 3951 1413 3979 in
1427 3949 1536 3979 Calator
1550 3948 1725 3977 mutandum.
1776 3985 1797 4015 E

1809 3994 1824 4015 e
1836 3994 1851 4014 0

1874 128 1900 163 L
2308 141 2375 176 401

1928 260 1966 266 -
1982 246 2091 275 horrida
2105 245 2198 276 callidi

2225 3454 2283 3491 Qii
2296 3454 2407 3493 lignum

2298 3983 2415 4011 CALo.
