2604 4222
191 101 266 145 446
590 101 618 136 C
719 101 746 134 A
842 99 863 133 S

199 180 221 210 C
232 190 250 209 A
261 191 276 209 R
286 191 306 211 v
314 192 332 210 A
341 192 361 210 Τ
371 194 380 211 i
391 193 403 212 s
415 205 424 218 7
442 183 506 213 ῑεὶἱε,
527 183 545 212 f,
567 182 706 218 [Koegudm
720 182 734 215 ]
757 181 826 215 Quae
836 179 873 208 est
884 187 918 207 ex
930 177 1040 213 Caryis:
1070 175 1146 203 unde
1166 171 1325 215 Caryatides
1335 193 1344 207 ‚

235 218 369 249 Mulieres
387 231 445 257 qua>
458 222 608 257 antiquitus
627 220 660 248 ab
676 219 832 247 architeciis
845 215 983 244 columnis
996 212 1223 254 insculpebantur
1243 211 1324 238 dietae
1338 230 1347 243 ‚

237 255 272 285 de
284 257 383 293 quibus
395 259 481 288 multa
491 258 628 287 Vitruvius
649 257 696 284 lib.
713 266 734 284 1.
750 264 811 292 cap.
825 264 849 282 1.
872 262 953 290 quern
974 251 1046 280 vide.
1070 250 1096 280 Sc
1121 247 1189 278 Plin.
1206 257 1248 284 35.
1262 257 1305 276 10.
1321 248 1347 276 δε

202 328 224 359 C
234 297 278 358 Ξῖ,
286 305 332 361 {A
342 342 388 360 rii-D
400 342 417 360 A
426 354 433 366 ,
456 342 485 360 ,φ
503 332 521 361 f,
542 334 555 368 [
567 326 722 364 Κκςύοωὲω]
743 329 830 358 Lacus
840 327 911 356 est&
926 324 1012 354 insula
1024 321 1125 353 eodem
1137 322 1251 351 nomine
1261 321 1346 351 Caria:

239 369 358 405 regionis
369 392 376 403 ,
397 379 453 398 non
466 369 587 406 procula
599 367 713 404 Myndo.
736 367 772 395 Ex
785 364 871 394 Strab.
888 363 986 399 Geogr.
997 361 1044 405 lib.
1061 372 1103 396 14.
1143 397 1160 403 ..
1262 397 1268 402 ⁵

202 403 226 433 C
237 416 254 433 A
263 416 279 433 a
288 409 306 434 {r
315 416 332 435 c
341 417 358 435 A
368 428 375 442 ,
399 417 428 435 ae.
451 407 468 435 f.
493 405 626 442 [ιιριςύκη]
648 404 741 433 Genus
752 402 848 435 edulii,
869 410 903 429 ex
911 399 1042 436 sanguine
1059 400 1084 428 δι
1094 406 1174 427 variis
1185 397 1348 440 condimen-

240 443 273 471 tis
287 445 421 479 constans,
442 444 516 480 quod
528 444 553 473 &
565 445 714 477 καιςάκσῑιμμ
727 451 741 469 a
751 441 850 469 Graecis
861 438 969 467 dicitur.
992 436 1022 466 V.
1040 435 1106 465 Cael.
1118 435 1237 471 Rhodig.
1248 434 1345 470 lib.27.

241 489 271 509 ca
295 504 300 509 .
319 491 334 509 2
356 504 361 509 .

204 515 226 546 C
235 527 255 545 A
265 491 307 546 RPY
317 522 329 546 ῑ
339 490 357 546 ³r
366 529 380 547 a
389 529 400 547 s
410 540 417 550 ‚
435 528 463 547 εε.
477 527 513 546 m.
537 512 692 552 [Anagninis]
711 512 862 550 Tithymali
875 520 969 550 genus.
990 510 1060 541 Plin.
1073 515 1117 540 26.
1129 510 1154 544 ’8.
1177 510 1204 539 ἃ
1213 506 1304 539 Βὶυῖε.
1319 518 1346 544 4.

245 564 304 589 ¹59·
342 555 372 584 V.
396 555 483 584 Ruell.
497 554 544 583 lib.
561 564 582 582 1.
597 562 657 589 cap.
674 562 715 581 11.
1028 586 1034 592 ¹
1057 586 1062 592 ·
1224 584 1230 590 .

205 590 227 620 C
236 600 255 619 A
264 602 280 619 a
289 602 335 620 YN
347 604 355 620 1
366 603 383 621 A
396 613 402 621 .
424 603 453 621 ae.
474 592 492 621 s.
515 591 617 620 Civitas
625 591 654 618 in
664 589 763 618 Achaia
773 610 780 622 ‚
801 588 874 621 circa
889 596 972 623 quam¹
991 585 1064 623 abigi
1082 590 1192 623 partum
1204 593 1271 614 vino
1281 603 1289 619 ‚
1310 588 1348 612 at-

242 638 294 664 que
308 630 388 658 etiam
398 631 413 658 ii
424 639 502 658 uvam
516 629 600 657 edant
611 627 729 664 gravidae
744 648 751 660 ,
773 626 855 654 refert
865 624 933 653 Plin.
945 623 995 653 lib.
1015 633 1057 659 14.
1074 633 1134 661 cap.
1154 628 1201 665 ¹81
1256 659 1261 665 ·

203 664 252 694 CA
261 676 277 694 R
289 668 304 695 {v
315 677 331 695 o
341 677 359 694 Ν
373 689 380 701 ,
397 668 413 695 i.
432 677 458 695 n.
481 663 614 701 [relevor]
635 664 720 693 Nucis
735 663 869 700 iuglandis
881 671 984 699 genus:
1007 662 1041 690 de
1053 671 1106 698 qua
1118 661 1153 690 sic
1164 659 1231 690 Plin.
1243 658 1339 701 lib.15..

241 713 301 739 cap.
314 714 358 733 2².
380 705 487 741 Caryon
498 713 513 732 a
521 703 616 740 capitis
627 702 776 739 gravedine
787 720 795 735 ,
816 708 929 739 propter
939 700 1033 729 odoris
1044 699 1204 736 gravitatem
1215 702 1349 727 convenit

238 740 351 770 dictum.

202 776 225 806 C
236 787 254 805 A
265 788 280 805 a
290 787 307 806 r
316 781 326 806 i
336 788 354 806 N
365 788 383 806 u
392 788 404 807 s
415 798 423 813 7
444 788 459 807 a
470 800 478 812 ‚
498 787 556 807 um.
580 777 639 809 Adi.
661 775 826 812 [nug-lii&]
845 781 876 804 ut
886 797 894 810 ,
917 775 1067 812 Caryinum
1082 773 1186 802 oleum.
1209 769 1278 800 Piin.
1296 769 1345 813 lib.

238 823 282 849 23.
299 825 359 851 cap.
377 827 403 850 4.
444 816 463 844 E
483 825 554 844 nuce
567 814 697 851 iuglande
713 813 788 849 quod
809 814 951 851 caryinum
974 812 1193 850 appellavimus,
1214 808 1347 846 alopeciis

238 851 306 880 utile
316 853 352 881 est
363 875 370 886 .
392 854 416 882 ἃ
430 853 549 882 tarditati
559 854 664 881 aui-ium
675 851 803 880 infusum.
1279 884 1284 889 ¹

202 887 224 917 C
234 898 253 917 A
262 899 278 917 a
289 899 306 918 Y
315 900 332 918 o
341 900 354 918 Ρ
364 900 381 918 n
392 900 410 918 Y
419 902 433 918 ι,
443 901 458 918 L
469 901 487 918 A
497 900 516 918 >r
525 900 544 918 A
553 912 560 925 ,
582 900 612 918 ie.
635 890 653 919 f.
675 889 769 918 Planta
783 888 820 917 est
829 897 886 916 non
897 887 1014 924 vulgaris
1030 907 1038 922 ‚
1059 895 1148 923 neque
1158 884 1263 915 viribus
1277 883 1348 912 mef-

236 925 306 955 ficax
315 949 322 962 ‚
344 935 506 963 argumento
520 927 595 964 quod
604 928 662 962 eius
676 927 781 955 radices
792 924 964 954 manifestum
975 924 1147 961 caryophylli
1167 923 1271 960 spirent
1279 916 1347 950 odo-

237 973 304 993 rem.
346 965 382 994 lia
399 966 565 994 recentiores
576 965 678 994 medici
690 971 804 993 utuntur
824 970 890 1000 pota
905 962 941 991 ad
960 963 1080 991 thoracis
1096 962 1203 990 interna
1219 959 1344 1003 vulnera.

238 1001 314 1037 Quin
334 1002 359 1032 *St
372 1003 431 1038 ejus
446 1003 570 1034 succum.
589 1001 703 1031 admista
720 1002 855 1038 aewgine,
877 999 1042 1029 cuniculoiis
1054 1021 1062 1033 .
1083 996 1346 1040 contumacibusque

236 1038 375 1069 ulceribus
388 1040 634 1076 utiliterinjiciunt.
676 1040 776 1068 Eadem
794 1038 894 1067 olfactu
910 1038 1019 1079 spiritus
1032 1042 1156 1072 recreat,
1176 1035 1346 1072 &trigidum

236 1075 348 1106 roborat
358 1078 509 1107 cerebrum.
547 1078 586 1107 Ex
596 1076 736 1107 Matliiolo
747 1077 774 1104 in
788 1076 906 1105 Dioscor.
920 1075 967 1103 lib.
978 1086 1003 1110 4.
1016 1084 1076 1112 cap.
1089 1083 1130 1111 17.
1243 1110 1249 1115 .

200 1112 250 1143 CA
260 1124 277 1142 R
287 1125 305 1143 Y
316 1117 332 1144 6
344 1125 358 1143 P
368 1125 387 1143 H
398 1125 415 1144 Y
426 1126 441 1144 t
451 1127 466 1144 L
476 1126 492 1144 u
503 1126 541 1151 Μ,
563 1116 581 1144 i.
604 1125 630 1144 n.
664 1114 867 1150 [memoramur]
899 1110 982 1142 Arbor
1001 1113 1038 1141 est
1060 1113 1089 1140 in
1113 1109 1250 1147 Orientali
1265 1108 1346 1146 plaga

236 1154 420 1189 proveniens,
441 1152 602 1189 quibusdam
616 1152 703 1182 Indici
713 1151 804 1189 pelagi
822 1149 914 1179 insulis
926 1172 934 1187 ‚
956 1160 1013 1179 non
1024 1149 1107 1187 longe
1120 1159 1135 1178 a
1151 1148 1251 1177 Badan.
1269 1184 1275 1190 ²
1287 1147 1345 1176 Hu—

237 1191 281 1225 jus
292 1191 398 1219 caudex
414 1191 489 1219 buxo
500 1190 651 1219 simillimus
665 1190 702 1218 est
715 1211 722 1224 ‚
743 1190 896 1224 eademque
909 1189 1045 1217 materies.
1086 1186 1162 1217 Folia
1175 1195 1240 1215 vero
1251 1193 1346 1213 cinna-

238 1227 277 1256 mi
287 1227 405 1265 vulgaris
415 1228 495 1256 instar
506 1228 606 1262 habet,
627 1227 672 1257 sed
683 1226 851 1256 rotundiora.
891 1225 991 1254 Fructu
1006 1226 1044 1254 est
1054 1234 1138 1261 parvo
1153 1245 1161 1258 ⁷
1187 1232 1222 1251 ex
1233 1229 1291 1251 atro
1302 1232 1345 1251 ru-

237 1264 374 1298 sescente‚
395 1266 423 1294 ln
437 1265 508 1294 clavi
519 1266 634 1294 modum
648 1265 784 1302 capitato,
805 1263 905 1292 exertis
919 1264 948 1291 in
962 1262 1104 1292 adversum
1121 1265 1238 1304 quatuor
1256 1260 1345 1303 denti-

237 1301 306 1331 culis
316 1301 371 1332 sese
382 1302 505 1332 stellatim
516 1302 718 1332 decuffantibus
728 1323 736 1337 ‚
756 1300 915 1338 prominulo
925 1301 1005 1337 apice
1015 1322 1023 1335 ‚
1044 1299 1169 1337 quadi-ati
1176 1297 1276 1335 alveoli
1286 1299 1345 1326 iinu

235 1340 331 1369 medio
343 1340 524 1370 umbilicatim
532 1341 695 1378 prodeunte.
736 1338 860 1368 Cultores
867 1337 1048 1371 arundinibus
1056 1336 1197 1375 flagellant
1206 1336 1344 1370 arborem,

235 1378 371 1407 constrato
387 1379 453 1408 irius
465 1379 678 1415 circumquaque
687 1374 822 1413 tegetibus
832 1375 948 1413 palmeis
959 1374 1025 1404 solo.
1058 1373 1237 1417 Caryophylli
1249 1374 1345 1402 memi-

237 1415 281 1444 nit
294 1415 363 1445 Plin.
375 1389 424 1445 [lib.
437 1426 478 1444 12.
494 1426 554 1453 cap.
565 1422 591 1453 7.
603 1415 645 1444 his
658 1412 750 1443 verbis
763 1436 770 1449 ‚
791 1413 834 1443 Est
846 1414 998 1443 etiamnum
1012 1413 1042 1442 in
1054 1413 1133 1443 India
1148 1411 1177 1449 pi
1201 1411 1253 1453 eris
1269 1410 1345 1454 grani

238 1452 340 1487 simile,
362 1453 436 1489 quod
451 1460 551 1482 vocant
561 1452 760 1489 caryophyllon
773 1472 781 1487 ‚
805 1451 937 1488 grandius
955 1450 1138 1488 fragiliusque.
1177 1487 1183 1492 ⁵
1197 1449 1297 1478 radunt
1314 1458 1345 1477 in

235 1489 334 1520 Indico
346 1490 409 1520 luco
419 1491 447 1519 id
457 1491 539 1528 gigni.
579 1490 729 1520 Advehitur
742 1488 834 1519 odoris
843 1490 935 1526 gratia.
956 1488 1004 1518 ubi
1025 1486 1055 1516 V.
1078 1487 1213 1517 Harduin.

236 1527 281 1556 Est
297 1529 322 1558 81
333 1528 532 1566 Caryopliyllus
542 1528 617 1557 floris
628 1528 732 1565 species
742 1549 750 1561 ‚
771 1527 880 1563 Garofhli
891 1526 972 1564 vulgo
983 1526 1057 1556 dic‘ta
1067 1547 1075 1561 ‚
1101 1526 1180 1561 cujus
1191 1524 1248 1554 duo
1263 1526 1346 1562 gene-

255 1575 285 1594 ra
296 1566 363 1595 facit
377 1562 515 1595 Nlatthiol.
529 1566 559 1595 in
572 1565 619 1595 lib.
631 1575 655 1594 2.
671 1564 792 1594 Dioscor.
805 1573 865 1602 cap.
879 1573 940 1601 153.
1258 1598 1263 1605 .

199 1601 249 1632 CA
259 1612 275 1631 R
285 1613 303 1632 ic
313 1606 330 1632 ὀ
340 1614 353 1632 1>
364 1614 380 1632 0
389 1614 409 1632 N
423 1626 430 1639 ,
451 1605 469 1632 i.
490 1613 516 1632 n.
538 1604 631 1633 Genus
641 1602 762 1631 cinnami
772 1624 780 1637 ,
802 1600 878 1639 quod
888 1602 918 1630 iri
929 1602 1006 1639 Syria
1015 1601 1143 1640 gignitur.
1164 1598 1234 1630 Plin.
1244 1597 1292 1628 lib.
1300 1608 1343 1628 12.

236 1650 296 1678 cap.
309 1647 353 1675 23.
375 1642 406 1671 ln
418 1642 494 1679 Syria
503 1641 622 1679 gignitur
634 1641 660 1670 St
675 1639 827 1669 cinnamon
838 1661 846 1675 ‚
867 1640 943 1676 quod
955 1649 1096 1677 caryopon
1107 1637 1258 1677 appellant.
1290 1637 1344 1666 Hic

190 1687 200 1723 ᾗ
235 1679 274 1707 est
283 1675 377 1708 succus
395 1679 459 1708 nuci
473 1678 609 1716 expressus
620 1700 628 1713 ,
649 1675 767 1707 multum
778 1675 910 1707 asurculo
928 1677 987 1707 veri
1004 1677 1125 1707 cinnami
1136 1675 1284 1711 differens,
1305 1675 1345 1705 vi·

192 1715 194 1717 ’
236 1717 298 1746 cina
311 1723 403 1746 tamen
417 1717 509 1754 gratia.
551 1717 699 1746 Camaoum
710 1714 754 1745 vel
768 1715 919 1744 Comacum
930 1714 992 1745 Mff.
1014 1715 1044 1744 V.
1065 1715 1151 1744 Hard.

199 1752 223 1783 C
232 1764 252 1782 A
260 1763 275 1782 a
283 1758 327 1784 vo
335 1764 354 1782 T
364 1765 379 1783 A
390 1776 399 1789 ‚
420 1765 450 1784 ae.
472 1754 491 1783 f.
513 1750 667 1790 [καρυωπῖς]
687 1752 785 1782 Palmae
793 1752 906 1782 fruitus.
930 1751 997 1782 Plin.
1011 1751 1060 1782 lib.
1073 1761 1114 1788 13.
1126 1761 1188 1789 cap.
1201 1760 1228 1786 4.
1241 1750 1276 1779 de
1286 1748 1344 1788 pal-

234 1793 304 1826 mis,
326 1792 364 1821 Ab
378 1793 420 1822 his
431 1798 548 1829 caryotae
558 1792 679 1820 maxime
691 1791 866 1820 celebrantur
875 1812 883 1826 ‚
905 1792 931 1820 ἂ
942 1791 1005 1820 cibo
1017 1790 1146 1827 quidem:
1167 1788 1215 1818 sed
1225 1790 1251 1818 &
1262 1788 1343 1817 succo

235 1829 387 1859 uberrimae.
426 1829 467 1859 Ex
478 1829 578 1864 quibus
590 1829 728 1866 praecipua
739 1829 803 1858 vina
815 1828 943 1865 Orienti,
964 1829 1060 1865 iniqua
1079 1827 1182 1865 capiti,
1203 1827 1279 1856 unde
1294 1836 1345 1869 po-

234 1876 281 1896 mo
296 1877 408 1896 nomen.
446 1867 526 1896 Varro
536 1876 563 1896 2.
577 1867 612 1897 de
624 1866 656 1895 R.
669 1867 700 1896 R.
714 1876 774 1903 cap.
788 1876 811 1896 1.
834 1865 899 1895 Non
911 1865 983 1896 scitis
995 1864 1130 1904 palmulas
1142 1887 1151 1901 ‚
1170 1870 1295 1902 caryotas
1314 1870 1344 1892 m

235 1905 312 1942 Syria
323 1915 417 1942 parere
429 1905 457 1933 in
466 1905 560 1941 Judaea
569 1926 577 1939 ‚
599 1904 628 1933 in
639 1904 715 1933 ltalia
725 1914 783 1933 non
793 1903 890 1941 posse?

235 1942 322 1972 Aurea
330 1942 457 1979 caryota,
478 1943 611 1972 Inaurata.
634 1940 752 1971 Martial.
768 1941 816 1971 lib.
832 1951 872 1977 η.
885 1949 929 1978 27.

324 1982 411 2009 Aurea
426 1981 571 2017 porrigitur
583 1980 644 2015 Jani
655 1987 766 2016 caryota
780 1979 903 2009 calendis
914 2001 922 2014 ‚

380 2018 434 2047 Sed
446 2026 538 2047 tamen
551 2018 604 2047 hoc
614 2027 714 2046 munus
725 2018 853 2055 pauperis
863 2014 915 2046 eise
924 2016 1001 2046 solet.

234 2054 373 2092 Accepisse
384 2065 428 2084 me
438 2062 560 2093 ‘caryotas
570 2056 689 2093 optimas
702 2077 709 2089 ‚
724 2065 790 2091 ,quae
803 2064 879 2084 nunc
890 2065 954 2084 cum
964 2054 1022 2083 ficis
1032 2054 1058 2084 ὃς
1069 2047 1169 2083 boletis
1179 2045 1343 2082 certandum

254 2093 365 2122 habent.
389 2093 455 2122 Plin.
472 2104 493 2124 i.
505 2093 585 2131 Epist.
601 2103 624 2130 7.
637 2100 704 2122 extr.
722 2093 793 2122 Sunt
802 2094 848 2129 qui
858 2094 1004 2130 perperam
1015 2092 1123 2122 Cariota
1130 2091 1253 2121 scribunt
1261 2092 1311 2129 Per
1322 2091 1341 2119 i.

199 2130 249 2160 CA
259 2141 301 2160 ΚΥ
311 2135 328 2159 ὅ
338 2141 413 2165 ris,
431 2131 494 2160 idis.
515 2131 534 2160 f.
556 2131 642 2160 Idem.
657 2130 724 2160 Stat.
740 2140 763 2160 1.
776 2129 841 2160 Silv.
855 2135 880 2160 6.
894 2141 939 2160 20.

423 2183 460 2188 »-
475 2170 500 2197 &
514 2168 616 2197 latente
628 2168 718 2205 palma

325 2205 495 2243 Fra-anantes
505 2207 657 2241 caryotides
671 2204 815 2235 cadebant.
897 2206 923 2234 &
939 2203 1058 2235 Martial.
1070 2203 1118 2233 lib.
1133 2213 1174 2233 11.
1189 2206 1234 2239 3'2.

197 2244 220 2275 C
229 2253 248 2272 A
257 2253 300 2272 κγ
310 2253 322 2273 s
332 2253 350 2271 ‘r
361 2253 374 2272 s
385 2265 393 2279 ‚
414 2253 451 2273 es.
477 2244 520 2272 vel
539 2244 561 2272 C
572 2254 590 2272 A
601 2254 616 2271 R
625 2253 643 2272 v
652 2253 690 2272 ετ
701 2253 717 2272 0
726 2254 737 2273 s
747 2266 755 2279 ,
776 2242 794 2273 i.
816 2243 983 2278 [ΚάευςΘυ]
1006 2240 1093 2271 Insula
1102 2242 1156 2271 una
1167 2244 1203 2271 e‘x
1215 2242 1237 2270 C
1251 2239 1344 2270 ‘'cladi-

235 2282 302 2315 bus,
323 2281 369 2309 sita
382 2282 409 2309 in
423 2280 546 2310 Euboico
560 2283 646 2309 mari:
669 2283 736 2310 varii
746 2281 888 2310 marmoris
899 2281 982 2310 ferax.
1006 2280 1102 2310 Strabo
1113 2279 1162 2309 lib.
1180 2289 1222 2309 10.
1260 2289 1339 2308 ucan.

233 2319 282 2348 lib.
297 2329 319 2355 ς.
334 2319 368 2347 de
378 2318 464 2347 insula
479 2319 725 2353 Euboealoquens,
742 2330 766 2348 v.
783 2329 846 2353 232.

315 2356 377 2392 Qua
387 2357 467 2385 rn'aris
478 2357 599 2393 angustat
617 2356 709 2386 lances
721 2356 811 2386 saxosa
830 2356 962 2393 Carystos.
1056 2352 1088 2384 I'n
1103 2351 1155 2384 hac
1166 2354 1231 2383 teste
1243 2353 1341 2384 Solino

232 2404 293 2431 cap.
310 2403 350 2429 17.
389 2392 503 2423 Titanes
518 2401 707 2431 regnaverunt.
747 2395 856 2423 Briareo
882 2394 958 2422 enim
987 2392 1122 2428 (inquit)
1152 2392 1262 2429 Carystii
1282 2394 1341 2433 rem

231 2432 351 2460 divinam
363 2431 486 2466 faciunt.v
506 2432 573 2461 sicut
586 2431 707 2468 IEgieoni
721 2431 924 2461 Chalcidenses.
962 2430 1035 2460 Nam
1055 2431 1146 2459 omnis
1164 2430 1220 2459 fere
1235 2430 1341 2460 Euboea

231 2470 364 2499 Titanum
376 2469 427 2498 fuit
436 2478 560 2506 regnum.

231 2507 316 2537 Ferax
327 2506 427 2543 lapidis
437 2507 500 2536 varii
510 2506 641 2544 Carystos.
681 2506 744 2535 Seri.
762 2505 863 2537 Troad.
879 2516 904 2541 9.
928 2506 968 2534 An
978 2505 1054 2535 ferax
1064 2504 1132 2535 ‘varii
1144 2504 1247 2543 lapidis
1258 2504 1341 2542 Cary-

250 2544 327 2573 stos‘.>
357 2544 373 2572 i.
391 2554 414 2573 e.
437 2545 585 2580 Maculosi,
606 2542 716 2574 &velut
726 2544 853 2581 pielurati
865 2544 1018 2573 marmotis.

229 2580 341 2611 Undosa
352 2581 483 2619 Carystos.
506 2583 571 2612 Stat.
588 2592 610 2611 r.
628 2581 693 2610 silv.
706 2592 729 2616 ς.
742 2592 783 2617 34.

320 2619 383 2647 Non
394 2619 448 2649 huc
460 2619 578 2649 admiffae
589 2619 692 2648 Thasos
703 2641 711 2653 ‚
732 2626 780 2648 aut
794 2617 899 2648 undosa
911 2618 1044 2654 Carystos.

193 2657 342 2687 CARYST
352 2659 367 2685 ἱ
378 2667 394 2686 υ
404 2667 415 2686 s
429 2679 437 2693 2
458 2667 473 2686 a
484 2679 492 2693 ,
513 2666 568 2687 um.
590 2657 651 2692 Adj.
684 2656 856 2693 [Kagu'ri&·]
885 2663 932 2691 ut,
953 2654 1028 2685 Vada
1048 2654 1183 2693 Carystea.
1207 2653 1291 2686 Ovid.
1309 2666 1337 2692 4.

229 2694 296 2724 Fast.
314 2699 377 2727 282.

311 2732 428 2768 Quaque
438 2731 570 2768 Carysteis
581 2730 713 2776 frangitur*
724 2731 798 2763 unda
807 2730 893 2760 vadis.

192 2770 215 2799 C
224 2778 314 2836 31³be
323 2778 386 2835 ἰὲυ
395 2778 416 2803 s,
437 2779 463 2804 a,
484 2778 539 2798 um.
562 2769 729 2806 [Καςυςιεῷα]
750 2767 825 2799 aliud
843 2768 903 2804 Adj.
925 2770 965 2803 ut,
981 2767 1085 2798 Vinum
1097 2767 1250 2806 Carystium
1262 2768 1338 2807 apud

248 2813 287 2835 tra
311 2829 316 2835 .
339 2817 345 2834 i
369 2829 374 2835 .
395 2816 437 2836 10.

228 2844 319 2873 Vitem
330 2851 447 2878 quatuor
457 2841 612 2873 columellae
620 2843 745 2881 Carystiae
754 2842 880 2872 subeunt.
900 2843 917 2872 i.
929 2852 954 2873 e.
970 2843 1117 2873 Maimoris
1126 2842 1248 2882 Carystii.
1265 2842 1336 2874 Plin.

245 2881 295 2911 lib.
307 2892 329 2917 ς.
343 2881 425 2919 Epist.
437 2884 463 2911 6.
487 2879 518 2911 V.
538 2881 579 2910 ibi
587 2880 685 2911 Cellar.

621 2943 650 2977 C
748 2942 776 2978 A
865 2944 885 2978 S

193 2991 284 3021 0st
297 3013 305 3024 .
322 3001 357 3020 ae.
379 2990 398 3020 f.
421 2987 556 3027 [καλόξῃ
580 2988 650 3026 dyo,
676 2990 764 3025 annisi]
784 3001 799 3020 a
823 2991 975 3021 Cavatione
995 2988 1084 3027 dieia,
1105 2991 1216 3021 auc‘tore
1240 2990 1334 3021 Festo:

228 3029 302 3066 quod
314 3029 419 3064 antiqui
438 3035 547 3058 cavatas
565 3038 647 3065 rupes
663 3028 858 3058 inhabitarent.
897 3028 948 3057 Alii
967 3038 981 3057 a
994 3028 1076 3058 facile
1087 3029 1214 3059 cadendo
1232 3029 1335 3059 dictam

227 3067 344 3095 volunt:
367 3067 465 3103 quoda
475 3067 551 3096 Cado
562 3065 607 3095 fiat
617 3066 683 3095 Caso
695 3065 766 3095 casas
778 3066 1019 3103 frequentativum.
1041 3075 1066 3103 q.
1086 3066 1116 3096 V.
1158 3064 1240 3096 Varro
1252 3076 1276 3095 2.
1300 3067 1335 3096 de

227 3104 259 3133 R.
274 3104 305 3133 R.
319 3113 380 3145 cap.
395 3114 435 3133 io.
476 3104 533 3140 Qui
545 3109 637 3133 autem
646 3103 708 3132 sunt
721 3104 749 3146 in
762 3103 886 3138 saltibus,
907 3104 933 3133 Sc
947 3103 1110 3133 silvestribus
1120 3104 1189 3134 locis
1199 3104 1333 3141 pascunt,

227 3143 253 3171 ἃ
265 3149 321 3170 non
334 3138 409 3175 vilia.
429 3138 475 3170 sed
485 3141 548 3170 casis
559 3141 711 3179 repentinis
722 3141 823 3170 imbres
832 3142 927 3170 vitant.
948 3140 1019 3178 Virg.
1033 3151 1058 3171 2.
1073 3141 1130 3172 Ecl.
1140 3152 1185 3177 29.
1210 3142 1334 3171 Humiles

227 3179 300 3208 casas
310 3179 430 3216 appellat
441 3179 571 3216 Tuguria.
612 3179 669 3208 Cic.
681 3189 705 3214 5.
715 3178 798 3209 Tusc.
809 3188 853 3215 97.
878 3178 937 3207 Nec
958 3178 1079 3208 esuriens
1095 3179 1256 3208 Ptolemaeus
1270 3180 1335 3208 ede-

227 3223 283 3245 rat:
306 3217 349 3245 cui
362 3227 446 3251 quum
460 3216 612 3254 peragranti
632 3216 799 3254 AEgyptum,
820 3215 968 3245 comitibus
989 3226 1046 3244 non
1067 3216 1241 3252 consecutis,
1262 3210 1334 3246 ciba-

225 3253 281 3282 rius
292 3255 319 3281 in
335 3254 393 3282 casa
403 3255 479 3290 panis
489 3255 570 3284 datus
581 3254 646 3283 ess‘et
656 3276 664 3290 ‚
685 3253 753 3283 nihil
764 3253 849 3283 visum
859 3253 897 3293 est
908 3252 957 3283 illo
967 3263 1038 3291 pane
1047 3254 1206 3289 jucundius.

226 3289 345 3319 Tectum
365 3290 488 3321 iiiiorale
497 3292 571 3321 casae.
593 3292 659 3321 Stat.
675 3301 715 3320 12.
730 3291 821 3321 Theb.
834 3295 897 3324 268.

226 3328 346 3356 Ambitio
359 3329 373 3356 'a
384 3328 449 3358 casa.
471 3329 590 3359 Martial.
603 3329 650 3358 lib.
668 3339 708 3359 12.
725 3334 770 3366 67.

226 3365 349 3400 Angusta.
372 3366 468 3396 Claud.
484 3377 505 3396 1.
521 3368 549 3395 in
561 3365 634 3396 Ruff.
652 3370 716 3402 203.

226 3401 366 3445 Candida,
388 3401 490 3433 Lintea.
511 3403 608 3439 juven.
622 3408 648 3434 6.
660 3404 715 3434 Sat.
728 3411 790 3441 153.
829 3400 862 3434 V.
883 3400 977 3434 Schol.
990 3402 1044 3432 vet.

225 3437 336 3476 Exigua.
358 3440 439 3470 Ovid.
450 3453 475 3475 4.
487 3441 552 3471 Fast.
568 3451 629 3478 525.
863 3472 864 3475 ,

260 3513 264 3518 ¹
313 3477 397 3511 Surge
406 3499 414 3513 ‚
438 3488 490 3508 nec
499 3480 605 3515 exiguae
618 3478 726 3517 despice
734 3480 807 3513 tecta
817 3477 893 3508 casae.

223 3512 317 3555 Primae
329 3515 411 3549 calle,
432 3515 458 3544 li.
470 3525 493 3545 e.
518 3517 673 3546 Primatum.
696 3515 813 3546 Martini.
824 3516 872 3545 lib.
886 3524 912 3551 9.
926 3517 971 3545 60.
1013 3510 1149 3550 [Didium
1165 3514 1277 3552 potius,
1299 3520 1330 3547 ut

243 3549 330 3579 Prima
340 3551 413 3580 frons
423 3552 457 3581 de
470 3549 595 3591 Exposita
603 3554 730 3584 omniurn
744 3553 905 3592 conspestui
915 3555 993 3591 parte
1004 3552 1071 3582 casae
1083 3574 1092 3589 ‚
1111 3552 1156 3582 seu
1170 3553 1300 3584 tabernae.

223 3586 334 3624 Sparsae.
355 3588 437 3618 ovid.
454 3600 474 3619 1.
487 3591 554 3620 fast.
569 3601 629 3627 502.

314 3624 450 3666 Aspicit&
461 3627 558 3664 sparsas
567 3636 616 3665 per
625 3629 686 3658 loca
697 3628 752 3658 sola
765 3627 845 3659 cales.

221 3661 389 3691 stramineae.
413 3665 495 3693 Ovid.
509 3675 534 3694 2.
548 3667 637 3695 Amor.
650 3677 675 3700 o.
691 3672 732 3700 ¹8.

222 3698 366 3739 AEdificare
377 3700 447 3729 casas
458 3723 465 3735 ‚
485 3701 599 3732 Puerile.
622 3703 688 3732 Hor.
704 3713 729 3733 2.
746 3703 832 3733 Serm·
844 3709 868 3739 3.
879 3708 943 3740 247.
984 3701 1017 3732 V.
1039 3709 1196 3732 CASULA'·

223 3736 356 3765 Contecta
366 3737 499 3767 stramine.
522 3738 604 3769 Ovid.
618 3751 641 3775 5.
655 3741 722 3770 Met.
732 3750 796 3776 447.

222 3773 386 3803 Delitescere
398 3775 517 3815 inqparva
528 3777 594 3805 casa.
617 3778 699 3806 Ovid.
712 3788 736 3807 2.
756 3779 791 3807 de
804 3778 867 3806 Arte
881 3777 940 3807 Am.
953 3785 1016 3814 240.

222 3811 321 3841 Facere
332 3810 403 3839 casas
418 3813 471 3840 line
482 3819 547 3842 arte.
569 3813 686 3850 Quintil.
701 3813 749 3844 lib.
763 3825 788 3844 2.
805 3824 866 3852 cap.
878 3823 922 3850 17.

221 3849 315 3884 Jacere
333 3847 399 3877 casa.
424 3848 529 3877 Lucret.
540 3849 586 3879 lib.
599 3855 624 3880 6.
640 3861 719 3887 ¹²5²·
747 3863 798 3890 pro
820 3852 852 3881 ln
861 3851 930 3882 casa.

218 3887 343 3924 Integere
355 3884 518 3916 habitabiles
529 3887 608 3918 casas.
647 3888 677 3918 V.
701 3900 710 3918 1
721 3899 741 3918 N
749 3899 768 3917 vr
778 3899 792 3919 ι
800 3898 818 3919 c
827 3898 855 3918 0.

1869 85 2132 122 ciis
2602 56 2604 131 i

1443 168 1550 198 Parare.
1572 167 1680 196 Lucret.
1691 165 1740 196 lib.
1755 177 1779 202 ς.
1793 175 1872 202 1009.

1443 207 1484 236 Ita
1492 206 1579 243 fugias
1588 226 1596 239 ‚
1618 214 1653 244 ne
1665 212 1762 241 praeter
1771 204 1867 234 casam.
1907 202 1972 234 Ter.
1984 202 2095 234 Phorm.
2109 214 2133 239 ς.
2145 213 2171 233 2.
2183 205 2208 241 '3.
2229 203 2271 235 sta
2282 204 2371 243 fugias
2382 227 2391 240 ‚
2412 210 2448 236 rie
2458 215 2554 246 praeter
2600 201 2604 229 ἰ

1463 243 1569 277 casam,
1589 243 1664 278 quod
1676 242 1761 271 aiunt.
1801 241 1853 270 Ubi
1863 241 2004 276 Donatus.
2025 241 2200 272 Proverbium
2213 264 2220 277 ‚
2242 242 2283 272 Ita
2294 243 2393 280 fugito,
2414 253 2449 273 ne
2459 254 2556 283 praeter
2600 247 2602 283 ἱ

1464 280 1572 310 casam:
1594 280 1648 308 hoc
1656 280 1694 308 est
1705 301 1712 313 .
1733 279 1776 308 Ne
1786 285 1929 316 praetereas
1940 279 2111 309 casamtuam
2122 302 2130 314 ,
2152 290 2211 316 quae
2228 280 2279 309 tibi
2296 281 2326 309 sit
2343 281 2504 312 tutissimum
2517 295 2556 314 re·
2598 289 2602 318 i

1463 317 1648 355 ceptaculum.
1690 318 1742 345 Aut
1754 316 1793 345 lta
1801 317 1906 354 fugias,
1927 327 1962 346 ne
1973 320 2072 356 praetet
2083 317 2172 347 casam
2183 320 2189 347 ἑ
2212 318 2260 347 ubi
2273 318 2404 348 custodiri
2413 321 2508 358 magis,
2529 324 2556 353 ὅς
2598 323 2604 362 [-

1463 355 1600 393 prehendi
1611 354 1667 389 sur.
1689 356 1715 384 ἃ
1724 353 1850 392 ωυΙξῑεῐί
1860 353 2019 384 verberibus
2030 355 2127 393 potest.
2598 382 2601 387 ,

1445 392 1573 430 Vegetius
1583 390 1717 434 Tentoria
1727 390 1848 434 militurn
1859 390 1937 421 Casas
1953 392 2021 421 dicit
2030 402 2055 422 2.
2072 402 2114 422 10.
2134 391 2326 422 Tabernacula
2336 414 2344 427 ,
2364 392 2411 421 vel
2430 393 2495 424 casae
2507 396 2556 426 mi.
2597 390 2602 439 l

1464 430 1546 461 litum
1556 439 1619 459 cum
1634 429 1842 466 impedimentis
1857 429 1988 459 omnibus
2000 451 2008 463 ,
2022 430 2074 460 &c.
2095 428 2130 459 Et
2138 429 2223 467 Ovid.
2237 439 2261 467 3.
2274 430 2341 460 Fast.
2358 439 2419 468 527.
2597 447 2599 450 ⁴

1536 467 1593 497 Sub
1604 467 1672 502 Jove
1684 476 1745 504 pars
1756 467 1837 496 durat
1847 488 1854 502 ‚
1875 468 1958 504 pauci
1968 468 2089 497 tentoria
2099 469 2212 505 ponunt
2221 489 2229 502 ‚
2596 469 2602 487 l

1449 539 1451 541 ,
1574 505 1644 534 Sunt
1654 526 1662 538 ‚
1684 503 1783 541 quibus
1795 513 1810 533 e
1822 506 1904 533 rar'nis
1912 505 2028 534 frondea
2038 505 2110 534 facta
2124 504 2183 534 casa
2190 505 2237 534 est.

1444 542 1486 572 De
1498 542 1571 572 Casae
1580 542 1695 571 notione
1704 542 1779 579 apud
1788 541 1988 579 Agrimensores
2014 542 2046 571 V.
2068 541 2179 581 Rigaltii
2191 541 2275 572 Gloff.
2287 542 2388 580 Agrim.

1408 581 1430 610 C
1440 590 1457 610 A
1468 591 1479 609 s
1490 590 1509 609 A
1518 590 1534 609 1<
1545 591 1554 609 i
1567 590 1583 609 A
1592 602 1600 615 ‚
1622 590 1652 609 ae.
1675 579 1694 608 f.
1716 580 1817 608 dicitur
1824 579 1928 609 Mulier
1937 589 1997 616 quae
2011 579 2100 609 casam
2113 579 2239 610 custodit.
2279 580 2379 610 Festus.

1408 619 1551 647 CASAssi
1561 628 1578 646 U
1589 627 1601 647 s
1615 639 1623 652 .,
1648 618 1665 645 i.
1680 626 1718 646 m.
1740 617 1797 653 Qui
1811 618 1839 646 in
1858 617 1917 646 casa
1929 617 2028 646 rustica
2047 617 2162 646 habitat.
2186 612 2269 647 Gioff.
2280 616 2338 648 Lat.
2350 617 2396 647 Gr.
2419 617 2554 658 Casarius,

1409 682 1412 685 Δ
1446 655 1575 684 καλυέεὺς.
1598 654 1672 684 conf.
1685 654 1703 683 l.
1715 663 1740 692 7.
1753 655 1823 684 Cod.
1836 654 1945 685 Theod.
1957 655 1992 684 de
2006 654 2087 684 bonis
2116 654 2239 693 roscript.
2574 678 2577 682 .

1408 693 1576 727 ΟΛεῦιΑ,
1597 703 1627 722 ae.
1649 692 1668 721 f.
1691 692 1849 736 [καλρζιω]
1868 693 1966 721 dimin.
1993 691 2062 722 Plin.
2074 665 2121 721 ΗΕ.
2139 700 2182 729 35.
2196 701 2257 730 cap.
2274 696 2318 722 ro.
2348 689 2444 723 Casula
2464 692 2555 726 Protda
2601 691 2604 694 ⁴

1444 729 2021 811 {3¹15}ssssAassziffgisififfizsssssz⁹.
2036 766 2091 797 sat.
2106 770 2152 797 ω.

1446 806 1602 835 Contentus
1614 805 1718 835 casulis.
1739 805 1837 841 Juven.
1852 815 1894 842 ¹4·
1907 806 1961 835 Sat.
1975 814 2036 842 179.

1445 843 1604 872 Deficierare
1614 843 1742 872 casulam.
1763 843 1861 878 Juven.
1875 853 1886 871 1
1894 853 1916 872 1.
1927 843 1980 872 Sat.
1993 850 2054 879 153·

1446 880 1573 910 Vendere
1585 880 1697 910 casulas.
1719 881 1829 911 Petron.
1842 891 1902 918 cap.
1915 892 1960 916 44.
2113 912 2115 915 ,
2194 904 2196 908 .
2382 911 2387 916 ,
2530 915 2533 917 .
2549 905 2554 917 ,

1407 918 1429 948 C
1439 928 1458 947 A
1466 928 1477 947 s
1486 922 1504 946 A
1513 929 1529 947 L
1538 929 1547 947 1
1555 928 1567 948 s
1575 940 1583 954 ‚
1602 918 1626 947 e.
1648 924 1698 953 ut,
1720 917 1805 947 Vinea
1815 919 1917 948 casalis.
1937 916 2084 948 Innocent.
2102 917 2138 947 de
2146 915 2204 946 Cas.
2215 927 2244 955 p.
2254 922 2319 947 221.
2339 910 2468 947 Absolute
2479 917 2557 950 Casiri.

1442 955 1581 1022 Ιίιξρἰἰῑιπ
1593 956 1742 985 Terminus
1751 955 1825 986 casae.
1846 955 1914 986 ibid.
1929 965 1957 994 p.
1969 961 2033 990 228.
2054 955 2089 985 Et
2098 955 2202 986 Casalia
2212 954 2332 985 fundum
2349 955 2480 986 dicuntur
2488 965 2557 990 com

1471 1001 1571 1024 ituere.
1612 1016 1619 1023 .
1631 1003 1695 1028 2²5·
1739 1024 1741 1027 ⁴
2553 1019 2556 1025 .

1408 1031 1431 1061 C
1441 1041 1460 1060 A
1470 1041 1481 1061 s
1492 1041 1531 1060 izi.
1541 1004 1610 1066 μειερ,
1631 1041 1716 1061 arum.
1737 1030 1758 1060 f.
1778 1030 1817 1069 pl.
1838 1030 1902 1061 sunt
1911 1030 2042 1060 Granaria
2056 1031 2086 1060 in
2104 1030 2203 1068 quibus
2217 1031 2323 1060 fruetus
2340 1037 2403 1060 com
2425 1028 2557 1064 onuntm‘:
2598 1031 2600 1034 ’

1442 1069 1461 1135 lf.
1474 1079 1500 1136 lis.
1514 1068 1549 1113 D.
1560 1069 1690 1113 dejudic.
1711 1068 1820 1099 Dicitur
1829 1069 1901 1107 quasi
1912 1068 2020 1099 Cellula
2028 1072 2186 1107 granorum.
2225 1068 2290 1107 [Ex
2304 1065 2388 1099 Thes.
2427 1068 2476 1108 ips.
2499 1066 2555 1106 Sed
2592 1062 2598 1075 *

1457 1118 1471 1136 a
1496 1117 1511 1136 a
1526 1113 1630 1136 citatio.
2590 1114 2592 1122 ¹

1405 1144 1742 1180 CAsRLLuLA,ae.f.
1766 1143 1864 1175 dimin.
1886 1140 2089 1180 Ennod.9.ao.
2223 1174 2229 1178 ,
2548 1169 2553 1189 Ι
2589 1173 2596 1185 ,

1405 1183 1428 1211 C
1436 1193 1455 1211 A
1465 1192 1476 1212 s
1486 1193 1505 1211 A
1518 1194 1533 1210 L
1542 1180 1560 1211 ’ν
1571 1187 1590 1211 A
1600 1192 1619 1211 n
1629 1191 1644 1211 n
1654 1192 1666 1211 s
1674 1203 1682 1216 ,
1703 1182 1721 1211 f.
1742 1182 1780 1220 pl.
1805 1178 2005 1219 [κασαλβάδὶς]
2026 1180 2212 1211 Meretriculae
2222 1180 2284 1211 sunt
2294 1181 2363 1211 olim
2377 1181 2560 1220 cugnominss
2590 1187 2595 1206 ³

1442 1228 1491 1256 tre,
1513 1220 1567 1249 hoc
1579 1225 1744 1256 argumento
1758 1242 1766 1256 ‚
1788 1220 1865 1257 quod
1884 1220 2010 1250 absentes
2022 1219 2071 1249 sibi
2087 1220 2241 1255 advocent,
2261 1220 2390 1255 rejiciant
2408 1216 2553 1258 praesenton
2589 1226 2593 1242 ν’

1442 1264 1592 1287 amatores:
1615 1258 1729 1287 sedeant
1739 1258 1845 1287 veroin
1856 1257 2006 1287 domiciliis
2015 1279 2023 1294 ‚
2044 1258 2071 1288 ἂ
2085 1257 2243 1287 volentibus
2257 1257 2353 1287 faciles
2363 1257 2390 1286 se
2399 1257 2556 1296 praebeant.-
2589 1268 2591 1275 ’

1442 1296 1577 1336 Meminit
1594 1296 1674 1332 hujus
1687 1295 1817 1325 vocabuli
1833 1296 2028 1334 Aristophanes
2049 1296 2079 1324 in
2094 1294 2304 1326 Conciona'tric.
2324 1300 2404 1332 ¹098·
2426 1297 2453 1325 ἃ
2473 1305 2508 1326 ex
2519 1305 2568 1345 eq
2588 1303 2589 1309 ¹

1443 1334 1508 1363 Cael.
1527 1333 1646 1371 Rhodig.
1659 1332 1708 1362 lib.
1722 1343 1763 1369 ¹4-
1773 1343 1835 1372 cap.
1846 1339 1872 1378 3.
2321 1369 2324 1373 Α
2457 1371 2460 1374 Α

1405 1371 1427 1400 C
1438 1381 1456 1400 A
1467 1381 1479 1401 s
1488 1382 1507 1400 A
1516 1383 1532 1399 L
1541 1381 1558 1400 v
1568 1383 1577 1400 1
1588 1381 1605 1400 υ
1615 1382 1636 1400 M
1649 1392 1658 1406 .,
1679 1371 1697 1400 i.
1718 1381 1746 1400 n.
1768 1371 1953 1407 [κασαλβιοι]
1973 1370 2065 1401 Locus
2082 1376 2140 1401 erat
2161 1370 2274 1401 Athenis
2287 1370 2359 1401 intra
2369 1369 2468 1400 urbem
2476 1392 2486 1407 ‚
2504 1369 2561 1405 ubi=

1462 1409 1600 1439 restabant
1609 1409 1806 1445 meretriculae,
1827 1413 1887 1446 'quae
1905 1409 1990 1438 etiam
2009 1409 2043 1439 ab
2055 1409 2110 1439 hoc
2122 1408 2187 1438 ioco
2202 1408 2362 1439 Casalvades
2381 1408 2556 1461 dicebanturj

1466 1470 1472 1476 .
1499 1446 1576 1476 Alex.
1594 1448 1628 1476 ab
1642 1446 1718 1476 Alex.
1730 1446 1778 1476 lib.
1790 1457 1818 1483 4.
1830 1456 1861 1476 ca
1885 1469 1891 1476 .
1905 1449 1947 1481 18.
2533 1467 2546 1478 μ

1402 1484 1424 1515 C
1434 1494 1472 1514 As
1484 1494 1531 1514 AN
1541 1495 1560 1513 D
1571 1495 1615 1514 sA
1627 1506 1635 1519 ‚
1656 1494 1687 1514 ae.
1708 1484 1727 1513 f.
1756 1485 1857 1520 [κάων
1885 1485 1925 1520 οι]
1951 1483 2041 1514 insula
2059 1482 2089 1513 in
2107 1483 2224 1514 Oceano
2238 1483 2414 1514 meridionali
2425 1506 2434 1518 ‚
2454 1489 2554 1518 contra*

1439 1522 1586 1552 Persidem.
1623 1521 1693 1552 Plin.
1703 1522 1751 1552 lib.
1764 1527 1789 1552 ⁶.
1803 1531 1864 1560 cap.
1877 1531 1922 1559 25.
1943 1522 2046 1553 Contra
2055 1521 2192 1552 Persidem
2211 1520 2344 1560 (inquit)
2364 1521 2470 1558 insulae,
2489 1515 2551 1560 Phi,

1440 1560 1481 1589 los
1497 1582 1505 1596 ,
1526 1560 1662 1590 Casandra
1673 1581 1681 1596 a
1702 1560 1812 1596 Aracia,
1829 1562 1881 1590 ἃς.
2541 1572 2550 1584 ⁴

1402 1597 1424 1627 C
1435 1608 1455 1627 A
1463 1608 1475 1628 s
1484 1608 1501 1628 c
1510 1608 1539 1634 A,
1553 1609 1584 1628 ae.
1600 1601 1638 1628 m.
1659 1598 1715 1627 Viri
1726 1598 1877 1640 proprium.
1898 1596 1923 1627 is
1932 1596 1984 1626 fuit
1993 1596 2069 1628 Bruti
2082 1596 2214 1639 armiger.
2223 1597 2258 1626 de
2268 1603 2323 1634 quo
2333 1593 2381 1627 Sil.
2391 1596 2442 1627 lib.
2452 1600 2550 1635 75⁴&

1529 1636 1591 1666 Nec
1601 1636 1729 1665 damnata
1737 1645 1835 1665 manus
1846 1657 1855 1671 ‚
1876 1636 1970 1665 medio
1982 1635 2029 1664 sed
2050 1635 2166 1672 (flebile
2178 1635 2191 1672 )
2211 1641 2309 1664 mento

1438 1706 1440 1709 .
1529 1674 1661 1711 Arniig'eri
1671 1673 1760 1703 Cascae
1770 1672 1948 1711 penetrabilis
1956 1668 2032 1702 haesit
2040 1674 2156 1703 arundo.
2235 1672 2371 1710 Quaedam
2381 1671 2547 1712 exemplaria

1436 1710 1532 1750 legunt
1541 1712 1621 1742 Casae.
1665 1711 1851 1748 [Cognomen
1859 1711 1912 1740 fuit
1920 1711 2012 1748 gentis
2018 1711 2148 1741 Serviliae.
2170 1735 2174 1738 .
2186 1708 2219 1741 V.
2241 1710 2320 1741 Fulv.
2333 1710 2420 1740 Urfin.

1399 1747 1422 1779 C
1432 1760 1450 1778 A
1460 1760 1472 1779 s
1480 1760 1497 1778 c
1509 1760 1528 1778 A
1537 1760 1556 1778 T
1565 1759 1579 1778 Ε
1588 1759 1607 1778 N
1617 1759 1629 1779 s
1637 1760 1651 1779 a
1660 1760 1672 1779 s
1682 1771 1691 1785 ‚
1711 1750 1780 1778 ium.
1796 1756 1834 1778 m.
1856 1749 1895 1786 pl.
1910 1748 2017 1786 <Populi
2036 1749 2175 1787 Hispaniae
2193 1749 2325 1779 citerioris
2339 1770 2348 1784 ,
2369 1748 2400 1778 in
2410 1751 2549 1787 conventu

1437 1787 1673 1824 Caesaraugustaiio
1684 1809 1691 1822 ,
1713 1796 1782 1824 quos
1794 1786 1897 1816 Plinius
1909 1785 2070 1826 Latinorum
2079 1786 2133 1816 effe
2141 1786 2266 1817 veterum
2284 1787 2321 1816 ait
2328 1782 2378 1816 lib.
2391 1790 2415 1823 3.
2428 1794 2489 1824 cap.
2501 1796 2527 1824 3.
2582 1818 2584 1824 ‚

1399 1822 1422 1855 C
1432 1835 1499 1854 Asc
1509 1834 1547 1854 us
1558 1847 1566 1860 ‚
1586 1835 1602 1854 a
1612 1846 1620 1861 ‚
1640 1830 1697 1855 uin.
1721 1824 1869 1861 [κρὸνιῶι]
1889 1824 2042 1862 antiquitus
2058 1823 2220 1860 dicebatur,
2241 1825 2316 1862 quod
2334 1832 2386 1853 rios
2405 1824 2487 1854 Vetus
2501 1830 2546 1863 ap-
2581 1825 2585 1832 “

1435 1863 1580 1901 pellamus.
1604 1863 1690 1901 idque
1700 1884 1709 1899 ‚
1725 1868 1756 1892 ut
1765 1863 1861 1892 auctor
1868 1862 1906 1892 est
1914 1862 1995 1892 Varro
2005 1885 2013 1898 ‚
2034 1862 2128 1900 lingua
2136 1863 2301 1893 Sabinorum
2311 1884 2320 1898 ‚
2341 1867 2401 1899 q'uae
2408 1862 2439 1891 in
2448 1861 2546 1894 Oscdm
2578 1865 2584 1902 g

1437 1901 1521 1942 usque
1533 1901 1657 1938 linguam
1665 1901 1771 1930 radices
1783 1901 1884 1937 egerit,
1906 1910 1959 1937 qua
1971 1900 2070 1930 Casnar
2080 1901 2164 1930 senex
2175 1901 2293 1930 dicitur:
2314 1906 2405 1938 eoque
2419 1899 2548 1938 Ennium,

1435 1945 1468 1968 ut
1479 1938 1556 1969 Oscae
1566 1939 1668 1976 linguae
1682 1938 1802 1976 peritum
1812 1959 1820 1972 .
1841 1937 1970 1976 scripsisse
1984 1958 1992 1974 ‚
2576 1933 2583 1967 l

1472 2015 1476 2020 Ι
1529 1975 1744 2018 Quamprimum
1770 1975 1839 2005 casei
1865 1973 1964 2013 populi
1990 1979 2110 2020 genuere
2130 1969 2231 2005 Latini.
2324 1974 2422 2020 Cascos
2439 1974 2547 2006 Latino:
2575 1970 2584 2024 ἶ

1435 2013 1540 2082 351&ssss
1548 2013 1808 2089 {ztilffsszffisisffl
1816 2013 1938 2081 iiiiii&
1945 2013 2420 2089 332,diffiassitftessuk‘zffii‘iiassff
2422 2011 2547 2081 afflig
2573 2026 2582 2080 i

1436 2090 1571 2123 mirabile.
1585 2090 1602 2118 ii
1614 2090 1722 2119 cascum
1733 2089 1808 2119 casca
1819 2089 1947 2124 duxisset,
1964 2090 2096 2126 quoniam
2107 2099 2221 2119 canoras
2231 2089 2418 2119 conficiebant
2426 2090 2544 2126 nuptias.
2573 2083 2581 2131 ξ

1434 2127 1550 2157 Videtur
1561 2127 1613 2157 esse
1623 2129 1702 2163 jocus
1711 2126 1740 2156 in
1751 2134 1835 2156 anum
1845 2127 1939 2157 vetulo
1955 2134 2088 2165 nuptam,
2110 2124 2280 2164 allusumque
2291 2127 2327 2156 ad
2338 2135 2437 2156 vocem
2452 2126 2546 2171 (311ίὶτίἲ
2572 2134 2578 2145 '
2602 2159 2603 2162 Ἰ

1434 2166 1551 2204 perinde
1563 2166 1635 2203 quasi
1648 2166 1801 2195 deducatur
1815 2175 1830 2194 a
1840 2164 1977 2194 canendo.
2008 2164 2135 2195 Refertur
2144 2165 2250 2194 ibidem
2260 2166 2432 2202 epigramma
2443 2163 2546 2204 Papini!
2572 2190 2575 2196 .

1436 2203 1580 2239 ‘cujusdam
1589 2226 1596 2238 ‚
1618 2204 1691 2240 quod
1703 2203 1806 2241 scripsit
1817 2204 1845 2231 in
1854 2203 2060 2232 adolescentem
2069 2203 2184 2232 nomine
2193 2201 2304 2232 Cascam
2313 2223 2322 2238 ,

1530 2241 1690 2270 Ridiculum
1700 2240 1737 2270 est
1748 2250 1832 2278 quum
1843 2246 1870 2270 t'e
1882 2240 1992 2270 Cascam
2002 2247 2053 2270 tua
2062 2241 2131 2270 dicit
2139 2241 2237 2270 amica.
2573 2274 2576 2277 ³

1434 2279 1545 2316 Opinor
1554 2279 1758 2308 adolescentem
1765 2278 1872 2308 duxisse
1884 2278 2005 2308 vetulam
2016 2300 2024 2314 ‚
2043 2278 2163 2316 proinde
2180 2277 2327 2308 absurdum
2336 2277 2424 2307 'videri
2440 2277 2544 2314 quoties

1433 2317 1508 2346 casca
1520 2339 1528 2352 ,
1549 2316 1577 2345 id
1592 2317 1630 2345 est
1641 2316 1745 2352 Vetula,
1766 2317 1896 2345 maritum
1907 2317 2037 2351 juvenem
2048 2314 2136 2345 veluti
2151 2314 2290 2354 suoipfius
2309 2315 2423 2345 nomine
2434 2315 2543 2350 Cascam

1434 2360 1554 2384 vocaret.
1591 2354 1699 2383 Dicitur
1710 2354 1764 2383 hoc
1773 2353 1953 2391 proverbium
1964 2354 2074 2391 quoties
2084 2353 2178 2383 fi'milis
2192 2353 2307 2383 similem
2317 2354 2435 2383 delcetat
2444 2375 2452 2389 ‚
2471 2358 2544 2386 venia
2568 2352 2571 2393 ᾗ

1432 2391 1475 2422 lus
1496 2391 1617 2422 vetulam
1629 2414 1637 2427 ‚
1658 2392 1789 2421 deformis
1803 2390 1958 2421 deformem
1967 2413 1975 2427 ,
1997 2391 2128 2421 barbarus
2144 2391 2288 2420 barbarum
2304 2413 2312 2426 ‚
2332 2390 2476 2430 improbus
2493 2391 2542 2420 im·
2567 2405 2573 2430 ς

1432 2430 1561 2468 probum.
1586 2430 1651 2459 Haec
1664 2429 1785 2459 Erasinus
1797 2429 1827 2458 in
1835 2424 1956 2473 Chiliad.
1994 2428 2027 2459 V.
2047 2429 2144 2459 locum
2157 2428 2247 2467 ipsum
2264 2428 2335 2459 Varr.
2346 2429 2382 2459 de
2393 2428 2423 2459 L.
2437 2428 2468 2459 L.
2481 2432 2507 2459 6.
2517 2436 2541 2466 3·
2566 2431 2571 2462 l.
2602 2444 2604 2454 ι

1395 2500 1419 2533 C
1430 2478 1453 2534 Ξ
1457 2515 1469 2534 s
1477 2478 1520 2534 Ξῖ]
1526 2467 1764 2540 ,εἷ’ἀῗ.ηἷῖξξιειξὶξ.
1784 2467 1855 2534 {aelli
1866 2466 2141 2535 abgcgruffiblesoens
2152 2502 2229 2534 casce
2240 2503 2365 2541 loquens.

1394 2542 1586 2577 CisseALss.
1609 2543 1809 2573 [nCAsizus.
2569 2567 2571 2570 -

1395 2580 1418 2610 C
1428 2591 1447 2609 A
1455 2591 1467 2609 s
1477 2591 1490 2609 13
1500 2592 1516 2609 L
1525 2592 1540 2608 L
1549 2592 1557 2609 i
1570 2591 1587 2610 u
1597 2591 1608 2610 s
1616 2603 1623 2614 ,
1645 2582 1659 2617 [
1670 2579 1806 2611 iterim&
1814 2581 1831 2615 ]
1850 2579 1962 2610 Vindex
1971 2601 1980 2621 7
2001 2579 2124 2618 optimus
2133 2578 2244 2609 habitus
2254 2578 2395 2610 consultus
2405 2574 2489 2615 juris,
2507 2575 2540 2608 δὲ

1432 2619 1510 2653 cujus
1518 2618 1654 2648 erroribus
1666 2619 1769 2647 dicitur
1785 2617 1915 2656 scripsisse
1930 2617 2081 2647 Terentius
2096 2617 2214 2647 Scaurus
2228 2617 2340 2647 Adriani
2359 2616 2538 2655 temporibus.

1432 2655 1591 2691 Haecjanus
1602 2656 1751 2685 Parrhasius
1761 2656 1790 2684 in
1801 2655 1871 2685 illud
1885 2655 1992 2685 Horatii
2002 2655 2038 2684 de
2055 2657 2118 2685 Arte
2130 2654 2206 2684 Poet.
2220 2663 2283 2692 371.
2563 2666 2567 2671 ·

1587 2710 1624 2714 —
1637 2693 1724 2723 nescit
1734 2699 1868 2730 quantum
1877 2693 2008 2733 Casellius
2019 2692 2103 2723 Aulus
2115 2714 2124 2728 ‚
2511 2721 2514 2724 ,

1486 2731 1542 2761 Sed
1551 2728 1682 2761 tamenin
1693 2731 1782 2769 pretio
1797 2730 1843 2760 est.
1925 2729 2041 2767 [Cunin
2061 2730 2088 2761 h.
2102 2728 2193 2760 edidit
2211 2728 2359 2760 Cascellius
2369 2751 2378 2765 ‚
2397 2727 2534 2766 quomodo

1433 2768 1492 2798 Cic.
1505 2769 1534 2797 in
1547 2770 1614 2806 Epp.
1625 2770 1660 2798 ad
1674 2771 1726 2798 Att.
1742 2771 1768 2798 δε
1778 2769 1814 2806 Q
1827 2768 1909 2798 Fratr.
1939 2768 2019 2806 Apud
2038 2741 2068 2798 ἒ.
2087 2767 2207 2797 Gellium
2220 2777 2285 2797 vero
2299 2770 2434 2805 perpetuo
2452 2766 2482 2796 id
2490 2774 2547 2796 non*
2559 2797 2566 2803 ,

1432 2815 1498 2835 rnen
1506 2806 1643 2837 Czesellius
1657 2807 1797 2845 scribitur,
1817 2807 1866 2843 qui
1880 2806 1977 2844 saepius
1990 2806 2205 2835 Grammaticum
2216 2805 2294 2834 illum
2305 2805 2380 2834 citat.
2564 2822 2569 2843 .‘

1394 2843 1417 2873 C
1426 2848 1443 2873 A
1452 2854 1464 2873 s
1476 2855 1489 2873 υ.
1499 2854 1518 2873 u
1528 2854 1540 2872 s
1551 2866 1559 2879 ‚
1578 2846 1594 2873 i.
1611 2855 1646 2874 m.
1664 2845 1773 2880 [πρὸς]
1795 2848 1810 2873 a
1820 2844 1955 2873 Coeundo
1968 2842 2058 2873 dietus
2069 2843 2115 2878 est,
2126 2849 2158 2872 ut
2166 2844 2204 2873 ait
2213 2843 2313 2873 Festus.
2323 2842 2395 2879 Virg.
2408 2836 2546 2884 1.Ecl.34¹0¹i
2558 2843 2560 2850 ’

1511 2882 1622 2919 Pinguis
1633 2883 1776 2919 &ingratae
1790 2889 1961 2919 premeretur
1976 2878 2069 2910 caseus
2083 2880 2154 2910 urbi.
2236 2880 2294 2910 Cic.
2315 2879 2352 2909 de
2370 2881 2477 2910 Senec't.
2494 2881 2535 2946 ἵε..
2556 2897 2566 2919 J

1430 2916 1500 2948 Villa
1511 2929 1571 2957 quae
1583 2926 1640 2949 tota
1652 2919 1779 2957 locuples
1789 2921 1843 2950 est:
1865 2919 1988 2950 abundat
1999 2927 2086 2957 porco
2095 2940 2104 2955 ‚
2125 2918 2211 2948 hoedo
2223 2940 2232 2956 ‚
2253 2927 2343 2956 agno,
2365 2916 2464 2956 gallina
2475 2938 2485 2954 ,

1429 2958 1474 2985 rste
1489 2978 1497 2991 ,
1511 2957 1596 3000 λεῑῑὶὶέο
1606 2979 1614 2990 ‚
1637 2958 1730 3001 melle.
1742 2990 1761 3024 F
1778 2993 1800 3024 st
1844 2998 1871 3022 ,Ι

1429 2994 1752 3075 Οῗηὼὲἓῗάῗὶζιεάἑὶξὲεε
1763 3000 1896 3076 ῗηῖΐέἕτιῖτ
1907 3028 1999 3061 caseus
2010 3028 2111 3061 herbae.
2498 3059 2501 3064 ,

1426 3067 2067 3144 ξιίιὶῧὲῖϊὸυέὲΐὲἓυιέἓέὲξὲι7ίίἓ31ἰ.28.ῦέἓυ1ἓο
2080 3068 2232 3100 Oculatum
2240 3073 2383 3099 vocamus.
2509 3115 2513 3126 Ἴ

1426 3117 1791 3220 (Ξίὶῗξευὲἓῇξῗέἒῖῑῗῖἐυξε
1802 3130 1853 3220 {iai}
1866 3115 2146 3217 {icundiffi'nig'sapie
2168 3143 2328 3179 Glaciatus3
2355 3143 2374 3174 i.
2387 3151 2412 3175 e.
2432 3130 2529 3182 Conic-

1424 3218 1667 3288 tesana.
1689 3221 2020 3301 ii..¹.ti‘3¹f.t.};³.⁵.50„
2342 3294 2349 3301 ‚
2551 3273 2557 3299 ,-

1423 3294 1547 3325 musteus
1558 3296 1650 3325 caseus
1662 3318 1671 3331 ‚
1692 3296 1809 3339 Recens.
1849 3295 1917 3325 Plin.
1934 3294 1983 3325 lib.
1998 3303 2040 3324 11.
2052 3303 2113 3332 cap.
2126 3295 2170 3331 42.
2200 3294 2256 3325 Sed
2273 3293 2364 3325 brevis
2380 3304 2412 3325 ac
2431 3291 2527 3324 musteo
2552 3302 2557 3314 ¹

1423 3334 1806 3414 Rteaciittlilsniliiiijiiibrlsirs‘fiatlilin.
1820 3369 1868 3400 lib.
1881 3366 1926 3404 2‘8.
1939 3378 1998 3413 cap.
2013 3379 2040 3404 9.
2061 3368 2161 3399 Caseus
2176 3376 2347 3401 recenseam
2357 3368 2456 3406 mellei
2473 3364 2527 3406 iiiii
2551 3366 2557 3373 ’

1421 3407 2008 3479 eia}{3s33225i.¹3?21¹3⁵15i¹7?27{¹3¹²³
2025 3408 2078 3437 ⁸⁵⁶*
2388 3421 2397 3459 ἐ

1502 3483 1561 3513 Nec
1575 3484 1679 3521 quadra
1691 3484 1786 3512 deerat
1798 3482 1866 3512 casei
1879 3480 2028 3512 Tolosatis.
2124 3478 2143 3511 i.
2158 3491 2183 3512 e.
2205 3481 2317 3512 Minimi
2328 3482 2420 3520 pretii.
2546 3498 2547 3501 =
2559 3514 2561 3522 A

1420 3518 1540 3555 viridis,
1563 3521 1679 3550 Recens.
1720 3520 1917 3564 Colunielalib.
1932 3530 2033 3557 7.cap.
2049 3525 2075 3554 8·-
2105 3520 2134 3549 Si
2152 3520 2229 3549 tenui
2249 3519 2356 3564 liquore
2372 3513 2524 3549 conficiatur
2556 3535 2558 3539 ·

1438 3558 1532 3600 caseus
1543 3580 1551 3594 ‚
1572 3566 1655 3597 quam
1663 3557 1806 3588 celerrime
1820 3557 1984 3588 vendendus
1994 3558 2032 3587 est
2041 3579 2050 3593 ‚
2070 3557 2139 3587 dum
2150 3558 2242 3587 adhuc
2255 3557 2350 3587 Viridis
2365 3557 2520 3588 succurun-
2549 3579 2552 3582 .

1418 3602 1674 3676 &hertam—caseum.
1714 3632 1783 3662 Plin.
1795 3632 1901 3679 libam·
1916 3640 1977 3670 cap.
1992 3638 2036 3669 38.
2067 3629 2139 3661 Finis
2155 3628 2255 3661 immor
2271 3631 2390 3663 lacteus:
2412 3631 2477 3662 huic
2488 3612 2522 3660 ad
2537 3660 2539 3682 Σ,

1382 3670 1875 3752 ῦΑξάεΓῒῧςιἶιὲἰῒπὲἷὶῗῗὲξῗὲξῑῐῧὶιείῗὸ
1887 3729 1895 3742 ,
1915 3706 2037 3751 Pecunia
2075 3704 2123 3735 uid
2139 3704 2266 3751 bonum,
2287 3707 2355 3750 quid
2374 3707 2477 3752 bunun)
2485 3710 2537 3749 tgoi

1417 3743 1518 3781 spondi
1543 3746 1648 3775 Sardis:
1672 3755 1787 3775 veniens
1802 3745 1919 3774 caseum.
1961 3743 2045 3773 Plaut.
2102 3744 2182 3773 edico
2192 3765 2201 3779 ‚
2231 3744 2345 3774 Parasito
2370 3751 2433 3775 cum
2445 3750 2522 3782 virgis

1418 3781 1525 3811 caseum
1537 3783 1592 3812 radi
1604 3783 1701 3820 potest.
1723 3782 1946 3848 N⁰ni¹3⁸bhgffi³
1965 3783 2049 3848 iobnips
2059 3782 2144 3811 etiam
2153 3781 2392 3813 neutraliterdixit
2402 3783 2430 3812 iri
2440 3781 2521 3812 Leno·
2535 3805 2536 3808 ,
2569 3788 2571 3790 ·

1381 3820 1726 3923 Οέξῖεὸςέῗιειῗὶἰιῗὶιῗξεῇ
1734 3820 1839 3893 ggqis]
1860 3841 1956 3887 dimin.
1979 3841 2210 3891 u't‚'Xenocratis
2231 3855 2374 3894 caseolum
2394 3857 2426 3888 In
2441 3843 2535 3887 ibidis
2567 3884 2569 3887 .

1439 3902 1469 3924 os
1484 3895 1623 3933 adagium.
2347 3933 2533 3967 Cunus
2554 3965 2571 3977 Α
