2600 4177
465 142 494 176 C
590 144 619 177 A
716 144 740 177 P

99 219 320 262 Epicuricapite,
341 221 426 253 altero
435 222 532 258 vestro,
555 223 699 260 perceptio
712 224 956 261 &comprehensio
967 227 1081 256 tollitur.
1114 227 1201 263 Quod

100 263 230 328 eststciiput
242 263 372 300 Epicuri?
393 262 420 291 Si
433 260 521 289 ullum
536 260 655 290 sensibus
668 261 754 291 visum
764 262 860 292 salsum
872 265 909 292 eit
920 287 927 300 ,
952 265 1022 294 nihil
1035 266 1140 303 percipi
1151 276 1200 303 po-

101 307 128 328 te
162 322 168 334 ,
184 303 233 329 Sec.

103 340 141 366 An
159 347 208 374 pro
225 336 382 373 Principio?
404 336 438 365 H.
451 335 489 364 St.

81 374 189 412 Caput.
211 384 260 411 pro
272 375 391 403 Summa.
434 373 492 416 Cic.
506 381 531 416 .²·
548 372 666 410 Philipp.
679 382 723 410 77.
747 374 838 412 Caput
848 380 939 406 autem
952 376 1106 407 litterarum
1120 399 1127 413 ‚
1151 376 1198 406 sibi

102 421 165 441 cum
176 412 222 441 illa
236 413 319 440 mima
329 411 441 448 posthac
456 410 527 439 nihil
539 409 670 439 futurum.

83 448 186 479 Rerum
202 454 302 487 caput,
323 459 374 486 pro
387 449 501 478 Summa
514 457 611 476 rerum.
638 449 701 477 Hor.
718 457 740 477 1.
758 449 838 486 Epist.
858 459 900 487 17.
912 462 956 487 45.

274 502 311 506 —
322 487 396 522 atqui
408 494 499 514 rerum
510 492 594 522 caput
606 486 660 514 hoc
670 492 744 520 erat,
767 487 811 516 hic
821 488 892 518 fons.

84 523 181 562 Capita
197 524 226 552 in
240 524 316 553 libris
329 524 458 552 dicuntur
473 545 480 556 .
502 523 611 559 Quibus
623 523 827 558 distinguuntur
839 536 880 555 res
893 527 980 555 variae.
1003 523 1111 555 Gellius
1122 547 1131 560 ,
1155 535 1198 555 11.

104 571 146 591 10.
160 571 200 598 pr.
226 561 311 598 Quod
324 562 351 589 in
364 562 454 599 capite
465 560 605 597 superiore
615 571 630 589 a
642 561 763 590 Critolao
775 561 906 600 scriptum
921 563 975 593 ess'e
987 564 1116 593 diximus.
1154 563 1202 593 Di-

100 600 172 628 citur
184 600 209 628 &
222 598 382 637 Capitulum
392 609 407 627 a
419 598 564 628 Cicerone.
606 599 635 627 V.
658 598 736 628 infra.

82 635 217 666 Generale
225 643 318 674 caput.
342 635 461 672 Quintil.
476 635 524 664 lib.
540 645 563 672 3.
577 646 637 674 cap.
649 640 674 664 6.

82 674 170 740 Psima
186 673 242 739 (Cipo
266 675 356 741 capjta
373 673 493 711 epistolae
510 680 563 703 tuae
581 674 664 703 tacita
687 673 756 702 mihi
776 675 898 711 quodam
916 675 1002 705 modo
1016 675 1201 713 relinquenda

113 718 169 740 unt.
214 722 247 741 ic.
282 735 287 741 .
325 721 377 741 am.
394 717 419 745 8.

82 749 210 787 Exposita
225 751 251 779 ἃ
264 721 402 787 {explicata
414 749 513 786 capita.
539 748 596 777 Cic.
611 747 639 776 in
652 748 725 777 Brut.
742 752 802 784 164.

80 783 184 816 Rerum
197 788 288 824 capita
299 809 307 823 ,
329 797 388 825 quae
399 788 482 823 vulgo
494 786 656 822 Principalia
667 787 769 823 punffh
781 786 897 822 alicujus
917 789 1036 818 materiae
1059 789 1199 818 dicuntur.

99 823 158 854 Cic.
173 825 201 853 in
212 825 285 854 Brut.
302 829 361 860 165.
386 825 445 862 Ipsa
457 824 502 853 illa
512 823 634 854 censoria
647 830 743 852 contra
755 823 805 853 Cn.
819 825 972 854 Domitium
992 827 1128 863 collegam
1142 836 1200 855 non

98 862 137 928 ellt
148 863 235 906 oratio
246 884 253 898 ,
273 861 319 893 sed
335 863 405 901 quasi
420 863 512 900 capita
526 870 636 894 rerum,
659 863 685 891 δι
710 862 842 892 orationis
861 864 1095 893 commentarium
1113 863 1198 902 paulo

132 909 220 930 enius.

99 910 143 964 {es
149 940 232 973 points
242 939 398 975 principaux.
424 937 530 968 Omissa
540 937 597 966 duo
608 935 736 974 exempla
752 936 849 973 Plauti,
872 948 931 975 quae
943 938 1004 968 sunt
1016 940 1044 968 in
1058 938 1198 968 Thesauro

100 975 184 1013 patris
195 976 251 1005 mei
264 975 467 1013 pernecessaria.
490 976 524 1005 H.
538 975 577 1004 St.
599 974 636 1004 Ea
649 974 807 1004 suntTrue.
821 986 846 1011 4.
861 984 885 1012 3.
901 980 942 1006 16.
965 978 989 1006 δι
1002 977 1196 1012 Merc.3.4.24.

81 1013 215 1044 Conferre
228 1015 365 1043 contraria
376 1015 475 1051 capita.
518 1013 575 1042 Cic.
587 1022 613 1040 2.
635 1012 670 1041 de
682 1012 759 1042 Orat.
778 1022 842 1048 223.
876 1013 972 1050 Quum
984 1016 1120 1045 contraria
1130 1015 1201 1044 inter

43 1062 46 1065 ·
100 1050 155 1080 sese
169 1051 205 1080 de
218 1051 371 1089 Republica
384 1052 476 1089 capita
485 1049 663 1083 contulisset,
684 1052 788 1086 noster,
800 1052 851 1080 &tn

28 1116 37 1119 -
81 1088 292 1126 Proscriptionis
311 1099 380 1119 meae
396 1096 489 1128 caput.
530 1088 589 1118 Cic.
610 1087 670 1118 Post
690 1089 770 1119 redit.
791 1089 821 1118 in
839 1089 932 1119 Senat.
944 1100 970 1126 4.
1002 1090 1021 1120 i.
1039 1099 1064 1119 e.
1086 1090 1200 1120 Summa

122 1126 202 1156 roscri
226 1127 318 1157 tionis.

83 1137 188 1202 Cgput,
205 1137 323 1195 Igumma
334 1166 497 1205 principalis
509 1164 636 1203 pecuniae
646 1163 777 1199 creditae,
798 1163 842 1193 vel
853 1164 948 1193 tributi
959 1167 1011 1195 ἃς.
1034 1164 1200 1202 cuirespon-

99 1202 149 1232 det
158 1202 277 1232 Lucrum
288 1205 313 1233 ἃ
323 1203 451 1234 iicceffio.
486 1204 543 1233 Cic.
557 1211 581 1239 3.
595 1202 686 1231 Verr.1
696 1212 718 1232 1.
740 1202 828 1231 Erunt
839 1203 885 1239 qui
898 1204 922 1232 &a
934 1204 961 1231 in
974 1213 1007 1232 eo
1019 1212 1129 1239 quoque
1139 1203 1199 1237 ejus

99 1241 245 1270 audaciam
265 1242 490 1278 reprehendant,
511 1241 586 1278 quod
604 1239 711 1276 aliquot
730 1240 892 1269 nominibus
907 1241 942 1270 de
955 1241 1046 1278 capite
1063 1247 1199 1278 quantum

101 1280 283 1308 commodum
292 1280 374 1309 fuerit
385 1301 394 1315 ,
411 1279 544 1309 frumenti
555 1279 704 1307 decumani
716 1299 724 1312 ‚
746 1278 907 1307 detraxerit.

81 1316 192 1354 Caput,
213 1317 297 1352 Sors„
308 1317 364 1347 Liv.
377 1321 402 1347 6.
417 1327 459 1354 35.
484 1317 632 1353 Creatique
649 1315 770 1344 Tribuni
786 1316 817 1345 C.
831 1316 970 1352 Licinius,
991 1317 1018 1345 δι
1037 1316 1066 1345 L.
1087 1316 1199 1345 Sextius

99 1354 309 1393 promulgavere
320 1355 394 1392 leges
403 1377 411 1390 ,
432 1364 530 1384 omnes
540 1353 665 1383 adversus
675 1363 743 1390 opes
756 1354 936 1391 patriciorum
948 1376 956 1388 ,
978 1355 1003 1383 ἃ
1012 1364 1063 1392 pro
1075 1364 1200 1383 commo-

100 1393 143 1422 dis
154 1391 243 1430 plebis
254 1414 262 1428 ‚
282 1402 366 1422 unam
377 1393 413 1422 de
422 1403 474 1423 :ere
484 1393 591 1422 alieno:
614 1398 646 1420 ut
653 1391 776 1420 deducto
786 1401 820 1420 eo
839 1393 874 1421 de
892 1393 982 1429 capite
991 1413 999 1427 ,
1020 1392 1095 1428 quod
1112 1391 1200 1421 usuris

98 1437 328 1468 pernumeratum
346 1430 428 1466 effet,
450 1431 480 1460 id
515 1430 572 1459 uod
590 1428 758 1467 superesset,
777 1430 899 1458 triennio
917 1430 1002 1467 aequis
1020 1429 1200 1467 portionibus

98 1468 308 1506 persolveretur.
345 1468 437 1498 Livius
453 1478 486 1498 eo
510 1478 554 1497 em
572 1466 645 1496 libro
667 1466 752 1504 paulo
768 1467 845 1505 post,
869 1470 912 1504 36.
927 1474 994 1497 extr.
1018 1469 1127 1498 Sortem
1139 1476 1199 1496 cre-³

97 1506 186 1536 ‘clitam
196 1505 300 1536 solvere
315 1506 391 1536 dicit.
429 1506 462 1535 Et
476 1506 542 1535 Hor.
560 1515 582 1534 1.
596 1505 680 1534 Serm.
692 1515 716 1534 2.
731 1515 774 1541 14.

173 1544 281 1581 Quinas
301 1544 347 1573 hic
367 1544 451 1582 capiti
463 1543 604 1573 mercedes
617 1542 733 1572 exsecat.
815 1542 848 1572 Et
860 1543 890 1572 B.
905 1542 1027 1572 Ambros.
1041 1553 1102 1581 cap.
1116 1553 1140 1578 ς.
1163 1542 1199 1572 de

100 1581 212 1649 ΤοΙήῑὶὲ1
231 1581 365 1649 bOffertur
382 1582 504 1620 pecunia
521 1581 662 1611 creditori.
703 1580 775 1616 Vix,
798 1581 905 1618 inquit,
932 1580 1050 1610 exsolvis
1071 1580 1198 1616 usuram3

99 1629 131 1650 ca
153 1626 183 1649 ut
214 1630 229 1650 e
251 1630 290 1650 es.

78 1630 181 1726 Cgpliit,
193 1668 245 1696 pro
257 1658 345 1688 Fonte
356 1659 382 1690 ἃ
391 1656 557 1695 scaturigine
567 1666 708 1694 aquarum.
731 1662 779 1692 ut,
801 1656 893 1695 Caput
905 1656 1006 1692 Rheni,
1016 1656 1092 1695 apud
1102 1656 1166 1686 Hor.
1175 1665 1198 1686 Γ,

121 1706 187 1726 erm.
201 1705 269 1732 ¹0·3
295 1719 301 1725 .

79 1734 253 1765 Indomitum
272 1701 303 1764 Za
326 1740 356 1763 ut
368 1733 469 1763 Rheni.
497 1733 601 1762 Lucan.
614 1731 663 1762 lib.
677 1741 755 1769 ²·52·
792 1732 866 1770 Quia
880 1731 1076 1762 bellicofissimi
1088 1732 1201 1762 fuerunt

101 1771 200 1810 populi
212 1772 258 1809 qui
269 1772 304 1801 ad
338 1772 403 1800 heni
411 1777 496 1809 caput
504 1778 592 1801 erant.

80 1810 195 1841 Sacrum
206 1817 290 1848 caput
299 1809 397 1839 amnis.
420 1810 491 1846 Virg.
502 1820 528 1844 4.
541 1809 640 1845 Georg.
655 1816 716 1844 3¹9·

174 1848 270 1878 Tristis
282 1848 316 1877 ad
327 1848 443 1877 extremi
456 1847 562 1877 sacrum
571 1852 656 1884 caput
667 1845 751 1876 astitit
758 1846 846 1876 amnis

173 1886 266 1916 Multa
281 1895 406 1923 querens.
1095 1914 1111 1916 ff

80 1924 174 1963 Caput
192 1925 330 1959 fluminis,
352 1933 402 1961 pro
419 1923 497 1953 Ostio
508 1944 515 1957 ,
545 1931 601 1959 quo
618 1921 724 1950 flumen
740 1926 907 1951 exoneratur
923 1922 953 1950 in
969 1929 1054 1952 mare.
1095 1920 1160 1951 Caes.
1171 1931 1198 1957 4.

100 1962 168 1992 Bell.
181 1961 252 1992 Gall.
264 1972 325 2000 cap.
337 1971 379 1990 10.
401 1960 550 1997 Multisque
562 1959 699 1997 capitibus
710 1958 739 1987 in
749 1959 894 1989 Oceanum
908 1959 1008 1989 influit.
1038 1959 1079 1989 De
1090 1959 1199 1989 Rheno.

80 2000 173 2039 Caput
182 2001 321 2035 fluminis,
345 1999 436 2028 Aliter.
458 1999 529 2035 Virg.
542 2004 567 2032 8.
584 1998 645 2027 AEn.
660 2000 706 2032 65.

100 2068 103 2075 ,
275 2053 311 2057 -
323 2037 400 2066 celsis
410 2044 495 2074 caput
508 2036 622 2065 urbibus
637 2035 703 2065 exit.
787 2034 828 2063 De
846 2034 933 2064 Fonte
943 2036 1018 2064 enim
1032 2035 1109 2064 fluvii
1121 2034 1203 2064 intel-

101 2075 246 2114 ligendum
263 2075 381 2104 arbitror
401 2084 436 2104 ex
453 2074 570 2104 editiore
588 2073 721 2103 Hetruriae
732 2077 809 2109 parte
827 2081 957 2102 exeunte.
993 2073 1067 2102 Nam
1086 2073 1199 2110 Capita,

100 2114 202 2144 Fontes
213 2113 338 2143 amnium
347 2113 439 2142 vocari
447 2121 506 2141 non
518 2112 556 2141 est
566 2111 739 2149 infrequens.
755 2119 816 2147 quae
827 2112 852 2140 Sc
865 2111 936 2140 sacra
948 2111 1019 2140 sunt.
1042 2111 1199 2141 Turnebus.

83 2152 230 2190 Caputpro
244 2151 363 2181 Auctore
376 2151 536 2189 praecipuo,
556 2157 587 2179 ut
599 2150 691 2187 Caput
701 2147 843 2178 scelerum.
866 2148 952 2178 Plaut.
965 2149 1049 2178 Curc.
1059 2158 1085 2179 2.
1097 2159 1120 2179 1.
1137 2159 1179 2184 ιφ.

83 2190 151 2221 Belli
159 2189 264 2219 summa
275 2190 300 2218 Gt
310 2196 403 2226 caput.
426 2188 510 2218 Ovid.
523 2197 550 2218 2.
566 2188 602 2217 de
611 2186 690 2217 Pont.
703 2197 725 2215 1.
740 2189 785 2221 46.

83 2227 288 2264 Conjrirationis
299 2227 399 2264 capita.
439 2226 497 2256 Liv.
510 2230 538 2260 8.
552 2235 594 2262 19.
618 2224 694 2255 Prius
704 2223 926 2254 animadversum
937 2224 966 2253 in
978 2233 1041 2261 eos,
1062 2223 1111 2262 qui
1128 2225 1203 2264 capi-

101 2272 129 2296 ta
138 2265 338 2301 conjurationis
349 2265 469 2296 Fuerant.

101 2304 237 2341 LesCheft.
258 2303 344 2332 H.St.

83 2341 154 2373 Fons
166 2343 192 2372 &
202 2347 286 2379 caput
295 2341 431 2370 Socrates.
468 2339 527 2370 Cic.
539 2349 562 2369 1.
576 2337 612 2368 de
623 2338 701 2368 Orat.
710 2348 756 2374 42.
787 2337 922 2376 Urgerent
934 2342 1065 2375 praeterea
1083 2337 1204 2376 philoso-

99 2380 219 2418 phorum
229 2388 324 2417 greges
333 2398 342 2415 ‚
362 2379 418 2415 jam
426 2378 461 2408 ab
474 2377 524 2408 iilo
535 2378 616 2408 fonte
635 2378 661 2407 ἃ
675 2377 766 2415 capite
777 2376 891 2407 Socrate
902 2395 910 2412 ,
931 2375 1002 2405 nihil
1016 2382 1044 2405 te
1055 2376 1090 2406 de
1100 2376 1184 2407 bonis
1193 2398 1202 2413 ,

100 2417 170 2447 nihil
181 2418 216 2447 de
232 2416 312 2446 malis
325 2439 332 2452 ‚
346 2418 398 2446 &c.

82 2454 247 2494 Expugnare
256 2454 346 2494 ipsum
356 2459 449 2493 caput.
472 2454 540 2484 Hor.
550 2462 576 2482 2.
591 2452 679 2482 Serm.
695 2464 718 2488 ς.
730 2461 775 2490 74.

160 2525 163 2527 ,
273 2508 311 2515 —-
321 2492 368 2522 sed
375 2492 554 2529 vincitlonge
566 2490 739 2529 priusipsum

159 2531 327 2570 Expugnare
337 2537 431 2568 caput.
514 2529 532 2559 i.
544 2539 568 2559 e.
584 2528 679 2567 Longe
686 2529 787 2559 melius
796 2527 836 2557 est
843 2526 934 2565 ipsum
943 2527 1090 2557 dominum
1098 2528 1202 2559 aedium

98 2569 270 2600 benevolum
283 2569 333 2598 fibi
344 2569 470 2598 reddere.

82 2607 173 2644 Caput
182 2607 235 2637 effe
248 2607 331 2637 alicui
344 2607 392 2636 rei.
433 2605 498 2635 Ter.
511 2604 587 2634 Adel.
599 2615 625 2640 4.
637 2613 662 2633 2.
677 2614 722 2639 29.
743 2603 821 2633 Idem
833 2603 912 2632 sensit
929 2603 1004 2641 quod
1021 2613 1089 2641 ego,
1111 2610 1138 2634 te
1146 2603 1202 2634 esse

98 2645 165 2676 ‘huic
176 2646 214 2675 rei
225 2651 318 2684 capnt.
360 2643 391 2674 V.
414 2644 485 2673 infra
504 2643 566 2673 Nec
576 2649 678 2680 caput,
701 2651 754 2671 nec
769 2642 865 2678 pedes.

81 2682 174 2722 caput
184 2684 221 2713 est
232 2705 239 2718 ,
264 2693 315 2722 pro
326 2681 552 2720 Praecipuumest.
591 2680 648 2710 Cic.
662 2690 688 2710 2.
704 2681 739 2709 de
752 2679 829 2709 Orat.
845 2681 907 2716 337.
937 2679 977 2709 Ad
993 2679 1137 2709 consilium
1156 2688 1202 2710 au.

101 2726 158 2751 tem
168 2722 203 2751 de
216 2722 324 2760 Repub.
337 2721 462 2750 dandum
473 2742 481 2756 ,
505 2719 650 2757 caputest,
672 2717 748 2747 nosse
758 2718 896 2756 Rempub.
914 2717 949 2746 ad
968 2717 1121 2747 dicendum
1137 2728 1201 2748 vero

101 2759 282 2797 probabiliter
292 2782 299 2794 ,
321 2758 398 2788 nosse
406 2767 496 2788 mores
507 2757 637 2786 civitatis.

79 2796 167 2834 Quod
178 2804 261 2835 caput
271 2798 318 2826 est.
355 2797 414 2826 Cic.
429 2805 453 2832 3.
467 2796 542 2825 Fam.
554 2804 579 2831 7.
604 2794 715 2824 Deinde
727 2793 910 2832 imperatori?
941 2792 1044 2822 deinde
1056 2803 1133 2823 more
1142 2803 1201 2823 ma.

102 2836 210 2871 jorum'?
230 2835 334 2865 deinde
345 2857 354 2871 ‚
375 2834 451 2872 quod
462 2839 546 2872 caput
556 2830 594 2862 est
605 2855 613 2868 ,
631 2833 723 2861 amico
734 2832 748 2861 ’ἲ

79 2872 171 2911 Caput
182 2872 252 2902 illud
264 2873 302 2902 est
313 2873 331 2902 si
341 2895 349 2907 ,
369 2872 463 2902 velut.
497 2871 559 2901 Cic.
576 2880 601 2900 2,
616 2871 651 2899 de
661 2870 767 2899 invent.
780 2878 827 2904 24.
858 2868 889 2898 In
908 2868 963 2898 hoc
977 2874 1070 2899 autem
1084 2869 1146 2898 loco
1156 2877 1201 2900 ca*-

101 2917 152 2949 put
161 2910 230 2940 illud
242 2912 294 2940 erit
304 2910 454 2940 accusatori
467 2930 475 2944 ,
494 2908 514 2937 {i
527 2908 715 2938 demonstrare
729 2907 849 2945 poterit,
866 2908 918 2936 &e
941 2906 1018 2935 Idem
1035 2917 1055 2936 r.
1069 2907 1104 2936 de
1118 2908 1197 2937 Orat.

103 2953 146 2984 87.
185 2948 276 2987 Caput
285 2949 360 2978 enirn
373 2948 427 2977 esse
438 2947 618 2977 arbitrabatur
629 2946 743 2975 oratoris
754 2966 762 2981 ,
780 2951 812 2974 ut
821 2946 847 2974 δι
858 2944 922 2982 ipsis
932 2944 1007 2982 apud
1017 2953 1086 2982 quos
1096 2953 1197 2983 ageret,

84 3021 85 3024 Ἴ
99 2986 162 3016 talis
177 3008 185 3022 ,
207 2987 316 3024 qualem
327 2986 423 3024 seipse
437 2991 546 3023 optaret
557 3007 565 3020 ,
585 2984 733 3013 videretur.
857 3020 863 3026 ·
885 3020 890 3025 ¹

82 3022 173 3062 Caput
185 3024 223 3053 est
240 3025 274 3054 ad
283 3024 517 3057 benevivendum
528 3022 666 3052 securitas.
689 3021 746 3050 Cic.
758 3020 793 3050 de
804 3020 912 3050 Amicit.
924 3030 969 3055 45.
1082 3048 1085 3049 .

83 3061 145 3092 Nec
158 3068 242 3099 caput
252 3084 260 3097 ,
278 3072 331 3092 nec
345 3062 441 3100 pedes.
461 3061 481 3090 i.
499 3071 523 3090 e.
543 3060 604 3090 Nec
612 3059 794 3098 principium,
807 3067 861 3087 nec
872 3057 943 3086 linis.
965 3056 1023 3086 Cic.
1036 3066 1061 3094 7.
1073 3055 1197 3092 Fam.21.

103 3099 216 3138 Sulpicii
238 3100 290 3130 tibi
314 3109 428 3138 operam
447 3098 574 3136 intelligo
591 3107 627 3127 ex
645 3098 700 3127 tuis
715 3097 802 3126 literis
813 3105 870 3124 non
885 3094 1005 3138 multum
1019 3105 1089 3133 opus
1101 3095 1178 3124 fuisse
1189 3117 1198 3131 ,

101 3143 214 3176 propter
224 3144 284 3168 tuas
296 3148 337 3168 res
349 3139 387 3167 ita
398 3138 552 3167 contrastas
563 3158 571 3171 ,
591 3141 632 3170 ut,
654 3134 892 3172 quemadmodum
902 3134 996 3161 icribis
1007 3155 1015 3166 ,
1037 3143 1088 3162 nec
1102 3140 1197 3170 caput,

99 3184 153 3205 nec
163 3176 257 3214 pedes.
299 3176 433 3213 Equidem
444 3174 546 3204 vellem
559 3174 598 3204 uti
608 3173 695 3212 pedes
705 3172 839 3202 haberent
851 3192 859 3206 ‚
880 3179 911 3201 ut
925 3170 1074 3208 aliquando
1085 3171 1196 3201 redires.

101 3212 166 3250 Quo
174 3213 298 3244 alludere
308 3213 418 3244 videtur
433 3212 520 3242 Plaut.
534 3212 603 3241 Asin.
619 3221 642 3247 ³·
657 3220 680 3247 3.
700 3220 760 3246 139.
836 3247 842 3252 ¹
894 3239 895 3242 ,

170 3261 219 3281 LE.
241 3252 296 3289 Ego
307 3258 391 3289 caput
401 3251 468 3281 huic
476 3256 591 3288 argento
603 3249 643 3279 fui
655 3248 740 3278 hodie
755 3246 932 3285 reperiundo.
1174 3285 1176 3287 Ι

161 3292 189 3318 '1.
199 3300 219 3319 1.
239 3289 298 3326 Ego
307 3299 356 3327 pes
368 3289 417 3318 sui.
440 3299 459 3318 A
469 3298 495 3317 R.
518 3287 594 3324 Quin
608 3296 662 3331 nec
677 3292 770 3324 caput,
782 3295 830 3314 nes
842 3294 890 3323 pes
904 3284 1061 3314 sermonum
1072 3287 1195 3322 apparet.

42 3342 44 3352 r
83 3318 174 3371 Capul}
183 3337 235 3365 pro
246 3327 498 3363 Reicujuscunque
506 3325 646 3363 princip-io
657 3346 665 3360 ,
686 3331 718 3355 ut

85 3364 107 3394 A
115 3371 206 3402 capite
220 3364 358 3394 arcessere.
399 3364 430 3393 In
451 3375 471 3392 A
480 3373 498 3392 R
505 3372 523 3392 c
532 3373 547 3392 tt
555 3373 587 3393 ss
596 3373 624 3392 o.

44 3410 45 3418 ¹
85 3402 107 3434 A
122 3403 211 3440 capite
231 3404 332 3432 ducere
343 3401 568 3439 disputationem.
607 3400 667 3430 Cic.
687 3411 710 3435 ς.
733 3399 768 3429 de
782 3398 895 3434 Fin.17.
928 3396 1001 3427 Fons
1017 3398 1198 3435 reperiendus

104 3439 159 3482 est„
178 3441 208 3469 in
218 3450 273 3478 quo
285 3441 336 3470 sint
346 3439 626 3477 primainvitamenta
636 3444 754 3467 naturae:
778 3446 833 3474 quo
845 3437 961 3465 invento
972 3457 980 3470 ‚
1001 3437 1094 3465 omnis
1115 3436 1148 3465 ab
1162 3446 1197 3465 eo

104 3477 175 3515 quasi
186 3480 278 3516 capite
290 3480 325 3508 de
335 3477 442 3508 summo
454 3477 530 3506 bono
541 3478 567 3507 &
581 3476 655 3506 malo
666 3475 816 3513 disputatio
828 3474 947 3504 ducitur.
970 3474 988 3502 i.
1005 3483 1029 3503 e.
1052 3473 1219 3512 Tanquam?-⁴

102 3515 138 3545 ab
147 3517 251 3553 origine
260 3517 373 3546 eruitur.

84 3552 108 3582 A
116 3554 304 3591 capiteordiri.
325 3554 395 3584 Plin.
404 3563 448 3590 25.
463 3563 474 3582 1
482 3562 507 3583 1.
545 3552 580 3582 In
601 3562 618 3581 o
627 3561 670 3580 ιι)
680 3562 690 3580 ι
701 3560 717 3580 o
727 3560 752 3580 R.

85 3589 119 3620 lh
129 3592 227 3629 capita.
267 3592 297 3621 V.
320 3603 330 3620 1
338 3601 368 3621 N.

20 3611 24 3617 -
48 3663 49 3669 ἵ
86 3628 150 3658 Sine
160 3631 249 3666 capite
263 3636 373 3659 manare
382 3630 482 3658 dicitur
492 3637 534 3657 res
546 3642 558 3663 ·,
580 3628 606 3657 ἃ
617 3626 673 3656 sine
683 3627 804 3655 auetore.
844 3616 904 3653 Cic.
927 3630 977 3662 pro
989 3614 1082 3653 Plane.
1096 3631 1139 3660 57.
1162 3615 1203 3654 S'i-

105 3667 172 3703 quid
183 3667 237 3697 fine
245 3669 337 3704 capite
347 3667 480 3702 manabit,
495 3672 542 3695 aut
551 3663 803 3701 {iquidhujusmodi
815 3668 846 3691 iit
858 3671 914 3690 non
927 3668 1002 3705 extet
1012 3663 1108 3691 aue‘tor
1116 3683 1124 3695 ,
1146 3663 1198 3691 &a

87 3703 151 3734 Sine
160 3706 248 3742 capite
256 3706 361 3743 aliquid
372 3705 467 3734 audire
479 3726 487 3739 ,
510 3705 535 3733 ἃ
549 3703 606 3732 sine
625 3703 745 3731 auc'tore.
788 3700 846 3729 Cic.
862 3709 903 3728 12.
921 3699 994 3731 bam.
1011 3709 1056 3734 24.
1092 3699 1150 3728 Nos
1165 3700 1202 3729 de

81 3742 88 3748 '
103 3740 246 3772 Dolabella
255 3743 381 3780 quotidie
393 3753 452 3779 quae
461 3741 589 3771 volumus
599 3762 607 3776 ,
628 3740 773 3770 audimus:
795 3737 842 3767 sed
850 3737 942 3766 adhuc
953 3737 1008 3766 sine
1018 3737 1121 3775 capite,
1142 3737 1200 3767 fine

102 3780 214 3810 'auc'tore
226 3802 234 3816 ,
254 3791 364 3810 rumore
375 3781 485 3809 nuntio.
811 3812 816 3818 ‚
909 3812 915 3817 ·

87 3815 176 3854 Caput
188 3818 223 3847 de
237 3817 355 3848 Urbibus
365 3841 373 3853 ,
393 3824 426 3847 ut
435 3818 526 3855 Caput
536 3815 671 3853 Bithyniae
682 3836 690 3851 ‚
704 3816 756 3845 διε.
778 3812 846 3842 Plin.
864 3811 948 3849 Epist.
964 3816 1029 3847 298.

85 3853 176 3891 Caput
186 3857 272 3893 regni.
293 3856 360 3885 Piin.
374 3855 423 3885 lib.
442 3865 483 3884 12.
496 3864 557 3891 cap.
572 3864 613 3888 14.

105 3891 218 3922 Videtur
232 3903 283 3930 pro
294 3897 330 3920 La
340 3895 399 3921 ville
413 3893 534 3928 Capitale.
557 3892 592 3921 H.
601 3891 639 3921 St.
1066 3924 1068 3926 Ι

87 3928 274 3965 caputcoenae
284 3952 292 3965 ,
315 3931 333 3959 i.
349 3935 372 3960 e.
394 3931 549 3967 Praecipuus
563 3928 674 3961 miffiis.
702 3925 931 3967 praecipuumqhue
952 3919 1088 3953 ferculum
1100 3933 1198 3956 coenae.

107 3966 164 4034 Cixp.
176 3978 200 4003 5·
213 3968 295 4037 'Iiusc-
305 3973 349 4005 98.
373 3964 426 3999 Ubi
437 3975 523 4006 quum
533 3967 682 4004 Tyrannus
693 3961 856 3995 coenaviffet
865 3961 1010 4000 Dionysius
1024 3983 1032 3998 ,
1053 3963 1164 4000 negavit
1173 3962 1200 3992 se

158 4015 174 4034 o
184 4016 210 4036 1..
245 4027 253 4036 .

1671 149 1700 182 C
1797 152 1823 185 A
1922 154 1944 187 Ρ
2341 169 2405 201 433

1309 230 1367 272 jure
1380 229 1428 258 illo
1437 230 1532 266 nigro,
1555 231 1629 267 quod
1641 240 1729 260 coenae
1742 240 1825 269 caput
1838 238 1911 265 erat,
1935 233 2113 263 delectarum.
2137 235 2213 270 Quin
2231 238 2255 265 S<
2268 239 2410 275 nitrxplm.

1309 277 1364 295 rice
1377 268 1471 295 Sermo
1486 269 1574 297 bonus
1588 271 1612 298 ὁὶ
1635 269 1743 305 lepidus
1757 291 1765 304 ,
1788 279 1842 305 quo
1862 271 1985 298 convivii:
2002 271 2099 300 melius
2112 276 2136 300 ἃ
2156 275 2304 307 jucundius
2326 286 2407 311 quain

1310 304 1400 341 epulis
1413 305 1559 341 pascuntur
1575 309 1598 335 ok
1615 306 1759 339 fruuntur,
1780 308 1968 343 eaputcoenic
1981 308 2091 338 dicitur.
2134 310 2209 339 lde-ni
2226 312 2259 339 aid
2279 317 2329 341 iltt.
2353 314 2408 342 Sed

1308 343 1378 370 cedo
1391 352 1473 378 caput
1485 353 1573 371 cinnae
1585 365 1591 376 ,
1606 346 1656 372 &o
1700 344 1778 379 [Nili
1791 354 1864 372 error
1876 347 1920 373 est.

1291 379 1388 444 Csspit'u
1401 381 1652 446 2295ss⁸=ff5019s18
1664 381 1837 411 animalibus.
1863 382 1922 419 Ulp.
1937 382 1996 411 inl.
2019 382 2112 412 Vetus.
2136 385 2198 414 &in
2212 384 2229 414 l.
2254 388 2403 423 quidergo.

1338 426 1392 444 .(e
1405 427 1421 444 ii
1437 424 1511 445 thrut‘
1528 440 1534 446 .

1291 453 1388 496 Capita
1400 475 1408 487 ,
1429 464 1478 490 pro
1489 455 1702 483 Suniiiiitatibus
1714 456 1849 486 arborum.
1874 457 1953 496 vSeu.
1969 458 1997 486 in
2009 457 2120 487 Troade
2135 466 2193 495 173.
2214 459 2327 490 Movere
2339 461 2408 490 silvie

1309 498 1408 526 capita.

1290 528 1415 570 Cuprelli
1426 526 1556 557 inviolata
1567 531 1666 566 capita.
1705 530 1801 560 Claud.
1820 540 1842 567 3.
1860 532 1894 561 de
1905 532 1985 570 Rapt.
2000 532 2119 570 proserp.
2135 542 2196 570 370.
2218 535 2235 563 i.
2250 543 2274 563 e.
2298 535 2411 565 floren-

1310 571 1357 599 tia,
1379 566 1404 594 St
1421 575 1477 593 non
1488 574 1551 594 ante
1562 567 1635 595 emsa.

1290 602 1525 646 Habenaeciipitm
1546 604 1562 632 i.
1577 613 1599 632 e.
1623 605 1822 635 Extremitatcs.
1845 606 1914 635 Cels.
1930 607 1977 636 lib.
1992 613 2016 641 8.
2034 617 2094 645 cap.
2108 618 2133 644 7.

1286 639 1455 677 Papaverum
1465 648 1563 682 capita.
1603 641 1671 670 Flcr.
1688 653 1709 671 i.
1726 652 1750 679 7.
1765 653 1790 680 7.
1814 644 1971 674 Eminentia
1984 646 2054 675 forte
2071 656 2239 684 papaverum
2255 648 2344 685 capita
2356 650 2408 679 vir·-

1306 677 1370 713 gula
1380 684 1525 705 excutiens
1536 700 1543 711 ,
1560 681 1610 707 etc.

1287 715 1445 751 Tignorum
1456 716 1555 751 capita.
1597 717 1661 759 Cits.
1674 727 1698 745 2.
1712 718 1778 747 Bell.
1794 719 1874 747 Civil.
1886 729 1947 756 cap.
1963 731 1987 755 9.
2019 721 2070 750 Ubi
2082 722 2162 751 turris
2175 722 2293 751 altitudo
2308 724 2409 760 perdu-

1307 754 1350 796 cta
1362 752 1446 780 estad
1458 753 1714 782 contabulationem
1725 777 1733 788 ,
1755 766 1815 784 eam
1829 757 1856 785 in
1870 759 1986 794 parietes
1999 759 2185 788 instruxerunt
2197 761 2232 789 ita
2242 783 2249 795 ,
2271 769 2301 789 ut
2318 763 2409 799 cipita

1307 796 1449 825 tignorum
1460 796 1584 819 extrema
1595 792 1731 827 parietum
1743 792 1874 823 structura
1885 801 2042 832 tegerentur
2053 818 2060 832 ‚
2083 798 2185 834 nequid
2197 799 2331 828 emineret
2352 803 2405 830 διο.

1287 827 1357 855 Vitis
1368 826 1466 863 Caput.
1489 827 1627 857 Coluniel.
1644 829 1692 857 lib.
1704 838 1728 865 3.
1742 839 1801 866 cap.
1818 841 1860 860 10.
2334 822 2340 835 ’

1286 865 1380 903 Caput
1390 864 1480 893 facere
1491 865 1592 893 dicitur
1605 866 1743 903 apostema
1755 868 1797 896 vel
1808 868 1970 898 furunculus
1988 876 2034 900 aut
2046 871 2179 901 abscessus
2189 895 2196 907 ,
2220 874 2287 903 dum
2308 875 2409 906 humor·

1306 902 1351 932 vel
1362 901 1477 945 biliosus
1492 902 1536 931 vel
1548 902 1767 946 melancholicus
1782 912 1856 934 totus
1872 907 1899 935 in
1920 908 2038 943 aliquam
2054 917 2160 945 partem
2174 912 2332 949 congreisus
2351 915 2389 943 est

1308 942 1334 970 δι
1344 945 1438 969 cutem
1451 939 1600 983 distendit,
1621 950 1703 984 {itque
1713 942 1931 972 extuberantiam
1944 946 2015 975 facit.
2040 947 2107 976 Plin.
2118 947 2166 976 lib.
2179 953 2222 977 26.
2240 960 2299 987 cap.
2315 961 2354 980 iz.
2371 936 2408 981 de}

1308 977 1474 1007 Furunculis
1484 1000 1499 1020 ³.
1512 977 1647 1007 Remedio
1658 980 1720 1008 lunt
1730 982 1899 1016 pycnocomi
1914 982 1981 1011 solia
1997 985 2060 1013 trita
2080 994 2143 1014 cum
2157 986 2269 1023 polenta
2309 989 2326 1017 si
2341 999 2411 1019 non-

1289 1048 1292 1051 >
1308 1015 1376 1044 dum
1386 1022 1470 1058 caput
1484 1016 1611 1045 iecerint.
2280 1010 2287 1023 ³

1289 1053 1380 1090 Caput
1390 1053 1529 1087 Jecinoris.
1572 1053 1626 1098 Liv.
1636 1054 1686 1098 lib.
1702 1060 1728 1088 8.
1742 1064 1766 1090 9.
1780 1066 1819 1093 pr.
1851 1056 1937 1085 Decio
1953 1065 2037 1095 caput
2047 1060 2176 1095 jecinoris
2187 1070 2201 1089 a
2212 1060 2338 1092 familiari
2350 1075 2410 1102 par.

1306 1091 1448 1136 *te—caesum
1460 1091 1575 1128 aruspex
1586 1092 1688 1135 dicitur
1702 1093 1847 1123 ostendisse
1857 1116 1864 1127 ,
1887 1095 1989 1132 alioqui
2000 1106 2142 1134 acceptam
2155 1099 2207 1126 diis
2222 1099 2334 1130 holliiim
2345 1103 2409 1133 ell'e.

1308 1129 1364 1173 ῌιο
1374 1130 1399 1158 6<
1414 1128 1521 1166 Caput,
1544 1131 1569 1159 δι
1583 1130 1642 1159 Pars
1654 1131 1796 1160 familiaris
1807 1132 1891 1161 verba
1903 1132 1963 1161 sunt
1975 1134 2134 1171 aruspicinae
2147 1157 2153 1169 ,
2176 1146 2233 1172 quie
2246 1139 2309 1166 ideo
2319 1141 2411 1170 minus

1307 1165 1519 1209 intelliguntur,
1542 1168 1618 1203 quod
1630 1168 1688 1196 hsec
1701 1178 1741 1197 ars
1752 1170 1843 1198 omnis
1862 1170 1889 1198 in
1909 1170 2120 1201 desuetudinem
2143 1173 2220 1202 abiit.
2262 1176 2411 1210 Coniicere

1308 1204 1480 1248 tamenlicet
1490 1204 1581 1248 Caput
1594 1227 1601 1238 .
1624 1205 1765 1235 Fibrarum
1786 1208 1813 1235 in
1828 1208 1921 1242 jecore
1941 1209 2051 1238 initium
2065 1209 2158 1239 fuiffe:
2181 1209 2410 1248 quiinique'jecur

1307 1252 1338 1271 in
1350 1242 1418 1271 duas
1432 1248 1523 1279 partes
1541 1242 1700 1272 dividerent
1712 1266 1720 1278 ,
1742 1244 1907 1274 familiarem
1930 1247 1955 1275 Sc
1982 1247 2107 1276 hostilem
2119 1270 2126 1282 ,
2150 1251 2174 1277 6<
2195 1260 2210 1278 e
2226 1250 2353 1281 familiari
2367 1253 2412 1283 sua

1309 1287 1409 1323 eventa
1419 1286 1617 1323 augurarentur
1627 1303 1635 1315 ,
1656 1291 1691 1310 ex
1705 1282 1793 1311 hostili
1806 1282 1922 1312 hostium
1934 1283 1988 1313 fata
2001 1306 2009 1319 ,
2031 1285 2087 1313 duo
2106 1287 2194 1323 capit-i
2205 1297 2281 1317 erant
2294 1312 2301 1323 ,
2323 1301 2409 1320 unum

1308 1317 1430 1385 postne,
1454 1317 1733 1384 a6lte6rumtamiliare:
1755 1320 1792 1350 de
1804 1320 1987 1351 famili-ariliic
1999 1322 2090 1352 Livius
2110 1323 2251 1361 loquitur:
2273 1328 2308 1357 de
2320 1327 2412 1358 hostili

1331 1365 1411 1385 ucan.
1428 1365 1449 1384 1.
1487 1365 1496 1384 1
1521 1378 1527 1384 .

1382 1393 1479 1422 Cernit
1492 1393 1556 1422 tabe
1569 1393 1647 1428 jecur
1657 1394 1802 1425 madidum
1815 1417 1823 1431 ‚
1844 1395 1980 1434 venasque
1996 1398 2119 1428 minaces

1382 1430 1482 1461 Hoiiili
1497 1432 1533 1460 de
1547 1439 1623 1468 parte
1633 1433 1718 1462 videt.
1845 1434 1971 1464 Turneb.

1290 1460 1390 1507 Capita
1409 1469 1528 1512 deorum
1546 1469 1777 1507 appellabantur,
1799 1471 1931 1502 Fasciculi
1951 1472 2014 1502 fasti
2033 1473 2069 1502 de
2082 1474 2218 1506 verbenis.
2244 1476 2344 1508 Festus.
2377 1479 2410 1511 V.

1312 1507 1397 1536 eund.
1412 1517 1440 1535 in
1456 1507 1578 1544 Struppi.

1250 1544 1276 1575 C
1286 1555 1305 1573 A
1317 1547 1351 1573 pf
1360 1554 1379 1573 Τ
1388 1555 1407 1573 Α
1417 1556 1433 1573 L
1445 1567 1452 1580 ,
1474 1544 1532 1573 alis.
1555 1555 1582 1574 n.
1605 1544 1717 1575 Dictum
1726 1555 1741 1575 a
1754 1545 1852 1584 Capite
1863 1569 1872 1582 ,
1891 1549 1968 1585 quod
1990 1548 2169 1579 sacerdotulae
2189 1551 2216 1580 in
2228 1553 2318 1590 capite
2328 1555 2411 1585 etiam

1287 1592 1365 1612 nunc
1376 1582 1584 1626 solenthabere.
1625 1583 1691 1626 Haec
1708 1583 1787 1613 Varro
1801 1585 1836 1613 de
1852 1584 1881 1614 L.
1892 1586 1921 1615 L.
1932 1598 1957 1622 4.
1974 1597 2001 1624 p.
2016 1596 2058 1622 32.
2071 1588 2114 1616 ed.
2127 1595 2188 1617 tert.
2202 1589 2296 1628 Stepli.
2321 1592 2412 1623 Festus

1290 1627 1384 1650 autem
1395 1642 1403 1655 ,
1425 1620 1550 1657 Capital,
1572 1627 1678 1657 lnqult,
1700 1621 1830 1651 Linteum
1842 1624 1982 1660 quoddam
1995 1634 2052 1660 quo
2065 1625 2093 1653 in
2107 1625 2245 1657 sacrificiis
2255 1630 2410 1661 utebantur.

1292 1659 1400 1696 Capital
1410 1681 1418 1692 ,
1440 1658 1553 1687 Crimen
1565 1680 1573 1693 ,
1593 1659 1669 1695 quod
1679 1660 1777 1697 capitis
1789 1668 1908 1691 meretur
1919 1661 2107 1700 supplicium-¹.
2129 1664 2174 1693 Sic

1291 1696 1512 1733 Capitalsacere.
1536 1695 1622 1725 Plaut.
1641 1696 1718 1726 Men.
1738 1708 1759 1726 1.
1779 1708 1801 1727 1.
1818 1703 1860 1728 16.
2099 1696 2105 1700 ⁷

1289 1734 1352 1765 Effe
1369 1734 1470 1771 capital
1484 1734 1583 1772 coepit.
1604 1734 1701 1769 Justin.
1713 1745 1738 1765 2.
1751 1745 1775 1772 7.
1789 1741 1815 1770 8.

1289 1769 1466 1802 Przevetitum
1481 1773 1507 1801 ἂ
1520 1772 1630 1809 capital.
1652 1772 1700 1802 Sil.
1717 1783 1758 1811 13.
1771 1784 1780 1802 1
1790 1784 1832 1809 ςς.

1370 1810 1545 1840 'Praevetitum
1556 1819 1674 1847 namque
1686 1811 1712 1840 &
1728 1812 1848 1850 capital,
1867 1812 2047 1844 committere
2062 1814 2181 1845 Martem

1375 1848 1483 1886 Sponte
1493 1848 1567 1877 viris-
1665 1848 1696 1877 V.
1719 1849 1759 1878 ibi
1776 1850 1952 1887 interpretes.

1255 1886 1278 1918 c.
1287 1896 1305 1915 Α
1316 1896 1348 1915 pl
1358 1890 1402 1914 Ta
1412 1897 1447 1915 ω
1458 1896 1470 1915 s
1482 1906 1490 1916 ‚
1510 1895 1534 1915 e,
1556 1883 1684 1922 [φονικὴ
1701 1885 1847 1922 θαναπκές]
1868 1887 1954 1924 Quod
1962 1889 1998 1917 ad
2010 1890 2108 1927 capitis
2118 1891 2271 1928 periculum
2283 1895 2413 1931 pertinet.

1292 1924 1416 1962 Capitale
1428 1924 1533 1953 crimen
1547 1945 1554 1957 ,
1575 1923 1622 1966 vel¹
1630 1923 1736 1954 facinus
1747 1926 1859 1961 dicitur,
1881 1935 1938 1955 non
1953 1927 2028 1964 quod
2042 1934 2118 1965 petat
2128 1928 2238 1960 alterius
2247 1939 2330 1968 caput
2340 1955 2348 1968 ,
2370 1933 2417 1963 sed

1310 1968 1426 2000 propter
1434 1962 1510 1998 quod
1521 1963 1723 1991 committentis
1738 1971 1821 2001 caput
1836 1964 1895 2001 peti
1912 1965 2012 1994 debeat
2034 1966 2070 1994 ad
2093 1977 2214 2002 poenam.
2261 1969 2318 1999 Cic.
2334 1981 2353 1999 i.
2381 1972 2416 2000 de

1309 2001 1376 2044 Nat.
1391 2000 1470 2029 Deor.
1489 2010 1530 2043 14.
1554 2000 1620 2043 Non
1635 1999 1771 2031 leviffiina
1779 2002 1815 2032 de
1826 2008 1873 2037 re,
1896 2009 1925 2031 ut
1948 2003 2071 2040 queritur
2091 2004 2156 2041 ille,
2178 2006 2208 2034 in
2227 2007 2338 2037 civitate
2355 2009 2415 2039 fieri

1312 2041 1436 2068 'facinora
1451 2037 1586 2075 capitalia.

1290 2077 1368 2107 AEdis
1382 2076 1521 2143 clapgalgs9
1547 2076 1578 2105 In
1590 2085 1642 2112 qua
1654 2076 1774 2115 capitale
1786 2077 1892 2107 crimen
1903 2077 2078 2108 commissum
2089 2079 2135 2109 est.
2159 2080 2244 2111 Plaut.
2259 2082 2340 2112 Most.
2354 2093 2415 2114 αα.

1334 2126 1357 2149 4.
1380 2124 1393 2143 a
1408 2137 1414 2143 .
1459 2124 1479 2143 ae
1503 2123 1535 2143 is.

1292 2126 1468 2220 Αένεὲΐειῐίυε
1479 2152 1604 2189 capitalis
1619 2152 1700 2182 dolor
1710 2175 1718 2188 ,
1740 2152 1796 2190 Qui
1816 2158 1902 2192 caput
1917 2153 1943 2182 &
1956 2158 2076 2184 mortem
2087 2154 2200 2186 alterius
2209 2157 2292 2195 petit.
2315 2158 2373 2189 Cic.
2387 2170 2416 2196 4.

1333 2200 1348 2219 e
1386 2200 1422 2219 in.
1435 2199 1446 2226 3
1457 2201 1478 2218 r.
1945 2221 1947 2225 ¹

1293 2227 1500 2295 Apimadve‘sp
1509 2226 1643 2266 capitalis.
1687 2227 1762 2258 Suet.
1778 2229 1847 2266 Aug.
1860 2238 1905 2264 24.
1927 2227 2116 2267 Manipulares
2127 2231 2241 2269 capitali
2247 2233 2418 2265 animadver-

1322 2276 1386 2295 ione
1399 2272 1499 2303 puniit.

1291 2303 1380 2334 Causa
1389 2303 1523 2342 capitalis.
1544 2303 1581 2333 H.
1594 2303 1634 2333 St.

1293 2342 1429 2372 Fraudem
1441 2340 1586 2379 capitalem
1597 2340 1744 2370 admittere
1756 2362 1764 2375 ‚
1781 2340 1819 2370 est
1830 2340 1899 2370 Tale
1911 2340 2015 2378 aliquid
2027 2341 2198 2380 delinquere,
2216 2352 2331 2384 propter
2341 2349 2417 2384 quod

1313 2381 1406 2418 capite
1415 2379 1575 2418 puniendus
1587 2379 1625 2408 sit.
1650 2379 1760 2408 Veteres
1771 2379 1848 2408 enim
1863 2379 1996 2408 Fraudem
2009 2390 2059 2417 pro
2073 2380 2156 2411 Prena
2167 2392 2271 2419 ponere
2284 2384 2417 2417 solebant.

1312 2418 1448 2455 Ulpianus
1460 2418 1494 2446 de
1507 2416 1631 2446 AEdilitio
1642 2416 1841 2445 edit‘tolCum
1854 2423 1954 2445 autem.
1979 2418 1990 2453 [
2004 2418 2092 2452 lmmo
2104 2429 2153 2457 pro
2167 2421 2275 2450 Damno
2288 2425 2312 2451 St
2327 2424 2416 2455 Noxa.

1293 2456 1398 2486 Homo.
1440 2456 1498 2485 Cic.
1512 2465 1538 2490 4.
1554 2455 1626 2484 Verr.
1643 2464 1702 2491 170.
1725 2455 1785 2483 Hoc
1796 2460 1853 2483 erat
1864 2455 1950 2484 etiarn
1970 2456 2115 2493 capitalior
2127 2479 2134 2490 ,
2155 2459 2231 2495 quod
2247 2460 2323 2490 idem
2334 2471 2419 2499 pecu-

1313 2495 1388 2523 niam
1398 2494 1449 2528 iis.
1470 2493 1521 2530 qui
1530 2492 1562 2521 ab
1571 2493 1620 2522 isto
1632 2492 1737 2529 aliquid
1749 2492 1943 2522 mercabantur
1952 2514 1960 2527 ‚
1980 2492 2081 2523 foenori
2094 2495 2183 2524 dabat.

1293 2531 1454 2562 Inimicitiae
1469 2530 1601 2568 capitales
1614 2531 1824 2559 intervenerunt
1833 2531 1904 2559 inter
1917 2535 2163 2567 procuratorem&
2174 2534 2330 2565 dominum.
2351 2536 2417 2575 Ulp.

1314 2571 1343 2599 in
1359 2570 1376 2598 l.
1398 2567 1599 2598 filiusfamilias.
1621 2569 1641 2606 §.
1658 2568 1707 2597 ult.
1730 2568 1763 2597 D.
1779 2569 1815 2597 de
1828 2575 1967 2606 procurat.
2174 2601 2175 2604 Ἴ

1292 2607 1451 2638 inimicitiae
1460 2606 1591 2643 capitales
1601 2605 1816 2636 intercesserunt.
1840 2606 1939 2637 Paulus
1955 2605 2012 2635 inl.
2026 2606 2043 2635 si
2055 2607 2115 2644 post
2127 2608 2223 2638 datum
2232 2609 2265 2639 D.
2277 2611 2418 2642 eod.titul.

1294 2646 1429 2713 Iiijustitsia
1440 2643 1591 2712 capitalis&
1617 2644 1676 2674 Cic.
1693 2653 1715 2673 1.
1731 2643 1789 2673 Off.
1799 2653 1844 2680 41.
1867 2644 1968 2674 Totius
1980 2645 2221 2681 auteminJ'ustitiae
2230 2648 2305 2678 nulla
2315 2650 2417 2687 capita.

1326 2694 1367 2713 ior
1378 2693 1392 2712 e
1469 2692 1532 2711 uam
1592 2691 1617 2711 c.
1690 2712 1693 2715 .

1291 2721 1404 2752 inscitia
1415 2693 1552 2758 {agitalisi
1592 2719 1660 2749 Plin.
1672 2718 1722 2748 lib.
1735 2727 1779 2755 ²9·
1795 2728 1856 2762 cap.
1872 2729 1895 2748 1.
1928 2719 1945 2748 i.
1958 2729 1988 2752 e„
2015 2719 2065 2749 Per
2081 2730 2163 2756 quam
2183 2722 2353 2760 periclitatur
2364 2724 2414 2754 ho.

1313 2760 1422 2789 minum
1431 2765 1532 2796 caput,
1553 2758 1607 2787 hoc
1619 2757 1656 2786 est
1666 2757 1738 2786 vita:
1761 2756 1882 2794 loquitur
1892 2757 1966 2786 enirn
1981 2757 2017 2786 de
2031 2759 2203 2790 medicorum
2217 2760 2331 2791 inscitia.

1291 2797 1335 2828 Ira
1346 2796 1482 2835 capitalis.
1503 2796 1571 2825 Hor.
1586 2806 1609 2825 1.
1624 2796 1710 2824 Serm.
1727 2804 1752 2831 7.
1769 2804 1810 2830 13.
1934 2795 2053 2825 ——inter

1390 2835 1510 2864 Hectora
1523 2833 1679 2863 Pria-miden
1690 2854 1698 2869 ,
1720 2832 1930 2870 animosumque
1939 2833 2010 2861 inter
2022 2833 2156 2863 Achillem

1294 2904 1296 2906 ,
1384 2873 1427 2902 Ira
1437 2872 1491 2901 fuit
1503 2871 1638 2909 capitalis.
1720 2870 1738 2900 i.
1748 2880 1774 2900 e.
1801 2870 1890 2908 Usque
1901 2871 1934 2899 ad
1946 2871 2045 2908 capitis
2063 2873 2088 2901 δι
2101 2872 2164 2900 vitae
2174 2871 2350 2903 ablationem.

1291 2910 1401 2948 Judicia
1422 2909 1559 2947 capitalia.
1601 2907 1673 2938 Paul.
1690 2907 1708 2938 l.
1721 2918 1746 2938 2.
1767 2908 1800 2938 D.
1816 2909 1851 2937 de
1866 2908 2066 2946 publicjudic.
2109 2909 2282 2939 Publicorum
2296 2912 2412 2945 iudicio.

1310 2959 1371 2978 rum
1385 2949 1510 2985 quaedam
1523 2946 1652 2985 capitalia
1662 2945 1724 2976 sunt
1734 2968 1742 2981 ,
1763 2946 1887 2983 quaedam
1899 2957 1961 2982 non
1971 2947 2109 2984 capitalia.
2132 2946 2265 2985 Capitalia
2280 2949 2355 2982 sunt,
2375 2959 2412 2980 ex

1311 2986 1410 3023 quibus
1422 2995 1506 3024 poena
1514 2994 1603 3020 mors,
1625 2990 1672 3014 aut
1690 2984 1805 3013 exilium
1828 2985 1882 3019 est,
1905 2985 1959 3013 hoe
1972 2985 2009 3013 est
2021 2994 2095 3021 aquae
2112 2985 2138 3014 &
2154 2985 2224 3021 ignis
2241 2987 2410 3018 interdictio.

1311 3025 1361 3055 Per
1371 3025 1418 3053 has
1431 3023 1508 3052 enim
1523 3023 1763 3060 poenas'eximitur
1774 3029 1857 3060 caput
1871 3023 1905 3051 de
1916 3022 2037 3052 civitate.
2058 3032 2122 3051 nam
2133 3030 2222 3052 cetera
2236 3033 2292 3052 nori
2310 3025 2391 3054 exilia
2401 3047 2410 3060 ‚

1306 3062 1356 3092 sed
1365 3062 1540 3099 religationes
1550 3061 1662 3099 proprie
1672 3060 1812 3090 dicuntur.
1835 3067 1903 3089 tunc
1915 3060 1991 3088 enim
2010 3062 2036 3089 Sc
2050 3060 2145 3088 civitas
2162 3061 2302 3090 retinetur.
2346 3063 2411 3093 Non

1306 3099 1439 3167 capgr‘zglia
1448 3099 1510 3128 sunt
1519 3120 1527 3134 ,
1549 3108 1583 3128 ex
1596 3098 1695 3136 quibus
1704 3098 1874 3136 pecuniaria,
1893 3098 1980 3127 autin
1989 3106 2090 3135 corpus
2100 3097 2190 3134 aliqua
2201 3100 2336 3128 coercitio
2351 3111 2411 3138 poe.

1293 3166 1296 3170 ,
1312 3148 1348 3167 na
1381 3163 1388 3166 .
1404 3160 1409 3166 .

1291 3175 1408 3206 Morbus
1420 3173 1547 3212 capitalis
1559 3196 1567 3209 ,
1588 3174 1606 3203 i.
1617 3183 1641 3203 e.
1665 3173 1860 3203 Graviffimus:
1879 3173 1910 3201 in
1928 3183 1982 3210 quo
1999 3172 2060 3210 quis
2076 3172 2111 3201 de
2127 3173 2236 3211 capite,
2257 3174 2311 3204 hoc
2320 3174 2360 3205 est
2375 3176 2412 3206 de

1288 3241 1291 3244 ,
1312 3214 1370 3243 vita
1383 3235 1392 3249 ,
1410 3213 1593 3251 periclitatur.
1617 3212 1687 3241 Gell.
1705 3212 1752 3241 lib.
1769 3215 1809 3240 16.
1822 3221 1881 3248 cap.
1900 3219 1940 3246 ¹3·

1290 3251 1377 3281 Nefas
1388 3250 1520 3289 capitale,
1544 3250 1630 3287 Quod
1640 3251 1733 3288 capite
1742 3249 1834 3287 puniri
1844 3255 1972 3277 meretur.
1994 3244 2097 3276 Lucan.
2112 3247 2147 3276 ad
2159 3247 2245 3277 Pison.
2258 3258 2303 3284 43.

1288 3289 1398 3319 Odium
1408 3288 1535 3327 capitale.
1577 3288 1636 3317 Cic.
1649 3288 1684 3316 de
1694 3287 1802 3316 Amicit.
1815 3295 1840 3315 2.
1871 3286 1967 3321 Quum
1987 3285 2009 3313 is
2028 3283 2168 3315 Tribunus
2188 3286 2278 3324 plebis
2298 3288 2412 3326 capitali

1312 3328 1378 3356 odio
1388 3337 1403 3356 a
1413 3327 1450 3363 Q
1464 3327 1613 3364 Pompeio,
1635 3326 1681 3362 qui
1696 3332 1755 3354 tum
1771 3331 1828 3354 erat
1839 3323 1940 3352 Consul
1952 3344 1960 3357 ,
1978 3322 2126 3352 diffideret.

1291 3364 1388 3394 Oratio
1401 3364 1534 3402 capitalis.
1574 3363 1631 3392 Cic.
1644 3373 1670 3392 2.
1689 3362 1745 3392 Off.
1759 3370 1803 3398 73.
1823 3360 1955 3397 Capitalis
1980 3361 2068 3389 oratio
2093 3359 2146 3395 est,
2168 3361 2203 3390 ad
2225 3363 2409 3400 aequationem

1286 3429 1291 3434 .
1308 3402 1446 3432 bonorum
1459 3403 1618 3440 pert-inens:
1640 3411 1692 3436 qua
1702 3400 1775 3438 peste
1787 3409 1845 3436 quae
1859 3398 1948 3436 potest
1960 3398 2014 3427 esse
2026 3398 2113 3434 major
2124 3399 2137 3427 ‘2

1289 3440 1446 3470 Periculum
1458 3439 1584 3477 capitale.
1627 3439 1711 3468 Plaut.
1721 3437 1799 3465 Trin.
1812 3448 1838 3471 4.
1851 3445 1875 3471 3.
1890 3441 1931 3467 si.

1383 3478 1440 3515 Ego
1448 3478 1529 3506 miser
1541 3477 1610 3505 meis
1621 3475 1750 3513 periculis
1762 3473 1819 3502 sum
1830 3483 1878 3510 per
1888 3473 1974 3502 maria
1984 3473 2107 3503 maxima

1385 3516 1488 3544 Vefftus
1499 3513 1610 3552 capitali
1622 3512 1744 3550 periculo
1755 3533 1762 3545 ,
1784 3521 1834 3549 per
1849 3512 1994 3547 praedones
2006 3510 2142 3548 plurimos

1387 3553 1435 3582 Me
1449 3553 1567 3587 servavi,
1584 3551 1674 3580 salvos
1683 3550 1761 3578 redii.
1839 3550 1858 3584 [
1870 3548 2013 3578 Dittinc'tio
2024 3549 2084 3585 post
2094 3559 2118 3578 v.
2132 3548 2233 3581 Vedtus
2242 3552 2408 3584 retrahenda

1289 3619 1292 3622 ,
1309 3590 1436 3625 videtur,
1456 3597 1486 3619 ut
1497 3590 1528 3618 sit
1540 3611 1547 3624 ,
1570 3587 1688 3626 Capitali
1705 3585 1828 3624 periculo
1839 3596 1883 3614 me
1897 3586 2005 3616 servavi.

1291 3628 1373 3659 Pestis
1386 3628 1531 3666 capitalior
1543 3626 1619 3655 nulla
1631 3648 1638 3659 ,
1660 3634 1740 3661 quam
1752 3623 1879 3660 voluptas
1889 3625 2022 3661 corporis.
2040 3623 2103 3654 Cic.
2122 3625 2158 3654 de
2170 3625 2278 3656 Senerft.
2295 3636 2338 3662 39.

1291 3667 1384 3697 Poenae
1396 3665 1527 3703 capitales
1536 3670 1591 3693 tres
1604 3663 1672 3695 sunt.
1711 3662 1799 3690 Prima
1809 3661 1846 3689 est
1856 3671 1929 3690 mors
1941 3662 2073 3698 corporis.
2094 3661 2112 3692 l.
2135 3664 2303 3700 capitalium.
2325 3665 2357 3694 D.
2371 3666 2409 3696 de

1311 3714 1389 3742 poen.
1428 3702 1555 3732 Secunda
1565 3701 1602 3730 est
1613 3700 1753 3729 damnatio
1765 3699 1794 3727 in
1803 3698 1956 3727 metallum.
1978 3698 1995 3727 1.
2011 3700 2131 3736 quidam.
2153 3701 2186 3730 D.
2200 3701 2234 3731 de
2244 3711 2320 3739 poen.
2341 3703 2409 3734 Ter.

1291 3769 1293 3774 ,
1311 3744 1350 3771 tia
1361 3741 1399 3770 est
1412 3740 1569 3777 deportatio
1582 3760 1590 3772 ,
1608 3737 1691 3767 &tali
1703 3746 1760 3765 non
1768 3736 1897 3780 perditur
1907 3736 2033 3772 libertas,
2055 3736 2100 3766 sed
2115 3738 2222 3768 civitas.

1292 3779 1410 3809 Reditus
1424 3777 1551 3813 capitalis
1561 3777 1587 3805 &
1600 3775 1716 3814 pestifer.
1758 3774 1816 3803 eie.
1828 3785 1855 3809 4.
1868 3773 1986 3812 Philipp.
2000 3783 2025 3811 3.
2048 3775 2203 3813 Capitalem
2212 3778 2237 3806 S<
2249 3777 2408 3814 pestiferum

1312 3827 1328 3846 a
1344 3814 1494 3845 Brundusio
1509 3814 1547 3843 M.
1564 3813 1674 3841 Antonii
1688 3812 1806 3840 reditum
1817 3812 1986 3841 timeremus.

1293 3853 1345 3884 Rei
1356 3852 1481 3890 capitalis
1493 3851 1662 3888 quaestic-nes.
1695 3850 1752 3878 Cic.
1764 3861 1789 3883 4.
1804 3849 1878 3878 Verr.
1889 3854 1933 3883 63.
1957 3850 2006 3879 Rei
2020 3850 2145 3888 capitalis
2155 3850 2286 3881 accusare.
2311 3852 2366 3883 Cic.
2379 3863 2406 3888 4.

1313 3892 1439 3955 Verrffg.
1463 3888 1513 3918 Rei
1522 3887 1647 3926 capitalis
1657 3887 1788 3918 damnare
1799 3908 1808 3922 ,
1829 3887 1882 3916 five
1894 3888 2091 3918 condemnare.
2132 3888 2191 3918 Cic.
2203 3899 2252 3927 pro
2262 3889 2370 3920 Cluent.
2383 3892 2410 3921 Sc

1335 3938 1364 3957 ro
1407 3936 1471 3957 omo
1483 3932 1528 3960 ¹³⁷8.

1293 3939 1468 4004 Siiffislicium
1476 3949 1604 4002 capitale.
1629 3961 1705 3993 Curt.
1720 3971 1743 3999 3.
1756 3972 1782 3993 2.
1798 3970 1838 4030 1173
1849 3961 1970 4006 Abstrahi
1981 3962 2054 3998 juffit
2061 3963 2096 3994 ad
2104 3963 2221 4002 capitale
2232 3963 2408 4031 supplfcium.

1830 4010 1857 4028 ii
2333 4003 2411 4031 ieviri
