2604 4222
182 161 249 194 302.
600 147 623 179 A
726 142 755 176 U
851 140 883 173 G

235 227 368 259 c'tiffimus
387 229 412 258 ἃ
428 224 683 264 justiffimu'sjudex
695 222 876 252 maximarum
888 219 1050 249 societatum
1067 218 1162 246 auctor
1175 236 1183 250 ,
1204 213 1335 252 plurima-

237 277 297 296 rum
314 277 356 295 ma
377 267 446 295 ister.

218 276 469 335 Praeclarusgaucior
479 302 530 331 suae
545 300 673 330 civitatis.
714 297 771 326 Cic.
788 306 838 334 pro
849 294 938 336 Flacc.
956 297 997 327 36.
1031 292 1102 321 Nam
1116 296 1147 320 ut
1166 290 1270 332 signum
1285 298 1336 326 pu-

240 342 344 371 blicum
356 341 476 378 inspexit
485 339 628 377 praeclarus
643 337 689 365 iste
707 336 802 364 auctor
814 333 865 361 suae
875 332 992 360 civitatis
1005 352 1012 365 ,
1033 330 1122 371 solere.
1137 328 1199 357 suos
1209 337 1282 356 cives
1293 335 1337 354 ce-

239 386 367 417 terosque
379 379 488 408 Graecos
499 386 532 405 ex
542 383 668 412 tempore
679 395 687 408 ,
708 372 784 409 quod
793 379 863 408 opus
873 370 903 397 sit
914 391 921 403 ,
942 368 1083 404 obsignare
1095 367 1175 394 dixit.

220 418 322 447 Auctor
334 416 439 453 publici
451 414 566 444 consilii.
608 413 666 441 Cic.
679 421 700 438 i.
717 410 752 438 de
766 409 843 437 Orat.
863 416 926 435 211.
954 406 1002 434 Sin
1022 411 1115 434 autem
1133 410 1316 440 quaereremus
1329 422 1336 435 ,

243 456 304 491 quis
315 455 410 483 effetis
419 454 465 490 qui
477 449 732 487 adRempublicam
748 443 1035 474 moderandamusum
1048 444 1074 472 S:
1091 440 1232 470 scientiam
1245 443 1271 469 ὁὶ
1287 439 1339 482 stu-

241 484 319 521 dium
340 492 417 521 suum
432 487 590 519 contulisset
602 509 610 521 ,
632 485 777 514 definirem
789 483 843 511 hoc
858 482 943 510 niodo
958 503 965 516 ,
988 479 1154 517 Quiquibus
1173 478 1255 508 rebus
1266 476 1340 519 utili-

242 537 282 559 tas
294 529 372 566 Reip.
386 533 525 566 pararetur
540 530 737 561 augereturque
748 543 755 554 .
777 526 901 553 teneret,
923 520 1146 560 iisquefluteretur
1160 539 1167 551 ,
1190 516 1264 545 hunc
1278 515 1340 543 Rer-

263 567 362 596 ublicae
372 567 506 594 rectorem
519 585 526 597 ,
548 565 573 592 ἃ
587 560 691 590 consilii
707 558 814 597 publici
823 559 965 587 auctorem
975 556 1028 585 elie
1039 555 1210 584 habendum.

224 604 399 635 Graviffimus
410 605 504 631 auctor
515 599 628 629 dicendi
641 597 810 634 &magister.
852 595 910 624 Cic.
926 596 956 623 in
967 594 1043 623 Orat.
1061 604 1102 622 10.
1126 593 1228 621 Rerum
1239 591 1341 632 formas

241 642 363 680 appellat
373 641 450 670 ideas
460 639 506 667 ille
519 647 575 666 non
585 635 761 672 intelligendi
771 633 860 662 solum
870 654 878 668 ‚
896 632 942 661 sed
952 631 1162 661 etiamdicendi
1172 628 1342 668 gravillimus

242 681 338 708 auctor
349 680 373 708 ὀὶ
384 677 507 714 magister
518 676 593 704 Plato
606 696 613 708 ,
636 682 736 709 easque
751 671 825 709 gigni
837 678 928 707 negat.

224 717 389 746 Praedicator
408 717 433 744 &
445 716 539 743 auctor
556 711 639 741 alieni
657 711 721 739 facti
734 709 808 747 apud
819 708 935 744 judices.
978 707 1037 736 Cic.
1049 716 1100 744 pro
1112 705 1196 735 Corn.
1209 703 1340 746 Balbe-0.

242 755 298 784 Sed
319 763 378 782 mos
397 752 435 782 est
456 750 591 788 gerendus
613 759 669 777 non
692 749 778 776 inodo
800 746 931 775 Cornelio
947 768 954 779 ,
986 746 1064 780 cujus
1087 754 1138 781 ego
1153 742 1341 783 voluntatrin

243 793 301 826 ejus
321 790 448 827 periculo
467 788 544 817 nullo
562 787 647 816 modo
671 785 761 815 deeffe
782 784 908 822 possum:
945 783 991 811 sed
1018 783 1101 812 etium
1121 781 1171 810 Cn.
1187 780 1341 816 Pompeio,

244 829 290 865 qui
317 829 356 856 sui
380 827 461 860 facti,
494 826 533 854 sui
555 825 669 860 judicii,
700 823 739 852 sui
765 822 892 851 beneficii
908 844 915 855 ,
937 821 1024 850 voluit
1047 830 1091 848 nie
1112 819 1185 853 effe,
1220 826 1249 846 ut
1268 815 1343 853 apud

241 866 357 895 eosdem
375 874 424 893 vos
445 864 552 900 judices
573 872 663 900 nuper
682 862 710 890 in
732 860 785 889 alia
805 859 882 889 causa
898 859 997 888 fuerim
1011 881 1018 893 ,
1040 860 1066 887 δι
1092 857 1302 894 praedicatorem
1317 855 1343 882 Sc

240 905 390 932 auctorem.

222 939 320 971 Suasor
337 942 362 970 ὁὶ
375 941 470 968 auctor
482 937 642 967 deditionis.
686 936 743 965 Cic.
758 945 780 970 3.
796 935 853 965 Off.
872 945 931 964 iio.
966 934 1055 968 Atque
1069 932 1151 967 liujus
1172 929 1323 959 deditionis
1334 949 1342 962 ‚

242 978 299 1015 ipse
312 978 472 1007 Polihuuius
483 977 529 1013 qui
543 975 696 1004 dedebatur
708 996 716 1008 ⁷
738 973 827 1002 suasor
837 975 863 1002 Sc
875 973 971 1002 auctor
982 972 1041 1000 suit.
1080 970 1155 998 Suet.
1166 968 1340 1002 Tiber.3.27.

243 1016 334 1046 Alium
345 1016 488 1044 dicentem
504 1014 588 1043 sacrus
601 1013 660 1048 ejus
677 1012 895 1049 occupationes,
920 1012 944 1039 ci:
964 1008 1054 1038 rursus
1074 1007 1159 1036 alium
1179 1007 1291 1034 auctore
1310 1014 1344 1046 eno

243 1054 367 1083 senatum
382 1053 408 1082 se
420 1052 531 1085 adiilse,
552 1052 635 1080 verba
652 1057 758 1078 mutare
781 1051 805 1079 δε
823 1059 873 1086 pro
893 1049 1004 1076 auctore
1018 1045 1153 1075 suasorem
1165 1066 1173 1080 ,
1194 1053 1245 1082 pro
1263 1042 1344 1071 sacris

243 1091 391 1120 laboriosas
403 1091 496 1119 dicere
511 1090 611 1126 coegit.
652 1088 703 1116 Ubi
716 1088 814 1116 Auctor
824 1086 887 1124 plus
898 1086 936 1114 est
945 1094 1028 1122 quam
1039 1081 1145 1113 Suasor.

223 1128 465 1160 Audendiauctor.
490 1128 559 1164 Virg.
578 1136 617 1155 12.
632 1126 691 1155 AEn.
709 1135 768 1160 159.

224 1167 361 1196 Carminis
373 1168 475 1195 auctor.
495 1164 589 1194 Tibul.
602 1163 648 1193 lib.
661 1174 686 1193 2.
704 1174 728 1198 4.
747 1172 788 1199 ¹3-

225 1204 348 1234 Consilii.
372 1204 430 1233 Cic.
447 1214 468 1231 i.
482 1204 517 1232 de
529 1204 605 1232 Orat.
622 1229 625 1233 ,

224 1242 347 1272 Doloris.
371 1242 490 1279 Cic.pro
505 1241 593 1270 Flzicc.
614 1249 656 1275 53.

224 1280 350 1310 Generis.
372 1280 446 1316 Virg.
460 1290 485 1314 4.
506 1280 564 1308 AEn.
580 1282 640 1312 κός.

223 1318 413 1348 Interficiendi
425 1317 551 1352 alicujus.
574 1316 631 1344 Cic.
647 1324 688 1343 12.
707 1313 781 1343 Fam.
799 1321 824 1341 2.
848 1349 852 1354 .

225 1355 330 1393 Legum
341 1357 470 1385 auc‘tor&
483 1353 633 1386 Disl'uasor.
654 1351 797 1381 contraria.
821 1349 878 1378 Cic.
897 1348 932 1377 de
946 1347 1017 1376 Clar.
1033 1346 1110 1375 Orat.
1126 1347 1172 1380 96.

225 1393 389 1424 Nobilitatis
403 1400 458 1422 tuae
472 1394 576 1421 auctor.
614 1390 673 1419 Cic.
690 1401 716 1425 4.
737 1387 819 1418 Tusc.
832 1397 857 1416 2.
881 1385 991 1422 Quibus
1007 1384 1107 1420 Junius
1122 1383 1219 1412 Brutus
1230 1382 1345 1420 patriam

248 1431 395 1466 liberavit,
416 1430 563 1468 praeclarus
571 1430 666 1458 auctor
676 1426 830 1456 nobilitatis
844 1432 907 1453 tuce.

224 1468 405 1498 Pacisauctor
417 1468 523 1505 semper
538 1467 578 1496 fui
588 1467 668 1504 Reip.
693 1465 750 1494 Cic.
764 1474 788 1499 9.
806 1464 858 1492 Att.
872 1472 913 1498 13.
1134 1496 1139 1502 ·
1229 1496 1234 1501 Ι
1261 1495 1266 1500 ¹

224 1506 350 1536 Personae
368 1506 422 1535 suae
442 1507 545 1535 auctor.
596 1504 653 1533 Cic.
676 1512 701 1532 2.
722 1503 757 1531 de
775 1501 851 1530 Orat.
871 1510 931 1535 194.
955 1498 1061 1540 ,Quare
1080 1496 1170 1525 nolite
1191 1494 1346 1524 existimare

244 1554 291 1574 me
314 1544 404 1582 ipsum
419 1566 427 1579 ,
461 1544 507 1581 qui
527 1552 584 1571 non
601 1542 719 1570 heroum
732 1546 839 1569 veteres
857 1538 932 1567 casus
946 1559 953 1571 ,
984 1538 1119 1569 iictosque
1135 1533 1226 1562 luctus
1243 1532 1346 1562 vellem

243 1582 367 1616 imitari,
387 1588 471 1619 atque
485 1580 650 1610 adumbrare
667 1577 788 1608 dicendo
800 1599 807 1611 ,
829 1585 921 1613 neque
943 1575 1018 1604 actor
1035 1573 1118 1615 estem
1137 1571 1233 1600 alienae
1255 1570 1347 1608 perso-

242 1630 302 1655 nae,
324 1619 372 1649 sed
390 1621 484 1649 auctor
499 1628 584 1653 meze,
606 1627 693 1654 quum
710 1615 781 1645 mihi
794 1614 836 1644 M.
855 1613 979 1651 Aquilius
1000 1613 1030 1642 in
1045 1612 1158 1641 civitate
1182 1608 1346 1638 retinendus

243 1657 310 1687 effet
322 1680 329 1692 ,
348 1668 408 1695 qua:
419 1679 426 1692 ,
445 1658 496 1686 ἃς.

224 1695 407 1725 Profectionis
418 1696 520 1724 auctor.
546 1692 611 1723 Caes.
624 1703 647 1726 ς.
665 1691 732 1721 Bell.
749 1689 818 1720 Gall.
832 1698 875 1726 33.

224 1733 344 1771 Reipub.
367 1734 463 1762 auctor
477 1742 508 1761 ac
524 1732 589 1760 dux.
631 1730 689 1759 Cic.
703 1735 727 1763 8.
744 1730 797 1758 Att.
813 1737 839 1756 2.
863 1725 936 1756 Mihi
952 1723 1022 1753 nihil
1034 1723 1081 1753 illa
1093 1724 1121 1752 in
1132 1727 1216 1761 gente
1227 1731 1348 1758 unquam

243 1771 277 1800 ab
293 1771 351 1800 ullo
369 1772 480 1800 auctore
501 1770 577 1806 Reip.
591 1778 623 1797 ac
644 1769 716 1797 duce
735 1766 843 1804 turpius
869 1763 923 1793 effe
945 1763 1057 1793 videtur
1077 1762 1180 1791 factum
1193 1782 1201 1794 ‚
1236 1770 1318 1796 quam
1333 1770 1349 1789 a

245 1810 339 1838 nostro
359 1809 450 1838 amico
471 1808 573 1837 factum
591 1807 646 1840 est,
681 1805 759 1841 cujus
779 1813 831 1841 ego
851 1803 941 1832 vicem
963 1800 1068 1835 doleo,
1103 1799 1151 1837 qui
1170 1798 1269 1828 urbem
1286 1797 1349 1827 reli-

245 1847 323 1884 quit,
345 1846 374 1875 id
388 1846 425 1875 est
440 1847 563 1884 patriam.

225 1884 367 1914 Sermonis
375 1885 455 1920 hujus
466 1884 557 1912 auctor
570 1882 608 1911 est
617 1880 749 1910 Valerius.
772 1878 831 1908 Cic.
846 1888 868 1907 1.
887 1879 939 1907 Att.
955 1886 979 1912 3.

223 1923 371 1959 Sanguinis
383 1924 485 1951 auctor.
508 1921 579 1957 Virg.
597 1931 620 1954 7.
643 1919 704 1948 AEn.
723 1928 768 1953 49.

225 1960 289 1989 Veri
300 1962 396 1989 auctor
409 1981 416 1994 ,
438 1959 495 1995 Qui
508 1968 572 1989 vera
585 1958 677 1987 docet.
700 1956 767 1985 Hor.
786 1964 809 1984 1.
829 1953 1034 1994 Carni.28.14.
1053 1950 1256 1987 dem-thagora.

225 1997 282 2026 Vise
295 2000 406 2032 auctor,
429 1997 485 2033 Qui
499 1997 572 2025 viam
583 1995 716 2024 monstrat
728 2015 736 2028 ,
758 2000 805 2022 aut
814 1992 871 2028 Qui
883 1992 921 2019 ire
932 1990 1019 2025 jubet.
1042 1988 1126 2028 Ovid.
1142 1997 1165 2023 3.
1180 1988 1248 2017 Met.
1266 1991 1307 2020 ¹8·

226 2036 328 2065 Auctor
340 2035 461 2064 ferendis
473 2034 589 2072 legibus.
631 2033 688 2062 Cic.
701 2038 725 2065 8.
744 2032 797 2060 Att.
814 2039 836 2065 3.
858 2027 1022 2064 lllelegibus
1037 2025 1140 2055 Caecilii
1160 2025 1270 2055 Metelli
1280 2034 1347 2053 con-

245 2080 286 2102 tra
304 2073 425 2110 auspicia
437 2072 558 2101 ferendis
576 2072 670 2100 auctor
682 2091 690 2105 ,
711 2068 758 2098 ille
769 2068 866 2098 Galliae
881 2065 1018 2095 ulterioris
1040 2064 1204 2100 adjunctor,
1223 2064 1274 2092 ἃς.
1305 2062 1348 2091 De

243 2111 379 2148 Pompeio
395 2111 527 2147 loquitur.

226 2149 327 2178 Auctor
339 2149 381 2178 his
393 2148 473 2177 rebus
482 2148 543 2185 quis
554 2147 600 2176 est.
622 2145 686 2175 Ter.
703 2143 777 2173 Adel.
796 2154 822 2178 4.
839 2153 862 2178 5.
879 2151 921 2178 37.

227 2188 330 2216 Auctor
351 2187 387 2215 ad
410 2185 522 2222 aliquid.
564 2183 622 2213 Cic.
643 2194 667 2212 2.
691 2182 810 2219 Philipp.
835 2184 879 2209 26.
911 2179 1021 2208 Etenim
1039 2178 1056 2207 si
1077 2178 1202 2206 auctores
1223 2177 1259 2206 ad
1279 2175 1348 2204 libe-

245 2225 361 2291 {andam
378 2224 496 2261 patriam
518 2223 756 2256 desiderarentur,
792 2218 846 2247 illis
871 2217 1030 2247 auctoribus
1049 2216 1147 2245 Brutos
1173 2224 1225 2252 ego
1247 2214 1347 2251 impel-

258 2263 355 2291 erem?

228 2300 329 2329 Auctor
343 2300 440 2328 ceteris
451 2298 484 2327 ad
497 2304 522 2327 te
536 2297 695 2332 iuvandum.
736 2295 795 2324 Cic.
812 2304 837 2329 9.
860 2293 911 2321 Att.
929 2301 969 2327 13.
992 2291 1048 2320 Sed
1064 2296 1137 2319 uteo
1151 2296 1278 2327 ternpore
1289 2298 1347 2318 non

246 2338 332 2366 modo
342 2337 398 2375 ipse
410 2338 505 2366 auctor
516 2335 656 2373 dignitatis
668 2342 721 2363 tuae
733 2333 771 2362 fui
783 2355 789 2366 ,
810 2331 990 2360 verumetiam
1001 2329 1099 2358 ceteris
1110 2329 1206 2357 auctor
1216 2328 1250 2356 ad
1261 2334 1288 2356 te
1300 2327 1347 2355 ad-

246 2376 399 2411 juvandum
412 2397 420 2409 ,
445 2374 479 2403 sic
489 2384 534 2402 me
543 2383 618 2402 nunc
631 2371 753 2409 Pompeii
764 2369 883 2407 dignitas
892 2368 1069 2396 vehementer
1079 2372 1184 2395 movet.

227 2413 328 2444 Auctor
340 2415 367 2442 δε
379 2412 510 2449 ascriptor
522 2412 550 2440 in
564 2411 739 2439 restituendo.
779 2408 837 2436 Cic.
856 2406 914 2434 Post
929 2405 985 2434 red.
1007 2405 1037 2433 in
1055 2405 1148 2433 Senat.
1162 2409 1187 2437 8.
1227 2403 1312 2439 Quod
1328 2402 1346 2431 si

247 2450 487 2487 Q-Metellusillo
506 2456 634 2486 tempore
657 2446 760 2476 Consul
777 2444 868 2474 fuilset
887 2444 986 2472 unicus
998 2464 1005 2477 ,
1026 2442 1159 2471 dubitatis
1179 2451 1233 2478 quo
1251 2442 1345 2469 animo

246 2489 328 2518 fuerit
340 2489 368 2517 in
379 2498 423 2517 nie
435 2487 622 2517 conservando
633 2486 739 2515 futurus
754 2506 761 2518 ,
783 2492 868 2520 quum
881 2482 909 2510 in
919 2480 1087 2510 restituendo
1099 2480 1241 2509 auctorem
1255 2478 1345 2513 fuisse,

245 2526 480 2564 ascriptorenique
494 2525 610 2553 videatis
621 2525 634 2552 ⁶?
668 2523 698 2552 V.
721 2522 857 2558 Ascriptor
877 2519 906 2548 in
927 2529 944 2547 A
955 2529 966 2548 s
976 2529 990 2547 c
1000 2528 1015 2546 a
1024 2529 1033 2546 1
1044 2528 1059 2546 B
1068 2527 1093 2546 o.

227 2565 327 2594 Auctor
339 2564 388 2593 tibi
402 2564 460 2592 sum
470 2563 625 2600 profugere.
662 2561 720 2590 Cic.
736 2571 761 2595 9.
781 2560 833 2588 Att.
853 2567 893 2586 12.
926 2556 982 2594 Ego
1004 2556 1117 2598 quidem
1138 2554 1189 2583 tibi
1207 2563 1265 2583 non
1286 2553 1345 2583 suin

246 2604 341 2631 auctor
352 2624 359 2635 ,
381 2601 398 2630 si
411 2601 555 2638 Pompeius
568 2599 673 2629 Italiam
687 2598 838 2634 relinquit,
860 2602 887 2623 te
899 2604 1008 2631 quoquc
1018 2594 1176 2631 profugere.

227 2640 329 2669 Auctor
339 2640 366 2668 id
379 2639 430 2668 tibi
442 2638 509 2668 suni.
550 2638 614 2667 Ter.
628 2636 705 2666 Adel.
721 2648 745 2671 ς.
759 2641 783 2668 9,.
799 2639 839 2664 16.
864 2633 931 2662 Idne
944 2633 1005 2661 eltis
1019 2633 1143 2670 auctores
1161 2630 1252 2660 mihi?
1291 2628 1345 2658 Ubi

243 2677 387 2713 Donatus3
415 2678 547 2706 ductores
561 2697 569 2711 ,
591 2676 646 2704 hoc
664 2675 702 2703 est
716 2672 892 2703 Persuasores.
934 2671 991 2699 Cic.
1006 2673 1030 2698 6.
1049 2669 1121 2698 fam.
1137 2674 1161 2702 8.
1193 2669 1214 2697 A
1226 2676 1270 2696 me
1280 2676 1346 2696 con-

244 2715 331 2781 lsilium
350 2716 421 2753 petis
435 2737 443 2750 ,
465 2714 531 2752 quid
544 2713 592 2742 sim
606 2712 656 2742 tibi
673 2713 785 2746 auctor,
807 2712 837 2739 in
852 2708 982 2738 Siciliane
992 2707 1110 2746 subsidas
1121 2729 1129 2742 ,
1151 2716 1186 2736 an
1202 2711 1231 2735 ut
1251 2705 1286 2734 ad
1305 2715 1346 2734 re-

256 2754 263 2782 i
285 2753 360 2787 uias,
381 2754 434 2782 Sec.

225 2763 326 2820 Αυὲὶοῑ
338 2791 388 2819 tibi
400 2790 459 2819 sum
470 2795 510 2818 ut.
550 2787 636 2817 Plaut.
650 2787 737 2815 Stich.
753 2796 776 2814 1.
789 2794 814 2814 2.
831 2794 875 2821 71.
898 2782 970 2812 Mihi
983 2784 1110 2812 auctores
1121 2782 1159 2810 ita
1172 2780 1235 2810 sunt
1249 2780 1343 2815 amici,

246 2835 277 2858 ut
288 2839 338 2858 vos
349 2828 485 2858 abducam
495 2827 561 2855 hinc
572 2826 696 2854 domum.
739 2824 798 2853 Cic.
813 2833 853 2858 ¹5·
878 2822 930 2850 Art.
951 2830 992 2857 13.
1023 2820 1079 2849 Sed
1095 2821 1190 2849 auctor
1206 2828 1265 2848 non
1284 2818 1344 2847 sum

244 2873 275 2895 ut
286 2872 312 2895 te
324 2866 383 2895 urbi
396 2865 566 2895 committas.

224 2904 325 2933 Auctor
338 2903 446 2933 illisum
456 2903 491 2932 de
503 2902 555 2931 hac
566 2911 609 2934 re,
631 2906 661 2929 ut
674 2899 826 2929 hocfaciat.
849 2897 936 2927 Plaut.
949 2895 1010 2925 Mil.
1023 2906 1049 2930 4.
1065 2904 1088 2931 3.
1107 2905 1130 2924 1.

226 2941 400 2979 magnopere
412 2942 553 2970 auctorem
565 2938 618 2968 effe
629 2938 722 2967 alicui.
763 2937 821 2965 Cic.
833 2936 867 2964 ad
879 2936 950 2964 Brut.
964 2944 973 2962 1
983 2943 1004 2962 1.
1027 2934 1100 2963 Nam
1114 2932 1154 2961 illi
1165 2932 1203 2961 ita
1214 2930 1344 2960 sentienti

245 2980 280 3008 de
291 2979 400 3017 Repub.
412 2987 580 3015 magnopere
592 2977 686 3005 auctor
699 2975 737 3004 sui
749 2996 756 3009 ,
778 2984 813 3003 ne
826 2972 949 3002 differret
961 2978 1073 3009 tempus
1083 2970 1229 3009 petitionis
1243 2970 1304 2998 sure.

225 3017 344 3046 Auctore
366 3026 430 3051 me,
454 3016 570 3045 Auctore
586 3020 623 3042 te.
673 3013 739 3043 Ter.
757 3012 828 3041 Eun.
852 3021 875 3046 ς.
892 3019 917 3047 7.
945 3018 983 3039 12.
1024 3010 1064 3038 An
1090 3008 1246 3046 poenitebat
1269 3007 1344 3043 flagi-

247 3054 278 3083 tii
291 3077 298 3090 ⁷
318 3062 346 3084 te
366 3056 478 3084 auetore
496 3053 571 3090 quod
589 3050 696 3081 fecisset
711 3048 890 3079 adolescens?
930 3046 988 3077 Liv.
1009 3056 1035 3076 2.
1067 3046 1120 3075 Res
1139 3053 1198 3075 tuas
1215 3045 1265 3074 tibi
1286 3054 1344 3073 non

243 3092 331 3121 solum
347 3092 466 3121 reddant
484 3092 557 3120 cives
570 3090 610 3119 tui
621 3112 629 3124 ,
649 3091 762 3118 auctore
784 3097 828 3115 me
842 3096 848 3115 :
869 3085 917 3115 sed
934 3084 1020 3121 siquid
1040 3084 1114 3113 deest
1125 3106 1132 3118 ,
1154 3084 1286 3113 munifice
1298 3093 1344 3111 au-

243 3130 394 3167 gebuntai.
408 3140 432 3159 e.
456 3129 505 3158 Me
527 3128 680 3162 suadente,
703 3125 881 3159 consulente,
902 3123 1065 3159 instigante,
1087 3121 1259 3159 impellente.
1284 3120 1341 3149 Cic.

249 3177 272 3196 1.
297 3168 377 3196 Acad.
407 3166 578 3197 Audebimus
594 3175 679 3202 ergo,
710 3163 819 3201 inquit,
848 3161 929 3190 novis
947 3159 1038 3190 verbis
1055 3160 1097 3189 uti
1117 3167 1145 3189 te
1165 3161 1294 3193 auctore,
1325 3158 1343 3187 si

244 3205 351 3234 necesse
359 3205 405 3234 est.

226 3242 342 3272 Auctore
355 3242 539 3272 Clitomacho.
580 3240 639 3270 Cic.
655 3250 680 3276 4.
700 3237 838 3272 Acad.9i.
866 3235 1008 3274 Explicavi
1028 3234 1111 3273 paulo
1128 3240 1192 3264 ante
1213 3233 1345 3263 Clitoma-

247 3279 299 3308 cho
310 3282 421 3309 auctore
434 3302 441 3314 ,
463 3279 606 3316 quomodo
621 3278 667 3307 ista
678 3276 833 3307 Carneades
845 3274 958 3304 diceret.
980 3273 997 3302 i.
1015 3283 1040 3302 e.
1072 3272 1109 3301 Ut:
1117 3272 1201 3301 refert
1212 3271 1344 3301 Clitoma-

245 3317 313 3345 chus
325 3339 332 3350 ,
354 3318 398 3346 vel
409 3318 448 3346 Ex
461 3317 598 3346 sententia
610 3315 786 3345 Clitomachi.

227 3354 388 3383 Auctoribus
399 3355 530 3392 pluribus.
554 3354 610 3383 Liv.
622 3354 669 3383 lib.
682 3356 753 3388 r.46.
767 3351 821 3381 Hic
833 3350 862 3380 L.
878 3348 1045 3386 Tarquinius
1057 3346 1136 3376 Prisci
1146 3346 1291 3383 Tarquinii
1305 3356 1344 3375 re-

246 3391 286 3426 gis
296 3391 383 3425 filius,
404 3402 527 3430 neposne
539 3392 640 3427 fuerit,
662 3400 759 3427 parum
772 3389 872 3426 liquet:
892 3386 1017 3425 pluribus
1035 3392 1129 3414 tamen
1143 3383 1300 3414 auctoribus
1313 3384 1344 3413 fi-

244 3428 311 3457 lium
322 3430 463 3458 ediderim.
483 3431 499 3458 i.
515 3440 539 3458 e.
561 3430 721 3459 Secundum
731 3428 895 3465 opinionem
928 3424 1039 3454 lurium.

225 3464 327 3496 Iisdem
346 3467 504 3532 auctolribus
523 3468 666 3504 cognitum
677 3466 731 3501 est,
752 3466 871 3502 ffiquos,
918 3462 1062 3498 oiscosque
1079 3459 1185 3489 summa
1197 3459 1225 3488 vi
1237 3458 1343 3488 bellum.

245 3512 259 3532 a
302 3513 383 3532 arare.
437 3514 478 3533 .iv.

226 3513 314 3569 Celiiis
325 3541 481 3571 auctoribus
494 3542 597 3578 aliquid
616 3541 779 3579 comperire.
820 3539 879 3569 Cic.
897 3548 939 3573 14.
955 3539 1006 3567 Att.
1023 3541 1049 3569 8.
1091 3534 1165 3564 Nam
1188 3533 1262 3570 quod
1277 3533 1342 3562 Clii-

245 3578 317 3606 viani
335 3578 427 3607 scribis
447 3579 588 3608 moderate
606 3580 632 3608 Sc
651 3580 740 3609 amice
754 3576 865 3615 scriptas
887 3576 978 3605 literas
1005 3571 1140 3606 attulisse,
1175 3570 1242 3600 mihi
1263 3571 1342 3600 dedit

244 3614 341 3644 Paulus
354 3615 388 3643 ad
406 3615 430 3644 se
443 3626 457 3644 a
468 3617 549 3645 tratre
568 3616 658 3646 mimis
669 3639 677 3652 ,
698 3616 796 3653 quibus
816 3616 844 3644 in
863 3613 993 3644 extremis
1009 3616 1086 3644 erat,
1109 3609 1158 3638 sibi
1174 3608 1283 3637 insidias
1295 3608 1342 3637 fic.

244 3652 286 3686 ri,
311 3652 336 3681 se
358 3653 387 3680 id
406 3654 487 3682 certis
502 3654 659 3684 auctoribus
677 3653 850 3691 comperisse.
903 3652 966 3682 Hoc
985 3658 1038 3679 nec
1059 3647 1129 3677 mihi
1147 3646 1293 3684 placebat,
1314 3647 1340 3675 Sc

244 3689 333 3718 multo
348 3688 388 3718 illi
404 3691 502 3719 minus.

224 3726 383 3762 Ingeniosus
396 3733 478 3763 poeta
488 3749 496 3761 ,
518 3729 543 3756 δε
557 3729 650 3756 auclor
665 3727 744 3756 valde
761 3728 860 3757 bonus.
901 3725 958 3755 Cic.
972 3734 1023 3763 pro
1034 3724 1145 3755 Muren.
1160 3729 1203 3758 30.

225 3763 405 3793 Celeberrinii
417 3767 550 3793 auctores.
574 3764 639 3794 l'lin.
654 3764 700 3794 lib.
716 3774 758 3802 33.
770 3775 830 3803 cap.
847 3775 870 3794 1.

225 3801 405 3830 Certillimus.
428 3801 498 3837 Virg.
513 3812 532 3829 i.
546 3801 644 3838 Georg.
657 3811 719 3837 432.

225 3838 379 3867 Clarillimi.
405 3838 524 3874 Quintil.
541 3837 588 3866 lib.
605 3849 625 3868 1.
639 3848 699 3875 cap.
712 3845 736 3871 8.

225 3875 341 3917 Classici.
382 3874 518 3908 Budaeus,
549 3876 755 3912 Metaphoriccis
772 3876 877 3905 Gellius
902 3876 1027 3904 auctores
1051 3873 1176 3902 classicos
1195 3868 1338 3909 appellat,

243 3913 315 3948 quasi
327 3912 405 3941 testes
420 3913 536 3941 idoneos
547 3912 647 3942 Latina:
662 3914 787 3949 puritatis
797 3935 804 3947 ,
826 3915 852 3942 δι
862 3914 957 3950 primoe
974 3917 1046 3940 nota:
1058 3911 1222 3948 scriptores:
1246 3907 1340 3944 quales

241 3950 304 3980 sunt
313 3950 371 3980 Cic.
386 3949 504 3985 Quintil.
521 3949 794 3987 Liv.C.es.l'lin.Virg.
807 3949 978 3980 nonerunt
993 3951 1045 3978 &c
1068 3948 1097 3976 V.
1116 3958 1133 3977 c
1143 3959 1159 3976 1.
1170 3957 1189 3976 A
1198 3957 1210 3976 s
1221 3956 1232 3976 s
1244 3957 1253 3974 1
1262 3956 1279 3974 c
1290 3956 1305 3974 υ
1316 3955 1338 3975 s.

1393 3872 1397 3874 “
1444 3871 1483 3898 ita
1503 3872 1577 3906 quod
1597 3880 1643 3900 aut
1659 3870 1775 3909 pupillae
1796 3875 1842 3898 aut
1859 3867 1967 3905 pupillo
1991 3868 2109 3902 debeas,
2139 3868 2214 3895 recte
2231 3865 2313 3903 pollis
2331 3864 2430 3894 eodem
2451 3857 2531 3889 modo

1837 130 1864 164 A
1961 129 1992 164 U
2092 127 2124 161 G

1425 209 1491 240 Non
1510 206 1597 236 dubii.
1620 207 1703 236 Ovid.
1723 218 1745 242 ς.
1763 208 1829 238 Fast.
1842 214 1906 239 60r.

1506 246 1589 275 Tunc
1601 245 1668 273 mihi
1680 254 1735 273 non
1745 245 1837 276 dubiis
1852 245 2008 277 auctoribus
2024 246 2125 284 incipit
2142 245 2225 276 restas.
2308 245 2437 274 Auctores
2449 245 2540 277 aestatis

1445 291 1529 313 vocat
1539 284 1624 312 Ortus
1639 283 1782 312 &occasus
1796 285 1970 321 quorundam
1985 284 2111 313 siderum.

1427 320 1651 359 Eminentillimi.
1674 320 1793 356 Quintil.
1805 322 1852 351 lib.
1871 333 1891 352 i.
1904 333 1964 360 cap.
1979 332 2020 350 10.
2038 323 2063 351 R
2084 330 2144 358 cap.
2160 329 2186 349 2.

1428 358 1640 389 Evidentillinii.
1678 358 1709 386 ln
1730 368 1743 385 ir.
1754 368 1768 386 v
1782 371 1789 387 r
1802 370 1819 387 p
1830 370 1844 388 a
1854 370 1873 388 N
1884 370 1904 389 s,

1430 395 1622 426 Eruditissimis
1634 395 1791 425 auctoribus
1802 398 1906 427 induci.
1947 397 2064 434 Cic.pr0
2075 395 2185 425 Μυκη.
2197 397 2243 424 62.

1430 435 1552 464 Gravior.
1573 433 1661 462 Tacit.
1673 442 1696 467 3.
1712 433 1779 463 Hist.
1792 443 1836 470 43.

1429 472 1560 501 idoneus.
1583 469 1703 506 Quintil.
1718 470 1764 500 lib.
1782 482 1804 500 i.
1820 481 1881 509 cap.
1894 483 1920 507 4.

1430 510 1529 538 Latini.
1556 507 1676 544 Quintil.
1687 507 1735 537 lib.
1752 519 1774 539 1.
1791 516 1888 548 cap.8.

1432 547 1518 576 Levis.
1548 546 1578 574 V.
1602 557 1618 573 1.
1628 555 1641 573 E
1651 556 1685 574 vr
1697 555 1718 575 s.

1431 583 1577 620 Locuples.
1619 583 1649 613 In
1671 593 1714 621 co
1724 593 1740 612 c
1749 594 1767 613 υ
1776 594 1790 613 P
1801 596 1816 613 L
1826 595 1839 614 E
1848 594 1869 614 s.

1431 622 1610 652 Luculentus.
1647 621 1678 649 ln
1688 623 1715 649 'L
1724 631 1742 650 u
1751 632 1768 651 c
1777 632 1795 650 u
1806 634 1821 650 L
1830 633 1845 651 is
1855 632 1875 651 N
1883 631 1902 651 'r
1911 631 1929 650 υ
1938 631 1959 650 s.

1432 661 1564 697 Magnus.
1600 658 1697 693 Juven.
1712 669 1752 694 ¹4·
1766 659 1821 689 Sat.
1832 670 1875 696 32.
1957 675 1995 679 —
2005 657 2086 687 citius
2101 666 2153 686 nos

1584 695 1698 725 Cortum
1722 704 1773 726 unt
1782 698 1910 727 vitiorum
1922 696 2049 733 exempla
2063 694 2228 730 domestica,
2250 694 2357 732 magnis

1585 734 1682 770 Quum
1713 734 1815 765 ubeant
1836 736 1943 764 animos
1963 734 2129 763 auctoribus.

1433 771 1534 802 Malus.
1577 771 1634 800 Cic.
1648 781 1673 808 7.
1690 772 1742 801 Att.
1756 782 1779 809 3.
1802 773 1929 802 Caecilius
1941 772 2029 802 malus
2041 772 2137 800 auctor
2146 769 2300 799 Latinitatis
2311 769 2357 798 est.

1433 810 1575 840 Maxiinos
1587 810 1712 839 auctores
1721 811 1750 839 in
1762 811 1864 840 diversa
1873 810 1950 839 fuisse
1963 810 2098 847 opinione
2105 808 2198 837 video.
2220 807 2338 844 Quintil.
2350 806 2398 836 lib.
2412 816 2436 836 1.
2449 816 2508 847 cap.
2521 818 2545 846 5.

1433 847 1564 876 Pessimus
1577 848 1670 876 auctor
1681 848 1766 877 futuri
1776 849 1904 878 Somnus.
1933 849 1995 877 Sen.
2010 847 2090 876 Herc.
2100 847 2152 875 fur.
2168 855 2247 882 ¹070·

1432 885 1564 915 Privatus,
1606 885 1664 914 Cic.
1677 886 1711 914 ad
1722 886 1796 915 Brut.
1812 897 1851 915 io.
1882 886 2033 922 Nunquam
2047 885 2122 914 enirn
2139 884 2246 913 honore
2264 882 2483 912 extraordinario
2499 894 2547 921 po.
2588 879 2591 886 ⁴

1451 923 1537 952 tentis
1549 923 1670 952 hominis
1681 945 1688 958 ,
1710 923 1754 952 vel
1764 923 1945 961 potentissimi
1955 923 2049 961 potius
2059 922 2176 956 accidit,
2204 927 2235 950 ut
2246 931 2330 950 nemo
2341 920 2483 951 Tribunus
2491 921 2548 960 ple-

1452 961 1495 1004 bis
1507 983 1523 1003 ,.
1537 970 1620 1003 nemo
1631 960 1686 990 alio
1697 962 1853 999 magistratu
1864 984 1872 997 ,
1893 971 1977 990 nemo
1990 961 2110 998 privatus
2119 961 2214 989 auctor
2224 959 2359 988 existeret.

1433 998 1667 1035 Religiosillinius.
1709 999 1767 1029 Cic.
1780 1000 1814 1029 de
1824 999 1894 1029 Clar.
1907 1000 1983 1028 Orat.
1994 1009 2039 1033 44.
2064 998 2105 1027 Sit
2113 997 2175 1027 sane
2186 997 2300 1034 inquam
2312 1002 2342 1025 ut
2350 995 2429 1025 lubet
2441 997 2476 1026 de
2490 997 2547 1034 isto,

1453 1038 1479 1066 ἃ*
1491 1045 1542 1072 ego
1554 1037 1660 1065 cautius
1673 1036 1785 1074 posthac
1795 1037 1933 1067 historiam
1947 1037 2080 1073 attingam
2091 1042 2117 1065 te
2131 1035 2262 1064 audiente
2271 1057 2279 1071 ,
2295 1043 2379 1073 quem
2395 1044 2486 1064 rerum
2495 1035 2547 1066 Ro-

1453 1083 1597 1103 manarum
1620 1075 1763 1104 auctorem
1777 1075 1889 1104 laudare
1907 1074 2014 1113 possum
2030 1072 2267 1111 religiosissimum.

1433 1112 1568 1142 Sordidus
1583 1134 1590 1146 ,
1612 1111 1753 1149 ignobilis.
1795 1113 1895 1148 Unde,
1925 1113 1990 1142 Non
2010 1111 2138 1141 sordidus
2157 1112 2252 1140 auctor
2272 1110 2402 1147 Naturae,
2431 1111 2548 1149 verique.
2575 1143 2576 1146 ,

1454 1151 1472 1178 i.
1491 1159 1514 1178 e.
1538 1149 1632 1178 Clarus
1650 1152 1676 1179 ὃς
1693 1150 1818 1180 celebris.
1840 1151 1906 1180 Hor.
1918 1161 1941 1180 ι.
1954 1150 2045 1180 Carm.
2056 1155 2101 1184 ²8-
2118 1159 2160 1185 14.

1433 1188 1550 1217 Summi.
1571 1187 1690 1223 Quintil.
1705 1188 1753 1217 lib.
1770 1200 1791 1218 i.
1806 1198 1868 1226 cap.
1882 1192 1908 1218 6.

1435 1224 1632 1254 Validiffimus.
1653 1225 1742 1255 Tacit.
1755 1229 1780 1255 6.
1798 1227 1866 1255 Ann.
1881 1235 1924 1262 31.

1435 1262 1581 1300 Appellare
1591 1264 1739 1292 auctorem.
1761 1263 1831 1293 Plin.
1847 1264 1897 1294 lib.
1911 1269 1956 1298 ²8·
1969 1273 2029 1302 cap.
2042 1273 2066 1293 1.

1437 1301 1529 1330 Citare
1538 1302 1689 1330 auctorem.
1729 1301 1763 1331 In
1782 1311 1878 1331 ciro.

1436 1338 1583 1367 Criminari
1598 1340 1723 1368 auctores
1740 1349 1809 1376 quos
1823 1340 2007 1378 praelegimus.
2029 1335 2149 1375 Quintil&
2166 1337 2214 1368 lib.
2229 1347 2252 1367 1.
2269 1346 2330 1376 cap.
2342 1348 2368 1373 ς.

1434 1376 1506 1420 Dare
1518 1386 1584 1405 rem.
1625 1376 1713 1406 Plaut.
1723 1376 1801 1407 Trin.
1819 1388 1842 1407 1.
1854 1388 1878 1407 2.
1893 1387 1936 1414 70.
1959 1378 1977 1406 i.
1990 1387 2014 1406 e.
2033 1377 2074 1406 Re
2085 1377 2142 1415 ipsa
2154 1376 2307 1406 ostendere.

1435 1414 1566 1444 hnarrare
1576 1416 1709 1443 auctores.
1732 1415 1852 1451 Quintil.
1869 1415 1916 1445 lib.
1930 1426 1951 1444 1.
1966 1425 2025 1452 cap.
2041 1425 2066 1450 9.

1435 1452 1480 1481 Est
1493 1454 1589 1481 auctor
1609 1452 1755 1482 Massurius
1767 1475 1775 1488 ,
1796 1453 1882 1483 bisin
1901 1453 2042 1490 triumpho
2064 1453 2188 1482 ductum.
2211 1452 2230 1481 i.
2244 1461 2268 1481 e.
2289 1450 2366 1480 Dicit
2385 1455 2432 1479 aut
2450 1450 2548 1482 scribit.

1454 1490 1523 1533 Plin.
1539 1500 1563 1526 7.
1576 1499 1621 1526 43.
1654 1492 1785 1520 Auctores
1800 1491 1878 1526 sunt,
1907 1491 2134 1520 omnibus-annis
2151 1488 2278 1519 advolare
2293 1488 2377 1518 Ilium
2395 1497 2430 1517 ex
2449 1489 2550 1519 AEthio.
2578 1485 2583 1506 's'

1454 1538 1502 1595 pia
1524 1537 1603 1557 aves:
1635 1528 1652 1557 i.
1672 1538 1696 1557 e.
1718 1528 1780 1557 sunt
1800 1529 1857 1566 Qui
1871 1530 1985 1564 dicant,
2018 1535 2066 1558 aut
2079 1527 2209 1558 scribant.
2249 1527 2330 1557 Idem
2345 1531 2443 1557 1Q26.
2483 1526 2553 1558 Item⁴

1479 1566 1524 1632 iv.s
1525 1577 1551 1601 4.
1586 1566 1657 1595 Sunt
1670 1566 1717 1603 qui
1734 1566 1805 1596 male
1818 1574 1973 1605 pugnatum
1987 1567 2020 1596 ab
2035 1567 2077 1596 his
2093 1565 2258 1596 Consulibus
2271 1565 2301 1594 in
2313 1564 2412 1602 Algido
2422 1586 2431 1600 ,
2461 1566 2551 1595 aucto-

1436 1610 1681 1679 }iiilieigtaliqtieni
1697 1643 1848 1672 auctorem.
1887 1642 1951 1671 Ter.
1965 1638 2035 1680 prol.
2057 1642 2127 1671 And.
2146 1651 2187 1676 19.
2217 1641 2236 1670 i.
2256 1650 2280 1670 e.
2314 1639 2427 1670 Imitari.
2450 1639 2506 1670 Cic.
2523 1650 2549 1671 2.

1456 1681 1491 1709 de
1507 1680 1585 1709 Orat.
1606 1691 1665 1714 155·
1687 1679 1766 1716 Quos
1778 1690 1863 1718 quum
1874 1685 1905 1709 tu
1915 1680 2029 1710 haberes
2038 1682 2174 1715 auctores,
2194 1679 2317 1713 Antoni,
2339 1679 2425 1707 miror
2439 1678 2550 1716 curphi-
2578 1693 2580 1698 >

1455 1717 1605 1755 losophiae,
1626 1717 1751 1747 licutille
1760 1718 1950 1753 Pacuvianus,
1970 1728 2060 1756 prope
2071 1717 2178 1747 bellum
2189 1717 2334 1746 indixeris.
2371 1715 2550 1754 Loquiturd'e
2578 1750 2579 1753 Ἴ

1458 1755 1601 1784 Carneade
1612 1778 1619 1789 ‚
1642 1755 1764 1784 Critolao
1780 1758 1805 1786 ἅ
1817 1756 1951 1793 Diogene.

1438 1793 1547 1822 Habere
1557 1794 1697 1822 auctorem
1712 1794 1854 1824 idoneum.
1877 1794 1935 1823 Cic.
1952 1805 1975 1830 5.
1989 1794 2066 1823 Verr.
2078 1796 2142 1823 216.

1438 1831 1547 1861 Habere
1558 1833 1698 1860 auctorem
1710 1842 1859 1861 rumorem.
1900 1832 1959 1861 Cic.
1970 1843 1994 1868 5.
2008 1832 2080 1861 Verr.
2110 1831 2177 1861 Haec
2190 1840 2239 1860 vos
2259 1836 2341 1860 antea
2352 1829 2465 1865 Judices
2476 1830 2550 1860 audi.

1456 1869 1517 1904 stis,
1538 1879 1634 1898 verum
1650 1869 1758 1899 fortass'e
1768 1871 1807 1900 ita
1820 1870 1932 1900 audistis
1943 1892 1951 1906 ,
1972 1876 2003 1899 ut
2014 1871 2156 1900 auctorem
2173 1878 2313 1898 rumorem
2323 1867 2462 1898 haberetis
2473 1890 2482 1905 ,
2501 1868 2550 1898 ser-
2569 1895 2573 1903 ,

1458 1916 1627 1943 monernque
1639 1908 1773 1937 omnium.

1438 1943 1470 1973 In
1480 1945 1586 1973 incerto
1598 1945 1635 1973 est
1645 1947 1740 1974 auctor
1749 1967 1757 1981 ,
1779 1945 1821 1975 De
1832 1947 1942 1975 auetore
1952 1946 2102 1975 dubitatur.
2124 1945 2208 1975 Ovid.
2221 1953 2264 1975 12.
2277 1943 2348 1973 Met.
2359 1952 2422 1980 419·

1436 1981 1614 2020 Interpretari
1626 1984 1760 2012 auctores.
1800 1983 1832 2013 Iri
1854 1994 1863 2012 1
1874 1993 1894 2012 N
1904 1993 1924 2012 T
1935 1993 1948 2012 E
1958 1994 1973 2012 R
1983 1994 1996 2012 P
2005 1994 2021 2012 R
2030 1993 2044 2012 E
2053 1993 2073 2012 12
2082 1993 2098 2014 ο
2108 1993 2135 2013 R.

1437 2020 1565 2050 Invenire
1581 2021 1656 2058 apud
1672 2022 1806 2051 auctores.
1845 2021 1878 2051 In
1899 2031 1938 2050 iu
1947 2031 1965 2049 v
1974 2031 2032 2050 ΕΝι
2042 2031 2070 2050 ο.

1437 2057 1561 2087 Laudare
1571 2059 1723 2088 ariaorem.
1766 2059 1798 2088 Iri
1819 2070 1835 2087 L
1845 2069 1864 2088 A
1873 2069 1892 2087 u
1900 2069 1917 2087 D
1926 2069 1952 2088 o.

1437 2095 1574 2125 Lectitare
1584 2098 1717 2125 auctores.
1746 2097 1804 2126 Cic.
1819 2106 1860 2126 12.
1875 2099 1928 2126 Att.
1944 2107 1985 2131 19.
2007 2096 2118 2126 Etenim
2131 2095 2221 2124 habeo
2232 2094 2383 2125 nonnullos
2391 2104 2427 2124 ex
2439 2094 2473 2124 iis
2483 2104 2548 2133 quos

1457 2133 1636 2177 nunclectito
1650 2136 1774 2164 auctores
1786 2157 1794 2169 ,
1816 2135 1863 2172 qui
1874 2135 1969 2164 dicant
1977 2135 2035 2164 fieri
2046 2135 2075 2163 id
2086 2140 2216 2172 oportere
2226 2155 2233 2168 ,
2256 2133 2330 2170 quod
2342 2134 2394 2162 διο.

1437 2171 1497 2201 Niti
1510 2174 1621 2200 auctore
1632 2172 1744 2202 idoneo.
1777 2172 1897 2209 Quintil.
1910 2173 1928 2201 l.
1943 2182 1968 2202 2.
1983 2182 2007 2202 c.
2021 2183 2048 2208 4.
2061 2179 2130 2201 extr.
2153 2172 2209 2201 Sed
2219 2180 2255 2200 ne
2265 2171 2284 2199 ii
2296 2171 2420 2208 quidem,
2442 2170 2488 2208 qui
2497 2169 2548 2200 hoc

1455 2210 1598 2238 fortilsinie
1609 2210 1765 2246 affirmant,
1786 2210 1844 2240 ullo
1852 2211 1913 2240 satis
1921 2211 2025 2240 idoneo
2037 2212 2149 2239 auctore
2159 2209 2293 2238 nituntur.
2506 2235 2509 2248 ,

1436 2247 1546 2277 Mutato
1560 2249 1680 2277 auctore.
1723 2249 1780 2278 Cic.
1793 2258 1818 2285 3.
1831 2249 1866 2279 de
1878 2248 1954 2277 Orat.
1967 2258 2031 2278 211.
2054 2248 2111 2285 Qui
2125 2248 2280 2276 orationem
2295 2246 2414 2275 eandem
2424 2245 2504 2276 aliam
2513 2244 2548 2275 es-

1455 2285 1481 2313 se
1491 2292 1601 2323 putaret
1611 2288 1722 2315 auctore
1731 2294 1847 2316 mutato.
1888 2286 1943 2315 Sed
1955 2287 2025 2315 forte
2043 2286 2089 2315 hic
2100 2286 2252 2323 legendum
2264 2284 2302 2313 est
2316 2285 2423 2313 Actore.

1436 2321 1641 2367 Placetauctor.
1683 2325 1740 2353 Cic.
1751 2329 1776 2353 6.
1793 2325 1846 2354 Att.
1861 2334 1886 2353 2.
1910 2324 2004 2360 Quum
2017 2324 2086 2353 mihi
2103 2325 2198 2352 auctor
2210 2322 2332 2360 placeret
2352 2324 2363 2357 (
2377 2322 2483 2351 etenim
2494 2325 2548 2350 erat

1454 2366 1638 2405 meatum&
1651 2383 1658 2397 ,
1681 2363 1707 2392 ἃ
1726 2363 1830 2392 vixerat
1844 2363 1872 2391 in
1891 2361 2124 2399 Pelopponneso)
2151 2359 2304 2390 admirabar
2323 2367 2435 2395 tamen,
2456 2360 2482 2389 &
2503 2358 2547 2390 vix

1455 2399 1616 2441 aggrediens
1625 2401 1830 2429 communicavi
1840 2410 1904 2429 cum
1919 2399 2060 2436 Dionyfio.

1435 2435 1558 2466 Praebere
1568 2438 1594 2465 ie
1606 2439 1747 2467 auctorem
1758 2438 1947 2476 &principem
1957 2438 2038 2467 bonis
2053 2437 2193 2466 omnibus.
2215 2435 2273 2465 Cic.
2286 2445 2329 2465 10.
2341 2435 2414 2465 Fani.
2425 2437 2450 2464 6.

1435 2473 1585 2517 Praelegere
1595 2477 1730 2505 auctores.
1752 2475 1872 2512 Quintil.
1886 2475 1935 2505 lib.
1951 2486 1973 2505 1.
1990 2485 2051 2513 cap.
2063 2486 2087 2511 5.

1434 2512 1558 2555 Proterre
1568 2514 1702 2542 auctores.
1744 2514 1803 2543 Cic.
1814 2523 1839 2542 2.
1853 2514 1888 2543 de
1900 2513 1977 2543 Orat.
1991 2523 2054 2548 290.
2084 2512 2150 2542 Non
2169 2511 2246 2540 enim
2259 2520 2374 2545 vereor,
2396 2510 2491 2548 nequis
2505 2518 2546 2539 me

1456 2560 1483 2579 in
1496 2551 1545 2579 isto
1556 2560 1656 2587 genere
1666 2551 1800 2581 leviorem
1810 2552 1866 2587 jam
1878 2557 1976 2589 putet,
1998 2550 2131 2588 quoniam
2143 2549 2258 2586 quidem
2278 2556 2308 2578 tu
2324 2548 2461 2578 Fabricios
2479 2546 2545 2577 mihi

1455 2590 1580 2630 auctores
1595 2611 1602 2623 ,
1625 2590 1649 2618 S<
1663 2589 1819 2624 Africanos,
1835 2589 1974 2619 Maximus
1985 2610 1992 2624 ‚
2015 2588 2152 2622 Catones,
2174 2587 2310 2624 Lepidos,
2327 2585 2472 2623 protulisti.

1435 2625 1571 2692 Repipzre
1581 2629 1706 2657 auctores
1714 2627 1781 2657 alios
1791 2628 1821 2656 iri
1830 2627 1968 2663 ordinem,
1985 2626 2053 2656 alios
2063 2626 2180 2655 omnino
2190 2625 2311 2654 eximere
2320 2633 2445 2653 numero.
2463 2622 2546 2661 Quin-

1456 2670 1475 2692 ti
1490 2687 1495 2692 .
1521 2675 1527 2692 1
1553 2687 1558 2692 .
1575 2675 1596 2693 i.
1610 2675 1671 2702 cap.
1684 2676 1710 2700 4.

1436 2701 1603 2745 Referturad
1615 2704 1755 2732 auctorem
1765 2702 1885 2740 aliquem
1894 2701 2008 2740 aliquid.
2031 2700 2101 2730 Cels.
2114 2700 2164 2730 lib.
2175 2711 2197 2736 ς.
2212 2710 2272 2738 cap.
2290 2705 2332 2735 18.

1436 2740 1519 2777 Sequi
1532 2739 1652 2776 aliquem
1661 2742 1811 2770 auctorem.
1834 2739 1903 2769 Plin.
1917 2750 1940 2777 3.
1956 2739 2039 2778 Epist.
2052 2739 2098 2768 lib.
2114 2750 2137 2774 ς,

1435 2779 1537 2807 Auctor
1549 2800 1556 2811 ,
1578 2779 1670 2808 Homo
1685 2779 1712 2807 in
1722 2788 1776 2816 quo
1790 2778 1827 2807 est
1836 2779 1876 2807 vis
1887 2800 1894 2812 ‚
1919 2778 2038 2816 potestas
2048 2799 2056 2811 ,
2078 2778 2104 2807 ἃ
2116 2776 2236 2814 dignitas
2248 2785 2254 2805 z
2286 2775 2378 2810 unde,
2402 2774 2544 2804 Auctoritas

1454 2816 1528 2858 dicta
1536 2816 1581 2844 est.
1593 2815 1650 2845 Liv.
1662 2816 1709 2845 lib.
1719 2826 1740 2845 1.
1749 2827 1757 2845 i
1765 2826 1788 2852 7.
1800 2822 1868 2845 extr.
1892 2815 2079 2845 Decreverunt
2092 2815 2177 2849 enim,
2193 2821 2225 2843 ut
2235 2823 2318 2850 quum
2330 2811 2448 2850 populus
2458 2819 2544 2849 regem

1453 2853 1612 2896 J':¹ss¹ffes³.id
1624 2854 1659 2882 sic
1667 2861 1757 2883 ratum
1767 2853 1843 2888 ess'et,
1854 2853 1871 2882 si
1882 2853 1971 2883 Patres
1980 2855 2104 2883 auctores
2114 2852 2220 2881 fierent.
2234 2852 2289 2880 h.e.
2303 2850 2495 2880 Auctoritatem
2504 2849 2544 2886 (ut

1453 2893 1548 2919 aiuntl
1569 2893 1642 2920 luam
1654 2913 1661 2925 ,
1683 2893 1708 2921 St
1721 2892 1864 2921 decretum
1885 2892 2111 2927 interponerent,
2133 2899 2253 2926 eumque
2272 2896 2362 2918 ratum
2374 2889 2504 2917 haberent
2514 2895 2544 2917 ac

1455 2928 1681 2966 comprobarent.
1689 2930 1716 2958 V.
1728 2929 1820 2959 loc.F.t
1831 2929 2031 2965 34.2.itlajores
2039 2928 2122 2957 nostri
2132 2927 2239 2956 nullam
2249 2936 2284 2955 ne
2297 2927 2430 2964 privatam
2438 2924 2544 2963 quidem

1453 2976 1510 2995 reni
1522 2977 1601 3004 agere
1613 2967 1742 2996 foeminas
1752 2967 1807 2997 fine
1822 2968 1932 2996 auctore
1946 2967 2100 2996 voluerunt.
2144 2965 2208 2994 Haec
2222 2964 2350 2993 Vallalib.
2367 2976 2392 2998 4.
2415 2973 2438 2992 c.
2453 2972 2494 2997 32.

1433 3004 1543 3042 Impero
1558 3027 1566 3039 ,
1588 3006 1740 3042 auctorque
1751 3005 1809 3034 sum
1821 3026 1829 3040 ,
1851 3011 1881 3034 ut
1891 3014 1935 3033 me
1947 3005 2035 3033 cuivis
2053 3003 2225 3032 castrandum
2240 3002 2324 3031 loces.
2353 3001 2437 3031 Plaut.
2449 3000 2504 3029 Aul.
2516 3007 2540 3036 2.
2557 3030 2561 3047 1

1450 3052 1534 3109 ἴῃ.
1574 3042 1652 3072 Ideni
1669 3042 1878 3076 Poen.1.1.18.
1909 3042 2068 3080 Suspende,
2092 3041 2184 3076 vinci,
2216 3039 2342 3074 verbera,
2367 3040 2460 3069 auctor
2471 3037 2540 3072 sum,

1462 3090 1518 3110 in0.

1432 3120 1534 3148 Auctor
1544 3129 1608 3148 eum
1619 3117 1750 3155 significat
1762 3139 1769 3153 ,
1791 3127 1806 3146 a
1824 3118 1890 3154 Quo
1903 3117 1963 3154 quis
1973 3116 2016 3151 jus
2029 3117 2056 3144 in
2069 3126 2098 3145 re
2110 3115 2296 3152 comparavit,
2318 3119 2365 3143 aut
2383 3112 2447 3142 alias
2458 3110 2542 3150 quaefi-

1452 3157 1508 3192 vit,
1531 3157 1584 3186 sive
1594 3167 1609 3185 a
1622 3157 1687 3193 Quo
1698 3156 1758 3193 quis
1768 3155 1844 3184 emit.
1880 3155 1937 3184 Cic.
1953 3163 1976 3190 7.
1994 3153 2066 3182 Verr.
2080 3164 2123 3189 45.
2146 3152 2221 3182 Tum
2235 3152 2273 3181 illi
2290 3151 2502 3184 intellexerunt,
2515 3148 2540 3178 se

1452 3194 1481 3223 id
1494 3195 1569 3231 quod
1580 3194 1677 3223 amalo
1689 3195 1800 3222 auctore
1810 3193 1936 3221 emissent
1949 3213 1956 3225 ,
1980 3191 2084 3221 diutius
2100 3190 2226 3220 obtinete
2242 3200 2299 3233 non
2319 3188 2402 3232 polle.
2436 3187 2538 3225 Ulpian-

1451 3232 1544 3268 inl.4.
1557 3232 1589 3261 D.
1605 3233 1639 3261 de
1654 3230 1860 3261 Evictionibus:
1886 3230 1957 3259 Illud.
1969 3230 2098 3265 quaeritur
2110 3251 2117 3263 ,
2138 3229 2204 3258 anis
2217 3238 2262 3265 qui
2275 3227 2443 3264 mancipium
2452 3223 2541 3254 veridi—
2558 3228 2559 3236 ¹
2600 3244 2603 3261 ,Ι

1452 3270 1512 3305 dit,
1535 3270 1634 3298 debeat
1646 3267 1872 3304 fidejussoremob
1883 3267 2051 3297 evictionem
2061 3267 2143 3301 dare,
2165 3276 2246 3303 quem
2265 3265 2347 3302 vulgo
2362 3265 2496 3293 auctorem
2505 3260 2538 3291 se·
2556 3284 2559 3288 .
2600 3270 2604 3301 ξ

1452 3308 1577 3337 cundum
1589 3314 1698 3336 vocant.
1728 3305 1814 3335 Plaut.
1827 3305 1905 3334 Curc.
1920 3316 1945 3336 a.
1957 3314 1982 3333 2.
1999 3314 2039 3334 12.
2060 3304 2203 3334 Lei-ionem
2214 3303 2357 3340 alloquens
2370 3324 2378 3337 ‚
2400 3301 2458 3331 Nec
2467 3298 2539 3329 vobis
2556 3314 2568 3322 υ
2602 3310 2604 3338 3

1452 3346 1548 3374 auctor
1558 3345 1629 3374 ullus
1638 3346 1675 3374 est
1688 3367 1696 3378 ,
1719 3353 1772 3372 nec
1779 3350 1887 3372 vosmet
1895 3343 1956 3372 estis
1967 3342 2025 3370 ulli.

1432 3382 1534 3411 Auctor
1549 3383 1637 3412 fundi.
1680 3382 1736 3411 Cic.
1757 3390 1806 3419 pro
1822 3380 1924 3409 Caecin.
1943 3389 1988 3415 27.
2012 3381 2074 3409 Duo
2090 3385 2221 3416 praeterea
2240 3378 2339 3412 testes,
2360 3375 2429 3405 nihil
2447 3374 2480 3404 de
2494 3373 2535 3407 vi,

1451 3419 1496 3449 sed
1507 3420 1541 3450 de
1553 3420 1608 3458 ipsa
1618 3421 1760 3458 emptione
1771 3418 1850 3448 fundi
1868 3418 2014 3446 dixerunt:
2042 3418 2068 3446 P.
2090 3416 2248 3446 Caesennius
2265 3417 2360 3444 auctor
2370 3413 2465 3448 fundi,
2485 3419 2537 3440 non

1450 3459 1677 3487 tamauctoritate
1687 3458 1760 3495 gravi
1772 3478 1779 3492 ,
1801 3465 1882 3493 quam
1894 3465 2026 3493 corpore:
2049 3456 2075 3484 δι
2093 3454 2261 3491 argentarius
2271 3455 2332 3482 Sex.
2350 3452 2478 3485 Clodius,
2495 3447 2537 3478 cui
2550 3462 2554 3512 t
2600 3458 2604 3489 j.

1451 3505 1555 3524 nomen
1567 3496 1603 3524 est
1616 3495 1753 3524 Phormio.

1431 3533 1563 3562 Auctor-es
1574 3533 1744 3571 pupillorum
1752 3537 1886 3562 vocantur
1895 3552 1902 3564 ,
1925 3529 1955 3558 In
1967 3539 2084 3566 quorum
2094 3528 2331 3559 administratione
2345 3526 2448 3555 infirma
2458 3529 2516 3553 aetas
2525 3542 2534 3555 2

1448 3580 1546 3608 resque
1556 3581 1652 3600 eorum
1663 3571 1733 3600 suut.
1772 3569 1895 3605 Ideoque
1904 3567 1976 3596 filios
1985 3577 2080 3604 regum
2089 3566 2210 3604 pupillos
2222 3588 2229 3599 ,
2251 3565 2299 3594 sub
2311 3563 2463 3594 auctoribus
2479 3558 2536 3590 fuis-

1446 3607 1473 3636 se
1485 3608 1611 3645 legimus.
1654 3608 1733 3637 Unde
1743 3606 1815 3636 Paul.
1829 3605 1846 3635 l.
1860 3616 1883 3641 3.
1908 3606 1940 3634 D.
1964 3606 1999 3633 de
2018 3605 2185 3634 Auctoritate
2195 3610 2316 3632 tutorum
2327 3624 2335 3637 ,
2358 3602 2441 3631 Etiam
2455 3598 2471 3628 li
2482 3605 2534 3627 non
2548 3599 2552 3676 ἰ
2571 3619 2575 3623 .
2601 3619 2604 3627 .

1448 3646 1631 3683 interrogatus
1647 3652 1721 3674 tutor
1764 3646 1860 3673 auctor
1876 3643 1938 3677 fiat,
1959 3643 2032 3672 valet
2043 3643 2190 3672 auctoritas
2209 3642 2267 3677 ejus
2284 3649 2369 3677 quum
2388 3638 2414 3667 se
2429 3635 2535 3676 probare

1449 3684 1518 3712 dicit
1528 3685 1556 3712 id
1568 3684 1643 3720 quod
1652 3684 1749 3720 agitur.
1771 3682 1824 3711 hoc
1836 3680 1958 3710 eltenim
1971 3681 2112 3709 auctorem
2131 3679 2198 3708 fieri.
2240 3678 2274 3707 Et
2289 3675 2454 3714 Pomponius
2469 3673 2496 3702 in
2513 3670 2531 3700 l.
2548 3677 2551 3718 Ι

1447 3720 1500 3757 seq.
1544 3721 1595 3750 Etsi
1608 3721 1733 3758 pluribus
1747 3720 1818 3749 datis
1829 3717 1965 3748 tutoribus
1980 3719 2062 3748 unius
2079 3717 2226 3747 auctoritas
2238 3715 2367 3750 sufficiat,
2388 3709 2487 3743 tametsi
2495 3715 2534 3739 tu·
2548 3719 2550 3754 i

1448 3764 1492 3786 tor
1500 3760 1656 3788 auctoretur
1668 3762 1682 3793 ‚'
1695 3760 1738 3790 &c

1427 3795 1492 3824 Sine
1502 3802 1592 3825 tutore
1603 3798 1714 3826 auctore
1722 3774 1823 3824 stilvere
1834 3791 1951 3822 mulieri.
1987 3793 2043 3822 Cic.
2062 3793 2091 3821 in
2100 3790 2202 3827 Topic.
2212 3792 2257 3826 46.
2287 3789 2353 3819 Non
2364 3784 2532 3826 quemadmo-
2568 3799 2569 3802 ¹

1447 3833 1514 3861 dum
1525 3834 1600 3869 quod
1609 3833 1716 3862 mulieri
1728 3832 1828 3862 debeas
1839 3853 1846 3866 ‚
1867 3832 1940 3859 recte
1950 3831 1997 3867 ipsi
2010 3829 2119 3859 mulieri
2136 3829 2191 3858 sine
2208 3834 2300 3857 tutore
2310 3828 2418 3857 auctore
2433 3822 2529 3853 solvas:

1444 3907 1567 3975 {Ol-vere&
1588 3909 1644 3975 bSic
1654 3918 1704 3946 pro
1727 3907 1828 3938 Caecin.
1850 3915 1894 3943 72.
1916 3905 2002 3941 Quod
2015 3905 2116 3934 mulier
2131 3904 2187 3933 sine
2205 3910 2296 3933 tutore
2314 3902 2422 3932 auctore
2437 3896 2532 3936 promi-

1456 3951 1506 3974 erit
1520 3966 1527 3979 ‚
1571 3955 1586 3975 e
1607 3955 1654 3975 eri.

2430 3950 2575 4001 'Bonusss‘

2569 1905 2573 1919 ι

2569 1981 2572 1999 Ι

2568 2011 2572 2052 ἓ

2566 1936 2573 1980 i

2564 2062 2571 2098 ,ἲ

2567 2143 2570 2168 l

2561 2247 2570 2296 l

2558 2330 2569 2361 *ι

2560 2422 2568 2489 l

2552 2493 2572 2657 l

2558 2650 2566 2763 Ξ

2559 2927 2569 2951 l·

2559 2955 2569 2970 Δ,

2553 3142 2560 3189 l:
2601 3144 2604 3163 ἶ

2556 3409 2604 3440 ξφ]

2552 3774 2571 3788 ⁴·

2552 3803 2569 3814 ¹¹1

2552 3822 2569 3850 Γ

2567 3907 2572 3919 ,
2598 3912 2599 3915 ,
