2604 4222
144 126 215 163 690
575 108 603 142 C
702 106 736 140 O
835 100 868 135 N

260 197 418 235 Nequitiam
437 193 529 225 vinosa
546 200 620 223 tuam
641 186 766 217 convivia
775 187 891 212 narrant.

204 239 337 267 convivae.

185 274 366 342 liliteriaeffriioesii
373 260 793 343 &giwirigdo'lnz‘iliazliulchaiinich
803 290 923 322 accedat.
945 287 1030 317 Plaut.
1041 284 1126 315 Stich.
1142 293 1165 317 ς.
1177 292 1204 316 4.
1215 286 1261 315 ²8·

186 352 273 388 Agere
282 347 418 379 convivia.
457 344 513 373 Cic.
524 349 572 378 pro
580 337 649 367 coel.
664 345 705 377 35.
729 332 799 362 Baiis
813 330 872 359 aeta
888 325 1035 359 convivia,
1056 320 1282 353 comessationes,

207 384 321 421 cantus,
341 382 516 422 symphonias
529 399 536 412 ,
557 383 663 411 nav1gra
672 373 782 409 jactant.

189 426 305 462 ligitare.
326 421 410 452 Ovid.
426 429 450 456 7.
468 417 535 447 Met.
551 421 613 447 43²·

189 462 324 492 Arceffere
336 461 362 488 in
372 456 536 487 convivium.
557 450 622 479 Ter.
635 448 703 478 Eun.
714 455 739 481 4.
756 453 777 474 1.
792 451 835 472 η.

190 500 343 529 Celebrarc.
364 495 410 524 Sil.
422 494 466 521 lib.
484 501 524 520 ιι.
539 496 601 531 273.

190 535 396 567 Concelebrare.
417 531 476 559 Cic.
487 529 522 557 de
531 519 729 567 Petra-Consul.
742 528 785 555 34.

191 574 324 604 Conditor
334 569 527 602 instructorque
537 570 667 604 convrvrr.
702 557 736 601 *In
756 562 908 585 coNDro.

191 612 290 641 Curare
299 607 472 637 mutuainter
482 603 507 632 se
520 600 656 641 convivra5
678 596 785 638 Virg3r.
801 593 898 635 Georg.
911 598 970 625 300.

191 649 296 679 Ducere
307 644 431 678 Baccho,
451 642 468 670 i.
482 651 506 669 e.
526 638 617 668 Multo
626 643 700 664 vinc.
722 630 813 662 Tibul.
831 629 879 658 hb.
896 637 956 661 1-9-
975 627 1019 654 61.

191 686 296 715 Ducere
307 682 423 719 aliquem
433 681 460 708 in
471 675 605 706 convivia.
625 671 708 702 Ovid.
719 679 744 706 3.
756 669 791 698 de
806 669 866 696 Arte
879 668 938 695 Am.
949 673 1012 700 749.

191 722 353 753 Exhilarare.
375 718 422 748 Sil.
434 716 535 746 lib.11.
550 722 592 748 5¹-
645 747 651 753 ⁴
669 746 674 752 Ι
771 744 776 749 .
799 743 804 749 ¹

281 758 358 793 Quin
369 757 450 784 etiarn
463 751 611 782 exhilarare
626 755 690 776 viris
698 752 823 774 convivia
833 741 909 771 caede

280 795 343 824 Mos
354 793 420 822 olim
431 814 439 827 ,
460 792 485 820 ἃ
496 788 606 818 miscere
616 783 704 821 epulis
715 780 867 823 sperftacula
877 779 943 807 dira.
993 814 998 819 ι
1036 772 1078 802 De
1088 768 1286 813 gladiatoribus

209 833 337 869 loquitur,
348 831 393 867 qui
403 827 535 858 conviviis
545 822 759 855 adhibebantur,
777 824 880 848 mutuis
891 812 1052 846 vulnerrbus
1060 810 1114 839 sese
1122 807 1284 839 confectum.

190 870 289 901 Facere
300 869 370 898 lauta
381 866 513 896 convivia.
535 861 623 892 Catul.
640 869 683 895 45.
699 869 721 892 ς.
776 894 782 900 ⁰

190 908 272 938 fiunt
282 902 407 936 convivia
419 903 499 941 plena
510 899 610 930 mensa.
634 898 753 933 Propert.
765 893 811 923 hb.
825 901 851 921 2.
866 893 907 920 16.
926 900 950 926 ς.

190 945 313 976 Hilarare
323 942 438 973 Baccho.
464 940 535 974 Virg.
549 949 572 972 ς.
593 935 648 965 Ecl.
662 938 706 968 69.
735 970 741 976 η
832 968 837 973 .

190 977 542 1019 Implereconviviadir‘tis,
564 976 579 1003 i.
590 984 614 1002 e.
636 967 868 1002 Narratrunculrs‚

212 1020 313 1048 vivium
322 1017 467 1047 absolvere.
490 1013 573 1043 Ovid.
590 1019 630 1046 η.
644 1010 711 1038 Met.
725 1012 787 1043 ⁶75-
847 1041 852 1047 ¹
938 1040 943 1045 ¹
967 1039 972 1044 ι

190 1056 281 1091 Inire,
302 1056 364 1085 h.e.
387 1052 503 1090 Ingredi.
542 1049 632 1079 Tacit.
642 1057 666 1081 4.
679 1047 748 1089 lirin.
763 1054 804 1074 ιο.
825 1042 1041 1073 Siconvrvrum,
1061 1035 1080 1065 s1
1099 1032 1287 1073 spectaculum

210 1094 287 1123 sunul
299 1092 407 1122 inissent
418 1113 425 1124 .
445 1099 495 1128 pro
505 1088 619 1117 crimine
630 1093 728 1121 accipi.

190 1131 301 1162 Missum
313 1129 482 1159 convivium.
522 1125 554 1155 ln
575 1131 701 1152 Μιττο.
737 1157 743 1163 ·
835 1155 841 1160 .
879 1153 884 1159 ι
934 1151 938 1157 ι

191 1169 330 1198 Obscaenis
341 1166 454 1196 canticis
462 1163 617 1193 convivium
627 1159 765 1195 obstrepit.
786 1152 907 1192 Quintil.
920 1151 970 1181 hb.
984 1159 1008 1180 1.
1019 1159 1079 1187 cap.
1090 1157 1116 1178 2.

192 1207 478 1242 Ornare&apparare.
501 1202 557 1229 Cic.
570 1203 594 1228 6.
612 1198 737 1232 Verr.44.

192 1244 294 1273 Parare.
316 1243 388 1278 Virg.
403 1251 425 1270 r.
445 1240 502 1269 [En.
520 1242 582 1272 ⁶42-
686 1271 690 1276 ι

191 1281 338 1310 Retrahere
347 1280 395 1308 sea
407 1289 421 1307 a
436 1275 570 1306 convivio.
593 1271 661 1302 Cels.
674 1269 720 1299 hb.
739 1277 762 1297 ι.
773 1276 833 1304 cap.
847 1274 871 1294 x.

192 1318 319 1355 Repetita
329 1315 450 1346 convivii
460 1314 558 1342 latitia.
580 1310 670 1340 Tacit.
689 1316 728 1342 ¹3-
744 1306 812 1348 Ann.
830 1306 873 1332 16.
909 1338 914 1344 ¹

192 1355 281 1385 Ruere
295 1355 330 1383 ad
340 1353 519 1384 convivium,
541 1348 712 1386 prolrruere.
734 1343 821 1373 Tacit.
834 1351 859 1371 2.
879 1338 948 1368 Hrst.
962 1340 1006 1372 63.

192 1394 308 1422 Struere.
329 1391 416 1421 Tacit.
432 1399 472 1424 ις.
485 1390 552 1418 Αηη.
566 1395 608 1422 37.

192 1430 323 1459 Turbare.
344 1428 428 1458 Ovid.
446 1435 485 1455 η.
506 1426 571 1454 Met.
585 1430 647 1452 222.

156 1459 918 1537 035‘523‘32fffivzfj¹¹{·.8.l.⁰.·g‚⁰mamma,
937 1485 1087 1521 ...saw
1107 1483 1165 1520 Qui
1176 1483 1210 1512 aa
1222 1489 1289 1512 con.

191 1543 292 1571 vivium
312 1547 424 1570 vocatus
441 1539 487 1568 est.
522 1537 587 1566 Ter.
609 1534 707 1564 Heaut.
728 1541 751 1560 ι.
770 1539 794 1559 1.
810 1537 871 1559 120.
897 1527 1014 1565 Egmnet
1036 1523 1167 1554 convivas
1185 1530 1287 1550 moror.

190 1578 307 1610 martial.
322 1579 368 1607 lib.
388 1587 429 1606 11.
446 1585 489 1612 57.

281 1616 416 1645 Convivas
426 1615 506 1642 niveo
516 1609 627 1640 torserat
635 1617 683 1637 ore
694 1615 771 1645 puer.

191 1654 268 1683 Avidi
279 1654 409 1683 convivae.
433 1652 497 1680 Hor.
509 1659 532 1678 r.
548 1648 633 1677 serm.
646 1657 669 1682 ς.
680 1655 725 1682 75.

190 1692 293 1720 Comis.
316 1691 380 1719 Hor.
393 1699 417 1719 2.
430 1690 514 1718 Serm.
526 1691 550 1719 8.
564 1688 608 1722 76.

187 1729 295 1760 Dulcis.
317 1728 437 1765 Propert.
455 1726 499 1754 lib.
515 1733 538 1760 3.
552 1732 577 1759 7.
590 1732 635 1758 4ς.
708 1757 713 1763 ’

270 1766 375 1794 Viveret
389 1771 451 1793 ante
462 1763 522 1792 suos
533 1761 621 1790 dulcis
632 1765 749 1788 conviva
758 1759 881 1794 penates.

190 1802 295 1833 Ebrius.
328 1803 410 1832 Ovid.
425 1812 447 1837 ς.
460 1800 525 1829 Fast.
541 1807 601 1834 337.

189 1841 313 1871 Facetus.
341 1840 439 1875 Juven.
453 1849 477 1873 9·
491 1838 543 1866 Sat.
562 1846 601 1864 ιο.

379 1892 415 1897 -
425 1875 537 1905 conviva
547 1874 612 1909 joco
623 1868 768 1900 mordente
774 1867 888 1897 facetus.

190 1912 334 1952 frequens.
356 1914 440 1944 Ovid.
452 1923 478 1942 ι.
491 1914 578 1941 Amor.
592 1921 617 1945 5.
629 1918 675 1938 21.

192 1954 297 1984 Gratus.
319 1952 384 1982 Hor.
393 1960 420 1980 2.
432 1951 516 1980 Serm.
529 1958 554 1978 2.
572 1956 633 1983 1¹9-

190 1992 295 2021 Hilares
305 1993 328 2020 δι
339 1991 409 2018 bene
417 1988 532 2024 accepti.
554 1986 612 2015 Cic.
626 1986 667 2013 1⁶.
680 1982 732 2011 Att.
748 1983 790 2017 16.

191 2029 289 2058 Laetus.
313 2028 378 2056 Hor.
390 2036 415 2055 2.
427 2027 511 2055 Serm.
523 2027 548 2052 ⁶.
565 2032 624 2051 ιιι.
701 2057 707 2063 ι
766 2056 770 2061 Ι

191 2066 339 2099 Μειᾱὶάιιε,
359 2065 376 2092 i.
389 2073 413 2093 e.
433 2063 505 2092 Bene
518 2068 607 2099 potus.
626 2055 743 2099 Martial.
754 2054 800 2083 hb.
814 2061 900 2097 9·.²³·

270 2102 372 2132 AEstuet
379 2107 409 2131 ut
416 2101 505 2130 nostro
516 2097 643 2127 madidus
656 2102 773 2125 convrva
783 2090 916 2121 ministro.

193 2139 299 2170 Plenus.
322 2139 426 2168 Lucret.
441 2138 488 2166 lib.
500 2145 524 2172 3.
538 2144 600 2172 93²-

193 2178 284 2207 Satur.
303 2176 370 2205 Hor.
385 2185 409 2205 ι.
426 2175 511 2204 Serm.
525 2183 547 2202 1.
561 2181 619 2207 ¹19-

193 2215 283 2244 Serus.
306 2214 335 2242 V.
356 2223 368 2242 s
376 2223 390 2242 Β
400 2223 416 2241 n
425 2222 443 2241 u
454 2221 474 2241 s.

193 2253 335 2281 abducere
346 2251 391 2280 srbi
403 2249 519 2286 aliquem
527 2246 681 2277 convivam.
701 2242 767 2272 Ter.
783 2240 852 2270 Eun.
866 2246 890 2282 3.
907 2246 930 2267 r.
945 2245 988 2273 17.

284 2288 355 2317 Tum
368 2297 411 2316 me
421 2287 564 2316 convivam
574 2283 660 2312 solum
669 2278 822 2310 abducebat
832 2277 889 2306 sibl.

193 2327 278 2363 Agere
289 2326 433 2355 convivam
446 2323 545 2352 laetum.
569 2321 637 2350 Hor.
650 2329 675 2349 2.
692 2319 781 2359 Serm..
792 2320 817 2344 6.
834 2323 893 2343 rrr.
1125 2347 1132 2353 ι
1155 2347 1161 2354 .

193 2364 302 2394 Solvere
317 2363 461 2396 convivas,
483 2362 498 2390 i.
511 2370 534 2389 e.
557 2358 708 2388 Dimittere.
729 2353 849 2384 Ovrd.6.
866 2350 1008 2386 Fast.675.
1045 2347 1179 2378 Convrvra
1196 2355 1290 2378 emen.

213 2401 259 2430 dat
269 2399 360 2430 Heins.
380 2409 414 2428 ex
428 2398 489 2428 ΜΠ.

192 2439 295 2467 Vocare
305 2438 458 2466 convivam.
481 2435 563 2464 Plaut.
576 2432 643 2462 Asm.
655 2441 681 2466 4.
694 2439 718 2473 ¹:
730 2438 774 2465 23.

282 2474 370 2504 Vocet
380 2474 522 2503 convivam
534 2471 690 2500 neminem:
711 2468 786 2496 illam
797 2469 826 2493 tu
836 2472 930 2493 voces.

194 2513 323 2543 Convivis
335 2512 461 2540 immines
475 2515 627 2539 annotator.
659 2505 690 2534 V.
712 2511 824 2533 ιΜΜιΝ
835 2511 882 2543 ¹⁷2⁰·
1030 2536 1035 2541 .
1059 2535 1063 2541 Ι
1169 2535 1175 2542 .

158 2552 179 2581 C
188 2562 204 2580 o
215 2560 235 2580 Ν
244 2560 260 2578 ν
269 2560 278 2578 ι
289 2554 328 2578 νῆ
338 2560 353 2578 ι,
362 2560 369 2577 ι
379 2559 390 2578 s
400 2571 407 2583 ,
428 2558 452 2577 e.
474 2541 670 2582 [συμππηέε]
692 2542 775 2578 Quod
785 2544 904 2578 pertinet
911 2537 946 2567 ad
955 2545 1122 2565 convrvrum.
1145 2535 1203 2565 Lrv.
1215 2537 1288 2571 39.6,

194 2588 275 2618 Tunc
285 2586 398 2625 psaltriae
410 2607 418 2622 ,
438 2583 682 2617 sambucistriaeque
692 2602 700 2615 ,
722 2581 747 2609 δε
758 2576 910 2621 convivalia
921 2574 1067 2604 ludionum
1083 2573 1290 2604 oblectamenta

194 2626 286 2654 addita
297 2624 394 2661 epulis.
434 2623 512 2652 Idem
525 2643 531 2654 ,
555 2619 695 2654 multaque
708 2614 861 2646 convivalia
873 2622 908 2642 ex
918 2622 984 2642 auro
995 2613 1021 2642 ὁὶ
1035 2618 1147 2649 argento
1156 2611 1226 2641 vasa.

194 2661 473 2692 Fabula-convivales.
495 2659 583 2688 Tacit.
596 2660 620 2685 6.
642 2656 708 2684 Ann.
724 2664 747 2688 ς.

193 2700 296 2728 Ltetitia
305 2698 463 2728 convivalis.
486 2694 608 2726 Macrob.
622 2702 647 2728 7.
659 2693 766 2722 Saturn.
780 2699 841 2727 cap.
855 2697 880 2718 1.

194 2737 276 2766 Vestis
285 2735 444 2765 convivalis.
465 2735 528 2764 Sen.
541 2733 674 2762 Controv.
686 2738 731 2764 25.
1137 2760 1143 2767 .
1180 2761 1185 2767 ·

158 2773 179 2804 C
189 2785 204 2803 ο
214 2784 231 2803 Ν
241 2784 255 2802 ν
265 2785 273 2802 ι
283 2784 298 2802 ν
309 2777 323 2801 λ
335 2774 368 2802 ti
377 2782 396 2801 τ
407 2782 424 2800 A
433 2781 444 2801 s
453 2793 461 2806 ,
480 2772 540 2800 atis.
562 2771 580 2799 s.
603 2769 740 2798 Pontanus
751 2775 778 2802 p.
792 2772 855 2796 272.
877 2762 964 2792 {Etate
975 2761 1064 2790 nostra
1075 2760 1144 2790 Galli
1158 2760 1289 2790 dicuntur

194 2809 536 2840 convivalitatiadmodum
552 2809 616 2836 dare
631 2813 762 2844 operam..
790 2801 863 2831 Hinc
885 2798 1050 2829 Convivales
1066 2799 1141 2836 apud
1156 2799 1288 2830 eundem.

195 2850 228 2877 Η.
240 2850 277 2878 St.
316 2847 388 2877 Libri
399 2847 504 2876 notatio
515 2845 603 2875 cultro
613 2843 764 2886 bibliopegi
774 2839 879 2884 ‘resecta
889 2838 936 2867 est.
1004 2873 1009 2882 .
1095 2875 1110 2880 ..
1126 2873 1133 2879 .

158 2886 229 2915 Cur-1
242 2888 324 2914 vivo
335 2895 349 2914 a
360 2907 368 2920 ,
388 2891 446 2914 atus
467 2884 522 2912 sum
533 2904 542 2917 ,
573 2882 737 2917 [evat-pum,
771 2881 854 2910 εςιοιω,
884 2873 1068 2910 συμπσιαζω]
1096 2883 1143 2902 arr.
1182 2873 1287 2910 depon.

193 2923 354 2953 Convivium
363 2923 462 2951 facere.
482 2920 546 2950 Ter.
559 2920 658 2949 Heaut.
675 2926 698 2945 r.
711 2925 737 2944 2.
751 2923 793 2950 32.
915 2949 921 2954 .
973 2948 978 2954 ·

266 2960 382 2989 Scortari
397 2959 491 2988 crebro
500 2957 606 2990 nolunt,
628 2954 727 2983 nolunt
736 2951 831 2980 crebro
842 2957 1019 2978 convivarrer.
1099 2947 1174 2977 Suet.
1186 2947 1286 2978 Claud.

192 3007 249 3034 cap.
264 3007 305 3031 ³²·
317 3008 356 3035 pr.
379 2996 545 3026 Convivatus
555 2994 592 3023 est
600 2994 625 3023 ἅ
635 2992 714 3029 super
721 2988 886 3020 emissarium
898 2986 993 3016 Fucini
1002 2985 1087 3021 lacus,
1097 2994 1128 3014 ac
1139 2995 1218 3024 prcne
1227 2986 1287 3015 sub.

191 3034 301 3064 mersus.

190 3071 335 3100 Convivari
349 3071 376 3099 in
387 3070 500 3108 publico
510 3091 518 3104 ,
540 3068 610 3098 &de
621 3065 743 3104 publico.
781 3062 839 3092 Cic.
854 3071 877 3095 ς.
894 3059 1044 3103 Verrqoz.
1066 3059 1201 3103 Quotidie
1224 3059 1287 3090 soli.

209 3116 265 3138 tum
277 3108 330 3137 esse
342 3118 398 3137 non
415 3107 501 3137 solum
512 3107 540 3135 in
550 3105 665 3143 publico
675 3125 683 3138 ,
703 3101 749 3131 sed
763 3101 845 3143 etiam
855 3099 890 3127 de
902 3097 1015 3136 pubhco
1026 3099 1174 3126 convivari.

191 3145 339 3175 Convivare
353 3167 361 3179 ,
382 3155 432 3182 pro
444 3143 597 3174 Convivari.
638 3141 742 3171 Ennius
754 3139 808 3168 Sat.
820 3137 868 3165 hh.
883 3145 906 3165 ι.
929 3135 1032 3172 Magno
1047 3134 1140 3164 hercle
1152 3135 1199 3164 suo
1210 3135 1283 3165 malo

210 3184 334 3212 convivat
345 3183 400 3211 line
412 3182 503 3211 modo.
526 3180 633 3210 Nonius
645 3188 670 3212 7.
686 3188 728 3212 ςς.
811 3211 818 3217 ι
851 3211 855 3217 Ι
989 3209 995 3215 .
1143 3209 1148 3215 .
1172 3210 1178 3215 .
1244 3210 1250 3216 ⁶

154 3220 226 3249 Con
237 3230 252 3248 v
263 3231 271 3248 ι
281 3224 371 3249 viro
382 3229 396 3248 a
411 3242 419 3254 ,
440 3220 503 3248 oris.
525 3227 561 3246 m.
584 3213 769 3253 [emmaus-»ir
781 3234 789 3247 ,
810 3210 921 3246 εςιιιπις]
941 3209 996 3245 Qut
1018 3209 1052 3238 ad
1068 3218 1228 3239 convivium
1244 3219 1284 3238 rn-

189 3257 268 3289 vitat.
289 3257 331 3286 vel
342 3257 397 3294 Qui
408 3256 565 3285 convivium
576 3254 642 3284 iacit
653 3254 678 3282 &
690 3255 810 3293 apparat.
848 3248 905 3291 Liv.
921 3256 967 3290 35.
979 3256 1023 3282 49.
1048 3246 1090 3289 Est
1100 3253 1242 3290 autem-res
1255 3248 1285 3276 si.

189 3294 300 3323 millima
309 3304 396 3323 coenae
407 3292 591 3323 Chalcidensis
601 3291 714 3327 hospitis
726 3297 779 3317 mer
792 3309 801 3321 ,
821 3286 942 3328 hominis
959 3286 983 3313 δι
1002 3284 1068 3326 b⁰¹¹l
1079 3305 1087 3318 ,
1108 3284 1134 3312 δε
1145 3283 1202 3312 sciti
1219 3294 1285 3313 con.

188 3333 333 3365 vivatoris,
354 3331 427 3369 apud
437 3340 518 3368 quern
533 3328 664 3359 solstitiali
682 3334 806 3363 tempore
819 3330 937 3352 comiter
954 3327 1083 3358 accepti,
1103 3322 1155 3350 &c.
1179 3321 1244 3350 llor.
1257 3331 1282 3351 2.

187 3369 268 3398 Serm.
279 3374 304 3401 8.
317 3378 360 3405 7³·
793 3400 798 3405 .

263 3405 503 3435 Sedconvivatoris
513 3426 520 3438 ,
542 3403 579 3432 uti
591 3402 686 3435 ducis,
708 3401 848 3436 ingenium
858 3406 901 3426 res

265 3443 382 3472 Adversa:
393 3444 493 3471 nudare
504 3441 590 3470 solent
603 3463 610 3473 ,
632 3439 720 3468 celare
731 3436 865 3466 secundat.

150 3479 415 3514 convivii-reo,
434 3483 488 3508 are.
509 3479 634 3514 Fulgent.

150 3516 171 3545 C
181 3526 197 3544 o
209 3526 225 3544 Ν
238 3526 252 3545 ν
262 3519 278 3545 ό
289 3527 305 3545 c
314 3528 330 3545 0
339 3538 347 3551 ‚
367 3516 539 3552 [or-aymare]
559 3519 615 3544 are.
635 3511 723 3543 Simul
741 3519 838 3540 vocare
848 3532 855 3545 ,
877 3516 1050 3545 congregare.
1072 3506 1157 3537 Plaut.
1170 3507 1279 3538 Mostel.

187 3564 210 3587 ς.
223 3563 243 3582 ι.
257 3558 281 3585 8.

973 177 999 206 h.
1011 185 1035 205 e.
1057 172 1149 203 Vinofi
1169 171 1203 204 &2
1212 169 1282 199 ebrii

888 964 931 995 vel
942 958 1213 992 confabulationibus
1222 966 1288 986 con-

917 1262 958 1293 Al.
985 1261 1129 1291 Convictu.

261 3590 345 3627 Capio
356 3590 496 3619 consilium
507 3612 515 3624 ,
534 3595 563 3619 ut
572 3589 703 3618 Senatum
712 3592 912 3622 congerronum
924 3590 1085 3611 convocem.

185 3625 341 3656 Convocare
355 3627 433 3656 adse.
474 3628 530 3656 Cic.
545 3636 569 3663 3.
581 3625 637 3655 off.
653 3631 695 3660 58.
720 3623 862 3652 Piscatores
870 3621 905 3649 ad
919 3620 945 3649 se
958 3620 1133 3648 convocavit.

183 3664 339 3692 Convocare
351 3666 384 3693 ad
399 3664 557 3693 societatem
566 3664 637 3692 vitae.
676 3661 732 3690 Cic.
746 3670 767 3689 ι.
781 3659 861 3688 Tul'c.
878 3662 922 3686 62.
944 3658 995 3686 Aut
1010 3657 1057 3693 qui
1075 3657 1219 3696 dissipatos
1228 3656 1279 3686 hu-

202 3702 287 3729 mines
297 3703 470 3737 congregavit
482 3723 490 3735 ,
511 3703 536 3730 δι
545 3702 578 3730 ad
591 3700 747 3729 societatem
757 3698 817 3726 vitae
824 3695 990 3725 convocavit
998 3694 1012 3722 ἵ)

182 3738 337 3766 Convocare
349 3741 375 3766 in
388 3739 508 3767 animum
520 3738 638 3767 consilia.
663 3736 744 3765 Plaut.
763 3734 844 3763 Milic.
858 3743 883 3761 2.
895 3742 920 3761 2.
931 3742 976 3767 4²·

183 3775 340 3803 Convocare
354 3776 381 3802 in
395 3776 477 3803 corde
488 3775 668 3803 consiliarium
678 3774 712 3802 de
722 3782 750 3801 re
767 3770 926 3808 argentaria.
947 3769 1032 3798 Plaut.
1043 3767 1122 3805 Epid.
1137 3777 1159 3797 1.
1169 3776 1196 3797 2.
1211 3770 1255 3803 56.

182 3811 339 3840 Convocare
351 3812 506 3840 concilium.
546 3812 610 3840 Cres.
622 3821 645 3845 3,
667 3809 733 3839 Bell.
743 3809 811 3837 Gall.
829 3817 889 3845 cap.
905 3816 929 3842 3.
942 3816 980 3843 pr.
1005 3805 1133 3834 Concilio
1150 3806 1276 3834 celeriter

199 3856 350 3876 convocato
361 3870 368 3882 ,
390 3848 533 3875 sententias
541 3849 682 3884 exquirere
692 3847 786 3883 coepit.
823 3844 898 3880 [Sed
912 3853 975 3872 cum
992 3843 1090 3872 Davies
1101 3842 1221 3871 Consilio
1239 3842 1277 3871 le-

199 3886 326 3920 gendum.
368 3884 577 3921 intelligitenim
588 3884 736 3913 Consilium
746 3881 882 3911 Castrense
894 3902 902 3915 ,
924 3881 998 3917 quod
1009 3881 1081 3917 apud
1099 3879 1230 3917 Legatum
1241 3889 1276 3909 ex

1743 73 1772 109 C
1871 72 1906 107 O
2003 72 2037 107 N

1388 158 1540 193 Tribunis,
1562 155 1698 186 Praefectis
1725 156 1751 185 ἃ
1772 154 1992 184 Centurionibus
2019 153 2169 183 constabat.
2207 153 2237 181 V.
2265 163 2357 182 cons
2367 164 2376 182 r
2388 165 2403 182 r.
2413 162 2489 182 ruM.

1369 199 1533 228 Convocare
1556 194 1694 232 populum
1715 194 1743 221 in
1760 193 1855 221 tribus.
1897 191 1956 221 Cic.
1970 201 1994 228 3.
2010 192 2046 220 de
2064 192 2156 227 Legib.
2174 200 2200 226 7.
2234 191 2392 229 Descriptus
2411 191 2488 220 enim

1389 235 1511 272 populus
1523 231 1604 261 censu
1614 253 1622 266 ,
1644 230 1787 259 ordinibus
1800 251 1807 264 ,
1828 229 1953 259 aetaribus
1964 251 1974 265 ,
1995 229 2059 267 plus
2072 230 2185 259 adhibet
2202 229 2237 258 ad
2251 228 2410 266 suffragium
2422 238 2490 258 con-

1390 273 1458 307 srlii,
1479 280 1561 307 quam
1575 269 1632 298 fuse
1643 269 1673 296 in
1687 267 1774 296 tribus
1786 274 1965 296 convocatus.

1371 310 1535 339 Convocare
1546 308 1574 336 in
1584 306 1764 339 concionem,
1774 306 1800 334 δι
1809 306 1843 334 ad
1852 303 2121 336 concionemCic.z.
2136 303 2172 333 de
2179 302 2252 341 Lege
2262 304 2320 341 Agr.
2332 304 2358 333 ἂ
2370 303 2487 338 Liv.7.6.

1335 349 1358 378 C
1366 359 1383 377 o
1393 357 1411 376 Ν
1421 357 1437 375 ν
1447 356 1463 375 ο
1475 356 1491 375 c
1499 349 1517 374 ῑι
1527 355 1546 373 τ
1557 355 1564 372 1
1575 354 1592 372 o
1603 365 1611 379 ,
1632 344 1703 372 onis.
1724 342 1743 371 f.
1764 339 1949 378 [σύγκλκσις]
1968 342 2027 371 Cic.
2043 341 2103 371 Post
2114 341 2171 372 red.
2191 341 2221 370 in
2232 341 2324 371 Senat.
2339 347 2384 378 38.
2405 340 2490 370 Nulla

1371 385 1405 414 ad
1422 384 1519 421 Remp.
1537 380 1745 411 defendendam
1755 379 1821 416 Pop.
1834 379 1950 408 Romani
1966 379 2142 409 convocatio.

1335 423 1383 452 Co
1395 432 1414 451 Ν
1424 432 1441 451 ν
1452 432 1468 450 0
1480 424 1520 450 cii
1531 429 1596 448 Tus
1610 441 1617 453 ,
1638 419 1679 447 us.
1701 427 1738 446 m.
1761 417 1840 447 Idem
1854 417 1927 453 apud
1939 417 2033 452 JCtos.

1335 461 1358 490 C
1367 471 1383 489 0
1394 469 1414 488 N
1424 469 1440 488 v
1450 461 1467 488 ὅ
1476 470 1491 487 1,
1500 468 1516 486 0
1526 480 1533 492 ‚
1555 458 1568 492 [
1580 455 1754 490 συμπὲπμιᾳ]
1774 457 1830 483 are.
1851 454 1939 483 Simul
1951 454 2053 484 volare.
2226 481 2233 486 .

1372 497 1494 534 Populus
1506 493 1653 527 convolat;
1675 492 1881 521 tumultuantur
1892 513 1900 526 ,
1920 491 2053 521 clamant.
2075 490 2141 521 Ter.
2158 491 2260 528 Hecyr.
2273 490 2345 529 prol.
2361 500 2406 526 40.

1370 534 1528 564 Convolare
1541 554 1550 567 ,
1571 541 1620 569 pro
1637 530 1773 560 Festinare
1785 551 1793 565 ‚
1814 539 1864 567 per
1875 529 2094 558 translationem.
2135 529 2192 558 Cic.
2205 538 2229 565 3.
2240 528 2323 559 Tusc.
2337 539 2380 564 ςο.
2403 528 2436 558 Et
2446 526 2490 558 illi

1387 577 1528 610 pugnant,
1550 571 1574 599 Sc
1590 569 1705 606 quidem
1715 568 1870 597 vicinorum
1880 566 1964 596 fidem
1976 567 2142 605 implorant:
2163 566 2245 595 multi
2266 573 2358 596 autem
2371 565 2433 596 sunt
2441 565 2489 603 qui

1387 610 1478 676 {latim
1488 606 1647 638 convolent.
1687 605 1779 641 [Non
1794 605 1832 635 est
1846 605 1983 636 Festinare
1992 626 2001 641 ,
2021 605 2068 634 sed
2087 604 2257 634 Festinanter
2267 613 2431 634 concurrere
2443 603 2489 633 his

1401 657 1466 676 ocis.

1370 683 1525 713 Convolare
1534 683 1569 712 ad
1582 682 1687 711 Rostra.
1709 681 1768 711 Cic.
1783 691 1834 719 pro
1843 680 2014 710 Rabir.Post.
2027 684 2070 713 18.

1369 722 1562 752 Convolarunt
1573 730 1608 750 ex
1618 719 1697 749 Italia
1710 719 1745 748 ad
1758 729 1804 748 me
1815 719 2014 748 revocandum.
2035 718 2094 747 Cic.
2107 726 2157 754 pro
2170 716 2263 747 Domo
2278 725 2322 755 57.

1371 759 1526 789 Convolare
1538 780 1545 793 ,
1571 768 1621 795 pro
1632 757 1762 786 Animum
1773 757 1902 793 adjicere.
1924 756 2022 786 Paulus
2031 755 2060 784 in
2071 755 2089 784 l.
2111 755 2139 784 Si
2156 754 2291 792 pluribus.
2305 755 2339 784 D.
2350 754 2386 784 de
2395 753 2449 791 leg.
2461 763 2487 784 1.

1388 797 1532 834 Siquidem
1547 794 1750 825 evidentiffime
1774 794 1952 833 apparuerit,
1973 793 2155 830 ademptione
2171 802 2187 822 a
2206 794 2299 835 priore
2309 792 2440 831 legatario
2450 792 2489 822 fa-

1391 837 1434 864 Gra
1445 858 1452 870 ,
1473 836 1509 864 ad
1519 834 1673 863 secundum
1684 832 1807 870 legatum
1817 832 1974 862 testatorem
1985 830 2155 861 convolasse.

1335 874 1356 903 C
1367 883 1382 902 o
1393 883 1412 901 Ν
1421 881 1436 901 v
1445 882 1461 901 o
1470 883 1486 900 L
1494 883 1511 901 v
1520 882 1536 900 o
1549 894 1557 906 ,
1578 871 1673 906 volvi,
1693 871 1824 901 volatum
1832 892 1841 907 ,
1861 868 2073 906 [o-vrzm‘flopaou]
2094 869 2149 898 ere.
2170 868 2260 898 Simul
2284 867 2406 899 volvere.
2427 867 2487 898 Cic.

1373 922 1399 941 2.
1413 911 1448 940 de
1462 910 1526 939 Nat.
1543 910 1623 939 Deor.
1637 918 1699 945 1¹3·

1464 948 1558 984 Quem
1568 952 1679 985 propter
1690 947 1781 975 nitens
1790 946 1892 983 pennis
1907 944 2082 975 convolvitur
2095 944 2162 974 ales.

1373 986 1546 1016 Convolvere
1557 986 1587 1014 in
1599 984 1677 1014 offas.
1714 984 1783 1013 Plin.
1796 984 1843 1013 lib.
1860 993 1902 1013 12.
1920 993 1979 1020 cap.
1993 993 2019 1018 9.
2039 982 2158 1020 Nigrum
2166 990 2235 1012 vero
2245 980 2399 1019 bdellium,
2420 981 2489 1012 &in

1391 1023 1460 1053 offas
1479 1023 1680 1056 convolutum,
1702 1021 1858 1051 adrobolon
1880 1027 1991 1050 vocant.
2031 1020 2112 1051 Idem
2134 1019 2183 1048 lib.
2199 1029 2242 1049 12.
2262 1028 2323 1057 cap.
2338 1029 2381 1058 17.
2400 1021 2491 1058 Atque
2537 1026 2541 1029 ‘

1391 1062 1513 1091 attrat‘tis
1523 1060 1654 1090 funiculis
1665 1059 1781 1089 herbam
1792 1069 1853 1089 eam
1865 1058 1994 1088 convolvi
2008 1080 2017 1093 ,
2036 1065 2118 1096 atque
2128 1058 2166 1087 ita
2177 1057 2247 1087 offas
2258 1057 2325 1088 fieri.

1373 1098 1583 1128 Convolvuntur
1593 1098 1621 1127 in
1634 1097 1720 1127 semet
1730 1097 1874 1127 dracones.
1896 1097 1965 1126 Plin.
1976 1095 2026 1126 lib.
2042 1106 2083 1125 10.
2100 1105 2162 1133 cap.
2175 1104 2220 1133 72.

1373 1138 1491 1174 Serpens
1504 1136 1646 1166 convolvit
1661 1135 1767 1165 lubrica
1777 1141 1861 1173 terga.
1882 1134 1958 1172 Virg.
1969 1143 1996 1164 2.
2009 1134 2071 1165 AEn.
2085 1144 2150 1170 447.

1373 1175 1452 1205 Mare
1467 1174 1609 1204 convolvit
1619 1181 1733 1211 gentes,
1754 1173 1898 1211 Oppressit
1906 1172 1998 1203 undis.
2020 1171 2123 1201 Lucan.
2135 1170 2183 1200 lib.
2195 1181 2219 1206 ς.
2232 1174 2297 1208 623.

1372 1212 1547 1243 Convolvere
1564 1213 1647 1241 verba
1662 1221 1764 1248 magno
1782 1210 1879 1246 cursu,
1903 1211 1941 1240 est
1963 1210 2150 1243 profundere,
2178 1209 2215 1238 ita
2235 1215 2267 1238 ut
2282 1208 2488 1246 conglomeres.

1392 1252 1456 1281 Sen.
1471 1251 1551 1288 Epist.
1563 1261 1607 1286 40.
1633 1249 1743 1279 Audisse
1753 1255 1781 1279 te
1790 1249 1884 1278 scribis
1894 1249 2075 1286 Serapionem
2082 1246 2295 1285 philosophum,
2316 1256 2402 1283 quum
2416 1247 2485 1276 istuc
2518 1257 2521 1260 ‘

1391 1288 1580 1327 applicuisset,
1601 1287 1687 1317 solere
1699 1297 1801 1325 magno
1816 1286 1894 1317 cursu
1905 1287 1989 1317 verba
1997 1285 2166 1316 convolvere
2177 1294 2184 1314 :
2206 1294 2267 1322 quae
2286 1294 2346 1314 non
2365 1284 2488 1314 effundit

1392 1337 1448 1356 una
1458 1348 1466 1361 ,
1488 1325 1534 1355 sed
1549 1326 1651 1364 premit
1666 1327 1693 1355 ἅ.
1713 1332 1798 1363 urget.

1336 1365 1358 1395 C
1368 1375 1384 1394 ο
1395 1375 1437 1393 xv
1445 1374 1461 1393 o
1471 1375 1486 1392 r.
1494 1374 1511 1393 v
1522 1374 1536 1393 r.
1546 1374 1565 1393 Ν
1575 1374 1587 1393 s
1598 1386 1606 1397 ,
1628 1363 1724 1393 Partic.
1745 1362 1924 1399 [συνελιόσων]
1945 1361 2005 1392 Cic.
2020 1371 2046 1392 1.
2059 1361 2096 1392 de
2106 1360 2255 1397 Divin.46.
2276 1360 2374 1397 Quum
2383 1359 2409 1390 se
2421 1370 2489 1390 con·

1374 1402 1489 1432 volvens
1498 1402 1544 1431 Sol
1555 1402 1708 1431 elaberetur
1719 1402 1745 1431 &
1753 1400 1850 1430 abiret.

1336 1441 1359 1471 C
1368 1451 1384 1470 o
1396 1450 1415 1469 N
1424 1450 1464 1469 vo
1475 1443 1518 1468 ts]
1528 1450 1573 1469 'ru
1584 1450 1596 1469 s
1606 1461 1615 1475 ,
1637 1449 1670 1475 a,
1691 1449 1748 1468 um.
1770 1439 1867 1468 Partic.
1888 1437 1958 1468 Plin.
1970 1445 2016 1474 37.
2028 1445 2054 1474 7.
2077 1435 2237 1467 convoluto
2249 1436 2313 1482 igne
2326 1436 2362 1465 fla
2382 1446 2451 1466 rare.

1337 1479 1632 1513 Convocvouus,
1670 1476 1716 1507 vel
1755 1476 2054 1509 Convotvuuus,
2092 1475 2111 1504 i.
2149 1484 2186 1504 m.
2227 1472 2308 1510 [ἂψ]
2372 1474 2491 1504 ermicu-

1373 1517 1416 1545 lus
1428 1516 1578 1545 corrodens
1587 1516 1674 1551 vites;
1698 1514 1743 1551 qui
1758 1515 1784 1545 &
1801 1514 1910 1543 Volvox
1919 1514 2005 1543 etiam
2023 1512 2134 1543 dicitur.
2155 1512 2225 1542 Plin.
2237 1512 2287 1542 lib.
2304 1521 2347 1549 17.
2365 1521 2427 1550 cap.
2440 1518 2487 1547 28.

1374 1554 1463 1584 Simili
1472 1554 1558 1582 modo
1570 1563 1605 1582 ne
1616 1553 1798 1583 convolvolus
1804 1552 1852 1583 fiat
1860 1553 1890 1581 in
1899 1553 1981 1581 vinea
1991 1572 2000 1588 ,
2020 1560 2140 1581 amurcae
2149 1551 2266 1588 congios
2275 1550 2347 1579 duos
2356 1550 2490 1582 decoetus

1374 1592 1404 1621 in
1417 1591 1624 1621 crassitudinem
1635 1590 1727 1620 mellis
1737 1613 1745 1626 ,
1764 1591 1815 1620 διο.

1374 1629 1566 1659 convolvolus
1574 1651 1583 1665 ,
1603 1629 1641 1658 est
1651 1629 1736 1659 etiam
1753 1627 1854 1658 Herba.
1894 1627 1964 1657 Plin.
1981 1626 2030 1656 lib.
2043 1635 2089 1656 21.
2108 1635 2168 1664 cap.
2179 1635 2204 1661 5.
2225 1625 2262 1655 de
2275 1623 2337 1655 lilio
2353 1624 2488 1663 loquens,

1392 1667 1436 1697 Est
1446 1668 1497 1696 flos
1505 1677 1564 1696 non
1574 1666 1710 1697 diffimilis
1722 1666 1762 1695 illi
1779 1667 1808 1695 in
1822 1664 1917 1701 herba,
1929 1674 2013 1703 quam
2029 1663 2232 1694 Convolvolum
2242 1669 2356 1699 vocant,
2377 1663 2491 1694 nascens

1392 1715 1442 1743 per
1450 1706 1568 1734 frutecta
1579 1727 1588 1739 ,
1608 1704 1688 1734 nullo
1709 1705 1796 1733 odore
1804 1725 1813 1740 ,
1833 1713 1886 1732 nec
1905 1704 1994 1733 crocis
2012 1703 2087 1732 intus
2099 1724 2106 1738 ,
2127 1702 2279 1732 candorem
2293 1707 2402 1731 tantum
2420 1702 2490 1732 tese-

1393 1752 1455 1772 rens
1464 1764 1472 1778 ,
1492 1753 1524 1772 ac
1534 1743 1621 1772 veluti
1630 1743 1824 1772 rudimentum
1837 1747 1943 1771 naturae
1955 1741 2014 1770 lilia
2023 1741 2115 1770 facere
2124 1739 2319 1769 condiscentis.

1338 1781 1360 1810 C
1370 1791 1386 1810 o
1397 1790 1418 1809 Ν
1426 1791 1442 1809 v
1452 1785 1468 1810 6
1479 1791 1498 1809 T
1510 1791 1527 1810 u
1535 1790 1557 1816 s,
1569 1790 1594 1816 a,
1607 1790 1664 1810 um.
1677 1779 1976 1813 Convoti,dicebantur
1984 1778 2085 1809 Iisdem
2091 1778 2163 1808 votis
2172 1777 2395 1815 obligati.Festus
2404 1777 2484 1813 liba.

1339 1819 1363 1849 C
1372 1822 1388 1848 ὃ
1396 1828 1416 1847 Ν
1424 1829 1442 1848 υ
1451 1829 1463 1848 s
1474 1840 1481 1853 ,
1502 1820 1520 1848 i.
1543 1828 1579 1848 m.
1603 1819 1725 1854 [κόνιῷε]
1746 1818 1848 1847 dicitur
1859 1817 2010 1847 Curvatura
2021 1826 2081 1854 quae
2091 1816 2121 1845 in
2129 1815 2287 1845 summitate
2295 1815 2379 1853 galeae
2386 1815 2489 1855 promi-

1375 1862 1443 1892 net,
1463 1856 1543 1894 super
1556 1866 1640 1894 quam
1651 1856 1737 1885 crista:
1750 1855 1813 1886 sunt
1824 1877 1833 1891 ,
1854 1855 1946 1892 inquit
1959 1856 2077 1885 Servius.
2099 1854 2174 1892 Virg.
2185 1862 2211 1890 3.
2226 1853 2289 1885 AEn.
2300 1857 2366 1891 468.

1454 1895 1488 1924 Et
1501 1904 1603 1923 conum
1615 1894 1726 1932 infignis
1737 1894 1839 1931 galeae,
1860 1893 2004 1931 cristasque
2020 1898 2173 1924 com-antes.

1374 1933 1498 1962 Acumen
1510 1933 1584 1962 coni.
1604 1932 1711 1962 Lucret.
1725 1932 1774 1962 lib.
1785 1943 1813 1968 4.
1826 1940 1892 1968 433.

1374 1970 1474 2000 Decus.
1494 1970 1542 2000 Sil.
1555 1970 1602 1999 lib.
1611 1981 1638 2006 4.
1656 1980 1698 2005 14.

1375 2008 1453 2037 Pieto
1462 2017 1536 2037 cono
1547 2008 1673 2037 nutantia
1681 2009 1804 2047 capitum
1812 2007 1948 2045 tegmina.
1968 2004 2054 2038 ovid.
2067 2016 2093 2045 3.
2103 2006 2173 2038 Met.
2189 2011 2252 2041 108.

1376 2047 1517 2083 Angustus.
1540 2045 1646 2075 Lucret.
1657 2046 1705 2075 lib.
1716 2057 1742 2081 4.
1754 2055 1787 2081 43
1796 2055 1819 2074 r.

1374 2083 1470 2113 Gloria
1479 2084 1562 2113 ardua
1572 2084 1647 2113 coni.
1668 2085 1734 2113 Stat.
1751 2089 1776 2117 8.
1786 2082 1877 2113 Theb.
1890 2086 1956 2120 706.

1375 2121 1471 2151 Conus
1482 2144 1490 2155 ,
1510 2121 1529 2151 F
1531 2123 1623 2151 ructus
1633 2122 1694 2159 pini
1703 2122 1808 2151 arboris
1819 2122 1848 2150 in
1857 2129 1976 2150 acumen
1984 2120 2112 2150 desinens
2121 2142 2130 2154 ,
2151 2117 2288 2150 Strobilos
2298 2117 2365 2148 alias
2373 2117 2485 2148 dicitur.
2496 2101 2498 2107 λ

1397 2159 1477 2188 Ruel.
1491 2159 1538 2188 lib.
1554 2170 1576 2188 1.
1592 2169 1651 2197 cap.
1669 2169 1730 2188 112.
1752 2157 1858 2194 Giaeci,
1879 2165 1910 2187 ut
1919 2158 2032 2188 testatur
2048 2157 2186 2193 Galenus,
2208 2157 2306 2194 pineas
2321 2165 2423 2191 nuces,
2443 2166 2490 2186 co-

1395 2206 1446 2226 nos
1458 2198 1483 2226 81
1498 2196 1623 2227 strobilos
1643 2196 1795 2234 appellant.
1827 2196 1937 2226 Servius
1952 2196 1988 2225 fic
2005 2197 2063 2232 ait,
2083 2195 2179 2226 Conus
2197 2195 2300 2225 dicitur
2316 2194 2423 2224 frustus
2441 2204 2489 2224 cu-

1394 2234 1493 2272 pressi:
1515 2236 1541 2264 ὃ(
1556 2234 1633 2271 ipsa,
1654 2235 1790 2264 conoides
1798 2235 1837 2264 est
1848 2255 1855 2264 ‚
1872 2243 1896 2269 3.
1912 2234 1974 2265 AEn.
1990 2237 2055 2268 ⁶80·

1374 2271 1492 2306 Conusa
1504 2272 1605 2302 Graecis
1615 2272 1718 2303 dicitur
1726 2273 1771 2302 vel
1782 2272 1901 2310 Pyramis
1910 2294 1918 2307 ,
1939 2272 1985 2302 vel
1996 2272 2073 2301 Meta
2084 2293 2092 2307 ,
2114 2271 2168 2300 five
2177 2270 2303 2307 inversus
2312 2270 2402 2300 turbo.
2424 2269 2485 2300 Cic.

1392 2320 1418 2340 2.
1436 2311 1471 2339 de
1483 2310 1545 2340 Nat.
1562 2311 1645 2340 Deor.
1658 2320 1703 2347 47.
1726 2311 1838 2340 Conum
1856 2309 1909 2339 tibi
1927 2311 1984 2346 ais,
2006 2311 2032 2340 ἃ
2050 2309 2225 2347 cylindrum,
2246 2310 2272 2339 &
2294 2307 2487 2346 pyramidem,

1394 2348 1583 2386 pulchriorem
1593 2358 1676 2386 quam
1687 2348 1821 2386 sphaeram
1831 2348 1928 2377 videri.

1374 2386 1468 2415 Conus
1480 2408 1488 2420 ,
1510 2386 1606 2423 Figura
1620 2387 1659 2416 est
1671 2396 1706 2416 ex
1717 2387 1774 2416 lato
1789 2387 1819 2415 in
1835 2392 1948 2415 acutum
1966 2384 2113 2419 desinens,
2134 2394 2194 2422 quae
2211 2383 2330 2414 Turbini
2349 2384 2490 2413 contraria.

1391 2424 1438 2454 est.
1480 2424 1551 2453 Nam
1564 2424 1639 2454 Eucl.
1650 2433 1676 2454 2.
1689 2424 1777 2454 Elem.
1790 2424 1829 2453 ait
1842 2445 1849 2459 ,
1870 2423 1966 2453 Conus
1979 2423 2018 2451 est
2030 2422 2131 2460 figura,
2152 2432 2213 2459 quae
2229 2421 2361 2452 converso
2380 2422 2488 2451 circum

1390 2461 1533 2498 quiescens
1542 2461 1661 2491 alterum
1671 2462 1743 2492 latus
1759 2471 1856 2491 eorum
1872 2470 1932 2498 quae
1943 2461 2050 2490 reetum
2061 2459 2193 2497 angulum
2203 2459 2351 2489 continent
2364 2481 2372 2495 ,
2393 2459 2489 2488 ortho-

1392 2501 1476 2538 gonio
1491 2499 1626 2537 triangulo
1640 2501 1801 2530 continetur
1811 2522 1819 2535 ,
1840 2509 1926 2537 quum
1937 2499 1966 2527 in
1977 2498 2101 2528 eundem
2110 2498 2198 2528 rursus
2208 2497 2303 2528 locum
2313 2497 2385 2527 illud
2405 2498 2488 2527 trian-

1394 2537 1490 2574 gulum
1499 2537 1654 2567 restitutum
1665 2539 1747 2567 fuerit
1756 2560 1764 2572 ‚
1784 2538 1861 2566 unde
1871 2537 1978 2566 moveri
1988 2542 2120 2573 coeperat.

1337 2575 1359 2605 C
1367 2585 1384 2604 o
1395 2585 1413 2604 Ν
1423 2577 1435 2603 ἱ
1445 2586 1456 2603 r
1465 2584 1480 2603 n
1488 2585 1515 2610 R,
1526 2585 1601 2609 a,um
1622 2575 1681 2610 Adi.
1704 2575 1893 2612 [κωνοφόςίῷυ]
1913 2581 1945 2604 ut
1954 2596 1963 2609 ,
1984 2573 2114 2603 Conifera
2125 2573 2222 2609 arbor,
2242 2573 2314 2610 Quae
2325 2581 2412 2603 conos
2423 2572 2485 2603 fert.

1375 2613 1474 2650 Apices
1490 2613 1613 2643 coniferi.
1637 2613 1735 2643 Claud.
1745 2622 1769 2649 3.
1779 2613 1814 2642 de
1826 2613 1905 2651 Rapt.
1920 2611 2042 2650 Proserp.
2057 2617 2120 2648 398.

1374 2650 1528 2688 Cyparissus
1537 2651 1668 2680 conifera.
1691 2651 1762 2688 Virg.
1772 2659 1795 2686 3.
1807 2651 1867 2681 AEn.
1880 2654 1944 2684 680.

1339 2688 1361 2718 C
1370 2698 1386 2718 o
1395 2698 1413 2717 Ν
1423 2691 1435 2717 i
1445 2698 1462 2717 c
1472 2698 1485 2716 a
1497 2698 1521 2723 R,
1533 2688 1608 2717 aliud
1619 2690 1678 2722 Adi.
1689 2689 1867 2725 [xmv0oe33&]
1877 2694 1917 2724 ut,
1932 2688 2014 2717 Pinus
2023 2687 2162 2724 conigera.
2173 2685 2263 2716 Catul.
2275 2686 2304 2715 in
2315 2686 2484 2723 Argon.164.

1337 2726 1384 2755 Co
1395 2736 1413 2755 Ν
1424 2737 1440 2755 o
1450 2730 1510 2755 inu
1521 2735 1533 2754 s
1542 2748 1549 2761 ,
1570 2727 1634 2755 rdis.
1654 2722 1820 2762 [κωνοεῶὶς]
1840 2725 1984 2763 Quicquid
1993 2725 2031 2755 est
2041 2726 2105 2755 coni
2120 2724 2216 2761 figura.
2246 2724 2326 2753 Unde
2339 2722 2486 2762 Cupress‘us

1372 2764 1485 2798 femina,
1506 2763 1647 2793 Conoides
1659 2765 1760 2794 dicitur
1772 2774 1779 2793 ι
1801 2774 1866 2793 nam
1879 2774 1894 2794 a
1908 2764 2080 2793 rotunditate
2093 2764 2122 2791 in
2133 2771 2252 2791 acumen
2263 2761 2386 2796 levatur,
2406 2766 2437 2790 ut
2447 2761 2493 2790 ait>

1372 2802 1480 2831 Servius
1490 2802 1524 2830 ad
1536 2810 1560 2835 3.
1572 2802 1632 2832 ῘΕη.
1644 2807 1706 2835 680.
1731 2802 1791 2831 Mas
1799 2812 1866 2831 vero
1878 2802 1979 2839 spargit
1993 2808 2068 2830 extra
2087 2799 2113 2830 se
2133 2809 2240 2836 ramos,
2261 2800 2484 2838 deputaturque,

1373 2840 1398 2868 &
1412 2839 1515 2876 accipit
1526 2840 1609 2868 vitem
1620 2839 1697 2868 nullo
1712 2849 1792 2869 metae
1808 2839 1927 2877 aspectu.
1950 2839 2040 2868 Ruell.
2058 2849 2081 2867 r.
2095 2848 2140 2874 74.

1336 2876 1357 2906 C
1369 2878 1385 2905 ὅ
1398 2886 1417 2905 Ν
1429 2886 1459 2905 rs
1469 2886 1512 2905 co
1524 2898 1532 2910 ,
1553 2878 1702 2913 [monia]
1723 2881 1776 2906 are.
1802 2877 1932 2907 Frontem
1955 2877 2046 2905 fronte
2066 2881 2228 2914 percutere,
2247 2875 2376 2904 arietare:
2411 2873 2485 2911 quast

1374 2915 1459 2943 (jonis
1480 2915 1616 2944 conversis
1635 2917 1726 2952 capita
1744 2921 1866 2951 quatere.
1888 2914 2008 2951 Quintil.
2024 2913 2072 2943 lib.
2085 2919 2111 2948 8.
2132 2923 2194 2950 cap.
2208 2921 2233 2950 3.
2255 2912 2347 2950 Caput
2364 2913 2487 2950 opponis

1372 2961 1436 2981 curn
1446 2961 1479 2981 eo
1497 2952 1646 2981 coniscans.
1669 2954 1717 2982 ubi
1739 2953 1769 2982 V.
1792 2953 1883 2982 Burm.
1897 2963 1924 2990 p.
1937 2957 1999 2987 685·
2016 2951 2123 2981 Lucret.
2140 2951 2189 2980 lib.
2209 2960 2236 2980 2.
2253 2959 2315 2984 320.

1464 2989 1496 3018 Et
1506 2989 1591 3019 satiati
1601 2991 1663 3027 agni
1674 2990 1776 3020 ludunt
1786 3013 1794 3025 ,
1815 2991 1974 3028 blandeque
1984 2988 2134 3019 coniscant.
2216 2987 2279 3024 [Ob
2290 2987 2408 3026 primam
2426 2987 2487 3018 bre·

1373 3036 1436 3056 vem
1449 3036 1464 3056 a
1474 3027 1568 3057 Conus
1580 3028 1681 3057 deduci
1695 3029 1799 3064 nequit.

1337 3063 1358 3093 C
1369 3073 1385 3092 o
1396 3074 1415 3108 Ν
1424 3074 1440 3093 ν
1451 3074 1468 3093 υ
1480 3076 1495 3093 L
1505 3074 1524 3093 Ν
1534 3066 1549 3093 ἒ
1558 3075 1575 3093 R
1584 3075 1601 3094 ο
1615 3087 1623 3099 ,
1653 3062 1858 3102 [ποωμφτὶζω]
1877 3067 1934 3094 εἶπε.
1968 3064 1996 3093 h.
2008 3074 2034 3094 e.
2060 3064 2159 3094 Multis
2179 3062 2340 3093 vulneribus
2363 3062 2481 3092 afficere.

1374 3102 1441 3131 Plru.
1452 3103 1481 3130 in
1492 3102 1589 3139 Paneg.
1601 3112 1624 3132 c.
1637 3111 1679 3138 3ς.
1691 3104 1789 3140 Neque
1802 3110 1832 3132 ut
1841 3110 1931 3135 antea,
1942 3111 2098 3139 exanguem
2109 3101 2186 3130 illam
2197 3103 2222 3131 ἃ.
2234 3101 2350 3130 ferream
2362 3101 2484 3129 frontem

1372 3140 1556 3176 nequicquam
1567 3140 1823 3170 convulnerandam
1840 3140 1980 3178 praebeant
1988 3141 2116 3177 punctis.
2138 3141 2164 3168 St
2185 3145 2264 3168 notas
2282 3137 2343 3167 suas
2361 3137 2478 3167 rideant.

1371 3176 1438 3205 Plin.
1457 3177 1504 3206 lib.
1521 3187 1562 3207 rr.
1580 3188 1640 3215 cap.
1656 3188 1697 3213 ³7·
1715 3179 1775 3215 Ipse
1789 3179 2025 3213 convulneratus,
2044 3179 2071 3208 Sc
2092 3182 2189 3215 captus
2201 3176 2300 3211 semel,
2321 3185 2372 3213 per
2391 3185 2484 3204 caver·

1372 3223 1437 3243 nam
1449 3214 1644 3244 lautumiarum
1654 3217 1743 3245 evasit.

1334 3250 1573 3287 Convuusro,
1594 3254 1831 3282 Comvumus.
1870 3252 1902 3282 V.
1923 3261 2127 3282 οοΝνιιιιο.

1333 3290 1460 3318 (ΣόΝΥΊ,
1473 3299 1508 3323 a,
1530 3300 1559 3318 τε.
1583 3290 1719 3326 [νώνυζοι]
1738 3290 1832 3320 Herba
1853 3299 1912 3326 quae
1931 3291 1957 3319 &
1978 3288 2115 3327 Cunilago
2138 3288 2248 3318 dicitur.
2270 3287 2339 3318 Plin.
2362 3286 2410 3317 lib.
2428 3295 2474 3318 21.

1371 3335 1431 3363 cap.
1444 3337 1468 3361 9.
1494 3327 1580 3364 Vulgo
1592 3328 1747 3365 appellatur
1765 3329 1895 3355 fulicaria-

1334 3361 1410 3391 Con
1420 3374 1437 3392 γ
1447 3374 1488 3393 zo
1500 3374 1534 3392 ru
1544 3374 1578 3394 as
1590 3387 1598 3401 ,
1619 3366 1683 3395 idis.
1709 3376 1736 3396 n.
1757 3365 1860 3395 Herba.
1881 3364 1951 3394 Plin.
1967 3374 2008 3400 19.
2021 3368 2048 3398 8.
2071 3363 2112 3393 Al.
2133 3363 2255 3399 Conyza.

1767 3427 1796 3461 C
1895 3428 1930 3462 O
2028 3426 2062 3461 N

1332 3473 1380 3519 C.⁰
1389 3483 1405 3503 o
1416 3484 1433 3502 n
1444 3476 1478 3503 in
1487 3476 1499 3503 Υ
1508 3486 1523 3503 r.
1533 3486 1540 3503 1
1550 3485 1561 3504 s
1571 3497 1578 3510 ,
1599 3484 1624 3505 e.
1647 3471 1868 3523 [memerfflflQss
1889 3474 1977 3504 Simul
1991 3473 2111 3504 odiosus.
2132 3472 2251 3503 Tertull.
2262 3471 2477 3508 adv.Marc.4.9.

1333 3512 1353 3539 (.
1363 3522 1378 3539 o
1388 3515 1404 3541 ὁ
1416 3523 1432 3540 1.
1443 3522 1456 3540 a
1465 3522 1525 3541 sco
1537 3535 1544 3547 ,
1567 3515 1620 3543 ere.
1643 3513 1841 3546 concrescere,
1864 3514 1889 3542 Sc
1899 3512 2092 3549 conglutinari.
2116 3511 2224 3541 Lucret.
2234 3510 2282 3540 lib.
2293 3513 2317 3539 5.
2333 3514 2412 3543 1086.

1459 3551 1526 3581 Saxa
1537 3551 1615 3580 vides
1630 3552 1749 3588 primum
1761 3550 1816 3579 sola
1827 3550 1982 3580 coolescere
2000 3550 2085 3579 calce.
2167 3548 2214 3578 Sic
2233 3548 2308 3577 enim
2333 3548 2370 3576 est
2387 3547 2481 3584 legen-

1345 3624 1353 3632 1
1368 3586 1435 3615 dum
1449 3609 1456 3621 ,
1478 3598 1532 3616 non
1546 3594 1575 3617 ut
1589 3589 1685 3625 vulgus
1698 3596 1777 3626 putat
1787 3587 1954 3622 Coalescere,
1978 3587 1996 3617 ii
2010 3587 2146 3617 Lambino
2157 3585 2306 3619 credimus,
2322 3586 2355 3614 ab
2366 3584 2475 3614 Olesco.

1331 3623 1353 3652 (a
1362 3628 1378 3652 ὁ
1390 3634 1405 3651 0
1416 3634 1434 3667 Ν
1446 3647 1454 3659 ,
1475 3626 1490 3660 [
1503 3626 1587 3660 Κόων]
1609 3626 1733 3655 Homero
1750 3625 1796 3655 lib.
1810 3624 1888 3654 lliad.
1905 3635 1946 3654 rr.
1959 3631 2024 3660 248.
2046 3623 2247 3661 primogenitus
2260 3622 2381 3652 filiorum
2398 3625 2478 3653 Ante-

1368 3671 1441 3704 nons
1452 3684 1460 3696 ,
1483 3663 1529 3698 qui
1545 3672 1629 3698 quum
1640 3663 1844 3701 lphidamantis
1855 3663 1942 3692 fratris
1950 3669 2081 3696 mortem,
2097 3661 2132 3691 ab
2145 3663 2351 3697 Agamemnone
2363 3659 2478 3694 illatam,

1367 3700 1506 3741 vindicare
1514 3700 1613 3734 vellet,
1635 3701 1758 3730 mediam
1771 3701 1984 3737 Agamemnonis
2007 3709 2121 3730 manum
2136 3698 2227 3728 subter
2239 3697 2366 3727 cubitum
2382 3697 2479 3727 lancea

1366 3738 1515 3765 transfixit:
1539 3748 1619 3773 quam
1635 3749 1692 3768 rem
1711 3739 1884 3775 indignatus,
1905 3747 1970 3768 eum
1988 3738 2132 3771 confodit,
2153 3736 2479 3773 moribundoquecaput

1368 3773 1445 3810 supra
1456 3783 1557 3812 corpus
1569 3776 1657 3805 fratris
1666 3776 1799 3814 praecidit.

1330 3809 1504 3840 comario
1516 3834 1523 3845 ,
1545 3815 1599 3841 are.
1622 3814 1710 3842 Simul
1723 3823 1846 3842 onerare.
1886 3813 1979 3843 Tacit.
1998 3812 2034 3842 de
2050 3810 2151 3841 Morib.
2169 3811 2351 3846 German.30.
2376 3808 2424 3838 ubi
2443 3809 2480 3839 de

1365 3850 1450 3891 Cattis
1461 3849 1542 3878 verba
1555 3850 1619 3880 facit
1633 3873 1640 3885 ,
1665 3851 1757 3880 Omne
1767 3850 1850 3880 robur
1862 3851 1891 3880 in
1904 3851 2001 3890 pedite
2015 3870 2024 3884 ,
2045 3858 2129 3886 quem
2148 3848 2227 3886 super
2242 3857 2316 3879 arma
2333 3848 2481 3878 ferramen„

1366 3893 1400 3916 trs
1411 3896 1520 3923 quoque
1531 3889 1556 3917 Sc
1567 3889 1657 3926 copiis
1666 3895 1829 3918 coonerant.
2348 3920 2370 3953 C

2379 3924 2395 3952 ὁ
2404 3923 2422 3952 ὅ
2429 3932 2443 3950 ι»
2452 3926 2479 3951 ἑ.
