2600 4177
430 84 457 117 A
554 84 589 119 N
684 85 700 122 I

69 162 197 194 Promere
208 166 315 195 animos
325 167 350 195 ἁ
361 166 439 194 vires.
475 164 547 202 Virg.
561 176 584 201 5.
599 165 660 195 AEn.
673 175 735 202 191.

70 202 226 240 Prospicere
243 204 351 232 animis.
373 202 432 232 Cic.
447 213 470 237 5.
489 202 564 232 Verr.
582 209 646 237 2¹8·

70 239 175 269 Pulsare
192 241 324 270 animum.
345 240 453 279 Lucret.
471 239 519 269 lib.
529 250 556 275 4.
688 276 690 278 Ι

71 277 192 313 Quatere
203 277 326 307 stabilem
336 278 469 306 animum.
501 277 605 307 Patere.
621 276 670 306 lib.
686 287 712 306 2.
733 279 838 309 Tantus
852 281 933 317 hujus
944 281 1010 311 belli
1021 287 1113 311 motus
1122 281 1184 318 fuit,

90 323 121 343 ut
130 315 252 344 stabilem
262 314 340 344 illum
349 316 375 344 &
388 314 526 344 firmatum
534 321 674 343 tantorum
685 315 822 346 bellorum
833 320 1002 357 experientia
1015 319 1124 348 Caesaris
1136 322 1188 349 Au-

90 352 158 388 gusti
167 352 291 381 animum
303 358 445 388 quateret,
466 359 548 389 atque
561 358 683 381 terreret.

71 388 214 426 Recipere.
226 389 289 418 Ter.
302 388 419 427 Adelph.
435 398 459 426 3.
473 399 498 419 2.
512 392 558 419 26.
579 390 657 425 Quid
669 390 777 420 festinas
787 393 824 420 mi
835 393 903 422 Geta
913 395 926 422 ⁶?
948 395 1071 422 animum
1083 395 1188 432 recipe.

71 425 213 463 Recollige
229 436 243 455 e
253 427 376 456 animum
391 426 478 462 alteri,
494 437 545 465 pro
556 427 746 456 Abalienatum
758 430 787 457 in
799 432 910 465 gratiam
922 432 1070 461 restituere.
1093 432 1150 460 Cic.
1166 443 1188 460 1.

88 464 141 493 Att.
159 474 181 499 ς.
206 436 292 500 (Quod
300 464 403 499 scribis,
419 466 502 494 etiam
513 465 530 494 si
540 466 618 501 cujus
627 465 734 494 animus
748 467 777 495 in
786 474 812 496 te
824 468 889 498 esset
899 469 1045 506 offensior,
1067 479 1082 499 a
1092 479 1137 499 mc
1148 479 1190 499 re·

72 528 75 530 .
89 499 183 538 colligi
193 507 321 539 oportere
331 524 339 537 ‚
359 501 426 539 quid
437 502 528 532 dicas:
551 512 641 540 neque
654 502 683 531 id
693 502 811 540 neglexi.

69 537 256 568 Recursabant
267 540 360 568 animo
371 547 463 569 vetera
478 541 582 569 omina.
604 540 693 569 Tacit.
707 549 731 568 2.
752 541 820 571 Hist.
834 542 879 579 78.

69 575 199 605 Reddere
209 575 292 606 alicui
306 578 438 606 animum.
459 578 525 607 Hor.
543 588 565 607 1.
582 577 671 607 Carm.
685 581 726 607 16.
738 583 784 611 28.

68 612 197 644 Reddere
218 615 342 644 animum
365 615 449 644 finitis
467 616 615 645 amoribus.
637 615 704 645 Hor.
720 627 741 645 r.
756 615 847 647 Carm.
864 627 904 654 19.
917 618 944 655 4.

0 669 7 679 ι
69 650 166 681 Rediit
176 652 293 682 animus.
319 652 402 682 Ovid.
415 656 441 682 6.
464 652 548 691 Epist.
563 662 606 689 31.
672 679 673 682 ,
727 689 732 694 .

0 696 5 717 π
68 688 180 718 Referre
191 690 316 719 animum
326 700 341 720 a
349 691 437 727 parvis
447 691 482 720 ad
490 692 601 728 majora.
624 690 709 720 Ovid.
724 699 748 727 3.
774 691 809 720 de
819 692 881 722 Arte
892 693 952 724 Am.
965 704 1029 731 499.

2 744 5 749 ν
68 726 317 757 Reficereanimos.
340 728 460 765 Quintil.
471 728 519 758 lib.
533 740 559 764 4.
571 738 633 766 cap.
648 738 670 757 ι.

69 763 209 802 Refringit
218 766 245 795 ἃ
253 764 349 802 abjicit
356 767 481 797 animum
489 767 581 805 pudor
590 764 783 804 vapulantibus
798 767 954 803 juvenibus.
976 769 1095 808 Quintil.
1105 769 1153 799 lib.
1168 779 1190 799 1.

67 828 72 835 ,
87 810 119 831 ca
142 825 148 831 .
190 825 196 832 .
224 828 225 832 ,
469 835 472 838 ,

0 839 5 870 5
67 811 183 877 Regizrei
206 839 274 870 Hor.
293 850 316 870 1.
334 841 416 879 Epist.
426 851 450 871 2.
463 839 510 871 62.
624 878 627 882 Ι
662 876 665 878 ,

0 879 5 910 l
68 876 174 915 Regere
185 877 267 908 dictis
277 879 395 909 animos.
414 879 488 917 Virg.
505 888 527 908 1.
544 879 606 910 IEn.
622 887 684 917 153.

0 921 7 947 l
67 915 207 946 Relevare.
231 916 295 945 Ter.
308 917 461 954 Adelph.4.
476 928 500 953 3.
515 927 556 946 11.
811 955 813 958 y
1101 945 1124 950 ..
1169 953 1170 957 Ἰ

0 950 16 985 ἵ.
68 951 226 1020 Rffiiquerat
243 954 352 984 animus
373 955 446 984 hanc
462 955 566 991 modo,
601 955 619 984 i.
647 964 671 984 e.
705 954 851 986 Defecerat
867 966 929 988 eam
951 960 1068 989 animus.
1100 957 1187 989 Plaut.

69 1017 74 1022 .
122 1001 129 1019 1
143 1013 149 1020 .
165 1000 210 1020 20.
468 1018 471 1019 .

0 1031 7 1066 ξ
66 1028 219 1058 Restituere
237 1030 370 1059 animum.
393 1030 582 1069 Sen.Hippol.
596 1035 621 1065 8.
1007 1069 1010 1072 .
1051 1063 1054 1066 ,
1153 1060 1156 1063 .

0 1084 5 1099 .
67 1066 216 1097 Retardare
234 1067 342 1097 animos
360 1067 475 1104 alicujus
486 1090 494 1102 ,
514 1074 597 1106 atque
612 1069 743 1106 impetus.
777 1069 836 1099 Cic.
854 1079 877 1099 1.
897 1069 971 1100 Verr.
986 1080 1028 1108 33.
1051 1073 1122 1102 Sunt
1136 1072 1190 1102 alia

86 1105 174 1142 magis
184 1104 293 1134 occulta
302 1105 383 1141 furta,
404 1116 464 1143 quae
474 1105 521 1135 ille
532 1129 539 1141 7
561 1114 592 1135 ut
606 1106 681 1135 istius
701 1107 830 1143 (credo)
851 1109 959 1138 animos
971 1116 1051 1147 atque
1068 1111 1189 1149 impetus

66 1168 72 1172 .
86 1143 237 1172 'retardaret
245 1165 252 1178 ‚
268 1152 333 1172 curn
342 1143 483 1181 Quaestore
498 1144 546 1173 suo
558 1143 750 1181 benignissime
760 1147 985 1176 communicavit.

66 1179 206 1210 Revocate
215 1181 323 1210 animos
336 1203 344 1217 ‚
366 1181 550 1219 moestumque
559 1183 690 1211 timorem
699 1182 810 1212 mittite.
836 1183 914 1223 Virg.
928 1195 951 1214 1.
963 1185 1025 1215 AEn.
1041 1194 1105 1217 202.

67 1217 208 1248 Revocare
220 1229 235 1248 a
247 1225 323 1248 metu
333 1220 442 1249 animos
452 1220 621 1258 perterritos.
645 1219 764 1257 Quintil.
774 1219 824 1250 lib.
835 1230 861 1251 2.
873 1232 933 1261 cap.
953 1226 997 1252 16.

66 1255 253 1286 Revocareab
265 1257 312 1286 ira.
335 1257 418 1287 Ovid.
431 1267 456 1287 2.
478 1258 559 1287 Trist.
573 1266 634 1295 557.

66 1293 167 1323 Saevire
177 1295 285 1324 animis.
317 1295 380 1325 Sen.
393 1295 476 1325 Herc.
486 1296 539 1325 fur.
549 1299 575 1325 6.
628 1322 631 1324 ,
811 1333 812 1336 ¹

67 1326 152 1369 gSedet
163 1333 258 1361 animo
269 1332 355 1362 fixum
367 1334 580 1370 immotumque.
602 1333 676 1370 Virg.
692 1333 719 1370 4.
730 1333 792 1364 AEn.
808 1343 850 1372 15.

66 1369 155 1401 Solari
165 1370 289 1400 animum
300 1370 429 1401 dolentis.
451 1372 516 1401 Sen.
527 1371 626 1401 Offtav.
638 1380 665 1401 2.

63 1406 219 1438 Solicitare.
242 1408 311 1438 Cels.
324 1408 372 1439 lib.
386 1419 408 1445 3.
432 1419 494 1447 cap.
505 1419 550 1439 22.
655 1444 657 1446 ,
728 1440 735 1443 ,

66 1444 179 1482 Solvere
190 1447 297 1476 arctum
311 1447 443 1477 animum.
466 1448 535 1477 Hor.
547 1456 573 1476 2.
586 1447 673 1476 Serm.
684 1450 709 1476 6.
724 1451 769 1484 83.

66 1482 203 1521 Spernere
213 1485 307 1514 animo
318 1484 448 1522 aliquem.
468 1485 542 1522 Virg.
554 1494 577 1520 3.
591 1484 648 1514 Ecl.
663 1494 707 1522 74.
931 1521 935 1524 ῃ

67 1520 144 1550 Stare
155 1522 265 1558 animo,
286 1523 304 1552 i.
323 1533 347 1552 e.
369 1523 473 1552 Sanum
483 1524 537 1552 effe
545 1523 649 1552 animo.
673 1523 739 1552 Hor.
754 1532 779 1553 2.
792 1522 879 1553 Serm.
892 1532 916 1561 3.
929 1532 992 1561 213.

67 1559 231 1589 Stimulatus
241 1561 348 1590 animus
357 1561 460 1591 furenti
470 1561 555 1590 rabie.
577 1560 678 1590 Catull.
694 1564 740 1590 61.
750 1572 776 1597 4.
1096 1590 1101 1597 ,
1147 1588 1153 1605 3

67 1595 209 1664 stlil'ssllbnt
226 1599 333 1628 animos
345 1600 478 1635 juvenum
488 1599 594 1635 majora
602 1598 763 1635 intellectu,
783 1598 861 1629 velut
868 1609 965 1638 parum
976 1604 1063 1638 aptos.
1095 1599 1187 1638 Quini:

120 1658 126 1664 .
154 1646 161 1664 1
184 1659 190 1665 .
208 1647 230 1665 Ι.
249 1646 280 1665 Ga
304 1659 310 1664 .
323 1647 349 1667 2.

0 1674 17 1704 ι’(
66 1672 200 1711 Subigere
210 1647 343 1705 animiim.
365 1674 433 1704 Hor.
444 1684 470 1704 2.
483 1674 573 1704 Carm.
589 1684 612 1704 1.
627 1684 673 1711 24.
711 1710 716 1714 .

0 1710 23 1780 [1
68 1710 236 1742 Submittere
245 1713 362 1743 animos.
395 1713 462 1743 Stat.
474 1723 500 1748 4.
519 1710 609 1743 Theb.
652 1712 681 1741 V.
711 1721 914 1742 sunum-To.
954 1748 959 1752 ἡ

68 1748 183 1779 Sumere
191 1751 324 1780 animum.
349 1751 434 1781 Ovid.
447 1762 470 1780 1.
482 1751 549 1780 Fast.
565 1759 625 1787 147.
649 1750 768 1787 Quintil.
781 1751 829 1780 lib.
841 1760 935 1789 2.cap.
948 1758 974 1781 2.

0 1182 7 1212 i

0 1216 8 1250 5

0 1255 11 1288 5

2 1309 9 1326 (

0 1330 10 1365 1

0 1366 12 1403 t

1 1406 22 1448 ⁹.

0 1444 13 1479 ξ

3 1484 13 1517 z

0 1523 13 1553 4

0 1559 13 1594 ἱ

0 1607 15 1636 [t

0 1640 10 1670 ι

0 1783 18 1820 ol
69 1786 183 1817 Sumere
202 1786 363 1825 obsequium
381 1789 475 1819 animo
485 1788 543 1818 suo.
582 1788 614 1818 V.
637 1798 654 1817 o
665 1799 679 1817 u
690 1798 724 1818 sit
734 1799 780 1825 qu
793 1800 801 1817 i
813 1799 871 1819 υΜ.

0 1823 18 1857 il
69 1824 231 1856 Surrexerat
240 1827 360 1856 intentio
369 1827 477 1856 animis.
500 1826 620 1863 Quintil.
633 1826 680 1856 lib.
694 1837 760 1863 4.ca
783 1837 830 1863 .ς.
995 1852 997 1855 .
1132 1854 1134 1857 ,
1182 1864 1185 1868 ⁸

0 1858 18 1904 ui
68 1862 214 1908 Suscipere
249 1865 382 1895 animum.
415 1864 473 1931 Cic.
496 1864 594 1894 Videte
614 1874 698 1901 quem
723 1837 803 1895 vogis
831 1865 956 1895 animum
984 1859 1190 1903 suscipiendum

0 1922 17 1967 .':
66 1901 514 1978 sfit‘535..2¹'2531ss0il¹23¹.5.1¹.¹÷.
527 1940 596 1970 Met.
611 1939 674 1976 ωε.
1171 1979 1177 1985 ,

10 1975 15 1994 “·
66 1975 232 2008 sustentare.
254 1984 303 2014 ut,
325 1979 456 2014 Animus,
477 1979 524 2017 qui
540 1979 569 2008 in
577 1979 676 2008 ardore
684 1986 786 2016 pugnae
805 1988 908 2018 corpus
925 1977 1140 2015 sustentaverat,
1158 1978 1191 2010 h-

78 2015 153 2050 quit.
176 2015 253 2045 Curt.
266 2016 314 2046 lib.
328 2023 353 2051 8.
371 2027 397 2046 2.
414 2021 455 2053 38.

68 2049 172 2090 Tangit
181 2053 272 2083 honor
289 2055 422 2084 animum.
445 2054 517 2092 Virg.
539 2063 582 2083 12.
599 2053 661 2084 AEn.
677 2059 721 2089 58.

68 2088 177 2120 Tenere
189 2093 297 2122 animos
310 2093 440 2122 incertos.
472 2092 536 2122 Seu.
549 2092 660 2129 Thyest.
675 2097 702 2126 8.

67 2126 176 2158 Tenere
185 2131 293 2161 animos
308 2132 439 2160 novitate.
459 2130 543 2160 Ovid.
554 2141 581 2167 4.
595 2130 665 2160 Met.
675 2135 741 2167 284.

66 2164 188 2197 Tentare
201 2169 352 2206 precando.
374 2168 447 2205 Virg.
460 2179 487 2203 4.
499 2167 562 2198 AEn.
576 2177 637 2205 113.

67 2203 192 2235 Terrere.
214 2205 260 2235 Vir
280 2229 285 2235 .
306 2216 331 2236 2.
352 2207 412 2237 AEn.
426 2215 490 2244 755.

67 2241 238 2273 Terrificare.
284 2245 332 2282 irg.
342 2255 368 2280 4.
379 2244 440 2274 AEn.
455 2253 519 2273 210.

68 2279 181 2311 Tollere
197 2282 314 2312 animos.
332 2283 350 2312 i.
364 2292 388 2312 e.
411 2282 567 2319 Superbire.
588 2280 675 2312 Plaut.
686 2281 771 2312 Truc.
781 2290 807 2313 2.
817 2287 843 2318 8.
862 2290 903 2312 10.

68 2317 180 2348 Tollere
192 2319 281 2350 dietis.
307 2320 379 2358 Virg.
391 2330 418 2356 9.
436 2320 498 2350 AEn.
513 2329 575 2356 127.

67 2355 193 2395 Torpere
203 2359 308 2388 animo.
331 2358 395 2388 Hor.
411 2368 433 2387 1.
444 2357 528 2396 Epist.
542 2361 567 2387 6.
583 2367 626 2394 14.

147 2394 251 2426 Defixis
262 2395 351 2425 oculis
362 2418 370 2431 ,
391 2396 540 2433 animoque
551 2397 578 2425 δι
595 2404 712 2433 corpore
720 2400 822 2433 torpet.

107 2432 181 2462 otius
198 2433 318 2471 Stupore
331 2434 416 2463 haeret
433 2435 459 2464 δι
479 2434 582 2463 deficit.
604 2443 668 2472 exp.
689 2433 749 2463 Vct.
770 2432 864 2464 Schol.

97 2480 201 2501 temere
221 2473 324 2501 animo.
347 2472 406 2502 Cic.
421 2481 444 2501 1.
460 2472 496 2509 Q.
514 2472 575 2501 frat.
589 2481 612 2501 1.

69 2508 191 2539 Tumere
202 2510 309 2539 animis.
331 2510 395 2539 Sen.
410 2509 512 2539 Troad.
528 2519 570 2539 12.

68 2545 191 2576 Turbare
210 2548 325 2577 animos.
349 2547 419 2585 Virg.
432 2558 455 2577 1.
473 2548 535 2578 AEn.
552 2557 614 2583 ςις.
876 2583 883 2590 .

68 2582 164 2614 Valere
173 2586 276 2615 animo.
299 2585 386 2623 Cic.7.
399 2586 473 2615 Fam.
488 2595 511 2614 1.
536 2586 585 2615 Sin
599 2585 657 2614 haec
672 2594 732 2622 quae
741 2585 833 2614 caeteri
845 2590 988 2621 mirantur,
1006 2591 1191 2616 contemnen-

88 2622 124 2651 da
135 2622 250 2652 duxisti:
280 2624 307 2653 &
324 2633 410 2661 quum
429 2633 479 2660 per
493 2623 683 2653 valetudinem
704 2622 793 2660 posses
810 2623 904 2652 venire
917 2645 925 2657 ,
944 2630 1038 2653 tamen
1056 2624 1188 2655 noluisti:

6 2678 10 2687 .
86 2665 226 2698 utrunque
249 2660 345 2697 laetor,
378 2663 405 2691 ἃ
421 2662 477 2691 fine
493 2661 590 2690 dolore
603 2662 726 2698 corporis
744 2668 771 2689 te
788 2660 884 2697 fuisse,
906 2662 932 2690 &
952 2662 1046 2692 animo
1065 2661 1188 2699 valuisse,

6 2705 12 2721 ⁴
87 2707 173 2736 quum
184 2708 217 2727 ea
227 2708 286 2736 quae
294 2699 350 2728 fine
360 2699 440 2729 causa
455 2699 588 2729 mirantur
599 2699 644 2728 alii
658 2721 666 2734 ‚
688 2698 852 2735 neglexeris.

6 2745 8 2749 ·
65 2733 178 2765 Versare
191 2737 318 2766 animum
329 2738 358 2765 in
370 2747 468 2766 omnes
477 2743 578 2775 partes.
600 2737 672 2773 Virg.
686 2747 711 2772 4.
724 2737 785 2766 AEn.
804 2740 869 2770 286.

67 2772 177 2803 Versare
187 2773 293 2811 aliquid
306 2775 409 2804 animo.
431 2775 521 2805 Tacit.
535 2785 562 2805 2.
576 2774 642 2804 Hist.
658 2779 703 2811 78.

68 2810 179 2841 Vertere
190 2813 313 2842 animum
327 2813 362 2841 ad
372 2814 432 2849 jura
445 2813 545 2842 civilia.
568 2813 652 2843 Ovid.
667 2823 709 2849 ις.
721 2811 792 2842 Met.
803 2816 867 2849 832.

67 2847 172 2880 Vexare
181 2850 297 2879 animos.
322 2851 386 2880 Sen.
404 2851 498 2888 Agam.
512 2860 537 2880 2.

148 2887 208 2917 Alia
224 2898 259 2917 ex
278 2887 337 2917 aliis
356 2898 422 2919 cura
438 2888 533 2926 fatigat

147 2925 290 2963 Vexatque
305 2927 412 2956 animos
424 2936 498 2956 nova
512 2925 668 2964 tempestas.

68 2961 168 2992 Videre
180 2964 283 2993 animo.
306 2964 391 2994 Ovid.
403 2967 444 2995 16.
463 2964 545 3003 Epist.
561 2973 604 3001 37.
843 3001 849 3007 -
971 3001 977 3007 ·

68 2999 274 3039 Vineeanimos
283 3002 406 3040 iramque
418 3009 506 3038 tuam,
514 3003 560 3040 qui
569 3008 669 3032 caetera
676 3002 773 3032 vincis.
796 3000 879 3031 Ovid.
891 3009 916 3038 3.
926 3000 1008 3039 Epist.
1021 3006 1066 3038 ὃς.

67 3037 176 3068 Vocant
186 3040 348 3069 animumin
357 3041 492 3070 contraria
502 3050 581 3070 curae.
606 3040 675 3078 Virg.
689 3050 731 3069 12.
746 3039 807 3069 AEn.
820 3045 885 3076 487.

5 3099 11 3107 .
66 3075 198 3107 volutare
212 3078 306 3107 animo
316 3085 440 3108 eventus.
463 3078 570 3116 Virg.6.
591 3078 654 3108 AEn.
670 3087 732 3115 157.
770 3115 775 3120 .
844 3115 849 3120 ·
1056 3115 1062 3121 ι

6 3116 14 3140 1
68 3113 115 3144 Uti
131 3115 224 3145 animo
234 3115 291 3146 suo.
314 3115 390 3146 Curt.
402 3116 451 3146 lib.
463 3124 488 3153 7.
502 3126 528 3152 7.
544 3122 586 3150 18.
608 3117 626 3145 i.
637 3125 662 3145 e.
684 3117 777 3146 Animl
789 3113 828 3144 sui
843 3119 979 3157 impetum
987 3113 1078 3159 sequ13
1168 3153 1174 3159 .

10 3161 12 3165 ·
68 3152 191 3189 Animus,
211 3163 262 3191 pro
277 3153 406 3184 Libidine
418 3154 550 3184 aratione
559 3153 666 3189 aversa,
683 3164 761 3183 more
770 3153 866 3183 Graeco
880 3174 888 3186 ‚
913 3162 959 3189 qui
978 3151 1056 3195 xlszixav
1070 3160 1108 3182 ita
1115 3162 1188 3183 acci-

87 3190 177 3227 piunt.
198 3191 283 3221 Plaut.
294 3191 373 3221 Trin.
381 3202 407 3222 2.
419 3202 445 3222 2.
459 3202 503 3227 24.
512 3194 564 3222 ἃς.
586 3191 616 3221 Si
624 3192 734 3222 animus
743 3191 888 3220 hominem
898 3189 1026 3227 perculit,
1035 3192 1127 3220 actum
1138 3192 1185 3221 est.

87 3228 150 3258 Ter.
170 3229 288 3267 Adelph.
305 3240 326 3259 1.
344 3240 366 3260 1.
383 3236 410 3264 8.
443 3230 534 3266 Uxor,
558 3229 671 3259 sicesses
689 3251 697 3264 ‚
718 3236 765 3259 aut
776 3235 803 3258 te
818 3238 908 3257 amare
927 3228 1047 3265 cogitat,
1072 3236 1119 3258 aut
1129 3235 1187 3259 tete

87 3267 182 3302 amari,
193 3273 241 3297 aut
250 3274 355 3305 potare,
367 3274 414 3298 aut
423 3267 516 3297 animo
530 3267 652 3304 obsequi.
674 3267 720 3297 Sic
732 3269 758 3297 Sc
770 3266 845 3310 apud
854 3266 979 3301 Horat.4.
997 3265 1086 3295 Carni.
1101 3275 1126 3303 7.
1141 3277 1184 3303 19.

149 3304 257 3335 Cuncta
276 3315 374 3335 manus
394 3306 487 3335 avidas
505 3306 614 3343 fugient
636 3305 770 3340 haeredis,
786 3313 878 3333 amico

186 3343 256 3380 Quae
267 3343 376 3373 dederis
393 3344 496 3373 animo.
543 3345 559 3372 i.
578 3353 603 3373 e.
625 3343 696 3380 Quae
706 3344 736 3372 in
749 3342 873 3373 curando
889 3350 1014 3379 corpore,
1035 3341 1187 3380 &explen-

14 3403 17 3415 5
89 3379 124 3409 da
133 3379 251 3410 libidine
266 3381 474 3419 consumpseris.
514 3380 673 3411 Lambinus.
1015 3416 1020 3422 .

14 3426 18 3442 1
70 3417 169 3453 Animi,
191 3418 362 3448 Vocabulum
373 3420 407 3448 ad
417 3419 516 3449 Bestias
529 3429 639 3456 quoque
649 3418 810 3448 translatum
819 3416 893 3454 legas
903 3416 978 3455 apud
990 3416 1048 3446 Cle.
1063 3427 1086 3446 1.
1101 3416 1183 3447 Tusc.

89 3460 134 3490 80.
147 3456 273 3494 Quarum
287 3457 371 3486 animi
381 3456 443 3486 sunt
458 3457 572 3486 rationis
583 3462 719 3494 expertes.
748 3457 782 3486 Et
791 3455 881 3493 Apul„
890 3455 925 3484 de
934 3454 993 3484 Deo
1004 3454 1079 3484 Socr.
1095 3465 1121 3492 p.
1139 3466 1184 3491 54.

88 3492 196 3531 Equum
207 3494 411 3532 ipsumnudum
429 3494 552 3525 &solum
568 3504 669 3533 corpus
680 3495 740 3530 ejus
757 3495 783 3524 δε
803 3494 930 3522 animum
950 3493 1183 3530 contemplamur.

88 3530 119 3560 V.
140 3531 218 3569 supra
235 3532 347 3562 Calidus
368 3533 474 3562 animis.
774 3569 780 3573 ι
870 3568 875 3573 ,

70 3568 182 3599 Animus
192 3570 227 3599 ad
234 3569 346 3607 aliquid.
368 3570 426 3600 Cic.
442 3582 466 3607 5.
478 3570 552 3600 Verr.
568 3579 630 3606 130.
649 3569 745 3606 Quum
755 3578 813 3604 ejus
831 3577 955 3611 amnium
969 3567 1185 3611 adtpersequen-

89 3606 155 3673 dign
164 3617 223 3636 non
232 3608 399 3646 negligentia
409 3609 544 3645 tardaret,
559 3608 606 3638 sed
616 3607 785 3638 conscientia
792 3605 900 3635 sceleris
914 3627 922 3641 ,
944 3614 1118 3644 avaritiaeque
1132 3606 1185 3636 suae

88 3653 117 3673 re
142 3651 244 3675 enaret.

30 3706 32 3708 .
68 3681 148 3720 Apud
166 3683 299 3713 animum.
320 3683 352 3713 V.
365 3694 407 3713 ΑΡ
419 3694 474 3713 uu.
492 3683 606 3714 Certum
617 3683 693 3722 apud
705 3682 830 3712 animum
839 3680 952 3710 constat.
975 3679 1005 3710 V.
1019 3689 1036 3709 c
1047 3689 1064 3709 0
1075 3689 1117 3711 NS
1127 3691 1146 3710 T
1155 3691 1182 3711 0.

70 3719 159 3755 Cum,
180 3720 225 3750 vel
245 3721 278 3750 In
297 3722 390 3751 animo
404 3723 531 3759 cogitare.
581 3722 613 3751 V.
638 3730 788 3750 cocho.
1128 3756 1134 3762 .

67 3755 109 3786 Ex
120 3759 213 3787 animo
223 3760 248 3788 &
258 3760 407 3795 Simulate‚
427 3760 571 3789 contraria.
607 3759 664 3788 Cic.
680 3769 705 3788 2.
726 3759 762 3787 de
773 3757 836 3787 Nat.
849 3756 931 3785 Deor.
948 3758 1009 3789 168.
1035 3755 1077 3785 Ex
1090 3765 1185 3786 ammo

86 3794 122 3862 {Ii
142 3795 190 3839 uid
203 3796 301 3864 facege.
322 3797 380 3826 Cic.
394 3808 419 3833 9.
431 3797 507 3827 Fam.
518 3801 560 3827 16.
582 3797 646 3827 Ter.
657 3796 727 3826 Eun.
743 3805 767 3825 1.
783 3805 808 3825 2.
819 3805 863 3830 95.
885 3794 920 3823 Et
931 3793 1080 3832 Adelph.1.
1093 3804 1117 3824 1.
1135 3805 1182 3832 47.

150 3843 184 3862 ic.
197 3844 207 3862 1
217 3844 238 3863 1.
284 3845 336 3864 am.
350 3845 395 3864 22.

68 3868 142 3900 Bene
151 3870 223 3909 velle
234 3871 315 3902 alicui
327 3882 362 3903 ex
371 3872 465 3904 animo
477 3873 509 3904 V.
530 3873 560 3902 in
577 3881 675 3903 snus.
716 3871 832 3901 Videtur
849 3876 943 3900 autem
953 3868 1071 3908 intelligi
1088 3868 1129 3899 Ex
1142 3874 1185 3900 to-

86 3913 115 3937 to
126 3909 229 3940 animo.
268 3910 304 3940 H.
320 3910 359 3941 St.

110 3945 134 3976 V
143 3955 160 3976 0
170 3957 196 3977 ι..
228 3946 250 3978 I.

934 2396 953 2426 i.
970 2405 995 2427 e.
1016 2395 1117 2428 Hebet.
1140 2396 1191 2428 Vel

1656 101 1682 136 A
1781 102 1816 136 Ν
1915 105 1930 142 Ι

1282 173 1323 204 Ex
1340 178 1432 205 animo
1448 179 1495 208 suo
1514 180 1643 213 collieere
1663 182 1775 219 aliquid.
1800 184 1883 213 Ovid.
1906 194 1945 214 11.
1958 185 2039 222 Epist.
2053 193 2096 221 88.

1282 211 1313 240 In
1326 214 1417 256 animo
1435 216 1544 245 babere.
1588 219 1629 246 ic.
1644 224 1669 251 8.
1684 220 1736 249 Art.
1755 230 1794 248 10.
1817 222 1847 250 Et
1858 232 1907 258 pro
1918 222 1995 252 Rosc.
2019 226 2163 261 Amer.91.

1282 248 1313 280 ln
1334 260 1427 280 animo
1442 254 1588 283 instituere.
1632 256 1660 285 V.
1686 267 1721 285 1N
1733 266 1819 286 s’rr'r
1830 269 1880 287 uo.

1282 285 1410 351 UAttmihi
1430 291 1513 354 ςίξΙῑιι
1533 292 1626 321 animo
1644 294 1752 329 fircere,
1774 297 1791 324 i.
1810 305 1834 325 e.
1874 296 1909 325 Ut
1926 296 2057 334 decrevi,
2078 306 2108 328 ut
2127 302 2265 339 proposui.
2296 305 2353 336 Cic.
2374 318 2399 344 ς.

1286 348 1287 351 ,
1353 335 1414 360 .14.
1482 351 1486 356 .
1513 339 1559 357 ιΝ.

1284 359 1314 388 In
1336 362 1434 390 animis
1452 366 1475 392 ἃ
1500 366 1603 397 iudicio
1623 367 1738 403 alicujus
1758 370 1819 399 esse.
1859 370 1889 399 V.
1913 381 1961 400 ιΝ.

1284 396 1407 440 multum
1419 402 1502 429 animi
1515 403 1612 432 nabere
1623 405 1656 433 ad
1669 407 1903 437 maledicendum.
1928 410 1985 438 Cic.
1998 418 2023 438 2.
2036 410 2071 440 de
2083 410 2158 441 Orat.
2171 419 2215 448 84.

1283 434 1456 476 bin-eunium
1472 440 1558 468 miles.
1583 442 1641 470 Cic.
1657 453 1678 471 ι.
1702 446 1754 474 Att.

1282 473 1383 514 Aninio
1396 478 1578 516 procuratoris
1589 488 1645 507 non
1656 481 1804 511 intervenit
1819 505 1826 517 ,
1854 483 1900 512 sed
1913 483 2089 515 affectionem
2105 487 2249 517 amicalem
2266 492 2400 527 promisit.

1302 508 1413 574 Htlpizp.
1433 521 1461 539 in
1472 512 1490 541 l.
1506 513 1646 551 Idemque.
1670 517 1702 546 D.
1717 519 1852 549 Alandati.
1875 522 1892 549 i.
1906 531 1930 550 e.
1950 522 2015 551 Non
2027 530 2157 561 tanquam
2169 536 2340 564 procurator,
2355 530 2402 559 sed

1356 557 1369 574 'd
1402 557 1468 577 leus.

1282 584 1382 612 Animo
1403 586 1604 630 uxorisliabere
1620 591 1772 622 mulierem.
1812 594 1829 622 i.
1852 604 1875 624 e.
1898 595 2044 633 Tanquam
2055 608 2179 629 uxorem.
2212 600 2276 639 Ulp.
2290 603 2349 632 inl.
2372 605 2402 634 Si

1302 630 1379 663 uxor.
1403 622 1425 658 §.
1445 624 1499 652 sed
1512 626 1539 667 ἃ.
1552 635 1579 653 in
1590 636 1629 655 ea.
1655 628 1685 656 Ι).
1699 631 1731 658 :id
1746 631 1796 667 leg.
1809 631 1863 666 Jul.
1882 632 1917 662 de
1930 634 2015 664 adult.

1281 659 1373 688 Animi
1386 659 1473 689 causa.
1509 661 1567 705 Cic.
1584 672 1609 698 7.
1624 664 1739 703 Philipp.
1758 675 1798 701 18.
1831 668 1862 697 Et
1875 671 1919 706 qui
1932 672 1999 700 illud
2007 674 2182 709 ⁴miniicaulii
2192 676 2304 712 fecerit,
2327 679 2403 708 hunc

1301 695 1401 738 prredae
1420 697 1500 740 causat
1516 699 1581 741 quid
1595 700 1729 732 facturum
1752 706 1877 742 putatis?
1899 708 1985 738 Plaut.
2009 711 2088 748 Epid.
2105 723 2127 742 1.
2148 723 2170 742 1.
2185 724 2231 751 43.
2265 714 2320 744 Cur
2340 726 2401 746 eam

1302 740 1372 761 emit
1382 734 1395 761 ‘P
1417 743 1445 763 T.
1457 744 1542 763 anum
1555 737 1640 766 causa.
1845 770 1847 772 ,

1283 771 1382 799 Anime
1392 772 1439 800 mi.
1471 772 1530 815 Vox
1545 773 1719 817 blandientis.
1741 778 1823 808 Plaut.
1838 781 1907 810 Asin.
1922 781 1945 817 3.
1961 792 1984 819 3.
2003 794 2047 821 74.
2078 786 2119 816 Da
2128 797 2205 817 meus
2215 789 2329 826 ocellus,
2340 800 2402 820 mea

1251 834 1257 842 ¹
1303 808 1372 854 rosa3
1390 819 1428 837 mi
1442 819 1543 839 anime.
1558 811 1629 854 ser.
1643 814 1789 857 sl¹¹d·.4·.²·
1808 829 1829 845 2.
1854 819 1950 849 Anime
1960 823 2006 857 mi,
2018 823 2074 852 noli
2087 832 2113 853 te
2125 836 2269 856 macerare.

1246 847 1268 876 Α
1279 856 1315 875 Νι
1326 857 1345 874 M
1357 856 1374 874 u
1384 857 1399 874 L
1410 857 1425 874 u
1436 857 1448 875 s
1459 869 1466 880 ‚
1488 849 1503 883 [
1519 847 1643 891 &goa-essai
1659 850 1674 884 ]
1691 851 1792 893 dimin.
1804 854 1837 882 ab
1850 857 1957 891 Animo,
1974 859 2134 891 blandiendi
2145 863 2230 893 carisii.
2255 864 2338 896 Plaut.
2351 866 2402 896 Ca-

1252 911 1256 915 ,
1285 884 1331 913 sin.
1346 893 1368 913 1.
1385 881 1407 913 ι’.
1422 889 1467 920 46.
1493 885 1533 929 Ali
1546 886 1677 922 animule³
1691 898 1728 917 mr
1741 889 1881 928 Olympio.
1896 903 1954 923 mea
1963 897 2025 926 viru.
2060 899 2091 928 Et
2105 900 2178 929 Alen.
2192 911 2216 930 2.
2231 911 2254 936 3.
2271 914 2309 932 ιι.

1245 923 1267 953 ⁴A
1277 923 1391 956 ΝῖΜο,
1414 923 1429 957 [
1444 924 1546 956 θαρσυνω
1561 924 1575 958 ]
1598 927 1652 954 z‘lre.
1677 926 1785 955 Addere
1796 929 1928 963 animum,
1942 933 2063 967 incitas».
2075 939 2234 967 accendere.
2266 941 2362 970 Claud.
2376 951 2401 975 3-

1285 960 1320 988 de
1330 958 1410 997 Rapt.
1421 960 1538 998 Proserp·
1555 967 1616 997 386.
1655 979 1691 1004 ἡ
1711 965 1831 993 animare
1846 967 1878 994 ad
1890 969 2003 1000 crimina
2014 980 2100 1002 taxos.
2132 976 2257 1006 inimare
2269 1000 2276 1012 ,
2296 979 2331 1007 Ut
2345 980 2403 1008 ani-

1284 1004 1361 1040 met:
1384 997 1410 1026 h.
1429 1007 1452 1026 e.
1478 1000 1620 1029 accendat.
1642 1001 1715 1029 Nam
1728 1001 1938 1034 ZenoniStoico
1949 1008 2135 1047 animusignis
2145 1014 2252 1043 videtur
2273 1025 2302 1045 ut
2312 1017 2402 1054 inquit

1286 1035 1395 1064 Cicero.
1418 1035 1561 1065 Hactenus
1575 1038 1659 1072 ,Ianus
1679 1038 1837 1069 Parrhalius.
2254 1038 2261 1051 ³

1284 1072 1412 1102 Animare
1429 1072 1552 1110 aliquid,
1573 1076 1699 1106 Animam
1719 1079 1743 1106 ei
1760 1078 1823 1107 dzire
1856 1078 1939 1109 Ovid.
1954 1092 1978 1115 4.
2001 1082 2069 1112 Met.
2086 1088 2148 1121 619.

1365 1110 1507 1147 Gorgonei
1523 1113 1620 1150 capitis
1642 1121 1725 1149 mitta*
1742 1117 1869 1145 cecidere
1888 1127 2026 1155 cruentae,

1303 1184 1305 1187 .
1343 1184 1344 1187 Ἴ
1365 1147 1442 1191 Quas
1457 1148 1556 1179 humus
1570 1160 1700 1189 exceptas
1721 1154 1810 1182 varios
1825 1155 1960 1185 animavit
1976 1158 2006 1186 in
2031 1168 2140 1197 angues.
2210 1162 2237 1192 h.
2263 1175 2285 1194 e.
2308 1165 2339 1196 In
2353 1166 2408 1197 scr..

1303 1191 1404 1224 pentes
1415 1196 1491 1215 vrvos
1501 1187 1646 1223 formavit,
1668 1189 1713 1218 seu
1730 1193 1854 1220 mutavit.
1895 1193 1940 1222 Sic

1284 1224 1406 1253 Animari
1428 1224 1613 1260 [ζωπυιέιοῧς]
1637 1227 1804 1257 dicunturin
1819 1236 1896 1258 utero
1905 1240 2039 1269 corpora:
2061 1240 2183 1270 tuncque
2203 1237 2403 1271 abAniniaibr-

1303 1269 1393 1304 matur
1403 1271 1427 1290 v.
1442 1261 1494 1305 sive
1508 1261 1541 1292 ab
1553 1264 1651 1307 Animo
1661 1287 1668 1299 ‚
1691 1276 1776 1302 quum
1789 1277 1839 1305 pro
1848 1269 1938 1297 anima
1948 1271 2065 1308 capitur.
2089 1272 2401 1316 C‹ilun1el.lib.8.c.1p.5.

1304 1298 1412 1328 Diebus
1428 1300 1527 1343 quibus
1546 1309 1762 1333 animanturova
1775 1326 1782 1339 ‚
1805 1306 1830 1334 ἃ
1843 1306 1871 1334 in
1887 1306 2007 1343 speciem
2021 1308 2164 1340 volucrum
2181 1315 2396 1346 conformantur.

1304 1336 1336 1380 h.
1358 1346 1382 1365 e.
1401 1338 1534 1380 *Animam
1544 1340 1654 1369 vitalem
1665 1342 1814 1379 accipiunt.
1838 1342 1905 1373 Plin.
1918 1344 1965 1374 lib.
1979 1355 2002 1382 7.
2015 1356 2066 1383 cap
2091 1358 2127 1380 ις.

1285 1374 1407 1404 An1mar1
1423 1382 1505 1419 atque
1516 1376 1636 1407 formari.
1660 1378 1717 1408 Cic.
1730 1389 1754 1409 2.
1768 1380 1803 1409 de
1814 1380 1903 1410 Divin.
1916 1387 1961 1417 89.
1991 1384 2104 1413 Perinde
2112 1392 2253 1423 utcunque
2267 1396 2402 1428 tempera-

1254 1437 1259 1443 ,
1305 1418 1349 1441 tus
1359 1412 1390 1441 sit
1400 1423 1454 1448 aer⁷
1467 1420 1620 1457 ita-pueros
1634 1417 1753 1446 orientes
1764 1418 1879 1448 animari
1891 1425 1972 1456 atque
1982 1421 2101 1451 formari.

1247 1450 1377 1493 Auris-A
1388 1460 1436 1486 Ns,
1458 1459 1538 1494 antis.
1560 1454 1575 1488 [
1590 1453 1697 1497 ἔμψυχον
1710 1455 1725 1489 ]
1751 1455 1861 1485 Nomen
1870 1466 1905 1486 ex
1917 1459 2011 1495 partic.
2024 1459 2147 1489 absolute
2156 1461 2272 1498 pofitum
2281 1474 2330 1501 pro
2343 1467 2404 1495 Ani-

1287 1488 1363 1522 mah,
1375 1498 1489 1518 nuncin
1502 1491 1519 1518 t.
1533 1500 1648 1520 nuncin
1659 1502 1685 1521 n.
1697 1493 1818 1522 rariusin
1832 1504 1868 1523 m.
1885 1495 1992 1529 leuitur.
2016 1497 2057 1526 De
2066 1498 2084 1527 f.
2097 1498 2155 1527 Cic.
2168 1509 2188 1527 r.
2200 1500 2235 1528 de
2248 1500 2340 1536 Lerzib.
2355 1510 2399 1534 26.

1286 1525 1360 1568 Nam
1389 1536 1455 1556 uum
1468 1534 1577 1557 caeteras
1585 1530 1740 1560 animantes
1750 1531 1888 1567 abjecisset
1899 1534 1932 1561 ad
1945 1534 2052 1571 pastum
2063 1558 2071 1569 ‚
2092 1535 2179 1565 solum
2189 1532 2331 1569 hominem
2346 1552 2402 1571 ere.

1286 1570 1348 1604 xit..
1369 1602 1371 1605 .
1404 1574 1469 1594 em.
1491 1565 1556 1595 Hor.
1569 1576 1594 1595 2.
1613 1567 1698 1597 Serm.
1716 1578 1737 1597 1.
1754 1580 1800 1605 40.
1833 1570 2000 1609 Querquam
2015 1574 2192 1603 animantem.
2214 1575 2271 1605 Cic.
2292 1578 2325 1606 dc
2339 1579 2403 1608 Uni-

1286 1599 1353 1631 vers.
1366 1610 1408 1637 15.
1421 1603 1440 1631 A
1450 1613 1504 1640 quo
1514 1604 1589 1633 enim
1601 1605 1742 1635 animante
1751 1616 1848 1636 omnes
1858 1608 1976 1645 reliquos
1988 1611 2127 1640 contineri
2140 1611 2223 1641 vellet
2237 1615 2401 1653 animantes,

1286 1637 1363 1668 hunc
1379 1650 1410 1683 ea
1429 1640 1516 1670 forma
1535 1641 1677 1684 figuravit,
1698 1653 1751 1681 qua
1767 1655 1820 1674 una
1838 1656 1935 1675 omnes
1949 1648 2060 1685 reliquae
2077 1649 2170 1678 formae
2187 1652 2400 1685 concluduntur.

1286 1676 1319 1706 In
1330 1687 1358 1707 n.
1379 1678 1436 1722 Cic.
1449 1679 1484 1708 de
1493 1678 1572 1722 Univ.
1586 1689 1629 1717 32.
1668 1681 1779 1712 Nullius
1790 1683 1915 1721 profecto
1933 1695 2030 1715 eorum
2041 1687 2154 1724 quidem
2173 1697 2231 1725 quae
2247 1689 2308 1719 sunt
2323 1692 2404 1723 nobis

1287 1721 1355 1744 nota
1371 1723 1530 1746 animantia.

1288 1751 1446 1783 Lactantius
1462 1754 1538 1784 foem.
1555 1765 1655 1792 genere
1665 1756 1779 1794 passim,
1796 1764 1827 1788 ut
1837 1758 1947 1789 Caeterae
1957 1760 2110 1791 animantes
2120 1765 2163 1798 69.
2191 1763 2265 1794 Alias
2283 1767 2406 1796 animan-

1257 1815 1262 1821 .
1309 1798 1349 1819 tes
1358 1791 1466 1828 293.H.
1481 1792 1520 1822 St.
1561 1793 1617 1829 [V.
1641 1793 1712 1824 Voss.
1726 1796 1762 1824 de
1773 1795 1883 1834 Analog-
1899 1807 1920 1827 i.
1933 1802 1958 1827 6.
1973 1800 2050 1834 &33.

1250 1827 1320 1859 ΑΜ
1331 1838 1486 1865 MAEQUUS
1498 1852 1512 1872 ,Ὦ
1529 1839 1559 1867 a,
1581 1841 1637 1862 um.
1666 1834 1680 1868 [
1695 1833 1822 1870 οὔγνόιμων
1836 1835 1851 1869 ]
1872 1834 2045 1871 Moderatus,
2067 1836 2195 1871 tolerans,
2220 1840 2408 1878 minimeque-

1288 1865 1528 1897 rulusinadverlis
1540 1890 1549 1904 ‚
1570 1869 1690 1907 denique
1707 1872 1801 1901 omnia
1812 1881 1891 1909 aequo
1903 1874 1996 1903 animo
2006 1874 2105 1904 ferens.
2129 1875 2223 1913 Calep.
2244 1878 2326 1908 Gloss‘.
2348 1881 2405 1911 Lat.

2330 126 2395 162 203

1225 1941 1227 1943 Ι
1259 1930 1262 1936 ,
1289 1904 1335 1933 Gr.
1358 1905 1533 1943 Animaequus
1553 1902 1674 1943 ἱσέψνχος.
1715 1909 1746 1938 V.
1768 1920 1895 1946 AEQuus
1923 1912 1949 1940 ὃ(
1968 1922 2211 1948 AEQUAmMus.

1245 1943 1300 1974 ,AN
1311 1952 1351 1971 ιΜ
1361 1946 1377 1971 Ᾰ
1389 1952 1408 1971 τ
1418 1953 1436 1972 u
1446 1953 1458 1972 s
1469 1965 1476 1977 ,
1498 1954 1512 1973 a
1526 1966 1534 1978 ,
1566 1954 1621 1974 um.
1643 1944 1827 1982 [ἕμψυχῶ]
1850 1948 1945 1978 Partic.
1968 1949 2026 1979 Cic.
2040 1960 2062 1979 1.
2083 1950 2164 1980 Tusc.
2183 1962 2225 1988 54.
2249 1952 2406 1986 Animarum

1289 1981 1365 2017 quod
1375 1980 1413 2009 est
1423 2003 1431 2016 ,
1449 1982 1478 2010 id
1494 1988 1573 2011 motu
1585 1983 1809 2014 cieturinteriore
1820 1986 1845 2015 ἃ
1857 1985 1914 2015 su0.
1934 1987 2013 2024 Apud
2026 1987 2123 2017 Claud.
2140 1989 2175 2018 de
2188 1998 2212 2025 3.
2229 1990 2309 2022 Cons.
2332 1994 2404 2024 lion,

1292 2028 1354 2052 114.
1367 2017 1437 2048 Saxa
1471 2019 1511 2049 Or
1534 2020 1591 2049 heis
1601 2022 1720 2051 animata
1730 2022 1828 2052 modis.
1842 2021 1951 2053 Lucret.
1965 2025 2012 2054 lib.
2027 2035 2050 2057 ς.
2065 2029 2123 2061 146.
2146 2026 2269 2057 Vitalirer
2279 2031 2406 2062 animata.

1289 2056 1451 2093 Animatus,
1474 2059 1489 2093 [
1518 2055 1660 2092 iazadlfl&
1677 2059 1689 2095 ]
1712 2059 1965 2097 Aliquavoluntate,
1987 2070 2034 2092 aut
2044 2064 2137 2092 animo
2146 2063 2268 2094 affefftus.
2292 2067 2349 2097 Cic.
2364 2080 2405 2099 11.

1307 2093 1382 2123 Fam.
1398 2100 1442 2128 28.
1466 2094 1505 2124 lta
1516 2102 1624 2132 paratus
1635 2102 1717 2132 atque
1731 2099 1867 2128 animatus
1887 2099 1941 2128 effe
1956 2100 2057 2130 debes:
2089 2102 2107 2130 i.
2126 2112 2150 2131 e.
2172 2103 2217 2131 Sic
2239 2105 2331 2134 animo
2343 2107 2409 2136 affe-

1307 2133 1368 2160 ctus
1386 2141 1393 2160 t
1415 2133 1465 2167 Sc(
1481 2135 1557 2162 utita
1566 2133 1662 2171 loquar
1678 2140 1683 2163 )
1705 2135 1857 2173 dispositus.
1881 2136 1963 2166 Plaut.
1976 2138 2074 2176 Amph.
2088 2148 2113 2168 2.
2129 2149 2154 2169 2.
2169 2150 2229 2177 130.
2251 2142 2291 2172 Ita
2305 2145 2408 2174 anima-

1308 2175 1353 2198 tus
1363 2169 1403 2198 fui
1417 2192 1424 2205 ‚
1446 2171 1537 2208 itaque
1546 2181 1621 2200 nunc
1636 2172 1694 2201 sum
1703 2195 1709 2202 .
1729 2181 1759 2202 ut
1769 2183 1801 2202 ea
1810 2181 1838 2203 te
1848 2182 1940 2211 patera
1952 2176 2064 2206 donem.

1283 2205 1400 2237 'infirme
1410 2209 1553 2238 animatus.
1577 2209 1635 2238 Cic.
1651 2210 1778 2245 15.Fam.
1794 2221 1815 2240 1.
1839 2212 1888 2241 His
1899 2213 1980 2242 rebus
1991 2213 2090 2249 allatis,
2109 2214 2155 2244 etsi
2165 2216 2352 2254 intelligebam
2368 2219 2407 2249 so-

1307 2246 1366 2274 cios
1385 2245 1493 2276 infirme
1524 2247 1660 2277 animatos
1680 2247 1752 2284 effe,
1779 2259 1915 2280 novarum
1930 2261 2022 2280 rerum
2037 2254 2231 2290 expectatione
2246 2255 2384 2294 suspensus
2401 2268 2408 2288 ε

1308 2283 1450 2321 sperabam
1469 2291 1562 2314 tamen
1574 2307 1582 2321 ‚
1605 2286 1657 2315 &a

1287 2321 1431 2351 Animatus
1447 2323 1562 2358 melius⁷
1586 2332 1668 2360 quam
1685 2330 1804 2361 paratus.
1828 2324 1886 2355 Cic.
1899 2329 1925 2356 6.
1936 2326 2008 2356 Fam.
2023 2330 2049 2357 6.

1286 2357 1385 2389 Hostili
1398 2360 1491 2389 animo
1510 2360 1635 2391 adversus
1645 2360 1875 2400 Rempublicam,
1897 2364 1941 2394 vel
1962 2366 2119 2403 principem
2130 2367 2276 2398 animatus.
2298 2368 2360 2408 Ulp.
2379 2371 2408 2400 in

1304 2395 1323 2425 l.
1336 2397 1385 2427 ult.
1402 2397 1435 2427 D.
1447 2398 1481 2427 ad
1490 2397 1542 2436 leg.
1552 2398 1606 2434 Jul.
1619 2400 1722 2432 majest.

1286 2435 1430 2465 Animatus
1441 2445 1521 2473 erga,
1542 2436 1587 2465 vel
1601 2437 1630 2465 in
1643 2437 1772 2474 aliquem.
1809 2438 1867 2468 Cic.
1881 2448 1922 2475 ις.
1935 2440 1988 2469 Att.
2004 2450 2044 2469 12.
2067 2439 2273 2480 Videbaturque
2284 2454 2345 2479 crea
2361 2456 2410 2474 no.

1305 2473 1372 2502 stros
1388 2472 1461 2510 »aem
1474 2475 1512 2503 ita
1521 2473 1598 2509 fore,
1619 2481 1650 2504 ut
1660 2485 1710 2504 nos
1721 2476 1871 2511 vellemus,
1887 2477 2033 2508 animatus.
2084 2479 2115 2508 In
2136 2480 2187 2510 hac
2208 2474 2408 2519 significatione

1304 2510 1338 2539 sae
1361 2511 1402 2540 ius
1413 2512 1526 2548 ponitur
1535 2522 1600 2541 curn
1616 2513 1748 2543 adverbio
1759 2514 1834 2544 Bene
1844 2514 1888 2544 vel
1900 2515 1983 2545 Male.

1286 2521 1362 2578 Malle
1383 2550 1518 2579 animatus
1538 2559 1602 2587 erga
1618 2549 1747 2588 aliquem.
1789 2552 1819 2582 V.
1842 2562 1965 2582 marcus
1987 2554 2041 2589 adj.
2059 2554 2135 2584 Suet.
2155 2555 2185 2584 in
2205 2555 2285 2586 Vitel.
2306 2567 2364 2596 cap.
2379 2569 2404 2596 7.

1307 2585 1382 2616 Male
1393 2588 1528 2617 animatus
1542 2597 1603 2625 erga
1615 2588 1703 2625 princi
1727 2599 1772 2618 em
1787 2590 1933 2620 exercitus.

1286 2623 1430 2654 Animatus
1439 2624 1507 2661 sum,
1519 2625 1670 2655 cuminfin.
1687 2627 1705 2656 P
1719 2634 1773 2656 aut.
1786 2627 1880 2657 Pseud.
1896 2639 1918 2664 5.
1933 2637 1959 2657 2.
1973 2638 2018 2665 25.
2040 2628 2150 2667 Nempe
2161 2631 2199 2660 ita
2209 2632 2322 2662 animati
2333 2634 2405 2668 estis,

1304 2671 1354 2728 fvos
1377 2663 1488 2693 vincere
1509 2663 1564 2693 hoc
1582 2663 1683 2693 duritia
1702 2665 1780 2703 tergi.
1841 2665 1920 2695 Idem
1946 2666 2061 2696 Trucul.
2094 2667 2191 2705 Siquid
2210 2671 2344 2700 animatus
2367 2672 2406 2702 est

1316 2709 1402 2730 acere.

1247 2736 1463 2773 ΑΝιΜΑΤιο,
1501 2738 1572 2768 finis.
1593 2738 1611 2768 f.
1634 2737 1834 2775 [ἔμψύχωσις]
1863 2739 1920 2770 Cic.
1938 2740 1974 2770 de
1991 2740 2115 2772 Univers.
2137 2752 2178 2780 3¹·
2210 2743 2291 2773 Erant
2311 2753 2404 2776 autem

1285 2776 1468 2805 animantium
1477 2786 1578 2813 genera
1590 2783 1706 2814 quatuor
1717 2799 1726 2812 ‚
1747 2787 1865 2814 quorum
1883 2788 1970 2808 unum
1989 2779 2114 2810 divinum
2130 2788 2210 2819 atque
2220 2782 2337 2816 coeleste,
2364 2784 2402 2813 al-

1285 2819 1378 2842 terurn
1390 2814 1573 2852 pennigerum
1587 2816 1751 2850 &aereum‚
1769 2817 1882 2845 tertium
1893 2816 2029 2852 terrestre,
2047 2825 2171 2854 quartum
2188 2820 2286 2848 divinae
2300 2821 2405 2851 anima-

1285 2850 1380 2880 tionis.
1419 2852 1444 2881 h.
1470 2863 1493 2881 e.
1519 2853 1646 2882 Animam
1668 2853 1773 2883 habens
1793 2854 1933 2891 divinam,
1954 2855 2001 2885 seu
2018 2855 2114 2885 divino
2133 2857 2224 2886 animo
2246 2858 2399 2894 praeditam.

1285 2888 1439 2919 Hominem
1456 2889 1597 2927 significat.

1246 2926 1475 2962 ANrMATon‚
1496 2929 1559 2957 oris.
1578 2939 1615 2958 m.
1638 2928 1789 2966 Quivitam
1798 2929 1854 2959 dat.
1890 2929 2007 2961 Tertull.
2021 2931 2080 2961 adv.
2097 2931 2190 2961 Herm.
2203 2941 2262 2969 cap.
2277 2941 2319 2969 32.
2337 2933 2402 2964 Pru-

1286 2964 1362 2994 dent.
1379 2964 1407 2993 in
1426 2965 1507 2994 Rom.
1522 2971 1585 3000 788.

1246 3001 1297 3031 AN
1308 3013 1316 3030 1
1327 3012 1488 3039 MATRtX,
1509 3002 1625 3034 Tertull.
1644 3003 1706 3033 adv.
1722 3003 1815 3034 Gnost.
1826 3014 1886 3041 cap.
1902 3015 1943 3035 12.

1247 3040 1525 3070 Ammrossius
1537 3064 1544 3076 ,
1562 3052 1594 3077 a,
1620 3051 1676 3071 um.
1698 3041 1782 3071 Closs.
1794 3043 1839 3072 Gr.
1850 3043 1907 3073 Lat.
1926 3039 2013 3080 ztir&
2030 3039 2150 3079 πσςημὲὶιὶη
2162 3065 2169 3079 ,
2189 3043 2245 3073 olla
2266 3045 2400 3076 animato-

1285 3077 1344 3112 ria,
1367 3079 1385 3107 i.
1408 3088 1432 3107 e.
1454 3078 1570 3108 Pertusa.

1246 3115 1468 3151 Anninus,
1489 3118 1529 3146 us.
1552 3127 1588 3146 m.
1619 3116 1697 3147 Idem
1712 3117 1785 3155 quod
1796 3118 1942 3147 Animatio.
1966 3117 2032 3146 Plin.
2049 3118 2096 3147 lib.
2113 3128 2154 3148 ιι,
2172 3128 2232 3157 cap.
2244 3129 2267 3156 3.
2300 3120 2399 3152 Volare

1284 3153 1399 3190 quidem
1411 3153 1502 3192 aliqua
1512 3177 1519 3191 ,
1542 3156 1568 3184 &
1577 3155 1698 3184 animatu
1707 3165 1797 3184 carere
1812 3156 1840 3184 in
1852 3156 1909 3193 ipso
1921 3156 2014 3192 spiritu
2025 3156 2144 3185 viventia
2153 3157 2308 3187 docuimus.

1246 3190 1503 3229 Animarsims,
1533 3202 1557 3222 e.
1586 3193 1646 3229 Adj.
1668 3193 1725 3222 Cic.
1741 3203 1766 3222 2.
1785 3193 1819 3221 de
1838 3194 1898 3222 Nat.
1918 3193 1999 3222 Deor.
2012 3203 2053 3228 91.
2085 3193 2222 3231 Principio
2234 3196 2310 3224 enim
2328 3204 2398 3227 terra

1284 3229 1330 3258 sita
1341 3231 1370 3258 in
1379 3230 1472 3259 media
1485 3237 1561 3268 parte
1572 3231 1679 3266 mundi,
1697 3230 1859 3260 circumfusa
1871 3231 1990 3266 undique
2002 3231 2039 3259 est
2052 3231 2103 3259 liae
2111 3232 2251 3262 animabili
2264 3233 2401 3272 spirabili-

1284 3276 1338 3303 que
1348 3274 1445 3297 natura
1453 3290 1460 3302 ‚
1492 3269 1535 3297 cui
1551 3279 1654 3297 nornen
1664 3269 1702 3298 est
1712 3279 1765 3298 aer.
1806 3268 1933 3296 Dictione
1943 3268 2068 3304 Spirabili
2080 3269 2275 3307 interpretatur
2286 3273 2351 3309 quid
2368 3274 2398 3302 ss.

1283 3305 1396 3341 gnificet
1405 3306 1575 3335 Animabile:
1608 3314 1638 3335 ut
1650 3307 1725 3335 enim
1736 3305 1876 3343 Spirabilis
1890 3315 1934 3334 aer
1942 3306 2042 3335 dicitur
2054 3329 2062 3342 ‚
2084 3308 2159 3336 unde
2171 3309 2259 3345 potest
2272 3309 2338 3339 duci
2347 3310 2399 3348 spi.

1283 3343 1352 3372 ritus
1363 3365 1371 3378 ,
1393 3343 1428 3373 sic
1438 3344 1615 3379 Animabilis,
1636 3345 1711 3373 unde
1727 3345 1824 3374 anima.

1244 3380 1267 3410 A
1276 3389 1296 3409 N
1306 3391 1315 3408 1
1326 3392 1345 3409 M
1356 3383 1396 3410 ῑτ
1405 3391 1423 3410 υ
1433 3391 1444 3410 s
1455 3403 1463 3415 .
1486 3383 1499 3417 [
1517 3378 1647 3418 ψυχέθεν]
1682 3381 1811 3418 significat
1821 3380 1918 3408 Animo
1929 3387 2025 3415 tenus,
2047 3380 2091 3410 vel
2099 3388 2229 3419 tanquam
2240 3384 2329 3422 ipsum
2340 3386 2398 3415 ani.

1281 3427 1359 3447 mum
1370 3441 1378 3454 ‚
1400 3419 1637 3456 quemadmodum
1650 3419 1778 3448 Oculitus
1788 3421 1812 3447 ὁὶ
1826 3417 1996 3446 Medullirus.
2037 3418 2065 3447 V.
2089 3420 2197 3450 Nonius
2211 3431 2236 3450 2.
2250 3428 2313 3456 608.

1244 3455 1312 3485 Am
1323 3468 1342 3484 Μ
1354 3460 1456 3491 ὄευς,
1479 3468 1493 3485 a
1506 3479 1512 3490 a
1534 3467 1589 3486 um,
1613 3457 1672 3492 Adj,
1698 3451 1866 3491 [θυμεωῖνῑς]
1889 3455 1991 3491 Magno
2012 3456 2104 3485 animo
2115 3459 2260 3495 praeditus,
2283 3460 2395 3491 Habens

1281 3494 1311 3522 in
1319 3493 1345 3523 se
1359 3494 1663 3523 animivehementiam.
1689 3494 1746 3522 Cic.
1758 3502 1783 3521 2.
1796 3492 1877 3535 Tusc'.
1894 3502 1902 3520 1
1914 3503 1934 3520 ι.
1958 3492 2119 3524 Videremus
2130 3497 2197 3532 quid
2207 3497 2358 3527 essetfortis
2368 3502 2395 3529 δε

1281 3532 1396 3561 animosi
1417 3533 1475 3561 viri.
1515 3532 1592 3561 Idem
1606 3543 1627 3560 1.
1650 3530 1730 3560 Tusc.
1752 3540 1791 3564 19.
1824 3531 1953 3558 Animum
1965 3539 2056 3560 autem
2074 3532 2118 3561 alii
2137 3535 2275 3569 animam,
2297 3545 2327 3565 ut
2338 3537 2394 3566 fere

1280 3570 1364 3599 nostri
1383 3570 1524 3598 declarant
1543 3568 1687 3597 nominari.
1727 3568 1798 3597 Nam
1814 3568 1926 3604 &agere
1943 3569 2080 3605 animam,
2102 3573 2127 3600 ὁὶ
2143 3572 2233 3601 efflare
2255 3574 2392 3610 dicimus,

1281 3607 1453 3637 &animosos
1464 3629 1472 3641 ‚
1493 3609 1518 3636 ὁὶ
1530 3607 1599 3635 bene
1609 3606 1752 3634 animatos.
1792 3604 1869 3634 Idem
1882 3605 1916 3633 de
1935 3605 2043 3648 ¹Senec‘t.
2059 3617 2101 3644 72.
2135 3609 2174 3638 Ex
2186 3620 2240 3646 quo
2252 3611 2282 3639 tit
2299 3619 2328 3640 ut
2336 3613 2395 3640 ani-

1280 3645 1382 3674 mosior
1401 3645 1484 3674 etiarn
1495 3643 1617 3672 senectus
1636 3642 1667 3671 fit
1677 3652 1758 3680 quam
1776 3642 1980 3678 adolescentia,
2001 3646 2027 3674 ἃ
2039 3644 2143 3676 fortior.
2186 3647 2279 3678 Fortes
2296 3651 2322 3679 S:
2337 3651 2394 3678 ani-

1280 3682 1357 3711 moli.
1380 3682 1436 3712 Cic.
1448 3691 1498 3719 pro
1509 3681 1606 3710 Milon.
1619 3690 1662 3716 93.
1836 3717 1841 3723 ⁴
2095 3704 2097 3715 ,

1279 3720 1356 3750 Bella
1367 3718 1488 3748 animosa
1500 3718 1630 3755 gerebant
1645 3719 1767 3753 juvenes.
1789 3717 1871 3747 Ovld.
1885 3729 1909 3753 ς.
1931 3717 2051 3755 Fast.59.
2092 3720 2109 3750 i.
2137 3731 2160 3750 e.
2185 3723 2327 3759 Auimost,
2349 3723 2392 3753 vel

1298 3767 1399 3794 magno
1418 3757 1510 3785 animo
1531 3777 1539 3791 ‚
1570 3754 1614 3785 vel
1632 3755 1683 3793 ipsi
1702 3755 1831 3791 animofi‚
1857 3755 1901 3785 vel
1923 3765 1988 3785 cum
2012 3756 2094 3787 laude
2116 3762 2350 3798 magnanimitatis
2364 3765 2391 3791 6:

1298 3794 1476 3823 fortitudinis.
2021 3820 2035 3823 -

1280 3831 1358 3861 Colla
1376 3830 1497 3859 animosa
1512 3829 1634 3868 praebere
1647 3828 1743 3859 securi.
1776 3829 1859 3861 Ovid.
1872 3841 1897 3867 4.
1918 3830 1997 3861 Trist.
2009 3842 2035 3863 2.
2046 3843 2092 3870 45.

1280 3869 1439 3906 Corruptor.
1462 3868 1551 3897 Tacit.
1568 3879 1591 3897 ι.
1613 3867 1679 3897 Hist.
1690 3877 1734 3904 24.

1280 3906 1439 3936 Contentio.
1460 3905 1529 3936 Plin.
1542 3905 1591 3936 lib.
1605 3915 1647 3935 ιο.
1666 3915 1726 3944 cap.
1739 3915 1785 3942 29.

1875 3943 1897 3975 C
1910 3954 1925 3975 c
1954 3953 1972 3976 2
2290 3947 2390 3985 Equus.
