2600 4177
520 94 683 145 co
779 110 806 145 E

122 191 179 229 ipse
191 192 333 226 habitavit,
354 201 409 229 quo
424 190 591 227 frequentius
604 190 787 226 habitaretur,
809 193 874 221 teste
887 191 945 222 Lir.
969 202 993 223 1.
1007 201 1051 230 30.
1088 194 1120 224 In
1131 194 1232 225 eodem

123 230 259 260 habitavit
274 230 377 259 Ennius
388 235 478 266 poeta.
697 265 702 270 .

89 266 111 296 C
121 277 148 295 oe
157 279 172 295 L
182 279 190 295 i
201 278 216 296 o
228 279 243 296 i.
252 276 300 301 us,
320 268 337 295 i.
360 277 395 295 m.
418 265 514 294 dimin.
537 264 626 293 Locus
637 264 717 294 Urbis
729 265 837 300 Roina‘,
859 267 885 294 in
898 277 980 303 quem
992 269 1108 298 tradccli
1122 269 1233 298 fuerunt

122 305 263 341 principes
285 304 396 340 quidam
412 303 447 331 de
467 301 609 331 Cocli-anis.
650 302 682 331 V.
714 303 825 336 Varini.
848 305 882 333 de
899 305 926 334 L.
944 306 971 334 L.
986 312 1010 339 8.
1035 308 1108 344 apud
1127 308 1232 335 §leude

124 342 216 378 Arusp.
232 341 298 376 resp.
317 351 358 375 3²-
390 340 418 368 L.
431 340 552 368 Pisonem
565 340 625 374 quis
646 339 731 378 nescit
748 341 788 369 liis
808 342 869 378 ipsis
889 344 1059 378 temporibus
1079 345 1233 373 maximum

122 381 148 407 ἂ
169 378 369 443 Γεηιδῖίἷῖἶηῦυηὲ
377 378 469 406 Dianae
490 375 620 406 sacellum
639 377 668 405 iri
685 377 821 408 Coeliculo
844 379 995 409 iiistiilifl‘e‘?
1031 388 1160 419 corrupte
1182 391 1232 419 pro

124 416 213 445 Coelio
227 426 254 445 o.
319 438 325 444 .
361 416 433 443 Ἰηέν.

86 452 144 482 Coe
154 463 187 481 Li
197 463 217 481 M
227 463 243 482 0
255 462 302 481 ΝΤ
312 462 330 480 Α
341 462 359 480 Ν
375 460 391 478 υ
401 461 412 480 s
423 473 432 486 ,
453 461 468 480 a
480 473 488 485 ,
509 461 566 480 um.
586 450 646 487 Adi.
670 458 700 481 ut
719 452 926 484 Coelimontina
947 460 1034 493 porta.
1071 456 1131 485 Cic.
1148 456 1177 485 in
1191 456 1233 486 Pi-

122 490 178 519 sori.
197 500 239 526 ςς.
262 490 330 518 Add.
343 490 398 517 Liv.
417 498 460 524 ις.
474 500 499 523 9.

86 527 145 558 Coe
156 538 194 555 Li..
205 536 221 555 o
231 548 238 562 ,
261 528 292 555 is.
314 527 489 563 diphthongo
503 528 529 556 ἃ
539 526 651 563 gemino
670 525 689 555 ll
706 526 836 564 scriptum
848 550 856 562 ,
879 528 998 558 Verbum
1016 530 1160 567 antiquum
1176 553 1182 565 ,
1205 532 1233 560 Sc

123 564 270 600 quosolum
280 565 307 592 in
319 564 477 602 compositis
488 565 590 593 utimur
600 585 608 598 ,
629 563 760 599 significat
775 565 897 595 Percutio
907 574 954 595 aut
971 568 1076 604 frango.
1116 568 1235 597 Praeteri-

122 608 181 631 tum
192 602 257 631 facit
265 602 354 630 ceculi
366 623 373 636 ,
395 601 439 631 vel
453 601 517 631 culsi
527 623 534 636 ,
555 603 581 630 ok
595 601 722 638 supinum
735 602 848 632 culfum.
891 604 961 633 Hine
978 605 1048 634 liunt
1062 606 1214 642 compofita
1224 627 1232 640 ,

123 639 257 668 Percoello
267 661 275 672 ,
297 639 372 668 idem
381 640 418 668 est
429 640 503 677 quod
515 639 649 673 Ferentio,
670 639 758 677 pulso,
779 643 805 669 ὅ(
816 641 972 677 frequenter
983 643 1016 670 ad
1028 644 1149 671 animum
1162 650 1233 672 tran-

123 677 216 707 fertur.
256 676 319 706 Ter.
331 677 399 706 And.
414 687 436 706 1.
453 682 530 712 1.98.
552 676 680 706 Perculsit
692 677 768 706 illico
779 678 913 708 animum.
953 680 1098 713 l'rocosllo,
1110 681 1184 709 idem
1197 681 1234 710 est

123 715 198 751 quod
209 714 350 752 Propello,
371 715 414 744 vel
425 715 531 744 Everto.
572 714 640 743 Inde
652 714 794 744 Procoella.
835 716 901 745 ltem
919 716 1056 751 liecoello,
1069 719 1144 746 idem
1158 718 1234 753 quod

122 751 249 782 Reclino.
286 751 329 781 Est
349 754 374 781 δι
384 752 461 782 Cello
474 753 528 782 sine
539 751 715 789 diphthongo
730 752 861 789 scriptum
873 775 880 787 ,
903 754 938 782 de
957 764 1011 791 quo
1022 757 1085 784 vide
1097 755 1144 784 suo
1158 756 1232 787 loco.

123 790 235 825 [Quod
250 799 316 818 cave
327 796 407 827 putes
417 790 494 820 aliud
505 790 559 820 effe
572 790 694 819 verbum.
735 789 838 820 Melius
852 799 943 820 autem
956 792 993 820 ita
1005 792 1129 822 scribitur
1140 815 1147 825 .
1169 795 1234 830 quia

123 837 158 857 ex
169 827 264 856 Graeco
274 827 312 856 est
322 827 403 858 xr‘mas,
440 828 500 857 Nec
508 827 583 856 aliud
597 834 664 864 puto
681 826 794 857 verbum
811 828 865 857 eise
882 829 971 864 Cillo,
993 831 1069 866 quod
1088 832 1153 859 item
1170 831 1235 860 alle-

123 871 188 902 gant
198 864 384 894 Grammatici.
423 865 629 902 Significatione
643 864 719 893 enim
729 867 870 895 convenit.
911 868 948 896 Ac
964 876 1063 897 notum
1081 868 1119 898 est
1132 868 1235 898 litteras

123 912 139 931 e
157 904 183 932 δι
201 903 209 931 i
229 904 377 940 permutari
391 903 549 938 consuesse,
570 910 601 931 ut
610 903 714 931 fat‘tum
725 903 753 930 in
764 903 891 933 Duellius
902 926 910 939 ‚
932 904 1060 935 Duillius.
1102 906 1132 934 V.
1146 907 1165 935 E
1180 906 1233 936 litt.

87 940 143 970 Coe
153 951 168 968 L
177 949 194 969 0
205 951 224 968 M
236 950 254 969 A
263 950 320 975 Ta,
343 941 539 977 [κοιλώκριπι]
559 941 674 969 medicis
686 940 818 969 Rotunda
829 941 890 970 sunt
903 944 928 971 ἃ
940 952 1005 972 cava
1018 943 1109 973 ulcera
1119 943 1236 974 bothriis

123 978 223 1007 latiora
232 999 240 1013 ,
261 988 319 1015 quae
330 978 358 1007 in
370 978 459 1008 oculis
472 979 545 1008 circa
555 978 616 1007 irim
627 977 785 1007 nascuntur.
825 978 866 1008 Ex
876 979 924 1009 lib.
938 990 1021 1017 quem
1037 989 1138 1010 vocant
1149 982 1236 1011 Intro-

125 1016 263 1045 ductionis
277 1016 383 1045 Galerio
399 1016 549 1054 adscriptae.

88 1052 232 1088 CoeLos,
253 1053 272 1082 i.
293 1063 330 1082 ni.
352 1055 496 1091 [κιῒλῶ]
517 1052 641 1083 Thraciae
677 1059 752 1082 ortus
768 1053 823 1088 est,
844 1054 1054 1085 Atheniensibus
1071 1058 1096 1086 ἃ
1108 1056 1236 1086 Lacedae-

124 1091 225 1120 moniis
238 1091 342 1128 (inquit
352 1091 428 1121 Mela
438 1091 486 1121 lib.
500 1101 525 1121 2.
536 1092 578 1126 2.)
589 1101 658 1120 nava
674 1092 677 1096 '
690 1091 750 1120 acie
764 1091 980 1122 decernentibus
996 1093 1138 1124 Laconicae
1147 1094 1236 1124 clallis

122 1128 242 1165 signatus
258 1129 379 1158 excidio.
419 1129 600 1166 Thucydides
619 1129 668 1158 lib.
681 1134 707 1162 8.
724 1138 845 1166 pugnaui
867 1131 994 1160 navalem
1010 1132 1089 1166 juxta
1107 1132 1236 1168 Abydum

122 1166 333 1196 Atheniensibus
347 1176 412 1196 cum
425 1166 598 1204 Syracusanis
612 1188 620 1201 ‚
641 1169 668 1196 ὁὶ
684 1167 900 1196 Lacedaemoniis
920 1169 997 1198 fuisse
1018 1168 1128 1205 scribit,
1149 1171 1237 1199 'l'hra-

122 1204 191 1241 syllo
201 1204 331 1234 videlicet
341 1206 366 1234 ἃ
377 1203 548 1241 Thrasybulo
559 1204 687 1239 ducibus,
708 1204 805 1241 insigni
817 1213 893 1242 parta
902 1207 1025 1235 victoria.
1062 1208 1132 1236 Sunt
1142 1209 1188 1244 qui
1200 1209 1238 1237 ad.

122 1241 293 1272 Alcibiadem
303 1242 403 1272 referre
413 1243 530 1278 malint,
554 1252 638 1278 quem
656 1242 883 1273 Lacedaemonios
902 1244 1011 1279 vicisse,
1033 1246 1173 1282 octoginta
1190 1256 1236 1275 na-

122 1280 202 1309 vibus
215 1280 315 1309 amiliis
325 1302 333 1315 ,
355 1282 380 1309 ἃ
393 1290 482 1318 prope
495 1278 626 1309 omnibus
639 1289 737 1309 eorum
755 1280 873 1311 ducibus
894 1281 966 1311 cassis
978 1303 987 1317 ,
1008 1281 1168 1313 Plutarchus
1179 1306 1188 1319 ,
1209 1286 1237 1314 &

139 1318 242 1347 ustinus
254 1318 383 1347 scribunt.

87 1355 110 1387 C
119 1318 146 1386 <ie
155 1367 171 1384 L
181 1365 198 1384 o
208 1365 220 1385 s
231 1365 243 1384 s
254 1365 273 1384 A
285 1377 293 1390 ,
314 1354 479 1392 [κοιλῶατη]
500 1354 607 1384 Montis
619 1363 725 1384 nomen
739 1354 777 1384 est
787 1377 795 1392 ‚
815 1365 873 1385 nori
916 1357 993 1387 rocul
1008 1368 1023 1388 a
1035 1358 1165 1389 Phliunte
1187 1369 1237 1397 op-

122 1394 190 1431 pido
202 1393 389 1428 Phliasiorum,
409 1401 444 1421 ex
456 1393 534 1428 cujus
545 1399 622 1431 parte
636 1394 754 1430 quadam
764 1415 772 1429 ,
793 1403 876 1431 quam
892 1396 1051 1427 ¹‘arneatem
1064 1398 1157 1427 vocari
1166 1397 1238 1427 Stra-

123 1433 159 1461 bo
170 1431 279 1466 scribit,
301 1430 407 1468 Asopus
420 1430 520 1460 fluvius
530 1432 624 1460 oritur.
665 1430 694 1460 V.
722 1440 788 1461 eum
798 1432 845 1462 lib.
859 1433 957 1470 Geogr.
972 1440 999 1469 8.

86 1469 250 1504 coetuu,
271 1468 482 1498 cumDerivatis
497 1490 506 1504 ,
528 1468 557 1498 V.
576 1478 720 1498 cietur-t.

37 1513 38 1519 ¹
87 1508 336 1542 CoeMizN’ruM,
368 1506 397 1536 V.
418 1515 646 1536 CAEMBNTUM.

88 1545 111 1576 C
119 1555 145 1574 α’,
156 1556 175 1573 M
184 1548 201 1574 ἓ
210 1553 228 1572 r
236 1548 252 1574 ἓ
262 1554 278 1572 a
288 1555 297 1573 ι
308 1555 326 1573 υ
334 1555 366 1579 M,
377 1544 425 1573 i.n.
437 1542 636 1579 [κοιμητήριον]
647 1544 743 1574 Latine
752 1544 856 1575 dicitur
863 1545 1079 1577 Dormitorium:
1092 1547 1238 1578 Translate

124 1582 214 1613 Locus
223 1582 270 1611 ubi
279 1589 451 1612 mortuorum
461 1591 576 1620 corpora
586 1583 803 1612 conduntur.Sic
811 1584 916 1613 dietum
927 1586 1003 1622 quod
1019 1585 1078 1615 haec
1091 1595 1164 1615 mors
1180 1595 1240 1616 cor-

146 1622 199 1650 oris
213 1621 379 1658 temporaria
399 1619 448 1655 sit,
469 1619 601 1657 simusque
617 1629 717 1649 omnes
727 1620 909 1650 resurrecturi.
950 1623 1013 1652 Non
1028 1624 1124 1653 inscite
1144 1634 1159 1652 a
1179 1625 1239 1661 qui*-

124 1631 241 1689 Eusdam
251 1657 452 1688 recentioribus
467 1658 573 1687 dietum
583 1658 622 1687 est
631 1658 859 1696 Sepulchretum:
882 1669 937 1697 quo
957 1662 984 1690 &
1002 1661 1127 1691 Catullus
1140 1663 1236 1691 utitur.

123 1696 254 1727 Dosiades
263 1696 338 1734 apud
350 1696 512 1725 Athenaeum
523 1695 571 1725 lib.
583 1707 610 1731 4.
623 1696 707 1725 tradit
717 1718 724 1731 ,
745 1706 831 1733 quum
844 1698 875 1726 in
886 1699 1018 1728 omnibus
1027 1700 1139 1737 oppidis
1149 1700 1238 1729 Cretae

123 1735 196 1764 aedes
206 1734 268 1764 duae
280 1733 400 1772 publicae
417 1733 484 1768 sint,
504 1735 534 1763 in
550 1734 649 1770 quibus
665 1743 829 1764 communes
848 1745 937 1765 coeriae.
955 1737 1100 1773 darentur,
1121 1737 1239 1767 alterum

123 1782 220 1802 eorum
232 1772 414 1801 aedificiorum
425 1770 519 1807 ἀνὴεῖον
532 1779 659 1801 vocatum
674 1781 682 1801 :
703 1771 821 1802 alterum
831 1794 839 1807 ,
860 1774 935 1810 quod
950 1776 1111 1813 peregrinis,
1123 1783 1153 1805 ut
1161 1775 1239 1811 quie-

123 1817 181 1840 tern
202 1810 242 1839 ibi
264 1818 396 1848 caperent
415 1809 623 1846 dormirentque
637 1831 646 1845 ,
671 1809 843 1847 assignabant
853 1832 862 1846 ,
892 1810 1038 1849 κοιμητήριον
1057 1813 1239 1851 appellatum.

123 1848 266 1885 Loquutus
281 1855 373 1878 autem
387 1847 425 1877 est
438 1847 484 1876 ille
499 1847 534 1877 de
547 1857 614 1876 vero
630 1847 728 1876 somno
741 1857 747 1876 :
770 1858 855 1885 quum
869 1849 1015 1879 Christiani
1038 1851 1167 1880 homines
1186 1860 1239 1889 pro

122 1886 186 1916 loco
198 1887 228 1915 in
245 1896 300 1923 quo
312 1885 478 1921 μεταφορικῶς
496 1884 609 1915 somnus
628 1886 753 1923 capitur,
774 1888 940 1924 acceperint.
976 1887 1145 1926 Perpetuum
1161 1889 1239 1918 enim

123 1924 252 1962 soporem
265 1924 302 1953 ob
317 1923 526 1952 similitudinem
538 1945 546 1958 ,
567 1931 751 1960 mortemque,
767 1924 943 1954 eonferendae
956 1926 995 1954 rei
1008 1927 1096 1961 causa,
1109 1926 1239 1957 somnum

122 1962 276 1992 vocabant:
298 1961 473 1998 eousquequi
486 1960 586 1998 sepulti
596 1961 707 1996 forent,
729 1961 851 1991 dormire
867 1963 1006 1993 dicebant.
1046 1964 1128 1994 Unde
1145 1964 1240 2002 postea

123 2000 184 2030 loca
194 2000 308 2029 mortuis
320 2000 428 2034 dicata,
449 2000 475 2029 ἀ
496 1999 542 2028 ubi
561 1999 639 2028 humi
659 2009 776 2036 corpora
799 1999 990 2040 sepeliuntur,
1010 2003 1162 2039 κοιμητήςιοι.
1202 2001 1235 2032 V.

126 2038 264 2075 Coquejus
279 2038 313 2066 ad
325 2037 432 2074 August.
448 2037 484 2066 de
495 2036 553 2066 Civ.
569 2037 620 2066 Dei
632 2059 640 2071 ,
659 2047 681 2066 i.
698 2047 739 2073 13.

83 2077 134 2107 ‘Co
143 2078 187 2106 ΕΜ
196 2085 212 2104 o
224 2097 233 2110 ,
254 2076 309 2104 Emi
319 2097 328 2110 ,
348 2081 476 2113 emptum
486 2096 495 2110 ,
516 2074 708 2110 [συνωνέομοα]
729 2076 782 2104 ete.
805 2074 882 2105 Idem
897 2077 973 2113 quod
983 2076 1081 2106 Emere
1092 2077 1234 2115 fignificat,

123 2115 166 2145 vel
176 2113 264 2143 Simul
278 2122 378 2143 emere.
417 2112 481 2142 Ter.
494 2112 571 2142 Adel.
584 2122 610 2142 2.
623 2122 649 2141 2.
663 2117 704 2146 18-
727 2112 875 2156 Coemisse,
896 2113 963 2144 hinc
974 2124 1034 2152 quae
1045 2114 1112 2145 illuc
1123 2116 1239 2146 veheres

123 2152 219 2182 multa.
259 2151 318 2181 Cic.
332 2161 374 2186 ις.
390 2150 464 2180 Fam.
478 2161 519 2186 ¹9·
542 2150 725 2180 Omniabona
737 2157 850 2180 coemit.

75 2188 79 2192 ’
124 2190 260 2220 Coemere
279 2191 304 2219 δι
316 2189 441 2219 Vendere
457 2188 561 2226 aliquid
573 2211 582 2224 ,
602 2189 749 2218 contraria.
791 2189 848 2218 Cic.
864 2192 889 2218 6.
903 2188 979 2219 Verr.
996 2198 1056 2227 133.
1087 2190 1158 2228 Quae
1177 2196 1240 2222 tum

145 2238 202 2257 non
215 2227 301 2256 modo
313 2237 370 2256 non
383 2227 545 2257 vendebant
555 2248 563 2261 ,
585 2236 681 2256 verum
691 2227 777 2256 etiam
787 2227 963 2256 coemebant.

87 2265 237 2297 eosmr
247 2275 295 2299 us,
316 2275 341 2300 a,
362 2275 420 2294 um.
441 2265 536 2294 partic.
557 2271 602 2300 ut,
624 2264 756 2294 Lusciniae
767 2271 911 2302 coemptae.
933 2264 1001 2295 Hor.
1009 2273 1036 2295 2.
1051 2264 1237 2303 Serm.3.245.

217 2302 355 2333 Luscinias
367 2303 439 2332 soliti
451 2302 577 2341 impenso
589 2303 726 2341 prandere
736 2310 886 2340 coemptas.

122 2341 234 2374 Merces
244 2348 385 2380 coemptas
400 2341 569 2379 supprimere
581 2363 589 2376 ,
610 2340 719 2378 Ulpiaii.
736 2341 765 2369 in
777 2341 795 2370 l.
814 2349 963 2370 annonam.
984 2340 1018 2370 D.
1043 2341 1079 2371 de
1097 2341 1237 2373 extraord.

141 2379 313 2410 criminibus.
334 2379 465 2408 Praeterea
475 2378 590 2409 debebis
600 2379 785 2414 cultodire,ne
799 2378 957 2408 Dardanarii
968 2378 1049 2408 ullius
1060 2381 1160 2409 mercis
1169 2381 1184 2409 fi
1190 2387 1219 2409 nt
1230 2389 1239 2410 :

87 2420 89 2423 ⁴
142 2428 179 2448 ne
190 2424 237 2447 aut
247 2417 280 2446 ab
292 2417 324 2446 iis
335 2418 381 2455 qui
393 2423 536 2453 coemptas
547 2426 652 2446 merces
664 2416 692 2446 su
716 2417 855 2453 primunt,
877 2418 929 2446 &a
950 2426 1062 2446 annona
1071 2426 1210 2448 oneretur.

122 2455 179 2487 Res
188 2461 332 2492 coeinptae.
372 2455 448 2484 Suet.
459 2455 563 2484 Neron.
576 2464 639 2492 cap.
655 2465 678 2489 ς.
695 2427 821 2483 1Perfidiae
838 2463 904 2483 vero
921 2461 1002 2484 tantae
1013 2477 1022 2489 ,
1042 2460 1141 2484 utnon
1152 2455 1239 2485 modo

142 2494 307 2531 argentarios
317 2493 410 2530 pretiis
419 2502 510 2522 rerum
521 2499 714 2530 coemptarum
725 2513 733 2528 ,
752 2491 800 2521 sed
816 2493 842 2522 &
860 2492 891 2521 in
906 2498 1024 2530 praetura
1035 2493 1165 2524 mercede
1180 2494 1240 2532 pal-

142 2541 250 2561 marum
261 2530 409 2567 aurigarios
419 2530 591 2560 fraudaverit.

86 2569 301 2602 CORMPTIO,
323 2569 394 2599 onis.
414 2568 433 2598 f.
456 2567 624 2604 [emnium]
647 2567 821 2606 Vocabulum
843 2567 958 2606 proprie
985 2567 1142 2598 adhibitum
1161 2569 1190 2598 in
1209 2579 1240 2599 re

96 2640 99 2642 ,
124 2608 228 2637 uxoria.
270 2606 328 2636 Cic.
346 2616 368 2635 1.
380 2607 415 2635 de
426 2606 576 2643 Orat.237.
602 2606 675 2635 Nam
684 2615 774 2642 neque
784 2606 855 2636 illud
866 2606 904 2635 est
920 2605 1096 2642 mirandum,
1117 2608 1164 2644 qui
1180 2608 1242 2644 qui-

121 2646 173 2675 bus
184 2643 276 2675 verbis
287 2645 429 2682 coemptio
438 2644 484 2673 fiat
495 2665 504 2679 ,
524 2643 627 2673 nesciat
639 2666 648 2678 ,
668 2644 790 2673 eundem
806 2645 866 2680 ejus
879 2644 1003 2673 mulieris
1015 2654 1074 2682 quae
1085 2646 1240 2683 coemptio.

122 2693 188 2712 nem
199 2683 296 2712 fecerit
307 2705 315 2717 ,
336 2681 445 2712 causam
456 2681 530 2720 posse
541 2681 701 2711 defendere.

122 2721 191 2751 Usus
202 2722 227 2750 Sc
240 2720 399 2758 coemptio.
440 2720 497 2750 Cic.
512 2729 563 2757 pro
578 2719 667 2749 Flacc.
684 2724 730 2755 84.
751 2718 782 2749 ln
794 2728 919 2754 manum,
939 2718 1039 2757 inquit,
1059 2726 1238 2751 convenerat.

140 2759 225 2788 Nunc
236 2758 320 2788 audio
333 2768 339 2787 :
361 2757 409 2787 sed
420 2767 512 2795 quaero
523 2764 616 2787 utrum
628 2757 675 2787 usu
685 2779 693 2792 ,
713 2767 749 2786 an
760 2757 962 2794 coemptione?

122 2796 273 2833 Coemptio
283 2796 350 2832 quid
366 2796 415 2831 sit,
435 2796 557 2833 explicat
567 2796 610 2825 his
623 2795 713 2824 verbis
731 2794 864 2824 Boethius
885 2795 914 2823 in
932 2794 1033 2832 Topic.
1054 2794 1144 2825 Cicer.
1162 2806 1240 2826 com-

140 2841 227 2865 ment.
240 2844 265 2864 2.
287 2834 390 2863 Tribus
404 2834 496 2863 modis
505 2843 576 2863 uxor
586 2833 756 2867 habebatur,
780 2832 847 2865 usu,
867 2832 955 2867 farre,
976 2834 1166 2870 coemptione.
1190 2834 1240 2864 sed

139 2872 324 2903 confarreatio
336 2870 398 2901 solis
408 2871 587 2901 Pontificibus
595 2870 790 2901 conveniebat.
830 2871 900 2907 Quae
913 2876 1006 2900 autem
1018 2871 1048 2899 in
1062 2880 1176 2901 manum
1190 2882 1241 2910 per

139 2911 351 2949 coemptionem
364 2916 570 2944 convenerant,
590 2909 632 2939 hae
644 2908 865 2938 matresfamilias
880 2908 1067 2938 vocabantur:
1098 2919 1158 2946 quae
1173 2919 1239 2939 vero

139 2948 189 2978 usu
199 2971 207 2984 ,
228 2948 272 2978 vel
294 2948 461 2977 farreatione
471 2969 480 2983 ‚
500 2948 626 2977 minime.
667 2946 815 2982 Coemptio
835 2955 900 2975 vero
925 2946 1006 2975 certis
1030 2945 1241 2978 solennitatibus

141 2986 340 3025 peragebatur,
362 2987 389 3016 &
400 2985 455 3015 sese
467 2985 498 3015 in
512 2985 669 3016 coemendo
680 2984 795 3014 vicissim
806 2983 1024 3020 interrogabant.
1065 2984 1111 3013 Vir
1126 2985 1181 3020 ita,
1203 2995 1240 3015 an

139 3025 242 3054 mulier
249 3024 296 3053 libi
306 3023 510 3053 materfamilias
525 3023 579 3053 eise
592 3022 695 3053 vellet?
714 3022 761 3051 illa
771 3021 965 3059 respondebat,
985 3021 1072 3051 Velle.
1094 3022 1165 3052 Item
1177 3033 1240 3052 mu-

139 3062 192 3091 lier
205 3062 409 3099 interrogabat,
431 3071 466 3090 an
476 3061 517 3090 vir
523 3061 570 3090 sibi
579 3059 775 3099 paterfamilias
785 3059 852 3089 effer
861 3059 946 3089 vellet
954 3060 968 3088 ἱ)
989 3058 1036 3088 ille
1044 3059 1239 3097 respondebat,

139 3099 227 3130 Velle.
266 3099 361 3137 Itaque
374 3098 474 3129 mulier
484 3120 493 3134 ,
513 3098 564 3128 viri
575 3098 761 3128 conveniebat
775 3098 804 3127 in
814 3107 928 3127 manum
938 3118 947 3132 ,
970 3098 996 3126 ἀ
1014 3098 1183 3128 vocabantur
1195 3098 1239 3128 hae

138 3138 244 3176 nuptiae
254 3159 260 3171 ‚
282 3147 332 3175 per
344 3137 571 3175 coemptionem:
595 3138 621 3166 ἃ
633 3142 690 3166 erat
701 3136 800 3165 mulier
814 3134 1021 3164 materfamilias
1031 3136 1090 3164 viro
1102 3158 1110 3172 ,
1130 3136 1194 3166 loco
1209 3136 1241 3166 fi.

140 3175 193 3205 liae.
216 3175 284 3205 Haec
292 3174 435 3205 Boethius.
474 3174 516 3204 De
527 3174 735 3205 Matrefamilias
770 3173 802 3201 V.
822 3173 851 3202 in
871 3184 891 3202 M
900 3183 919 3201 A
930 3182 950 3201 T
961 3182 976 3201 iz
986 3182 1012 3202 s.

121 3212 223 3244 Facere
240 3213 461 3249 coemptionem.
501 3211 559 3242 Cic.
574 3222 624 3250 pro
637 3211 748 3242 Muren.
763 3219 808 3248 27.
845 3210 984 3254 Putarunt·
994 3219 1092 3240 omnes
1108 3209 1241 3255 mulieres

141 3261 202 3289 quae
212 3252 421 3288 coemptionem
430 3250 574 3285 facerent,
595 3249 674 3279 Caias
689 3249 789 3279 vocari.
819 3249 836 3278 i.
850 3258 875 3278 e.
896 3249 1015 3285 Nuptias
1025 3258 1076 3286 per
1086 3257 1242 3287 coemptio.

140 3299 216 3319 nem.
253 3288 298 3318 Est
314 3288 390 3318 enim
405 3287 493 3318 Coem
514 3289 621 3317 tionem
638 3288 748 3322 facere,
769 3285 1007 3329 Matremfamilias
1025 3287 1140 3330 jungere
1160 3288 1240 3322 viro,

140 3327 172 3357 in
180 3336 236 3364 quo
246 3326 422 3393 mancipgim
431 3336 486 3363 quo
510 3325 574 3356 dam
582 3326 621 3356 est
629 3347 638 3361 ,
659 3327 686 3356 &
697 3325 826 3362 utrinque
835 3331 950 3362 emptio.
981 3323 1021 3353 Eo
1034 3331 1154 3362 pertinet
1165 3325 1242 3363 quod

139 3364 188 3395 Vir
210 3387 215 3393 .
230 3365 306 3393 canit
322 3374 345 3393 1.
384 3373 432 3394 eor
453 3386 458 3393 .
495 3373 519 3393 1.

190 3374 313 3439 gTeque
322 3402 371 3431 sibi
385 3372 519 3439 gen÷3r3m
527 3399 635 3437 Tethys
644 3405 719 3429 emat
729 3398 860 3428 omnibus
873 3398 964 3428 undis.
1058 3398 1152 3435 Quem
1162 3400 1191 3428 in
1202 3399 1243 3429 lo-

140 3449 207 3471 cum
217 3440 254 3470 fic
263 3441 301 3469 ait
310 3440 419 3470 Servius
430 3449 438 3469 :
459 3438 500 3468 Ad
510 3438 655 3475 antiquum
667 3447 774 3467 morem
785 3437 890 3471 retulit,
905 3446 960 3474 quo
973 3435 1000 3466 se
1011 3437 1126 3480 maritus
1137 3438 1163 3467 &
1172 3447 1242 3467 uxor

141 3478 264 3508 invicem
274 3477 414 3507 emebant.
450 3478 466 3513 [
478 3478 511 3506 At
520 3477 566 3506 hic
576 3476 611 3504 de
622 3485 724 3512 genero
736 3476 824 3510 agitur
834 3497 842 3509 ,
862 3484 918 3503 non
928 3475 962 3503 de
972 3482 1080 3504 marito.

87 3516 134 3547 Co
143 3526 236 3546 amer
245 3526 256 3545 1
267 3526 283 3544 o
292 3519 338 3545 ΝΚ
347 3526 380 3544 ω
389 3524 402 3544 s
415 3537 423 3551 ,
443 3524 470 3544 e.
493 3514 553 3550 Adj.
575 3512 665 3543 Simul
682 3513 787 3543 venalis
805 3521 871 3542 cum
881 3512 950 3541 aliis.
991 3512 1049 3541 Cic.
1064 3521 1090 3549 7.
1105 3513 1180 3543 Fam.
1192 3522 1238 3550 29.

123 3554 209 3591 Quod
224 3553 338 3591 quidem
356 3552 375 3583 si
388 3554 461 3582 inter
479 3552 557 3582 senes
575 3550 797 3589 coeniptionales
819 3549 917 3580 venale
930 3548 1031 3587 proscri
1055 3549 1133 3586 serit,
1153 3553 1241 3595 egerit

93 3613 96 3616 -
123 3601 182 3621 non
195 3592 324 3621 multum.
365 3590 563 3629 Amerpachius
572 3595 652 3627 putat
661 3589 735 3618 recte
743 3587 877 3625 scriptum
887 3587 940 3617 esse
949 3587 978 3616 in
989 3587 1035 3623 qui
1057 3587 1151 3618 usdam
1162 3589 1240 3620 libris

122 3629 332 3667 Emptionales:
354 3629 403 3658 ubi
423 3627 555 3658 nonnulli
581 3625 768 3656 Concionales
786 3626 906 3660 habent,
926 3624 974 3654 alii
996 3624 1239 3664 Coemptionales:

123 3669 150 3697 ἃ
158 3666 317 3704 {impliciter
327 3665 483 3704 significari,
494 3665 580 3696 Series
589 3664 721 3694 delectari
730 3661 1019 3701 emptionibus.Plaut.
1028 3663 1186 3700 Bacch.4.9.
1194 3675 1238 3701 5²·

123 3704 156 3735 V.
164 3704 275 3735 Manur.
285 3705 319 3734 ad
329 3704 384 3734 loc.
401 3705 457 3734 [tic.
467 3706 493 3733 δι
505 3703 548 3739 Jo.
561 3703 602 3732 Fr.
614 3702 735 3731 Gronov.
747 3702 783 3730 de
794 3701 855 3731 Pec·
869 3700 990 3734 Vet.4.8.
1002 3702 1028 3730 &
1038 3702 1073 3730 ad
1082 3701 1237 3733 loc.Plauti.

214 3742 300 3772 Nunc
316 3743 420 3772 Priamo
436 3742 528 3771 nostro
540 3741 559 3769 si
572 3740 610 3770 est
621 3740 680 3777 quis
691 3746 801 3776 emptor
810 3760 819 3774 ,
839 3738 1057 3769 coemtionalem
1071 3739 1164 3769 senem

215 3780 340 3809 Vendam
348 3789 399 3816 ego
410 3801 418 3814 ,
443 3779 569 3811 venalem
580 3787 661 3814 quem
672 3777 769 3805 habeo.

88 3818 111 3850 C
120 3827 238 3849 osMi’T
247 3827 264 3846 o
273 3828 305 3853 a,
326 3818 389 3847 oris.
411 3826 449 3847 m.
469 3823 501 3846 ut
511 3838 520 3853 ‚
541 3816 666 3846 Testium
676 3820 830 3852 coemptor.
852 3812 934 3851 Apul.
946 3811 1026 3851 Apol.
1039 3823 1067 3851 p.
1082 3822 1144 3851 321.

123 3857 226 3894 Piperis
234 3862 387 3892 coemptor.
407 3854 506 3890 Juven.
521 3864 564 3890 14.
576 3854 630 3883 Sat.
645 3861 711 3888 ²93-
962 3887 977 3894 ..
1218 3891 1224 3897 ⁸

142 3893 284 3924 Frumenti
294 3892 425 3922 dominus
432 3893 543 3928 clamat,
555 3889 710 3929 piperisque
719 3894 875 3927 coemptor.
933 3886 979 3917 alii
988 3887 1084 3926 legunt
1094 3888 1235 3928 Coempti.

87 3931 174 3962 CoeN
184 3942 219 3966 A,
241 3941 270 3961 ae.
295 3930 312 3959 f.
336 3928 466 3966 [Savum
486 3926 609 3966 >ben-50]
629 3930 655 3959 8(
666 3929 694 3956 in
704 3927 804 3965 plurali
819 3927 915 3957 Coenae
926 3948 934 3963 ,
954 3936 1033 3957 arum
1044 3948 1052 3963 ,
1073 3934 1172 3959 notum
1189 3929 1238 3959 est.

178 3969 198 3999 V
208 3979 225 3999 ο
235 3980 261 3998 L.
301 3968 323 3999 Ι.

1686 116 1717 151 C
1815 118 1849 152 0
1949 120 1975 153 Ε
2376 137 2444 173 ςς3

1327 195 1421 225 Festus
1433 217 1441 229 ,
1463 196 1550 225 Coena
1560 195 1636 234 apud
1648 198 1777 233 antiquos
1788 198 1933 228 dicebatur
1944 223 1951 233 .
1973 203 2050 238 quod
2067 212 2142 234 nunc
2155 205 2192 234 est
2203 205 2360 237 Prandium.
2400 210 2411 237 ¹.
2421 219 2447 237 e-

1327 232 1439 269 spemn,
1462 244 1543 270 quani
1557 244 1631 262 nunc
1644 236 1759 264 Cosnarn
1774 236 1901 266 dicimus.
1923 239 2041 268 Martini.
2063 250 2104 275 13.
2119 253 2160 277 14.

1422 271 1557 300 Claudere
1569 281 1628 307 quae
1640 282 1732 301 coenas
1745 273 1849 303 lactuca
1859 273 1962 305 solebat
1972 287 2096 306 avoiuni..
2466 297 2468 299 v

1330 307 1418 336 Coena
1429 330 1436 340 ,
1461 309 1489 337 ln
1501 319 1645 338 coeriarum
1657 311 1791 339 conviviis
1804 312 1956 343 lautissimis
1967 315 2095 344 Secunda
2107 316 2208 345 fercula
2221 339 2228 351 ,
2248 317 2391 355 ipsumuue
2400 329 2448 349 ve-

1350 344 1392 373 lut
1401 345 1517 374 solidum
1528 356 1627 383 corpus
1639 356 1726 376 coenat
1741 370 1748 382 ,
1770 349 1857 379 Coena
1877 353 1988 389 proprie
2004 353 2124 389 antiquis
2146 355 2297 384 dicebatur.
2321 351 2443 386 Macron.

1351 382 1444 424 S.³t·.²·
1457 393 1481 417 9.
1506 385 1574 412 Ante
1586 393 1696 414 coenam
1717 386 1833 416 echinos
1845 409 1852 421 ,
1869 389 1921 419 ὣς.
1943 389 2046 419 deinde
2064 398 2148 426 mox,
2172 392 2202 421 ln
2222 401 2302 421 coena
2323 393 2447 427 sumina,

1352 422 1470 456 lineiput
1481 430 1644 457 aprugnum.
1686 423 1723 451 Ex
1736 423 1878 454 Turnebo.

1331 456 1465 501 Scribitur
1474 459 1499 486 ἃ
1511 458 1592 488 Caena
1601 468 1651 496 per
1660 460 1774 490 alteram
1787 462 1992 500 diphthongum
2004 486 2011 499 ,
2033 466 2059 494 ἃ
2072 465 2146 495 Cena
2156 466 2211 495 sine
2222 466 2336 504 Diplith.

1332 494 1422 523 Deum
1434 504 1542 538 emme,
1560 506 1616 539 ‘pro
1632 497 1766 528 Dulcibus
1776 501 1801 529 Sc
1813 501 1894 537 gratis
1909 503 2050 537 dicuntur,
2062 503 2132 539 qnasi
2145 504 2302 541 proverbio,
2321 506 2396 543 quod
2408 506 2450 535 iiii

1351 532 1482 561 ambroiia
1501 535 1626 563 Victitare
1635 535 1732 564 crediti
1744 536 1802 566 sint.
1826 538 1891 568 Hor.
1904 549 1929 568 2.
1948 541 2033 569 Serm.
2048 545 2128 577 ⁶·65-

1425 569 1451 598 O
1473 572 1569 599 noctes
1580 593 1588 605 ,
1609 581 1752 609 coenaeque
1762 575 1847 604 deum
1860 597 1869 611 ,
1890 577 1989 615 quibus
2001 577 2058 615 ipse
2068 600 2079 614 ‚
2098 579 2210 618 meique

1426 607 1495 635 Ante
1507 607 1589 636 larem
1602 611 1744 646 proprium
1754 612 1855 643 vescor.

1332 642 1481 672 Lautorum
1495 654 1591 674 cosme.
1631 646 1664 675 V.
1685 659 1701 675 L
1710 659 1729 676 A
1741 659 1758 677 υ
1768 659 1787 677 τ
1798 660 1844 680 us.

1331 680 1496 710 Pontificum
1506 692 1603 717 coenae,
1623 683 1794 722 Sumptuosae
1805 688 1970 720 dicuntur&
1983 690 2114 729 opiparas.
2136 691 2204 722 Hor.
2219 702 2245 723 2.
2256 692 2445 729 Carm.r4.²8.

1425 719 1554 748 Absumet
1563 720 1648 750 haeres
1660 722 1777 752 Caecuba
1792 725 1903 763 dignior

1424 756 1535 786 Servata
1549 766 1661 787 centum
1673 760 1814 791 clavibus:
1836 765 1862 793 6<
1877 773 1954 793 mero

1466 794 1570 831 'I'inget
1580 797 1771 832 pavimentum
1780 799 1898 837 superbo

1504 832 1667 863 Pontificum
1675 836 1783 872 potiore
1794 839 1892 868 comis.

1352 867 1520 898 Pontificalis
1532 879 1623 899 coena.
1661 872 1692 900 V.
1715 873 1839 904 Macrob.
1853 875 1872 904 l.
1885 885 1910 905 c.

1333 905 1531 949 Caputcrienae.
1548 946 1554 951 ’
1573 909 1591 937 i.
1604 917 1629 937 e.
1654 908 1830 947 Principium.
1871 913 1929 943 Cic,
1945 924 1969 948 ς.
1980 914 2061 945 Tusc.
2074 921 2118 951 98.
2149 916 2201 946 Ubi
2213 927 2297 954 quum
2314 924 2447 956 tyrannus

1352 944 1513 985 coenaviil‘et
1523 945 1678 983 Dionysius,
1699 950 1812 984 negavit
1825 950 1852 979 se
1861 951 1922 987 jure
1932 951 1981 981 illo
1993 955 2081 990 nigro,
2102 955 2177 991 quod
2190 965 2277 985 coena:
2288 964 2371 986 camut
2381 965 2447 993 erat,

1353 981 1531 1011 delectatum.
1573 983 1604 1012 V.
1627 993 1644 1012 e
1653 995 1671 1013 A
1682 995 1696 1013 P
1707 996 1724 1014 υ
1734 995 1763 1015 τ.
2323 985 2328 994 “

1333 1019 1447 1049 Fundus
1460 1019 1709 1064 &tundamentum
1731 1033 1828 1054 coenae.
1869 1025 1886 1054 i.
1903 1035 1926 1055 e.
1949 1025 2039 1056 Totus
2050 1036 2207 1066 apparatus.
2248 1030 2317 1061 Gell.
2337 1032 2383 1062 lib.
2405 1043 2447 1068 ¹7·

1352 1063 1452 1100 qap-,8-
1475 1057 1538 1101 lalus
1549 1068 1637 1088 coenae
1646 1061 1749 1090 fundus
1761 1083 1769 1097 ,
1790 1065 1816 1092 δι
1835 1062 2049 1094 fundamentum
2059 1075 2142 1096 omne
2151 1068 2247 1098 eratin
2258 1069 2313 1099 olla
2326 1080 2380 1100 una
2391 1071 2450 1100 len-

1350 1101 1387 1124 tis
1398 1095 1549 1137 fflgyptiae,
1574 1098 1756 1130 &cucurbitae
1765 1101 1802 1129 ibi
1813 1101 1944 1130 minutim
1959 1102 2041 1132 caesae.

1332 1132 1467 1170 Imperitis
1477 1142 1620 1163 coenarum
1631 1135 1752 1173 suffragia
1763 1138 1853 1175 plebis
1866 1140 1969 1168 venari.
1992 1140 2058 1169 Hor.
2072 1150 2095 1170 1.
2115 1141 2196 1179 Epist.
2215 1152 2255 1179 19.
2272 1149 2314 1180 38,

1333 1170 1463 1205 Magister
1474 1180 1633 1207 coenarum,
1656 1176 1944 1206 Artifexlautitiarum.
1964 1177 2083 1208 Mattial.
2097 1178 2146 1208 lib.
2161 1186 2256 1217 ¹2·48·

1334 1208 1413 1238 Pater
1424 1218 1529 1251 coenaeq,
1552 1210 1721 1241 Convivator
1732 1235 1739 1247 ,
1761 1214 1868 1251 hospes.
1888 1214 1956 1244 Hor.
1968 1225 1993 1245 2.
2007 1215 2093 1245 Serm.
2111 1222 2137 1251 8.
2149 1226 2176 1253 7.

1334 1246 1572 1276 Abundantillima
1582 1258 1672 1278 coena.
1693 1251 1767 1280 Suet.
1782 1252 1884 1281 Neron.
1897 1261 1958 1290 cap.
1969 1262 2015 1288 4²·

1334 1284 1475 1319 Adjicialis
1485 1294 1575 1314 crena.
1613 1286 1643 1315 V.
1665 1298 1683 1316 A
1694 1298 1711 1316 n
1721 1297 1750 1323 μ
1761 1300 1778 1318 c
1789 1301 1798 1317 1
1810 1300 1828 1318 a
1840 1301 1855 1318 L
1866 1300 1875 1318 1
1885 1300 1906 1319 s.

1334 1321 1424 1351 Coena
1433 1324 1594 1352 adventitia.
1633 1325 1708 1355 Suet.
1726 1326 1813 1357 Vitell.
1829 1336 1870 1362 ις.
1893 1327 2077 1358 Famosiffima
2091 1329 2171 1367 super
2192 1336 2295 1360 ceteras
2308 1331 2361 1361 fuit
2370 1342 2452 1363 coenn

1354 1359 1380 1389 ei
1391 1360 1454 1389 data
1461 1361 1611 1390 adventitia
1622 1373 1637 1391 a
1647 1363 1737 1393 fratre.
1777 1364 1806 1395 V.
1828 1365 1870 1395 ibi
1882 1365 2011 1396 Torrent.
2024 1368 2100 1396 corifi
2113 1370 2138 1397 ὁὶ
2149 1367 2238 1398 Coena
2249 1370 2356 1400 viatica.

1334 1397 1494 1428 Ambulans.
1535 1399 1565 1428 ln
1587 1409 1607 1428 A.
1615 1411 1636 1429 M
1645 1411 1659 1429 a
1669 1412 1687 1429 u
1695 1413 1711 1430 L
1720 1411 1747 1432 ο.

1333 1435 1521 1465 Antelucanae.
1561 1436 1592 1466 In
1616 1449 1918 1471 ANTELUCANUS.

1333 1472 1444 1510 Aspera.
1484 1474 1515 1503 In
1536 1484 1659 1505 assita.

1335 1511 1423 1554 Coena
1431 1512 1575 1549 auguralis.
1615 1514 1673 1544 Cic.
1687 1524 1711 1552 7.
1724 1514 1798 1544 Fam.
1810 1519 1855 1546 26.
1877 1516 1911 1546 Iri
1925 1526 1970 1547 eas
1980 1526 2046 1547 cum
2055 1517 2209 1548 incidissem
2227 1519 2257 1547 in
2277 1529 2358 1550 coena
2369 1531 2452 1559 augo.

1353 1549 1425 1584 rali,
1448 1551 1499 1579 &c
1540 1552 1682 1588 Augures,
1702 1553 1886 1584 sacerdotium
1911 1555 2057 1590 ineuntes,
2086 1555 2201 1594 collegis
2219 1566 2333 1590 coenam
2350 1559 2452 1590 dabant

1353 1587 1466 1616 lautam.
1487 1587 1597 1618 Manut.
1611 1590 1668 1619 inl.
1689 1591 1720 1619 V.
1745 1591 1818 1622 Varr.
1832 1593 1867 1622 de
1876 1592 1909 1622 R.
1920 1593 1953 1623 R.
1967 1602 1991 1630 3.
2002 1598 2028 1623 ⁶.
2040 1601 2110 1624 extr.

1333 1625 1437 1655 Brevis.
1463 1625 1528 1655 Hor.
1544 1636 1568 1655 1.
1584 1627 1665 1665 Epist.
1680 1638 1722 1663 1⁴·
1737 1637 1780 1665 ξς.

1334 1663 1515 1692 Centenariae.
1556 1664 1587 1693 In
1609 1675 1627 1693 c
1636 1675 1679 1694 au
1688 1676 1729 1695 ‘rii
1739 1677 1758 1695 N
1768 1677 1787 1695 A
1796 1678 1812 1697 a
1821 1679 1830 1696 ι
1840 1677 1858 1697 υ
1867 1677 1888 1697 s.

1333 1701 1460 1730 Cereales
1471 1711 1568 1731 coenae.
1610 1703 1698 1733 Plaut.
1714 1704 1792 1734 Men.
1806 1717 1828 1735 1.
1844 1715 1924 1742 1.25.

1427 1738 1555 1769 Cereales
1565 1749 1660 1770 coenas
1675 1742 1740 1777 dat,
1762 1743 1800 1772 ita
1811 1743 1919 1773 mensas
1929 1743 2042 1774 extruit.
2138 1743 2264 1774 Cereales
2277 1755 2393 1781 -coenas,
2412 1748 2452 1777 in.

1354 1776 1414 1814 quit
1423 1776 1590 1813 Turnebus,
1609 1779 1746 1816 appellari
1757 1780 1878 1819 suspicor
1888 1782 2021 1819 Opimam,
2042 1782 2068 1811 &
2086 1780 2191 1817 lautas,
2213 1784 2239 1812 ἀ
2254 1785 2350 1814 multis
2366 1785 2455 1815 fercu-

1352 1814 1388 1844 lis
1399 1822 1523 1844 orieratas
1538 1837 1547 1850 ,
1562 1818 1638 1853 quod
1657 1817 1816 1848 Cerealibus
1827 1819 1998 1857 populariter
2017 1819 2136 1849 solerent
2145 1821 2227 1858 genio
2239 1822 2399 1860 indulgere:
2422 1824 2453 1853 id

1352 1853 1430 1890 quod
1443 1862 1458 1882 e
1473 1853 1591 1883 Marone
1610 1855 1622 1890 (
1635 1864 1658 1884 1.
1668 1855 1767 1893 Georg.
1781 1862 1842 1893 338.
1854 1858 1867 1894 )
1887 1857 2006 1895 intelligi
2018 1858 2107 1895 potest
2121 1858 2157 1887 sic
2167 1858 2322 1896 scribente,

1425 1890 1457 1920 ln
1472 1891 1567 1928 primis
1577 1902 1708 1923 venerare
1721 1894 1789 1923 deos
1800 1916 1809 1929 ,
1829 1902 1913 1934 atque
1922 1904 2015 1925 annua
2024 1905 2131 1932 magnae

1426 1929 1507 1958 Sacra
1517 1930 1588 1958 refer
1598 1930 1710 1967 Cereri,
1725 1933 1777 1961 &c-

1334 1965 1439 2003 Cynica
1450 1976 1541 1997 coena.
1573 1967 1681 1998 Petron.
1693 1971 1755 2007 ca‘p.
1770 1979 1813 2006 14.
1843 1969 1863 1999 i.
1875 1979 1901 2000 e.
1922 1970 2026 2000 Eorum
2036 1970 2081 2008 qui
2092 1970 2190 2001 misere
2200 1970 2340 2003 vivebant.

1333 2004 1423 2033 Coena
1432 2005 1524 2034 dubia.
1566 2004 1598 2035 In
1624 2016 1643 2035 D
1652 2016 1670 2035 υ
1680 2017 1695 2035 Β
1705 2018 1714 2035 ι
1724 2017 1742 2036 υ
1750 2016 1773 2037 s.

1332 2041 1500 2072 Lautissirna.
1542 2042 1575 2072 In
1595 2054 1612 2072 L
1621 2053 1641 2073 Α
1651 2055 1696 2073 UT
1705 2055 1724 2074 u
1732 2055 1754 2074 s.

1333 2080 1446 2117 Magna.
1470 2080 1534 2110 Hor.
1546 2090 1574 2111 2.
1586 2081 1673 2112 Serm.
1685 2086 1711 2112 6.
1725 2092 1789 2118 104.

1332 2118 1449 2147 Mundae
1459 2128 1548 2148 coenae
1558 2129 1643 2157 parvo
1653 2120 1702 2150 sub
1714 2121 1771 2150 lare
1782 2129 1945 2158 pauperum.
1967 2121 2035 2152 Hor.
2047 2131 2073 2159 3.
2084 2121 2176 2152 Carm.
2188 2131 2232 2159 ²9-
2249 2132 2292 2160 ¹5-

1332 2156 1431 2185 Nitida
1445 2157 1470 2185 &
1481 2156 1562 2193 frugi.
1587 2157 1656 2187 Plin.
1668 2158 1717 2188 lib.
1731 2167 1755 2194 ς.
1767 2158 1849 2196 Epist.
1865 2169 1889 2188 r.

1332 2193 1424 2223 Coena
1436 2195 1578 2231 nuptialis.
1617 2195 1692 2225 Suet.
1704 2196 1788 2234 Calig.
1803 2205 1848 2232 24.
1870 2196 1924 2227 Alii
1931 2196 2055 2233 tradunt,
2077 2197 2234 2227 adhibitum
2245 2208 2334 2229 coenae
2343 2202 2457 2238 nuptia.

1351 2231 1523 2299 [lisimandaffe
1538 2232 1724 2270 adPisonem,
1744 2240 1841 2264 contra
1851 2234 2088 2272 accumbentem,
2114 2236 2166 2266 διε.
2189 2236 2221 2267 V.
2242 2238 2327 2267 etiam
2337 2239 2415 2277 Apul.
2428 2244 2454 2269 6.

1389 2277 1425 2299 et.
1438 2280 1465 2308 p.
1484 2280 1547 2306 195.

1333 2307 1448 2345 Opima.
1488 2307 1521 2337 ln
1542 2317 1687 2339 orimus.

1333 2345 1476 2384 Popularis
1487 2355 1577 2375 coena.
1602 2346 1688 2376 Plaut.
1699 2347 1778 2377 Trin.
1790 2356 1817 2376 2.
1831 2357 1858 2385 4.
1870 2350 1916 2384 69.

1426 2383 1555 2421 Apposita
1574 2384 1605 2414 sit
1624 2394 1706 2414 coena
1720 2407 1729 2419 ,
1750 2395 1834 2422 quam
1850 2385 2015 2423 popularem
2031 2391 2148 2420 vocant,
2251 2387 2270 2416 i.
2287 2398 2311 2417 e.
2335 2389 2458 2425 Epulum

1352 2421 1460 2465 populo
1458 2422 1572 2488 'ldatung
1583 2444 1592 2457 ,
1612 2432 1678 2452 cum
1690 2422 1788 2460 aliquis
1797 2424 2006 2461 triumphabat,
2027 2424 2073 2454 vel
2081 2425 2110 2453 in
2124 2423 2215 2461 aliqua
2225 2424 2279 2454 alia
2289 2426 2458 2464 publicalae.

1352 2466 1424 2489 titia.
1486 2469 1552 2489 urne
1575 2482 1582 2488 .

1332 2496 1408 2565 Pgor
1417 2506 1498 2564 coen}
1506 2507 1551 2564 mg
1562 2497 1687 2534 detinet,
1707 2498 1726 2529 i.
1736 2507 1761 2528 e.
1782 2498 1865 2536 Apud
1879 2498 1961 2529 illurn
1978 2508 2080 2535 coen0,
2100 2500 2150 2536 qui
2171 2500 2248 2538 prior
2266 2510 2312 2531 me
2333 2504 2454 2534 vocavit.

1381 2545 1420 2564 or.
1436 2544 1459 2563 1.
1520 2546 1528 2564 i
1554 2545 1657 2572 ·5·²7-

1426 2572 1460 2602 Et
1469 2545 1517 2602 nisi
1528 2582 1610 2602 coena
1620 2574 1696 2611 prior
1703 2595 1711 2608 ,
1731 2573 1878 2612 potiorque
1887 2573 1981 2611 puella
1993 2574 2129 2604 Sabinum

1350 2648 1361 2678 l
1412 2610 1559 2655 Detinet,
1580 2611 1722 2641 affuniam.
1805 2611 1894 2642 Potest
1917 2613 1945 2642 ἃ
1961 2612 2037 2642 Prior
2058 2613 2185 2652 exponi,
2213 2613 2287 2652 quasi
2306 2614 2409 2646 Melior
2427 2617 2455 2647 δε

1364 2654 1460 2678 autior.

1333 2685 1422 2722 Rara,
1443 2686 1461 2716 i.
1478 2695 1503 2716 e.
1524 2685 1644 2716 Lautior.
1665 2686 1785 2717 Martial.
1798 2687 1845 2717 lib.
1862 2696 1958 2723 ¹1.53.

1426 2724 1497 2761 Quae
1509 2734 1562 2754 nec
1572 2724 1655 2754 Stella
1665 2723 1734 2754 solet
1742 2736 1799 2755 rara
1814 2725 1862 2754 nifi
1871 2735 1978 2763 ponere
1989 2735 2070 2756 coena
2078 2748 2087 2762 ‚
2107 2728 2161 2757 &c-

1334 2762 1421 2792 Retia
1438 2771 1520 2792 coena
1532 2784 1541 2798 ,
1563 2761 1668 2792 Latinis
1680 2763 1841 2793 auctoribus
1862 2763 1950 2793 Coena
1965 2764 2086 2793 estlauta
2098 2787 2106 2800 ,
2128 2764 2258 2803 opipara:
2279 2766 2354 2795 unde
2365 2768 2389 2796 δι
2400 2766 2455 2796 Re.

1353 2801 1396 2830 ete
1416 2800 1567 2830 convivari.
1616 2800 1761 2837 Tranquil.
1782 2802 1858 2831 Suet.
1878 2801 1985 2839 August.
2000 2812 2044 2838 74.
2062 2812 2103 2840 pr.
2122 2804 2187 2832 &in
2197 2802 2278 2841 Vesp.
2294 2814 2333 2838 ¹9·
2358 2805 2411 2833 Sed
2427 2807 2455 2835 S:

1353 2838 1551 2868 convivabatur
1563 2837 1685 2871 assidue.
1708 2848 1762 2868 nec
1784 2849 1907 2876 unquam
1930 2840 1979 2868 nisi
1994 2842 2067 2869 redte
2085 2841 2111 2870 ἃ.
2133 2840 2243 2878 dapsile.
2283 2842 2345 2877 Sic,
2366 2842 2455 2872 Recte

1352 2877 1464 2911 vivere,
1485 2886 1535 2914 pro
1558 2876 1641 2905 Laute
1656 2876 1748 2906 vivere
1768 2877 1874 2907 Seneca
1891 2876 2039 2915 usurpavit.
2076 2878 2132 2907 Sed
2143 2878 2230 2908 Recta
2242 2879 2369 2909 meliores
2388 2880 2456 2910 libri

1353 2914 1496 2943 exhibent.
1527 2912 1559 2943 V.
1580 2924 1640 2951 quae
1651 2924 1719 2944 mox
1730 2924 1765 2945 ex
1778 2915 1848 2945 Bud.

1335 2950 1423 2981 Recta
1432 2961 1532 2987 coena,
1555 2951 1692 2990 Sportulae
1705 2953 1832 2990 opposita
1841 2958 1908 2982 erat.
1948 2951 2116 2982 Liberaliore
2135 2953 2211 2982 enim
2229 2953 2330 2983 divites
2347 2954 2456 2984 civilio-

1352 2989 1449 3027 resque
1458 2989 1650 3019 salutatoribus
1661 2989 1714 3019 suis
1728 2991 1885 3028 legitimum
1904 2991 2065 3021 convivium
2081 2991 2267 3025 exhibebant,
2289 3002 2349 3029 quae
2363 2993 2454 3022 Recta

1350 3037 1434 3057 coena
1444 3027 1603 3057 dicebatur:
1625 3028 1735 3058 Sordidi
1747 3034 1839 3058 autem
1853 3031 1879 3059 δι
1889 3028 2065 3066 maligniores
2075 3050 2084 3064 ,
2105 3030 2185 3058 reetae
2197 3039 2286 3059 coenae
2304 3031 2368 3059 loco
2380 3030 2454 3068 spor.

1350 3065 1439 3094 tulam
1447 3072 1554 3095 tantum
1562 3065 1729 3102 praebebant.
1769 3066 1844 3097 Suet.
1856 3068 1886 3096 in
1896 3066 2003 3096 Domit.
2015 3076 2076 3104 cap.
2088 3076 2113 3102 7.
2138 3066 2226 3096 Multa
2240 3069 2323 3097 etiam
2336 3069 2364 3096 in
2376 3077 2454 3098 com-

1351 3103 1432 3132 muni
1443 3112 1533 3133 rerum
1544 3104 1591 3133 usu
1603 3104 1724 3140 novavit,
1745 3103 1882 3142 sportulas
1891 3104 2017 3142 publicas
2028 3103 2149 3138 sustulit,
2168 3113 2296 3134 revocata
2307 3115 2454 3136 coenarum

1350 3142 1489 3208 rectarurg
1502 3141 1713 3172 consuetudine.
1743 3142 1890 3173 Interdum
1901 3142 2009 3171 nummi
2021 3141 2148 3180 sportulae
2159 3141 2224 3172 loco
2235 3142 2383 3173 cedebant.
2405 3144 2455 3180 Ju-

1351 3188 1414 3208 ven.
1431 3188 1454 3207 i.
1486 3186 1597 3216 at.117.

1425 3216 1478 3245 Sed
1490 3226 1576 3254 quum
1586 3217 1709 3247 summus
1720 3217 1811 3247 honor
1820 3217 1901 3246 finito
1911 3222 2055 3254 computet
2066 3226 2143 3246 anno

1424 3254 1554 3291 Sportula
1564 3255 1630 3292 quid
1641 3256 1741 3285 referat
1751 3277 1759 3291 ,
1781 3262 1915 3293 quantum
1926 3254 2076 3283 rationibus
2086 3254 2188 3284 addat:

1426 3292 1503 3329 Quid
1513 3292 1617 3322 facient
1632 3294 1748 3322 comites
1758 3315 1766 3328 ,
1786 3292 1887 3330 quibus
1896 3293 1962 3321 hinc
1972 3298 2036 3329 toga
2046 3313 2054 3327 ,
2074 3292 2183 3322 calceus
2193 3292 2262 3322 hiric
2270 3292 2327 3329 est,

1426 3329 1461 3359 Et
1473 3331 1553 3368 panis
1565 3331 1710 3368 fumusque
1722 3331 1821 3360 domi?
1902 3329 2028 3359 Bridaeus.

1332 3366 1470 3398 Solennes
1481 3377 1578 3398 coenae.
1606 3368 1786 3398 Suet.Tiber.
1799 3377 1842 3404 34.
1864 3367 2032 3396 Solennibus
2042 3366 2100 3404 ipse
2108 3367 2408 3407 coenispridianasaepe
2418 3379 2453 3400 ac

1352 3405 1454 3435 semesa
1465 3405 1579 3436 obsonia
1591 3406 1727 3444 apposuit.
1767 3404 1800 3435 V.
1823 3404 2019 3442 philargyrium
2030 3405 2064 3433 ad
2079 3405 2150 3442 Virg.
2166 3416 2190 3440 ς.
2204 3406 2260 3435 Ecl.
2275 3415 2318 3442 74.
2341 3407 2398 3443 Qui
2412 3409 2453 3438 ibi

1353 3444 1422 3472 dicit
1433 3445 1483 3473 tria
1495 3453 1594 3481 genera
1602 3443 1656 3473 esse
1664 3452 1806 3472 coenarum
1816 3465 1825 3478 ,
1847 3443 1969 3472 Solenne
1979 3464 1987 3477 ,
2009 3443 2140 3472 viaticum
2152 3464 2161 3478 ,
2182 3444 2209 3472 ἀ
2218 3443 2327 3481 geniale
2338 3467 2346 3480 ,
2363 3448 2416 3475 ἃς.

1334 3481 1431 3510 Subita
1442 3490 1531 3511 coena.
1553 3482 1617 3510 Sen.
1633 3481 1744 3518 Thyest.
1759 3491 1784 3515 9.

1332 3519 1478 3549 Tetrestris
1489 3541 1497 3554 ,
1519 3519 1589 3554 Quae
1599 3528 1633 3547 ex
1643 3519 1764 3547 oleribus
1780 3522 1890 3547 tantum
1908 3524 2054 3555 apparatur
2072 3523 2145 3548 terra
2160 3518 2251 3552 natis,
2273 3519 2350 3550 nulla
2367 3530 2452 3551 carne

1353 3556 1486 3586 adhibita.
1508 3556 1592 3585 Plaut.
1602 3556 1680 3593 Capi:
1697 3566 1719 3584 r.
1733 3566 1757 3584 2.
1771 3561 1815 3588 86.
1855 3555 1927 3590 Joco
1937 3557 2053 3584 dictum.

1332 3593 1439 3624 Viatica
1453 3603 1551 3629 coena,
1571 3594 1590 3623 i.
1602 3604 1626 3622 e.
1649 3594 1812 3623 Adventitia.
1832 3592 1917 3621 Plaut.
1929 3592 2028 3622 Bacch.
2044 3602 2066 3622 ι.
2081 3602 2104 3621 1.
2117 3595 2163 3622 6¹.

1426 3631 1482 3668 Ego
1492 3631 1576 3660 sorori
1588 3641 1656 3660 meae
1665 3640 1775 3660 coenam
1786 3631 1872 3659 hodie
1880 3631 1944 3659 dare
1954 3630 2018 3659 volo
2028 3630 2166 3659 viaticam.
2261 3631 2394 3662 Veterum
2405 3634 2452 3663 hic

1351 3679 1412 3699 mos
1427 3676 1499 3702 erat,
1521 3675 1552 3697 ut
1570 3678 1685 3706 peregre
1703 3669 1852 3697 redeuntes
1871 3669 2004 3697 convivio
2020 3669 2183 3705 exciperent
2201 3669 2292 3698 amici.
2334 3671 2410 3700 ldem
2424 3681 2448 3705 3.

1352 3711 1378 3737 6.
1394 3717 1419 3741 7.
1441 3707 1550 3740 Salvos,
1571 3707 1678 3742 inquit,
1700 3715 1785 3741 quum
1804 3715 1917 3743 peregre
1934 3707 2068 3740 advenis,
2089 3715 2170 3734 coena
2186 3706 2275 3735 detur.
2313 3707 2345 3737 Id
2367 3710 2391 3738 St
2413 3710 2450 3738 de

1349 3744 1470 3782 Epistola
1482 3743 1613 3773 Martialis
1625 3743 1698 3772 Praef.
1713 3743 1759 3772 lib.
1777 3753 1818 3772 12.
1834 3743 1920 3776 dixit.
1941 3743 1978 3771 Ut
1989 3743 2209 3772 familiariffimas
2222 3745 2289 3773 mihi
2301 3755 2378 3775 aures
2387 3755 2447 3776 tuas

1348 3783 1507 3819 exciperem
1519 3780 1688 3810 adventoria.
1711 3780 1834 3810 Turneb.
1846 3790 1889 3817 30.
1904 3783 1950 3809 26.
1968 3781 2041 3810 conf.
2058 3781 2216 3810 Adventitia
2228 3780 2315 3819 supra.

1330 3820 1372 3850 Ad
1389 3828 1498 3849 coenam
1509 3818 1630 3855 aliquem
1641 3818 1790 3848 adducere.
1812 3818 1871 3848 Cic.
1883 3829 1906 3852 ς.
1919 3818 2001 3847 Tusc.
2014 3829 2058 3854 9¹-
2081 3818 2120 3848 Al.
2138 3819 2289 3848 seducere.

1332 3857 1374 3887 Ad
1387 3866 1480 3886 coenas
1492 3856 1565 3884 itare.
1588 3855 1646 3885 Cic.
1662 3865 1704 3884 io.
1718 3856 1790 3885 Fam.
1803 3865 1847 3892 ²⁴-
1864 3855 1907 3885 Te
1918 3857 1952 3885 ad
1959 3866 2055 3887 coenas
2064 3857 2132 3887 itare
2142 3857 2366 3893 desiisainoieste
2375 3858 2442 3887 fero.

1332 3895 1374 3924 Ad
1385 3903 1494 3923 coenam
1508 3893 1631 3922 invitare.
1673 3893 1704 3923 V.
1726 3904 1734 3921 i
1747 3903 1767 3922 Ν
1777 3903 1794 3922 v
1804 3905 1812 3922 ι
1822 3903 1841 3922 τ
1851 3902 1878 3923 o.

1332 3931 1373 3961 Ad
1381 3940 1490 3961 coenam
1499 3931 1617 3960 mittere.
1656 3929 1689 3960 Iti
1715 3941 1849 3961 Mra-10.
1876 3969 1897 3998 Α

1907 3978 1968 3998 aaa

1973 839 2153 871 Proverbium
2162 841 2201 871 est
2211 843 2285 881 apud
2296 843 2448 881 erasmum,

2358 3970 2380 3999 Ᾱ.
2391 3980 2405 3999 C
2408 3981 2446 3999 (Ε-
