2667 4145
213 99 284 154 26

610 91 936 148 EPISTO
963 88 1077 140 LA
1136 82 1296 134 PHIL.
1334 80 1606 131 TiNGHvi
1658 75 1782 131 Edit.
1819 77 1963 151 Lugd.
2006 90 2203 147 1573.-

209 204 253 241 ad
276 202 476 241 honestiora
499 200 534 237 &
552 198 710 235 feliciora
736 197 834 236 ocia,
863 204 940 242 quae
959 195 1080 227 mente
1098 186 1272 234 agitabat,
1300 183 1367 220 ob·
1420 181 1600 218 bonarum
1619 181 1747 219 artium
1771 179 1894 229 cupidi
1915 180 1947 218 se
1967 181 2032 219 tibi
2054 180 2253 230 plurimum
2274 180 2318 219 de
2346 188 2494 218 munere
2512 173 2589 217 hoc

211 253 341 291 staculo
363 251 424 287 libi
443 250 501 286 illa
520 259 653 296 niagno
677 246 793 283 futura
812 244 964 284 veritus,
989 238 1054 283 Per
1075 235 1178 285 Deos
1206 234 1365 281 (inquit)

212 304 307 339 bona
324 301 399 337 haec
418 297 510 334 haud
538 309 595 332 nie
613 295 783 343 perdent,
811 291 868 327 sed
896 299 964 335 ego
991 284 1067 321 illa:
1095 282 1368 330 haereditateque

211 350 286 390 aliis
307 349 421 385 relicta
440 346 622 382 confestim
644 341 850 389 enavigavit.
879 333 979 381 Quid
996 331 1253 388 Anaxagoras?
1278 343 1372 368 non-

212 412 257 436 ne
277 394 530 435 aiiioenillimo,
558 391 835 437 fertiliffiinoque
860 386 892 421 se
922 382 1098 437 abdicavit
1124 380 1256 417 fundo:
1295 390 1368 428 quo

213 448 355 484 liberius
371 447 413 481 ab
434 444 587 480 externis
606 442 698 478 curis
718 440 841 475 feriato
864 436 935 480 jam
948 440 1070 468 animo
1087 436 1293 477 exoptatam
1307 428 1368 465 diu

214 502 361 542 operam
394 491 627 540 philosophiae
663 487 776 535 posset
803 480 1002 520 insumere?
1048 479 1219 527 Longum
1240 477 1299 520 sit,
1325 477 1369 514 ad

212 545 360 593 plenum
378 542 524 578 illorum
542 539 632 575 velle
651 533 815 581 exempla
838 531 977 572 rimari,
1006 530 1067 577 qui
1084 527 1249 576 despectis
1264 527 1370 563 rebus

213 595 365 632 caeteris,
392 587 633 627 honestissiniae
649 585 731 621 huic
748 583 780 618 se
799 582 864 618 arti
888 586 994 629 atque
1009 578 1123 616 studio
1147 577 1371 624 mancipave-

212 644 306 682 rint,
334 640 510 688 Sapientia
530 637 642 683 magis
665 632 774 670 animi
826 641 910 667 uam
939 628 1091 677 pecunia
1120 626 1286 663 ditescere
1312 635 1372 660 <zua

212 692 359 740 pientes.
413 688 522 733 Hujus
545 687 595 721 rei
626 690 698 719 tani
724 692 815 728 praec
832 690 897 716 arae
923 684 1069 726 tamque
1099 675 1226 712 divinae
1249 673 1372 711 funda-

212 745 331 778 menta
346 736 494 774 fideliter
509 737 639 779 jacere,
666 729 862 767 Thesaurus
879 728 938 764 liic
957 726 1074 763 noster
1092 723 1372 761 dottissimorum

213 790 371 824 virorum
401 783 528 832 vigiliis
560 777 936 825 lucubrationibusque
972 774 1092 812 multis
1127 773 1301 820 institutus
1335 772 1371 808 Sc

210 834 398 884 magnifice
417 830 634 872 cumulatus,
662 827 758 866 haud
776 827 883 865 dubie
896 824 997 862 facile
1008 822 1143 872 potest,
1169 821 1283 858 inodo
1293 822 1371 870 quis

210 886 249 923 in
282 884 367 920 loco
397 892 441 918 eo
463 882 514 917 uti
538 880 724 928 vigilanter
750 875 919 914 assuescat.
969 872 1179 911 Praeclarum
1206 867 1278 907 hoc
1304 868 1371 906 else

211 935 288 983 quis
307 930 479 978 ambigit?
519 929 578 966 sed
596 926 828 976 magnificum
857 922 947 961 illud
967 924 1093 962 etiam,
1131 919 1231 968 quod
1248 918 1371 955 balbu-

209 985 295 1019 tiem
315 981 350 1017 &
368 980 593 1016 rusticitatem
613 978 765 1024 linguae,
793 973 1019 1020 indisertique
1029 968 1293 1007 orisinfantiam
1309 978 1371 1004 cu-

209 1038 364 1067 raturum
387 1028 420 1065 se
444 1027 510 1064 effe
534 1028 722 1075 promittit.
774 1023 869 1061 Cum
881 1023 978 1058 enini
996 1018 1208 1056 immortalis
1224 1017 1369 1053 summi-

208 1091 278 1129 que
297 1078 371 1116 Dei
388 1076 544 1125 specioso
572 1075 731 1124 quodam
753 1073 951 1119 divinoque
974 1079 1122 1106 munere
1143 1079 1162 1104 a
1179 1067 1370 1103 brutorum

207 1128 461 1168 animantium,
489 1126 563 1162 hoc
582 1136 657 1161 uno
675 1122 732 1159 vel
751 1121 907 1162 maxime
927 1117 1032 1155 fimus
1054 1117 1176 1154 secreti
1196 1115 1370 1163 disjuncti·
1405 1152 1412 1161 ,

207 1189 278 1225 que
296 1182 436 1217 natura,
465 1174 567 1224 quod
583 1173 675 1210 sensa
700 1172 808 1208 animi
832 1167 1015 1216 possumus
1044 1165 1222 1213 explicare
1249 1164 1370 1200 dicen-

206 1228 276 1263 do:
321 1225 427 1263 Certe
456 1223 738 1271 pulcherrimum
764 1218 934 1267 quiddam
957 1216 1017 1253 ille
1040 1216 1180 1251 videtur
1198 1212 1368 1260 adeptus,

207 1275 270 1325 qui
290 1286 358 1322 qua
384 1286 422 1311 re
443 1272 612 1309 homines
634 1271 747 1308 bestiis
770 1267 952 1316 praestant,
980 1277 1020 1302 ea
1044 1266 1081 1301 in
1103 1275 1141 1300 re
1160 1262 1368 1300 hominibus

206 1323 396 1361 antecellit.
447 1319 562 1366 Quod
581 1322 633 1367 uti
646 1332 665 1357 a
682 1330 740 1356 nie
751 1315 984 1366 significatum
997 1313 1043 1351 est
1053 1317 1154 1349 antea
1165 1339 1174 1354 ,
1202 1311 1291 1348 liber
1307 1311 1369 1347 liic

206 1373 325 1411 noster
345 1371 377 1408 se
400 1370 570 1408 faCturum
595 1368 755 1418 spondet.
814 1365 902 1411 Quo
928 1376 972 1401 ex
996 1362 1092 1411 ipso,
1124 1368 1295 1409 tanquam
1321 1372 1367 1397 ex

205 1423 296 1459 boni
320 1419 510 1469 assiduique
533 1419 674 1456 domini
694 1428 791 1465 penu
818 1414 965 1454 referta,
992 1423 1070 1449 non
1100 1410 1248 1496 quidem
1275 1409 1369 1446 escu-

207 1470 302 1509 lenta
322 1470 357 1507 &
379 1469 591 1518 poculenta:
618 1478 792 1517 quorum,
820 1460 1010 1512 pecuniam
1036 1471 1099 1497 nio
1128 1471 1151 1496 o
1178 1458 1365 1500 adhibeas,

207 1521 310 1557 omni
327 1519 399 1556 fere
416 1518 502 1555 loco
521 1517 661 1554 homini
686 1517 809 1563 copia,
837 1510 1043 1559 ubertasque
1071 1509 1119 1546 est
1145 1509 1270 1545 obvia:
1307 1506 1367 1545 sed

206 1568 394 1616 Sapientiae
413 1579 493 1604 vera
514 1564 743 1606 adminicula,
772 1563 808 1600 ὃς
822 1562 986 1599 humanae
1009 1560 1139 1596 mentis
1154 1556 1287 1606 inclyta
1297 1557 1369 1594 via..

205 1619 276 1656 tica
288 1645 298 1660 ‚
325 1616 458 1655 Latinae
475 1615 603 1663 linguae
621 1625 710 1662 opes
727 1612 850 1650 licebit
866 1619 1098 1658 expromere:
1134 1612 1368 1655 mentemque

205 1667 317 1715 ipsam
336 1666 493 1703 hominis
511 1675 594 1701 vere
612 1663 750 1712 polire:
774 1661 873 1707 cujus
896 1661 934 1695 in
954 1658 1118 1695 oratione
1141 1655 1293 1703 dignitas
1318 1660 1369 1691 at·-

206 1727 276 1766 que
297 1717 349 1752 vis
369 1713 611 1764 proculdubio
628 1713 783 1749 maxime
799 1710 965 1746 cernitur.
1014 1704 1132 1752 Quod
1155 1715 1239 1741 cum
1265 1703 1370 1740 intel-

205 1765 358 1813 ligerent
381 1763 525 1801 Graeciae
546 1760 729 1799 doufflimi
747 1760 814 1796 viri
833 1755 1085 1806 appofitiffimo
1107 1755 1278 1791 nimirum
1299 1763 1368 1789 no-

206 1817 322 1856 mine,
349 1811 452 1850 nullo
472 1810 570 1849 vocis
585 1809 785 1848 discrimine
803 1807 912 1850 fasto,
941 1806 1165 1845 orationem,
1192 1807 1368 1839 mentem-

207 1875 277 1913 que
294 1863 449 1900 nostram
472 1867 506 1898 at
533 1873 578 1898 ue
598 1860 775 1897 rationem
796 1853 1062 1906 prudentissime
1088 1851 1250 1901 profesto
1276 1849 1367 1894 λόγον

206 1912 439 1960 appellarunt.
529 1921 569 1947 os
588 1920 658 1956 ego
681 1908 792 1945 libros
814 1915 899 1943 cum
923 1906 961 1941 in
987 1902 1177 1951 publicum
1206 1899 1369 1948 proferre

206 1960 357 2003 vellem,
385 1961 577 2008 &propter
589 1970 665 2000 eaS‚
693 1969 777 2006 quas
790 1955 890 2003 supra
905 1953 1010 1991 retuli
1023 1950 1156 1992 causas,
1183 1948 1279 1986 haud
1292 1959 1368 1986 me.

206 2010 375 2047 diocriter
394 2010 515 2046 animo
538 2008 676 2045 viderer
691 2004 858 2046 mihieffe
871 2003 1038 2040 solicitus,
1083 1999 1271 2037 Virtutum
1291 2009 1368 2034 me-

206 2071 289 2097 mor
303 2066 441 2096 tuarum
468 2056 717 2106 singularisque
741 2054 931 2094 doetrinae,
957 2048 1294 2101 jurisconsultorum
1307 2047 1369 2083 de-

207 2120 270 2146 cus
288 2107 390 2147 Petre
408 2105 608 2148 d'Auserre,
646 2104 881 2142 foelicioribus
911 2103 982 2149 jam
1008 2098 1166 2146 auspiciis
1193 2095 1368 2134 clariffimi

207 2159 259 2195 tui
278 2158 436 2195 nominis
451 2155 555 2193 titulo
577 2154 839 2192 condecoratos
859 2153 898 2189 in
914 2148 1153 2187 studiosorum
1172 2146 1368 2183 hominurn

206 2208 356 2254 gratiam
375 2205 541 2254 evulgare
564 2203 648 2242 illos
675 2203 862 2242 constitui:
895 2206 937 2239 ut
957 2209 1030 2238 una
1043 2196 1239 2246 eademque
1256 2205 1366 2243 opera

1424 231 1554 284 debere
1573 231 1781 267 faterentur:
1808 230 1912 267 simul
1937 231 1973 267 &
1997 233 2128 267 amoris
2150 244 2233 280 erga
2257 240 2293 268 te
2318 231 2391 266 mei
2414 227 2587 276 fingulare

1423 278 1573 334 aliquod
1591 278 1686 326 apud
1704 279 1865 334 posteros
1881 281 2012 328 pignus
2033 287 2188 317 extaret:
2247 291 2316 321 uo,
2342 277 2587 317 humanitatis,

1424 327 1624 383 modestiae,
1639 324 1905 382 'probitatisque
1923 335 1990 365 tuae
2011 331 2185 365 memoria
2203 340 2221 364 a
2265 335 2388 377 gentes
2408 327 2515 363 etiam
2524 336 2590 361 no-

1423 377 1477 413 bis
1497 383 1697 431 incognitas
1720 387 1925 424 permanare
1941 377 2060 419 latius,
2087 377 2262 425 fusiusque
2285 377 2466 426 aliquanto
2486 377 2592 421 queat

1422 425 1585 481 extendi:
1613 425 1649 461 &
1664 426 1923 481 intmagistratu
1934 427 2142 481 incorrupte
2159 426 2341 475 sansteque
2358 421 2518 473 gerendo
2538 423 2591 457 vi-

1423 474 1570 530 gilantia
1591 480 1642 529 tui
1657 482 1787 515 ¹animi,
1815 474 2022 523 summaque
2040 482 2147 511 etiam
2165 474 2252 511 fides
2265 476 2308 511 ab
2327 473 2495 511 omnibus
2512 466 2592 518 pos-

1425 523 1466 560 sit
1482 521 1643 578 intelligi.
1695 521 1803 578 Haud
1824 524 1932 571 igitur
1955 524 2002 559 est
2025 523 2249 565 mir-andum,
2286 535 2370 560 cum
2395 528 2451 558 tot
2476 518 2590 556 indies

1426 582 1663 627 maximarum
1681 577 1855 625 virtutum
1874 572 2019 620 publice
2044 571 2261 608 documenta
2286 571 2440 619 praebeas
2453 597 2462 612 ‚
2488 563 2595 617 Juris-

1425 620 1695 676 prudentiaeque
1713 620 1853 668 insuper
1869 621 1985 668 gloria
2005 632 2096 658 unus
2117 628 2257 658 tanturn
2276 619 2428 657 excellas
2441 646 2451 661 ,
2479 624 2519 655 ut
2534 627 2592 654 ce-

1427 668 1649 707 lebratissima
1669 670 1706 704 in
1732 670 1818 706 urbe
1843 668 1986 718 Justitiae
2013 667 2154 716 fignum
2180 668 2329 718 aliquod
2352 665 2515 705 sustulisse
2540 666 2592 702 vi·-

1427 719 1551 760 deare,
1578 716 1603 753 fi
1629 717 1933 755 Christianissinius
1947 746 1957 760 ,
1984 717 2294 766 Inviuiffimusque
2306 717 2387 754 Rex
2404 715 2594 752 Gallorum

1428 779 1544 805 CARo
1556 777 1643 821 Lus·
1655 773 1690 802 te
1710 778 1825 804 unum
1837 767 2031 814 delegerit,
2060 768 2118 804 cui
2132 764 2396 814 splendidiffmii
2415 763 2593 812 magistra-

1426 824 1482 872 tus
1497 827 1617 853 curam
1634 817 1836 871 injungeret
1851 817 1887 853 &
1904 816 2025 865 Regiis
2053 814 2158 853 causis
2177 814 2379 863 praeficeret.
2429 812 2595 852 Decebat

1427 877 1524 903 enini
1541 864 1819 912 praestaiitissirnae
1836 867 2005 903 omnium
2029 866 2167 902 virtutis
2186 864 2371 901 alumnum
2389 861 2517 910 insigni
2528 860 2592 898 ali-

1426 926 1500 964 quo
1521 914 1699 969 dignitatis
1716 915 1864 961 praemio
1885 913 1994 951 affici:
2021 914 2131 963 idque
2152 914 2194 950 ab
2212 925 2256 951 eo
2276 913 2438 961 principe
2458 908 2590 959 potissi-

1424 974 1526 1001 mum
1540 990 1549 1006 ,
1578 974 1636 1018 cui
1646 961 1748 1000 Deus
1767 964 1926 1011 optimus
1943 964 2119 1001 maximus
2131 963 2273 1010 imperii
2291 962 2425 1008 sceptra
2442 959 2588 1009 inclyti,

1426 1015 1462 1050 δε
1484 1012 1627 1061 Justitiae
1642 1011 1901 1060 gubernacula,
1927 1010 2219 1049 florentissimam
2239 1012 2335 1048 orbis
2358 1017 2458 1046 terrae
2473 1009 2592 1058 regio·

1426 1075 1472 1099 ne
1498 1060 1631 1098 utenda
1656 1059 1881 1098 concessisset.
1932 1057 2059 1099 Nostra
2085 1062 2195 1109 igitur
2221 1060 2289 1098 hac
2314 1059 2496 1101 editione,
2535 1057 2592 1096 vir

1425 1108 1716 1159 praestantissime,
1741 1109 1868 1147 lubens
1896 1110 2031 1148 fruere:
2060 1121 2166 1159 quam
2193 1111 2276 1152 tibi,
2314 1108 2593 1156 christianaeque

1424 1159 1628 1208 reipublicae
1638 1158 1815 1202 foelicem,
1841 1159 2057 1209 faustamque
2070 1158 2158 1201 effe,
2184 1155 2410 1206 Largitorem
2424 1158 2593 1195 omnium

1425 1210 1611 1246 bonorum
1640 1208 1676 1245 δε
1707 1219 1798 1246 verae
1826 1207 1942 1248 salutis
1970 1208 2161 1247 authorem
2186 1208 2339 1257 supplici
2367 1213 2490 1244 mente
2512 1216 2591 1254 pre-
2646 1250 2647 1254 Ἰ

1426 1270 1558 1296 camur.

1495 1356 1642 1414 Summa
1660 1354 1812 1412 ‚unirersi
1839 1358 1959 1405 operis
1978 1355 2017 1393 in
2037 1365 2192 1406 corpora
2216 1362 2390 1406 quatuor,
2419 1362 2465 1393 eo
2489 1351 2592 1390 suita

1424 1407 1530 1444 nobis
1546 1404 1695 1461 consilio
1708 1405 1882 1447 distintla,
1909 1412 1950 1443 ut
1969 1407 2031 1454 qui
2051 1405 2096 1443 ad
2111 1405 2398 1454 magnitudinem
2417 1414 2511 1453 pene
2524 1404 2591 1439 ini-

1425 1455 1581 1511 mensam
1601 1454 1692 1491 liber
1710 1460 1930 1491 excreverat:
1958 1455 2001 1491 ab
2025 1454 2241 1502 ejuscemodi
2260 1454 2447 1504 epularum
2468 1450 2588 1493 avido,

1423 1504 1688 1561 candidatoque
1703 1502 1871 1559 doctrinae
1885 1502 2021 1541 trattati
2038 1504 2269 1542 commodius
2286 1503 2420 1552 posset,
2447 1501 2590 1552 quoties

1424 1553 1539 1602 lpsum
1553 1552 1599 1589 de
1614 1564 1652 1589 re
1674 1550 1801 1608 dubia,
1831 1554 1906 1589 veri
1927 1553 2032 1590 instar
2049 1554 2203 1602 magistri
2219 1552 2404 1591 consulere
2418 1548 2591 1588 decrevist

1425 1603 1483 1660 set.
1528 1600 1643 1659 Affixa
1667 1601 1716 1638 est
1736 1607 1843 1638 etiam
1859 1601 1984 1639 limine
1996 1604 2118 1650 primo
2139 1602 2285 1640 Adriani
2305 1599 2503 1641 Cardinalis
2524 1598 2590 1636 do-

1423 1651 1558 1689 {tissimi
1578 1662 1666 1692 viri,
1692 1650 1737 1687 de
1753 1649 1888 1688 Latinae
1906 1649 2057 1699 Linguae
2084 1652 2309 1700 temporibus
2338 1651 2374 1687 &
2395 1649 2589 1698 praestantia

1423 1701 1575 1751 saneque
1592 1699 1734 1748 elegans
1753 1699 1918 1748 cultaque
1942 1699 2107 1749 epistola:
2134 1707 2174 1738 ut
2191 1699 2286 1750 quasi
2309 1699 2425 1748 digito
2445 1697 2490 1736 ad
2508 1698 2590 1736 fon-

1425 1758 1477 1788 tes
1497 1748 1657 1805 ostenso,
1684 1759 1777 1834 quos
1805 1748 1953 1798 quisque
1978 1749 2145 1787 authores
2169 1748 2291 1787 sedulo
2318 1749 2443 1797 fugere
2458 1775 2467 1790 ‚
2496 1757 2591 1796 quos

1424 1806 1551 1837 contra
1569 1797 1683 1855 studio
1700 1809 1719 1835 e
1745 1800 1937 1854 conveniat
1963 1799 2113 1842 imitari,
2138 1798 2241 1836 facile
2270 1797 2376 1847 poffit
2398 1796 2588 1834 addiscere.

1423 1848 1532 1888 Plane
1555 1859 1657 1904 enim.
1673 1847 1887 1896 eloquentiae
1916 1849 2116 1897 originem,
2144 1849 2183 1885 in
2205 1849 2401 1885 verborum
2427 1845 2589 1888 deleffitu,

1422 1897 1526 1948 quod
1545 1895 1762 1953 disertissimo
1780 1898 1858 1934 viro
1874 1896 1965 1935 Caio
1982 1897 2106 1936 Caesari
2120 1897 2262 1945 placere
2280 1896 2461 1938 videmus,
2487 1893 2589 1933 fitam

1424 1947 1491 2004 esse
1516 1947 1736 1984 arbitramur.
1786 1945 1879 1992 Quae
1901 1956 1988 1984 vero
2011 1946 2175 1996 reliquiS,
2202 1946 2248 1983 de
2276 1944 2430 1993 ejusdem
2454 1943 2589 1982 Latinae

1421 1995 1570 2053 nguae
1590 1995 1789 2037 sententiis,
1814 1994 2056 2046 Thesaurique
2078 1995 2183 2042 hujus
2199 1995 2428 2036 authoribus,
2454 2003 2587 2041 corpo-

1422 2046 1520 2083 ribus
1539 2044 1617 2082 sunt
1641 2044 1810 2100 appensa:
1845 2056 1923 2093 quae
1946 2046 1985 2081 in
2015 2044 2112 2083 calce
2136 2046 2257 2094 operis
2282 2043 2402 2084 addita
2425 2042 2587 2094 praefatio

1422 2095 1490 2138 est,
1515 2093 1600 2135 Deo
1620 2092 1759 2142 auspice
1780 2093 1981 2132 declarabit

1538 2194 1611 2230 rive
1630 2191 1742 2240 diuque
1759 2190 1845 2228 valea
1870 2194 1986 2229 meritos
2009 2194 2087 2229 Dein
2108 2190 2203 2229 addas
2216 2190 2342 2241 honore&

2322 3879 2586 3936 LECTO-

2610 3331 2622 3335 N

2644 3590 2646 3602 n
2645 3274 2657 3579 ‘WQ-2
