<?xml version="1.0" encoding="UTF-8"?>
<!DOCTYPE html PUBLIC "-//W3C//DTD XHTML 1.0 Transitional//EN"
    "http://www.w3.org/TR/xhtml1/DTD/xhtml1-transitional.dtd">
<html xmlns="http://www.w3.org/1999/xhtml" xml:lang="en" lang="en">
 <head>
  <title>
</title>
<meta http-equiv="Content-Type" content="text/html;charset=utf-8" />
  <meta name='ocr-system' content='tesseract 3.04.00' />
  <meta name='ocr-capabilities' content='ocr_page ocr_carea ocr_par ocr_line ocrx_word'/>
</head>
<body>
  <div class='ocr_page' id='page_1' title='image "./robertistephanil01esti_0088.png"; bbox 0 0 2667 4145; ppageno 0'>
   <div class='ocr_carea' id='block_1_1' title="bbox 250 95 981 143">
    <p class='ocr_par' dir='ltr' id='par_1_1' title="bbox 250 95 981 143">
     <span class='ocr_line' id='line_1_1' title="bbox 250 95 981 143; baseline -0.007 -9"><span class='ocrx_word' id='word_1_1' title='bbox 250 109 295 143; x_wconf 81' lang='lat'>14</span> <span class='ocrx_word' id='word_1_2' title='bbox 701 98 729 132; x_wconf 83' lang='lat' dir='ltr'><strong>A</strong></span> <span class='ocrx_word' id='word_1_3' title='bbox 826 96 850 130; x_wconf 85' lang='lat' dir='ltr'>B</span> <span class='ocrx_word' id='word_1_4' title='bbox 949 95 981 129; x_wconf 80' lang='lat' dir='ltr'>R</span> 
     </span>
    </p>
   </div>
   <div class='ocr_carea' id='block_1_2' title="bbox 247 167 1401 402">
    <p class='ocr_par' dir='ltr' id='par_1_2' title="bbox 247 167 1401 402">
     <span class='ocr_line' id='line_1_2' title="bbox 249 167 1401 216; baseline -0.012 -7"><span class='ocrx_word' id='word_1_5' title='bbox 249 180 501 213; x_wconf 51' lang='lat' dir='ltr'>flammetur,</span> <span class='ocrx_word' id='word_1_6' title='bbox 531 178 625 208; x_wconf 71' lang='lat' dir='ltr'>Gallias</span> <span class='ocrx_word' id='word_1_7' title='bbox 644 177 833 216; x_wconf 74' lang='lat' dir='ltr'>Lugdunensis</span> <span class='ocrx_word' id='word_1_8' title='bbox 848 176 956 215; x_wconf 87' lang='lat' dir='ltr'>populi.</span> <span class='ocrx_word' id='word_1_9' title='bbox 993 170 1182 216; x_wconf 78' lang='lat' dir='ltr'>Lugdunensis</span> <span class='ocrx_word' id='word_1_10' title='bbox 1202 168 1290 211; x_wconf 65' lang='lat' dir='ltr'>G2³¹¹³³</span> <span class='ocrx_word' id='word_1_11' title='bbox 1305 167 1401 196; x_wconf 88' lang='lat' dir='ltr'>habuit</span> 
     </span>
     <span class='ocr_line' id='line_1_3' title="bbox 284 206 1398 260; baseline -0.013 -14"><span class='ocrx_word' id='word_1_12' title='bbox 284 217 437 260; x_wconf 75' lang='lat' dir='ltr'>Lexovios,</span> <span class='ocrx_word' id='word_1_13' title='bbox 458 216 637 252; x_wconf 81' lang='lat' dir='ltr'>Veliocasses,</span> <span class='ocrx_word' id='word_1_14' title='bbox 659 216 795 251; x_wconf 80' lang='lat' dir='ltr'>Galletos,</span> <span class='ocrx_word' id='word_1_15' title='bbox 816 215 953 247; x_wconf 82' lang='lat' dir='ltr'>Venetos,</span> <span class='ocrx_word' id='word_1_16' title='bbox 974 211 1163 240; x_wconf 83' lang='lat' dir='ltr'>Abrincatuos.</span> <span class='ocrx_word' id='word_1_17' title='bbox 1196 206 1265 235; x_wconf 87' lang='lat' dir='ltr'>le.</span> <span class='ocrx_word' id='word_1_18' title='bbox 1280 216 1339 243; x_wconf 62' lang='lat' dir='ltr'>cap.</span> <span class='ocrx_word' id='word_1_19' title='bbox 1357 210 1398 239; x_wconf 87' lang='lat'>18·</span> 
     </span>
     <span class='ocr_line' id='line_1_4' title="bbox 247 254 1396 327; baseline -0.01 -6"><span class='ocrx_word' id='word_1_20' title='bbox 247 254 335 322; x_wconf 49' lang='lat' dir='ltr'>AsshrPi</span> <span class='ocrx_word' id='word_1_21' title='bbox 344 266 416 326; x_wconf 49' lang='lat' dir='ltr'>iiio,</span> <span class='ocrx_word' id='word_1_22' title='bbox 437 292 482 325; x_wconf 90' lang='lat' dir='ltr'>ui,</span> <span class='ocrx_word' id='word_1_23' title='bbox 511 286 699 327; x_wconf 44' lang='lat' dir='ltr'>[imoegmigffi</span> <span class='ocrx_word' id='word_1_24' title='bbox 727 286 886 327; x_wconf 64' lang='grc' dir='ltr'>ἀνοιξνηίξω]</span> <span class='ocrx_word' id='word_1_25' title='bbox 915 292 1029 327; x_wconf 82' lang='lat' dir='ltr'>eptum,</span> <span class='ocrx_word' id='word_1_26' title='bbox 1049 293 1103 327; x_wconf 78' lang='lat' dir='ltr'>ere.</span> <span class='ocrx_word' id='word_1_27' title='bbox 1148 282 1189 311; x_wconf 85' lang='lat' dir='ltr'>Ex</span> <span class='ocrx_word' id='word_1_28' title='bbox 1208 282 1241 311; x_wconf 85' lang='lat' dir='ltr'>ab</span> <span class='ocrx_word' id='word_1_29' title='bbox 1259 283 1285 311; x_wconf 61' lang='grc' dir='ltr'>ἃ</span> <span class='ocrx_word' id='word_1_30' title='bbox 1302 281 1396 318; x_wconf 86' lang='lat' dir='ltr'>rapio:</span> 
     </span>
     <span class='ocr_line' id='line_1_5' title="bbox 284 319 1398 366; baseline -0.01 -9"><span class='ocrx_word' id='word_1_31' title='bbox 284 342 293 356; x_wconf 74' lang='grc'>1</span> <span class='ocrx_word' id='word_1_32' title='bbox 304 329 355 358; x_wconf 79' lang='lat' dir='ltr'>uaii</span> <span class='ocrx_word' id='word_1_33' title='bbox 367 337 444 366; x_wconf 82' lang='lat' dir='ltr'>raptu</span> <span class='ocrx_word' id='word_1_34' title='bbox 457 329 626 358; x_wconf 75' lang='lat' dir='ltr'>&amp;violenter</span> <span class='ocrx_word' id='word_1_35' title='bbox 639 328 767 357; x_wconf 82' lang='lat' dir='ltr'>alicunde</span> <span class='ocrx_word' id='word_1_36' title='bbox 779 327 883 356; x_wconf 85' lang='lat' dir='ltr'>auferre</span> <span class='ocrx_word' id='word_1_37' title='bbox 892 347 900 359; x_wconf 81' lang='grc'>,</span> <span class='ocrx_word' id='word_1_38' title='bbox 928 323 972 352; x_wconf 88' lang='grc' dir='ltr'>ν81</span> <span class='ocrx_word' id='word_1_39' title='bbox 982 333 1009 351; x_wconf 84' lang='lat' dir='ltr'>Vl</span> <span class='ocrx_word' id='word_1_40' title='bbox 1021 330 1127 364; x_wconf 66' lang='lat' dir='ltr'>eripere</span> <span class='ocrx_word' id='word_1_41' title='bbox 1139 342 1150 363; x_wconf 69' lang='lat'>,</span> <span class='ocrx_word' id='word_1_42' title='bbox 1168 319 1213 363; x_wconf 77' lang='lat' dir='ltr'>vel</span> <span class='ocrx_word' id='word_1_43' title='bbox 1226 320 1398 362; x_wconf 74' lang='lat' dir='ltr'>protrudere,</span> 
     </span>
     <span class='ocr_line' id='line_1_6' title="bbox 285 340 1398 402; baseline -0.009 -7"><span class='ocrx_word' id='word_1_44' title='bbox 285 340 342 396; x_wconf 62' lang='lat' dir='ltr'>Cic.</span> <span class='ocrx_word' id='word_1_45' title='bbox 358 368 386 395; x_wconf 90' lang='lat' dir='ltr'>in</span> <span class='ocrx_word' id='word_1_46' title='bbox 403 366 475 395; x_wconf 83' lang='lat' dir='ltr'>Verr.</span> <span class='ocrx_word' id='word_1_47' title='bbox 489 378 514 402; x_wconf 82' lang='lat'>4.</span> <span class='ocrx_word' id='word_1_48' title='bbox 534 376 574 395; x_wconf 87' lang='lat'>10.</span> <span class='ocrx_word' id='word_1_49' title='bbox 598 366 708 402; x_wconf 81' lang='lat' dir='ltr'>&#39;Quem</span> <span class='ocrx_word' id='word_1_50' title='bbox 726 366 834 394; x_wconf 86' lang='lat' dir='ltr'>obtorta</span> <span class='ocrx_word' id='word_1_51' title='bbox 849 362 912 400; x_wconf 82' lang='lat' dir='ltr'>gula</span> <span class='ocrx_word' id='word_1_52' title='bbox 925 362 960 390; x_wconf 87' lang='lat' dir='ltr'>de</span> <span class='ocrx_word' id='word_1_53' title='bbox 974 369 1122 393; x_wconf 79' lang='lat' dir='ltr'>convier,</span> <span class='ocrx_word' id='word_1_54' title='bbox 1143 368 1173 387; x_wconf 89' lang='lat' dir='ltr'>m</span> <span class='ocrx_word' id='word_1_55' title='bbox 1188 357 1300 387; x_wconf 78' lang='lat' dir='ltr'>vincula</span> <span class='ocrx_word' id='word_1_56' title='bbox 1312 357 1398 394; x_wconf 76' lang='lat' dir='ltr'>abripi</span> 
     </span>
    </p>
   </div>
   <div class='ocr_carea' id='block_1_3' title="bbox 225 404 1400 1525">
    <p class='ocr_par' dir='ltr' id='par_1_3' title="bbox 282 404 633 439">
     <span class='ocr_line' id='line_1_7' title="bbox 282 404 633 439; baseline 0 -7"><span class='ocrx_word' id='word_1_57' title='bbox 282 404 365 439; x_wconf 80' lang='lat' dir='ltr'>jusiir.</span> <span class='ocrx_word' id='word_1_58' title='bbox 392 404 422 433; x_wconf 91' lang='lat' dir='ltr'>ld</span> <span class='ocrx_word' id='word_1_59' title='bbox 437 404 492 438; x_wconf 89' lang='lat' dir='ltr'>est,</span> <span class='ocrx_word' id='word_1_60' title='bbox 513 404 633 432; x_wconf 83' lang='lat' dir='ltr'>detrudi.</span> 
     </span>
    </p>

    <p class='ocr_par' dir='ltr' id='par_1_4' title="bbox 282 436 1239 516">
     <span class='ocr_line' id='line_1_8' title="bbox 282 436 1148 479; baseline -0.009 -9"><span class='ocrx_word' id='word_1_61' title='bbox 282 441 412 479; x_wconf 79' lang='lat' dir='ltr'>Abripere</span> <span class='ocrx_word' id='word_1_62' title='bbox 430 441 600 470; x_wconf 84' lang='lat' dir='ltr'>frumentum</span> <span class='ocrx_word' id='word_1_63' title='bbox 622 440 655 469; x_wconf 85' lang='lat' dir='ltr'>ab</span> <span class='ocrx_word' id='word_1_64' title='bbox 676 445 789 469; x_wconf 83' lang='lat' dir='ltr'>aratore.</span> <span class='ocrx_word' id='word_1_65' title='bbox 820 438 877 466; x_wconf 82' lang='lat' dir='ltr'>Cic.</span> <span class='ocrx_word' id='word_1_66' title='bbox 898 436 972 464; x_wconf 85' lang='lat' dir='ltr'>Verr.</span> <span class='ocrx_word' id='word_1_67' title='bbox 995 446 1018 470; x_wconf 85' lang='lat'>5.</span> <span class='ocrx_word' id='word_1_68' title='bbox 1045 438 1106 471; x_wconf 85' lang='lat'>163.</span> <span class='ocrx_word' id='word_1_69' title='bbox 1143 472 1148 477; x_wconf 88' lang='lat'>.</span> 
     </span>
     <span class='ocr_line' id='line_1_9' title="bbox 301 471 1239 516; baseline -0.01 -8"><span class='ocrx_word' id='word_1_70' title='bbox 301 480 450 508; x_wconf 81' lang='lat' dir='ltr'>triennium</span> <span class='ocrx_word' id='word_1_71' title='bbox 461 479 583 507; x_wconf 85' lang='lat' dir='ltr'>aversum</span> <span class='ocrx_word' id='word_1_72' title='bbox 595 489 610 507; x_wconf 87' lang='lat' dir='ltr'>a</span> <span class='ocrx_word' id='word_1_73' title='bbox 621 478 689 515; x_wconf 88' lang='lat' dir='ltr'>Rep.</span> <span class='ocrx_word' id='word_1_74' title='bbox 704 476 757 505; x_wconf 77' lang='lat' dir='ltr'>effe</span> <span class='ocrx_word' id='word_1_75' title='bbox 766 498 774 511; x_wconf 91' lang='lat'>,</span> <span class='ocrx_word' id='word_1_76' title='bbox 796 475 995 511; x_wconf 86' lang='lat' dir='ltr'>abreptumque</span> <span class='ocrx_word' id='word_1_77' title='bbox 1007 473 1040 501; x_wconf 84' lang='lat' dir='ltr'>ab</span> <span class='ocrx_word' id='word_1_78' title='bbox 1051 471 1218 516; x_wconf 41' lang='lat' dir='ltr'>aratoribus..</span> <span class='ocrx_word' id='word_1_79' title='bbox 1235 509 1239 514; x_wconf 28' lang='grc' dir='ltr'>ι</span> 
     </span>
    </p>

    <p class='ocr_par' dir='ltr' id='par_1_5' title="bbox 283 506 1400 629">
     <span class='ocr_line' id='line_1_10' title="bbox 283 506 1400 552; baseline -0.01 -6"><span class='ocrx_word' id='word_1_80' title='bbox 283 517 415 547; x_wconf 78' lang='lat' dir='ltr'>Maritum</span> <span class='ocrx_word' id='word_1_81' title='bbox 429 527 443 545; x_wconf 86' lang='lat' dir='ltr'>a</span> <span class='ocrx_word' id='word_1_82' title='bbox 460 517 587 552; x_wconf 72' lang='lat' dir='ltr'>conjuge.</span> <span class='ocrx_word' id='word_1_83' title='bbox 620 516 677 545; x_wconf 86' lang='lat' dir='ltr'>Cic.</span> <span class='ocrx_word' id='word_1_84' title='bbox 698 514 771 542; x_wconf 88' lang='lat' dir='ltr'>Verr.</span> <span class='ocrx_word' id='word_1_85' title='bbox 785 516 810 542; x_wconf 87' lang='lat'>6.</span> <span class='ocrx_word' id='word_1_86' title='bbox 832 522 876 548; x_wconf 87' lang='lat'>29.</span> <span class='ocrx_word' id='word_1_87' title='bbox 907 518 1055 548; x_wconf 75' lang='lat' dir='ltr'>antequam</span> <span class='ocrx_word' id='word_1_88' title='bbox 1068 517 1120 539; x_wconf 82' lang='lat' dir='ltr'>iret</span> <span class='ocrx_word' id='word_1_89' title='bbox 1134 520 1162 538; x_wconf 91' lang='lat' dir='ltr'>1n</span> <span class='ocrx_word' id='word_1_90' title='bbox 1176 508 1300 538; x_wconf 69' lang='lat' dir='ltr'>exilium.</span> <span class='ocrx_word' id='word_1_91' title='bbox 1338 506 1400 549; x_wconf 80' lang='lat' dir='ltr'>Nec</span> 
     </span>
     <span class='ocr_line' id='line_1_11' title="bbox 300 545 1398 592; baseline -0.009 -9"><span class='ocrx_word' id='word_1_92' title='bbox 300 555 442 592; x_wconf 78' lang='lat' dir='ltr'>patiamini</span> <span class='ocrx_word' id='word_1_93' title='bbox 459 558 505 583; x_wconf 85' lang='lat' dir='ltr'>me</span> <span class='ocrx_word' id='word_1_94' title='bbox 515 565 529 583; x_wconf 87' lang='lat' dir='ltr'>a</span> <span class='ocrx_word' id='word_1_95' title='bbox 545 554 636 582; x_wconf 84' lang='lat' dir='ltr'>liberis</span> <span class='ocrx_word' id='word_1_96' title='bbox 650 552 718 580; x_wconf 85' lang='lat' dir='ltr'>meis</span> <span class='ocrx_word' id='word_1_97' title='bbox 731 550 894 579; x_wconf 70' lang='lat' dir='ltr'>abstractum</span> <span class='ocrx_word' id='word_1_98' title='bbox 905 571 913 584; x_wconf 93' lang='lat'>,</span> <span class='ocrx_word' id='word_1_99' title='bbox 937 559 953 578; x_wconf 88' lang='lat' dir='ltr'>a</span> <span class='ocrx_word' id='word_1_100' title='bbox 968 549 1087 585; x_wconf 74' lang='lat' dir='ltr'>conjuge</span> <span class='ocrx_word' id='word_1_101' title='bbox 1107 548 1252 584; x_wconf 85' lang='lat' dir='ltr'>abreptum</span> <span class='ocrx_word' id='word_1_102' title='bbox 1262 568 1270 581; x_wconf 91' lang='lat'>,</span> <span class='ocrx_word' id='word_1_103' title='bbox 1298 545 1331 574; x_wconf 86' lang='lat' dir='ltr'>ab</span> <span class='ocrx_word' id='word_1_104' title='bbox 1346 554 1398 574; x_wconf 83' lang='lat' dir='ltr'>aris</span> 
     </span>
     <span class='ocr_line' id='line_1_12' title="bbox 300 585 1238 629; baseline -0.007 -9"><span class='ocrx_word' id='word_1_105' title='bbox 300 593 422 629; x_wconf 76' lang='lat' dir='ltr'>sucisque</span> <span class='ocrx_word' id='word_1_106' title='bbox 433 592 612 620; x_wconf 80' lang='lat' dir='ltr'>innocentem</span> <span class='ocrx_word' id='word_1_107' title='bbox 646 590 780 624; x_wconf 74' lang='lat' dir='ltr'>rojectum</span> <span class='ocrx_word' id='word_1_108' title='bbox 790 610 798 622; x_wconf 88' lang='lat'>,</span> <span class='ocrx_word' id='word_1_109' title='bbox 819 588 904 616; x_wconf 80' lang='lat' dir='ltr'>vitam</span> <span class='ocrx_word' id='word_1_110' title='bbox 916 587 1016 624; x_wconf 81' lang='lat' dir='ltr'><strong>degere</strong></span> <span class='ocrx_word' id='word_1_111' title='bbox 1028 587 1055 615; x_wconf 90' lang='lat' dir='ltr'>in</span> <span class='ocrx_word' id='word_1_112' title='bbox 1067 585 1175 627; x_wconf 37' lang='grc' dir='ltr'>811110.ἡ</span> <span class='ocrx_word' id='word_1_113' title='bbox 1233 622 1238 627; x_wconf 38' lang='grc'><em>·</em></span> 
     </span>
    </p>

    <p class='ocr_par' dir='ltr' id='par_1_6' title="bbox 280 620 1398 733">
     <span class='ocr_line' id='line_1_13' title="bbox 280 620 1398 666; baseline -0.01 -7"><span class='ocrx_word' id='word_1_114' title='bbox 280 629 406 666; x_wconf 78' lang='lat' dir='ltr'>Aliquem</span> <span class='ocrx_word' id='word_1_115' title='bbox 417 639 431 657; x_wconf 88' lang='lat' dir='ltr'>a</span> <span class='ocrx_word' id='word_1_116' title='bbox 443 636 520 658; x_wconf 83' lang='lat' dir='ltr'>terra.</span> <span class='ocrx_word' id='word_1_117' title='bbox 552 629 608 657; x_wconf 87' lang='lat' dir='ltr'>Cic.</span> <span class='ocrx_word' id='word_1_118' title='bbox 623 637 657 655; x_wconf 73' lang='lat' dir='ltr'>(e</span> <span class='ocrx_word' id='word_1_119' title='bbox 676 626 751 655; x_wconf 73' lang='lat' dir='ltr'>Orat.</span> <span class='ocrx_word' id='word_1_120' title='bbox 768 635 791 662; x_wconf 80' lang='lat'>3.</span> <span class='ocrx_word' id='word_1_121' title='bbox 815 635 876 662; x_wconf 82' lang='lat'>143.</span> <span class='ocrx_word' id='word_1_122' title='bbox 914 624 1041 662; x_wconf 87' lang='lat' dir='ltr'>Repente</span> <span class='ocrx_word' id='word_1_123' title='bbox 1059 631 1087 652; x_wconf 92' lang='lat' dir='ltr'>te</span> <span class='ocrx_word' id='word_1_124' title='bbox 1105 624 1176 660; x_wconf 76' lang='lat' dir='ltr'>quali</span> <span class='ocrx_word' id='word_1_125' title='bbox 1193 621 1306 659; x_wconf 82' lang='lat' dir='ltr'>quidam</span> <span class='ocrx_word' id='word_1_126' title='bbox 1321 620 1398 649; x_wconf 70' lang='lat' dir='ltr'>festus</span> 
     </span>
     <span class='ocr_line' id='line_1_14' title="bbox 298 659 1398 703; baseline -0.009 -7"><span class='ocrx_word' id='word_1_127' title='bbox 298 667 401 703; x_wconf 74' lang='lat' dir='ltr'>ingenii</span> <span class='ocrx_word' id='word_1_128' title='bbox 421 667 460 695; x_wconf 88' lang='lat' dir='ltr'>tui</span> <span class='ocrx_word' id='word_1_129' title='bbox 478 666 576 702; x_wconf 86' lang='lat' dir='ltr'>procul</span> <span class='ocrx_word' id='word_1_130' title='bbox 589 675 609 694; x_wconf 87' lang='lat' dir='ltr'>a.</span> <span class='ocrx_word' id='word_1_131' title='bbox 622 671 692 693; x_wconf 83' lang='lat' dir='ltr'>terra</span> <span class='ocrx_word' id='word_1_132' title='bbox 706 663 844 701; x_wconf 80' lang='lat' dir='ltr'>abripuit,</span> <span class='ocrx_word' id='word_1_133' title='bbox 874 669 956 700; x_wconf 89' lang='lat' dir='ltr'>atque</span> <span class='ocrx_word' id='word_1_134' title='bbox 977 663 1006 691; x_wconf 92' lang='lat' dir='ltr'>in</span> <span class='ocrx_word' id='word_1_135' title='bbox 1023 661 1110 691; x_wconf 86' lang='lat' dir='ltr'>altum</span> <span class='ocrx_word' id='word_1_136' title='bbox 1129 671 1143 690; x_wconf 84' lang='lat' dir='ltr'>a</span> <span class='ocrx_word' id='word_1_137' title='bbox 1161 659 1310 697; x_wconf 73' lang='lat' dir='ltr'>conspeetu</span> <span class='ocrx_word' id='word_1_138' title='bbox 1325 667 1398 696; x_wconf 87' lang='lat' dir='ltr'>pene</span> 
     </span>
     <span class='ocr_line' id='line_1_15' title="bbox 298 703 572 733; baseline -0.007 0"><span class='ocrx_word' id='word_1_139' title='bbox 298 705 425 733; x_wconf 86' lang='lat' dir='ltr'>omnium</span> <span class='ocrx_word' id='word_1_140' title='bbox 439 703 572 733; x_wconf 75' lang='lat' dir='ltr'>abstraxit.</span> 
     </span>
    </p>

    <p class='ocr_par' dir='ltr' id='par_1_7' title="bbox 278 734 1395 816">
     <span class='ocr_line' id='line_1_16' title="bbox 278 734 1395 778; baseline -0.008 -7"><span class='ocrx_word' id='word_1_141' title='bbox 278 743 299 771; x_wconf 77' lang='lat' dir='ltr'>A</span> <span class='ocrx_word' id='word_1_142' title='bbox 310 741 457 778; x_wconf 74' lang='lat' dir='ltr'>complexu</span> <span class='ocrx_word' id='word_1_143' title='bbox 468 763 475 773; x_wconf 83' lang='lat'>,</span> <span class='ocrx_word' id='word_1_144' title='bbox 496 741 581 769; x_wconf 81' lang='lat' dir='ltr'>velex</span> <span class='ocrx_word' id='word_1_145' title='bbox 594 739 743 777; x_wconf 82' lang='lat' dir='ltr'>complexu</span> <span class='ocrx_word' id='word_1_146' title='bbox 756 738 884 776; x_wconf 79' lang='lat' dir='ltr'>aliquem.</span> <span class='ocrx_word' id='word_1_147' title='bbox 907 737 963 767; x_wconf 86' lang='lat' dir='ltr'>Liv.</span> <span class='ocrx_word' id='word_1_148' title='bbox 978 747 1002 774; x_wconf 85' lang='lat'>3.</span> <span class='ocrx_word' id='word_1_149' title='bbox 1019 737 1053 766; x_wconf 90' lang='lat' dir='ltr'>ab</span> <span class='ocrx_word' id='word_1_150' title='bbox 1065 736 1147 765; x_wconf 94' lang='lat' dir='ltr'>Urbe.</span> <span class='ocrx_word' id='word_1_151' title='bbox 1170 735 1228 766; x_wconf 86' lang='lat' dir='ltr'>Cic.</span> <span class='ocrx_word' id='word_1_152' title='bbox 1241 734 1316 764; x_wconf 92' lang='lat' dir='ltr'>Verr.</span> <span class='ocrx_word' id='word_1_153' title='bbox 1330 742 1354 770; x_wconf 88' lang='lat'>3.</span> <span class='ocrx_word' id='word_1_154' title='bbox 1369 741 1395 769; x_wconf 89' lang='lat'>7.</span> 
     </span>
     <span class='ocr_line' id='line_1_17' title="bbox 298 775 1208 816; baseline -0.005 -9"><span class='ocrx_word' id='word_1_155' title='bbox 298 780 352 816; x_wconf 82' lang='lat' dir='ltr'>Qui</span> <span class='ocrx_word' id='word_1_156' title='bbox 364 789 378 807; x_wconf 92' lang='lat' dir='ltr'>e</span> <span class='ocrx_word' id='word_1_157' title='bbox 391 778 538 815; x_wconf 76' lang='lat' dir='ltr'>complexu</span> <span class='ocrx_word' id='word_1_158' title='bbox 550 783 695 815; x_wconf 83' lang='lat' dir='ltr'>parentum</span> <span class='ocrx_word' id='word_1_159' title='bbox 707 776 835 815; x_wconf 83' lang='lat' dir='ltr'>abreptos</span> <span class='ocrx_word' id='word_1_160' title='bbox 847 775 918 805; x_wconf 76' lang='grc'>111105</span> <span class='ocrx_word' id='word_1_161' title='bbox 929 775 964 805; x_wconf 88' lang='lat' dir='ltr'>ad</span> <span class='ocrx_word' id='word_1_162' title='bbox 973 784 1073 805; x_wconf 82' lang='lat' dir='ltr'>necem</span> <span class='ocrx_word' id='word_1_163' title='bbox 1085 775 1208 804; x_wconf 84' lang='lat' dir='ltr'>duceret.</span> 
     </span>
    </p>

    <p class='ocr_par' dir='ltr' id='par_1_8' title="bbox 276 814 772 853">
     <span class='ocr_line' id='line_1_18' title="bbox 276 814 772 853; baseline -0.006 -7"><span class='ocrx_word' id='word_1_164' title='bbox 276 818 410 853; x_wconf 78' lang='lat' dir='ltr'>Abreptus</span> <span class='ocrx_word' id='word_1_165' title='bbox 421 826 462 844; x_wconf 68' lang='lat' dir='ltr'>ex.</span> <span class='ocrx_word' id='word_1_166' title='bbox 485 816 548 844; x_wconf 91' lang='lat' dir='ltr'>Ter.</span> <span class='ocrx_word' id='word_1_167' title='bbox 562 814 631 844; x_wconf 84' lang='lat' dir='ltr'>Eun.</span> <span class='ocrx_word' id='word_1_168' title='bbox 649 825 671 844; x_wconf 88' lang='lat'>1.</span> <span class='ocrx_word' id='word_1_169' title='bbox 685 825 711 844; x_wconf 90' lang='lat'>2.</span> <span class='ocrx_word' id='word_1_170' title='bbox 729 824 772 851; x_wconf 85' lang='lat'>30.</span> 
     </span>
    </p>

    <p class='ocr_par' dir='ltr' id='par_1_9' title="bbox 350 851 928 928">
     <span class='ocr_line' id='line_1_19' title="bbox 351 851 928 890; baseline -0.005 -7"><span class='ocrx_word' id='word_1_171' title='bbox 351 853 470 883; x_wconf 78' lang='lat' dir='ltr'>Puellam</span> <span class='ocrx_word' id='word_1_172' title='bbox 484 853 560 881; x_wconf 87' lang='lat' dir='ltr'>dono</span> <span class='ocrx_word' id='word_1_173' title='bbox 574 853 687 890; x_wconf 73' lang='lat' dir='ltr'>quidam</span> <span class='ocrx_word' id='word_1_174' title='bbox 700 857 836 881; x_wconf 88' lang='lat' dir='ltr'>mercator</span> <span class='ocrx_word' id='word_1_175' title='bbox 849 851 928 880; x_wconf 81' lang='lat' dir='ltr'>dedit</span> 
     </span>
     <span class='ocr_line' id='line_1_20' title="bbox 350 890 737 928; baseline 0.003 -9"><span class='ocrx_word' id='word_1_176' title='bbox 350 891 389 919; x_wconf 71' lang='lat' dir='ltr'>fix</span> <span class='ocrx_word' id='word_1_177' title='bbox 403 891 492 919; x_wconf 83' lang='lat' dir='ltr'>Attica</span> <span class='ocrx_word' id='word_1_178' title='bbox 507 890 572 920; x_wconf 84' lang='lat' dir='ltr'>hine</span> <span class='ocrx_word' id='word_1_179' title='bbox 585 891 737 928; x_wconf 74' lang='lat' dir='ltr'>abreptam.</span> 
     </span>
    </p>

    <p class='ocr_par' dir='ltr' id='par_1_10' title="bbox 273 922 1396 1004">
     <span class='ocr_line' id='line_1_21' title="bbox 273 922 1396 965; baseline -0.004 -9"><span class='ocrx_word' id='word_1_180' title='bbox 273 928 402 965; x_wconf 68' lang='lat' dir='ltr'>Abripere</span> <span class='ocrx_word' id='word_1_181' title='bbox 412 928 446 957; x_wconf 82' lang='lat' dir='ltr'>ad</span> <span class='ocrx_word' id='word_1_182' title='bbox 457 929 643 965; x_wconf 72' lang='lat' dir='ltr'>quaestionem.</span> <span class='ocrx_word' id='word_1_183' title='bbox 672 928 704 958; x_wconf 87' lang='lat' dir='ltr'>Id</span> <span class='ocrx_word' id='word_1_184' title='bbox 715 928 770 963; x_wconf 86' lang='lat' dir='ltr'>est,</span> <span class='ocrx_word' id='word_1_185' title='bbox 791 928 907 958; x_wconf 83' lang='lat' dir='ltr'>trahere.</span> <span class='ocrx_word' id='word_1_186' title='bbox 934 927 992 957; x_wconf 87' lang='lat' dir='ltr'>Cic.</span> <span class='ocrx_word' id='word_1_187' title='bbox 1005 935 1056 965; x_wconf 92' lang='lat' dir='ltr'>pro</span> <span class='ocrx_word' id='word_1_188' title='bbox 1068 924 1179 955; x_wconf 91' lang='lat' dir='ltr'>Cluent.</span> <span class='ocrx_word' id='word_1_189' title='bbox 1218 922 1259 954; x_wconf 92' lang='lat' dir='ltr'>Eo</span> <span class='ocrx_word' id='word_1_190' title='bbox 1269 928 1396 961; x_wconf 85' lang='lat' dir='ltr'>tempore</span> 
     </span>
     <span class='ocr_line' id='line_1_22' title="bbox 292 966 790 1004; baseline 0 -10"><span class='ocrx_word' id='word_1_191' title='bbox 292 966 326 994; x_wconf 89' lang='lat' dir='ltr'>ad</span> <span class='ocrx_word' id='word_1_192' title='bbox 340 966 518 1002; x_wconf 54' lang='lat' dir='ltr'>questionem</span> <span class='ocrx_word' id='word_1_193' title='bbox 533 966 587 1004; x_wconf 88' lang='lat' dir='ltr'>ipse</span> <span class='ocrx_word' id='word_1_194' title='bbox 601 966 730 1004; x_wconf 87' lang='lat' dir='ltr'>abreptus</span> <span class='ocrx_word' id='word_1_195' title='bbox 745 966 790 995; x_wconf 86' lang='lat' dir='ltr'>est.</span> 
     </span>
    </p>

    <p class='ocr_par' dir='ltr' id='par_1_11' title="bbox 272 1003 905 1040">
     <span class='ocr_line' id='line_1_23' title="bbox 272 1003 905 1040; baseline 0.002 -8"><span class='ocrx_word' id='word_1_196' title='bbox 272 1003 303 1032; x_wconf 82' lang='grc'>111</span> <span class='ocrx_word' id='word_1_197' title='bbox 318 1004 484 1033; x_wconf 85' lang='lat' dir='ltr'>servitutem.</span> <span class='ocrx_word' id='word_1_198' title='bbox 512 1004 582 1034; x_wconf 86' lang='lat' dir='ltr'>Hirt.</span> <span class='ocrx_word' id='word_1_199' title='bbox 595 1005 630 1033; x_wconf 90' lang='lat' dir='ltr'>de</span> <span class='ocrx_word' id='word_1_200' title='bbox 642 1004 708 1034; x_wconf 85' lang='lat' dir='ltr'>Bell.</span> <span class='ocrx_word' id='word_1_201' title='bbox 722 1004 802 1033; x_wconf 85' lang='lat' dir='ltr'>Afric.</span> <span class='ocrx_word' id='word_1_202' title='bbox 819 1003 866 1033; x_wconf 85' lang='lat' dir='ltr'>lib.</span> <span class='ocrx_word' id='word_1_203' title='bbox 881 1014 905 1040; x_wconf 82' lang='lat'>5.</span> 
     </span>
    </p>

    <p class='ocr_par' dir='ltr' id='par_1_12' title="bbox 271 1041 793 1079">
     <span class='ocr_line' id='line_1_24' title="bbox 271 1041 793 1079; baseline 0.004 -10"><span class='ocrx_word' id='word_1_204' title='bbox 271 1041 302 1070; x_wconf 92' lang='lat' dir='ltr'>In</span> <span class='ocrx_word' id='word_1_205' title='bbox 317 1042 478 1071; x_wconf 72' lang='lat' dir='ltr'>cruciatum.</span> <span class='ocrx_word' id='word_1_206' title='bbox 505 1042 568 1072; x_wconf 91' lang='lat' dir='ltr'>Ter.</span> <span class='ocrx_word' id='word_1_207' title='bbox 581 1042 651 1071; x_wconf 88' lang='lat' dir='ltr'>And.</span> <span class='ocrx_word' id='word_1_208' title='bbox 664 1054 690 1078; x_wconf 83' lang='lat'>4.</span> <span class='ocrx_word' id='word_1_209' title='bbox 708 1053 731 1077; x_wconf 84' lang='lat'>5.</span> <span class='ocrx_word' id='word_1_210' title='bbox 748 1052 793 1079; x_wconf 84' lang='lat'>47.</span> 
     </span>
    </p>

    <p class='ocr_par' dir='ltr' id='par_1_13' title="bbox 271 1079 690 1118">
     <span class='ocr_line' id='line_1_25' title="bbox 271 1079 690 1118; baseline 0.007 -11"><span class='ocrx_word' id='word_1_211' title='bbox 271 1079 302 1107; x_wconf 86' lang='lat' dir='ltr'>In</span> <span class='ocrx_word' id='word_1_212' title='bbox 317 1080 436 1108; x_wconf 87' lang='lat' dir='ltr'>vincula.</span> <span class='ocrx_word' id='word_1_213' title='bbox 473 1080 503 1109; x_wconf 94' lang='lat' dir='ltr'>V.</span> <span class='ocrx_word' id='word_1_214' title='bbox 520 1080 604 1118; x_wconf 85' lang='lat' dir='ltr'>paulo</span> <span class='ocrx_word' id='word_1_215' title='bbox 617 1088 690 1110; x_wconf 61' lang='lat' dir='ltr'>ante„</span> 
     </span>
    </p>

    <p class='ocr_par' dir='ltr' id='par_1_14' title="bbox 269 1113 1298 1156">
     <span class='ocr_line' id='line_1_26' title="bbox 269 1113 1298 1156; baseline -0.004 -10"><span class='ocrx_word' id='word_1_216' title='bbox 269 1117 362 1154; x_wconf 82' lang='lat' dir='ltr'>Abripi</span> <span class='ocrx_word' id='word_1_217' title='bbox 374 1118 543 1156; x_wconf 78' lang='lat' dir='ltr'>tempestate.</span> <span class='ocrx_word' id='word_1_218' title='bbox 574 1118 631 1148; x_wconf 85' lang='lat' dir='ltr'>Cic.</span> <span class='ocrx_word' id='word_1_219' title='bbox 667 1128 697 1147; x_wconf 91' lang='lat' dir='ltr'>ro</span> <span class='ocrx_word' id='word_1_220' title='bbox 709 1117 795 1155; x_wconf 81' lang='lat' dir='ltr'>Ligar.</span> <span class='ocrx_word' id='word_1_221' title='bbox 834 1116 905 1146; x_wconf 85' lang='lat' dir='ltr'>Tem</span> <span class='ocrx_word' id='word_1_222' title='bbox 928 1115 1010 1145; x_wconf 78' lang='lat' dir='ltr'>estate</span> <span class='ocrx_word' id='word_1_223' title='bbox 1024 1114 1153 1153; x_wconf 85' lang='lat' dir='ltr'>abreptus</span> <span class='ocrx_word' id='word_1_224' title='bbox 1166 1113 1204 1143; x_wconf 89' lang='lat' dir='ltr'>est</span> <span class='ocrx_word' id='word_1_225' title='bbox 1217 1122 1298 1143; x_wconf 85' lang='lat' dir='ltr'>unus.</span> 
     </span>
    </p>

    <p class='ocr_par' dir='ltr' id='par_1_15' title="bbox 267 1126 1395 1230">
     <span class='ocr_line' id='line_1_27' title="bbox 267 1126 1395 1192; baseline -0.006 -7"><span class='ocrx_word' id='word_1_226' title='bbox 267 1154 362 1192; x_wconf 82' lang='lat' dir='ltr'>Abripi</span> <span class='ocrx_word' id='word_1_227' title='bbox 374 1156 620 1191; x_wconf 73' lang='lat' dir='ltr'>teinpest.1tibusin</span> <span class='ocrx_word' id='word_1_228' title='bbox 631 1128 751 1192; x_wconf 79' lang='lat' dir='ltr'>aliquem</span> <span class='ocrx_word' id='word_1_229' title='bbox 764 1155 868 1184; x_wconf 86' lang='lat' dir='ltr'>locum.</span> <span class='ocrx_word' id='word_1_230' title='bbox 890 1126 960 1183; x_wconf 63' lang='lat' dir='ltr'>plin.</span> <span class='ocrx_word' id='word_1_231' title='bbox 974 1154 1022 1183; x_wconf 81' lang='lat' dir='ltr'>lib.</span> <span class='ocrx_word' id='word_1_232' title='bbox 1034 1163 1060 1182; x_wconf 90' lang='lat'>2.</span> <span class='ocrx_word' id='word_1_233' title='bbox 1077 1163 1136 1191; x_wconf 88' lang='lat' dir='ltr'>cap.</span> <span class='ocrx_word' id='word_1_234' title='bbox 1150 1162 1194 1190; x_wconf 85' lang='lat'>27.</span> <span class='ocrx_word' id='word_1_235' title='bbox 1233 1149 1395 1188; x_wconf 82' lang='lat' dir='ltr'>Tempesta-</span> 
     </span>
     <span class='ocr_line' id='line_1_28' title="bbox 288 1192 816 1230; baseline 0 -9"><span class='ocrx_word' id='word_1_236' title='bbox 288 1192 360 1221; x_wconf 86' lang='lat' dir='ltr'>tibus</span> <span class='ocrx_word' id='word_1_237' title='bbox 375 1192 461 1222; x_wconf 70' lang='lat' dir='ltr'>essent</span> <span class='ocrx_word' id='word_1_238' title='bbox 474 1194 502 1222; x_wconf 89' lang='lat' dir='ltr'>in</span> <span class='ocrx_word' id='word_1_239' title='bbox 516 1194 690 1223; x_wconf 76' lang='lat' dir='ltr'>Germaniam</span> <span class='ocrx_word' id='word_1_240' title='bbox 701 1193 816 1230; x_wconf 77' lang='lat' dir='ltr'>abrepti.</span> 
     </span>
    </p>

    <p class='ocr_par' dir='ltr' id='par_1_16' title="bbox 268 1227 1394 1338">
     <span class='ocr_line' id='line_1_29' title="bbox 268 1227 1394 1270; baseline -0.007 -8"><span class='ocrx_word' id='word_1_241' title='bbox 268 1231 362 1268; x_wconf 73' lang='lat' dir='ltr'>Abripi</span> <span class='ocrx_word' id='word_1_242' title='bbox 381 1241 396 1260; x_wconf 88' lang='lat' dir='ltr'>a</span> <span class='ocrx_word' id='word_1_243' title='bbox 415 1232 534 1268; x_wconf 81' lang='lat' dir='ltr'>parentis</span> <span class='ocrx_word' id='word_1_244' title='bbox 553 1232 741 1260; x_wconf 79' lang='lat' dir='ltr'>limilitudine.</span> <span class='ocrx_word' id='word_1_245' title='bbox 770 1230 827 1260; x_wconf 89' lang='lat' dir='ltr'>Cic.</span> <span class='ocrx_word' id='word_1_246' title='bbox 842 1239 868 1267; x_wconf 84' lang='lat'>7.</span> <span class='ocrx_word' id='word_1_247' title='bbox 900 1229 975 1259; x_wconf 83' lang='lat' dir='ltr'>Verr.</span> <span class='ocrx_word' id='word_1_248' title='bbox 997 1235 1029 1258; x_wconf 92' lang='lat' dir='ltr'>ut</span> <span class='ocrx_word' id='word_1_249' title='bbox 1045 1238 1129 1263; x_wconf 88' lang='lat' dir='ltr'>eum,</span> <span class='ocrx_word' id='word_1_250' title='bbox 1160 1228 1243 1257; x_wconf 82' lang='lat' dir='ltr'>etiam</span> <span class='ocrx_word' id='word_1_251' title='bbox 1260 1227 1278 1270; x_wconf 76' lang='lat' dir='ltr'>si</span> <span class='ocrx_word' id='word_1_252' title='bbox 1296 1232 1394 1269; x_wconf 75' lang='lat' dir='ltr'>natura</span> 
     </span>
     <span class='ocr_line' id='line_1_30' title="bbox 287 1264 1392 1306; baseline -0.004 -10"><span class='ocrx_word' id='word_1_253' title='bbox 287 1279 302 1297; x_wconf 75' lang='lat' dir='ltr'>a</span> <span class='ocrx_word' id='word_1_254' title='bbox 314 1269 434 1305; x_wconf 77' lang='lat' dir='ltr'>parentis</span> <span class='ocrx_word' id='word_1_255' title='bbox 449 1269 630 1299; x_wconf 81' lang='lat' dir='ltr'>fimilitudine</span> <span class='ocrx_word' id='word_1_256' title='bbox 645 1269 802 1306; x_wconf 82' lang='lat' dir='ltr'>abriperet,</span> <span class='ocrx_word' id='word_1_257' title='bbox 823 1266 996 1297; x_wconf 83' lang='lat' dir='ltr'>consuetudo</span> <span class='ocrx_word' id='word_1_258' title='bbox 1007 1271 1143 1296; x_wconf 70' lang='lat' dir='ltr'>tamen&#39;ac</span> <span class='ocrx_word' id='word_1_259' title='bbox 1162 1264 1307 1303; x_wconf 85' lang='lat' dir='ltr'>disciplina</span> <span class='ocrx_word' id='word_1_260' title='bbox 1321 1270 1392 1302; x_wconf 84' lang='lat' dir='ltr'>patn</span> 
     </span>
     <span class='ocr_line' id='line_1_31' title="bbox 287 1306 606 1338; baseline 0.009 -4"><span class='ocrx_word' id='word_1_261' title='bbox 287 1306 402 1335; x_wconf 67' lang='lat' dir='ltr'>similem</span> <span class='ocrx_word' id='word_1_262' title='bbox 417 1307 469 1336; x_wconf 81' lang='lat' dir='ltr'>esse</span> <span class='ocrx_word' id='word_1_263' title='bbox 487 1317 519 1336; x_wconf 89' lang='lat' dir='ltr'>co</span> <span class='ocrx_word' id='word_1_264' title='bbox 531 1314 606 1338; x_wconf 74' lang='lat' dir='ltr'>reret.</span> 
     </span>
    </p>

    <p class='ocr_par' dir='ltr' id='par_1_17' title="bbox 266 1341 1391 1450">
     <span class='ocr_line' id='line_1_32' title="bbox 266 1341 1366 1383; baseline -0.004 -11"><span class='ocrx_word' id='word_1_265' title='bbox 266 1343 397 1382; x_wconf 84' lang='lat' dir='ltr'>Abripere</span> <span class='ocrx_word' id='word_1_266' title='bbox 411 1344 473 1373; x_wconf 88' lang='lat' dir='ltr'>sese.</span> <span class='ocrx_word' id='word_1_267' title='bbox 502 1345 520 1374; x_wconf 91' lang='lat' dir='ltr'>P</span> <span class='ocrx_word' id='word_1_268' title='bbox 533 1352 587 1374; x_wconf 74' lang='lat' dir='ltr'>aut.</span> <span class='ocrx_word' id='word_1_269' title='bbox 602 1344 687 1374; x_wconf 87' lang='lat' dir='ltr'>Milit.</span> <span class='ocrx_word' id='word_1_270' title='bbox 701 1354 726 1374; x_wconf 88' lang='lat'>2.</span> <span class='ocrx_word' id='word_1_271' title='bbox 741 1354 766 1373; x_wconf 92' lang='lat'>2.</span> <span class='ocrx_word' id='word_1_272' title='bbox 786 1353 831 1373; x_wconf 84' lang='lat'>21.</span> <span class='ocrx_word' id='word_1_273' title='bbox 871 1343 975 1380; x_wconf 91' lang='lat' dir='ltr'>-quis</span> <span class='ocrx_word' id='word_1_274' title='bbox 988 1342 1010 1371; x_wconf 89' lang='lat' dir='ltr'>is</span> <span class='ocrx_word' id='word_1_275' title='bbox 1025 1342 1063 1371; x_wconf 85' lang='lat' dir='ltr'>est</span> <span class='ocrx_word' id='word_1_276' title='bbox 1074 1341 1182 1370; x_wconf 82' lang='lat' dir='ltr'>homo‘.&gt;</span> <span class='ocrx_word' id='word_1_277' title='bbox 1360 1376 1366 1383; x_wconf 90' lang='lat'>.</span> 
     </span>
     <span class='ocr_line' id='line_1_33' title="bbox 285 1376 1391 1448; baseline -0.005 -37"><span class='ocrx_word' id='word_1_278' title='bbox 285 1391 332 1448; x_wconf 56' lang='lat' dir='ltr'>st</span> <span class='ocrx_word' id='word_1_279' title='bbox 354 1381 469 1425; x_wconf 77' lang='lat' dir='ltr'>Nescio:</span> <span class='ocrx_word' id='word_1_280' title='bbox 492 1383 529 1412; x_wconf 85' lang='lat' dir='ltr'>ita</span> <span class='ocrx_word' id='word_1_281' title='bbox 539 1383 659 1420; x_wconf 81' lang='lat' dir='ltr'>abripuit</span> <span class='ocrx_word' id='word_1_282' title='bbox 669 1388 784 1420; x_wconf 90' lang='lat' dir='ltr'>repente</span> <span class='ocrx_word' id='word_1_283' title='bbox 793 1381 847 1411; x_wconf 89' lang='lat' dir='ltr'>sese</span> <span class='ocrx_word' id='word_1_284' title='bbox 858 1381 957 1411; x_wconf 88' lang='lat' dir='ltr'>subito.</span> <span class='ocrx_word' id='word_1_285' title='bbox 993 1380 1061 1415; x_wconf 74' lang='lat' dir='ltr'>Pro,</span> <span class='ocrx_word' id='word_1_286' title='bbox 1081 1379 1229 1417; x_wconf 81' lang='lat' dir='ltr'>surripuit,</span> <span class='ocrx_word' id='word_1_287' title='bbox 1248 1376 1391 1413; x_wconf 77' lang='lat' dir='ltr'>subduxit,</span> 
     </span>
     <span class='ocr_line' id='line_1_34' title="bbox 298 1425 425 1450; baseline 0 -2"><span class='ocrx_word' id='word_1_288' title='bbox 298 1430 312 1448; x_wconf 94' lang='lat' dir='ltr'>u</span> <span class='ocrx_word' id='word_1_289' title='bbox 335 1425 425 1450; x_wconf 67' lang='lat' dir='ltr'>traxit.</span> 
     </span>
    </p>

    <p class='ocr_par' dir='ltr' id='par_1_18' title="bbox 225 1451 1388 1494">
     <span class='ocr_line' id='line_1_35' title="bbox 225 1451 1388 1494; baseline -0.004 -7"><span class='ocrx_word' id='word_1_290' title='bbox 225 1455 416 1487; x_wconf 56' lang='lat' dir='ltr'>ABRN—rus</span> <span class='ocrx_word' id='word_1_291' title='bbox 427 1479 435 1493; x_wconf 88' lang='lat'>‚</span> <span class='ocrx_word' id='word_1_292' title='bbox 456 1467 489 1494; x_wconf 87' lang='lat' dir='ltr'>a,</span> <span class='ocrx_word' id='word_1_293' title='bbox 517 1468 574 1487; x_wconf 90' lang='lat' dir='ltr'>um.</span> <span class='ocrx_word' id='word_1_294' title='bbox 609 1457 705 1487; x_wconf 86' lang='lat' dir='ltr'>Partic.</span> <span class='ocrx_word' id='word_1_295' title='bbox 738 1463 789 1493; x_wconf 89' lang='lat' dir='ltr'>ut,</span> <span class='ocrx_word' id='word_1_296' title='bbox 818 1456 945 1494; x_wconf 84' lang='lat' dir='ltr'>Abreptae</span> <span class='ocrx_word' id='word_1_297' title='bbox 963 1455 1046 1485; x_wconf 88' lang='lat' dir='ltr'>remis</span> <span class='ocrx_word' id='word_1_298' title='bbox 1061 1455 1091 1484; x_wconf 90' lang='lat' dir='ltr'>in</span> <span class='ocrx_word' id='word_1_299' title='bbox 1108 1460 1209 1483; x_wconf 87' lang='lat' dir='ltr'>terram</span> <span class='ocrx_word' id='word_1_300' title='bbox 1226 1462 1318 1483; x_wconf 86' lang='lat' dir='ltr'>naves.</span> <span class='ocrx_word' id='word_1_301' title='bbox 1356 1451 1388 1482; x_wconf 90' lang='lat' dir='ltr'>V.</span> 
     </span>
    </p>

    <p class='ocr_par' dir='ltr' id='par_1_19' title="bbox 269 1504 387 1525">
     <span class='ocr_line' id='line_1_36' title="bbox 269 1504 387 1525; baseline 0.008 -2"><span class='ocrx_word' id='word_1_302' title='bbox 269 1504 288 1523; x_wconf 88' lang='lat' dir='ltr'>N</span> <span class='ocrx_word' id='word_1_303' title='bbox 297 1505 316 1524; x_wconf 81' lang='lat' dir='ltr'>A</span> <span class='ocrx_word' id='word_1_304' title='bbox 324 1505 341 1524; x_wconf 95' lang='lat' dir='ltr'>v</span> <span class='ocrx_word' id='word_1_305' title='bbox 350 1507 358 1524; x_wconf 88' lang='grc'>1</span> <span class='ocrx_word' id='word_1_306' title='bbox 366 1505 387 1525; x_wconf 89' lang='lat' dir='ltr'>s.</span> 
     </span>
    </p>
   </div>
   <div class='ocr_carea' id='block_1_4' title="bbox 199 1529 1390 3876">
    <p class='ocr_par' dir='ltr' id='par_1_20' title="bbox 227 1529 1192 1568">
     <span class='ocr_line' id='line_1_37' title="bbox 227 1529 1192 1568; baseline -0.004 -5"><span class='ocrx_word' id='word_1_307' title='bbox 227 1532 250 1563; x_wconf 74' lang='lat' dir='ltr'>A</span> <span class='ocrx_word' id='word_1_308' title='bbox 258 1543 272 1561; x_wconf 78' lang='lat' dir='ltr'>B</span> <span class='ocrx_word' id='word_1_309' title='bbox 281 1542 296 1561; x_wconf 70' lang='grc' dir='ltr'>ι</span> <span class='ocrx_word' id='word_1_310' title='bbox 306 1543 322 1561; x_wconf 92' lang='lat' dir='ltr'>o</span> <span class='ocrx_word' id='word_1_311' title='bbox 332 1543 348 1561; x_wconf 88' lang='grc'>8</span> <span class='ocrx_word' id='word_1_312' title='bbox 356 1543 372 1562; x_wconf 92' lang='grc'>0</span> <span class='ocrx_word' id='word_1_313' title='bbox 381 1544 402 1562; x_wconf 82' lang='lat' dir='ltr'>M</span> <span class='ocrx_word' id='word_1_314' title='bbox 411 1543 428 1562; x_wconf 85' lang='lat' dir='ltr'>A</span> <span class='ocrx_word' id='word_1_315' title='bbox 438 1543 450 1563; x_wconf 89' lang='lat' dir='ltr'>s</span> <span class='ocrx_word' id='word_1_316' title='bbox 459 1555 467 1568; x_wconf 98' lang='lat'>,</span> <span class='ocrx_word' id='word_1_317' title='bbox 488 1543 560 1563; x_wconf 90' lang='lat' dir='ltr'>unus</span> <span class='ocrx_word' id='word_1_318' title='bbox 574 1543 608 1563; x_wconf 82' lang='lat' dir='ltr'>ex</span> <span class='ocrx_word' id='word_1_319' title='bbox 618 1533 731 1562; x_wconf 89' lang='lat' dir='ltr'>summis</span> <span class='ocrx_word' id='word_1_320' title='bbox 741 1533 897 1562; x_wconf 77' lang='lat' dir='ltr'>Artaxerxis</span> <span class='ocrx_word' id='word_1_321' title='bbox 909 1531 1036 1561; x_wconf 89' lang='lat' dir='ltr'>ducibus.</span> <span class='ocrx_word' id='word_1_322' title='bbox 1057 1529 1192 1568; x_wconf 81' lang='lat' dir='ltr'>Xenoph.</span> 
     </span>
    </p>

    <p class='ocr_par' dir='ltr' id='par_1_21' title="bbox 226 1566 1390 1647">
     <span class='ocr_line' id='line_1_38' title="bbox 226 1566 1390 1608; baseline -0.004 -8"><span class='ocrx_word' id='word_1_323' title='bbox 226 1570 496 1607; x_wconf 66' lang='lat' dir='ltr'>Arsaonrffi&#39;rON,</span> <span class='ocrx_word' id='word_1_324' title='bbox 523 1572 540 1600; x_wconf 96' lang='lat' dir='ltr'>i.</span> <span class='ocrx_word' id='word_1_325' title='bbox 568 1581 596 1600; x_wconf 92' lang='lat' dir='ltr'>n.</span> <span class='ocrx_word' id='word_1_326' title='bbox 629 1569 827 1608; x_wconf 57' lang='lat' dir='ltr'>[acgoali&#39;usw]</span> <span class='ocrx_word' id='word_1_327' title='bbox 855 1570 1007 1600; x_wconf 73' lang='lat' dir='ltr'>politianus</span> <span class='ocrx_word' id='word_1_328' title='bbox 1023 1570 1106 1598; x_wconf 89' lang='lat' dir='ltr'>vertit</span> <span class='ocrx_word' id='word_1_329' title='bbox 1125 1577 1160 1598; x_wconf 87' lang='lat' dir='ltr'>ex</span> <span class='ocrx_word' id='word_1_330' title='bbox 1179 1566 1284 1597; x_wconf 86' lang='lat' dir='ltr'>Herod.</span> <span class='ocrx_word' id='word_1_331' title='bbox 1305 1566 1390 1596; x_wconf 84' lang='lat' dir='ltr'>vitam</span> 
     </span>
     <span class='ocr_line' id='line_1_39' title="bbox 264 1607 1313 1647; baseline 0 -11"><span class='ocrx_word' id='word_1_332' title='bbox 264 1607 458 1638; x_wconf 79' lang='lat' dir='ltr'>mollissimam.</span> <span class='ocrx_word' id='word_1_333' title='bbox 495 1609 577 1638; x_wconf 87' lang='lat' dir='ltr'>Unde</span> <span class='ocrx_word' id='word_1_334' title='bbox 1269 1642 1275 1647; x_wconf 93' lang='lat'>.</span> <span class='ocrx_word' id='word_1_335' title='bbox 1308 1643 1313 1647; x_wconf 31' lang='grc' dir='ltr'>ι</span> 
     </span>
    </p>

    <p class='ocr_par' dir='ltr' id='par_1_22' title="bbox 226 1643 1390 1795">
     <span class='ocr_line' id='line_1_40' title="bbox 226 1643 1388 1682; baseline -0.004 -5"><span class='ocrx_word' id='word_1_336' title='bbox 226 1646 271 1677; x_wconf 66' lang='lat' dir='ltr'>Aa</span> <span class='ocrx_word' id='word_1_337' title='bbox 281 1656 347 1675; x_wconf 73' lang='lat' dir='ltr'>aon</span> <span class='ocrx_word' id='word_1_338' title='bbox 357 1657 396 1675; x_wconf 78' lang='lat' dir='ltr'>1AE</span> <span class='ocrx_word' id='word_1_339' title='bbox 406 1656 471 1676; x_wconf 57' lang='lat' dir='ltr'>&#39;rus</span> <span class='ocrx_word' id='word_1_340' title='bbox 482 1669 490 1682; x_wconf 87' lang='lat'>,</span> <span class='ocrx_word' id='word_1_341' title='bbox 519 1647 644 1676; x_wconf 86' lang='lat' dir='ltr'>Delicate</span> <span class='ocrx_word' id='word_1_342' title='bbox 663 1648 690 1677; x_wconf 72' lang='lat' dir='ltr'>St</span> <span class='ocrx_word' id='word_1_343' title='bbox 708 1646 829 1676; x_wconf 90' lang='lat' dir='ltr'>molliter</span> <span class='ocrx_word' id='word_1_344' title='bbox 844 1647 940 1675; x_wconf 87' lang='lat' dir='ltr'>vivens</span> <span class='ocrx_word' id='word_1_345' title='bbox 950 1667 958 1681; x_wconf 93' lang='lat'>,</span> <span class='ocrx_word' id='word_1_346' title='bbox 987 1645 1062 1674; x_wconf 90' lang='lat' dir='ltr'>laute</span> <span class='ocrx_word' id='word_1_347' title='bbox 1081 1645 1107 1674; x_wconf 72' lang='grc' dir='ltr'>δε</span> <span class='ocrx_word' id='word_1_348' title='bbox 1122 1643 1235 1682; x_wconf 78' lang='lat' dir='ltr'>opipare</span> <span class='ocrx_word' id='word_1_349' title='bbox 1250 1643 1388 1677; x_wconf 62' lang='lat' dir='ltr'>vrchtans,</span> 
     </span>
     <span class='ocr_line' id='line_1_41' title="bbox 265 1680 1390 1748; baseline -0.004 -35"><span class='ocrx_word' id='word_1_350' title='bbox 265 1683 359 1713; x_wconf 81' lang='lat' dir='ltr'>Graece</span> <span class='ocrx_word' id='word_1_351' title='bbox 373 1682 546 1720; x_wconf 42' lang='grc' dir='ltr'>ἀβξοδίαητῶυ</span> <span class='ocrx_word' id='word_1_352' title='bbox 557 1707 564 1719; x_wconf 88' lang='grc'>,</span> <span class='ocrx_word' id='word_1_353' title='bbox 589 1684 685 1714; x_wconf 82' lang='lat' dir='ltr'>Latine</span> <span class='ocrx_word' id='word_1_354' title='bbox 696 1684 829 1722; x_wconf 85' lang='lat' dir='ltr'>significat</span> <span class='ocrx_word' id='word_1_355' title='bbox 839 1684 990 1714; x_wconf 90' lang='lat' dir='ltr'>delicatum</span> <span class='ocrx_word' id='word_1_356' title='bbox 1005 1689 1086 1720; x_wconf 90' lang='lat' dir='ltr'>atque</span> <span class='ocrx_word' id='word_1_357' title='bbox 1097 1681 1262 1748; x_wconf 53' lang='lat' dir='ltr'>elegantem.</span> <span class='ocrx_word' id='word_1_358' title='bbox 1301 1680 1390 1717; x_wconf 81' lang='lat' dir='ltr'>Quod</span> 
     </span>
     <span class='ocr_line' id='line_1_42' title="bbox 263 1718 1384 1759; baseline -0.003 -9"><span class='ocrx_word' id='word_1_359' title='bbox 263 1731 369 1751; x_wconf 89' lang='lat' dir='ltr'>nomen</span> <span class='ocrx_word' id='word_1_360' title='bbox 380 1722 426 1751; x_wconf 83' lang='lat' dir='ltr'>fibi</span> <span class='ocrx_word' id='word_1_361' title='bbox 439 1723 572 1759; x_wconf 75' lang='lat' dir='ltr'>arrogavit</span> <span class='ocrx_word' id='word_1_362' title='bbox 581 1722 732 1752; x_wconf 84' lang='lat' dir='ltr'>Parrhasius</span> <span class='ocrx_word' id='word_1_363' title='bbox 764 1723 833 1751; x_wconf 75' lang='lat' dir='ltr'>ictor</span> <span class='ocrx_word' id='word_1_364' title='bbox 843 1721 1035 1751; x_wconf 82' lang='lat' dir='ltr'>nobilissimus.</span> <span class='ocrx_word' id='word_1_365' title='bbox 1063 1720 1132 1749; x_wconf 86' lang='lat' dir='ltr'>Plin.</span> <span class='ocrx_word' id='word_1_366' title='bbox 1157 1718 1193 1748; x_wconf 93' lang='lat' dir='ltr'>ib.</span> <span class='ocrx_word' id='word_1_367' title='bbox 1207 1728 1249 1756; x_wconf 85' lang='lat'>35.</span> <span class='ocrx_word' id='word_1_368' title='bbox 1267 1727 1327 1756; x_wconf 83' lang='lat' dir='ltr'>cap.</span> <span class='ocrx_word' id='word_1_369' title='bbox 1342 1728 1384 1747; x_wconf 93' lang='lat'>10.</span> 
     </span>
     <span class='ocr_line' id='line_1_43' title="bbox 263 1758 1134 1795; baseline -0.002 -7"><span class='ocrx_word' id='word_1_370' title='bbox 263 1758 305 1788; x_wconf 90' lang='lat' dir='ltr'>De</span> <span class='ocrx_word' id='word_1_371' title='bbox 319 1760 377 1795; x_wconf 86' lang='lat' dir='ltr'>ejus</span> <span class='ocrx_word' id='word_1_372' title='bbox 390 1760 509 1789; x_wconf 72' lang='lat' dir='ltr'>delicato</span> <span class='ocrx_word' id='word_1_373' title='bbox 520 1761 631 1790; x_wconf 88' lang='lat' dir='ltr'>vivendi</span> <span class='ocrx_word' id='word_1_374' title='bbox 644 1770 722 1790; x_wconf 90' lang='lat' dir='ltr'>more</span> <span class='ocrx_word' id='word_1_375' title='bbox 761 1783 767 1789; x_wconf 92' lang='lat'>.</span> <span class='ocrx_word' id='word_1_376' title='bbox 779 1760 879 1790; x_wconf 80' lang='lat' dir='ltr'>AElian.</span> <span class='ocrx_word' id='word_1_377' title='bbox 891 1759 953 1789; x_wconf 88' lang='lat' dir='ltr'>Var.</span> <span class='ocrx_word' id='word_1_378' title='bbox 966 1759 1035 1789; x_wconf 88' lang='lat' dir='ltr'>Hist.</span> <span class='ocrx_word' id='word_1_379' title='bbox 1048 1769 1072 1794; x_wconf 91' lang='lat'>9.</span> <span class='ocrx_word' id='word_1_380' title='bbox 1093 1768 1134 1787; x_wconf 93' lang='lat'>11.</span> 
     </span>
    </p>

    <p class='ocr_par' dir='ltr' id='par_1_23' title="bbox 223 1792 1390 1911">
     <span class='ocr_line' id='line_1_44' title="bbox 223 1792 1383 1834; baseline -0.004 -7"><span class='ocrx_word' id='word_1_381' title='bbox 223 1797 246 1827; x_wconf 78' lang='lat' dir='ltr'>A</span> <span class='ocrx_word' id='word_1_382' title='bbox 255 1807 269 1825; x_wconf 68' lang='grc' dir='ltr'><strong>Β</strong></span> <span class='ocrx_word' id='word_1_383' title='bbox 277 1806 295 1826; x_wconf 76' lang='lat' dir='ltr'>R</span> <span class='ocrx_word' id='word_1_384' title='bbox 303 1801 320 1827; x_wconf 84' lang='grc' dir='ltr'><strong><em>ὃ</em></strong></span> <span class='ocrx_word' id='word_1_385' title='bbox 330 1808 348 1826; x_wconf 83' lang='grc'>1)</span> <span class='ocrx_word' id='word_1_386' title='bbox 358 1808 374 1826; x_wconf 95' lang='lat'>0</span> <span class='ocrx_word' id='word_1_387' title='bbox 384 1820 393 1833; x_wconf 82' lang='grc'>.,</span> <span class='ocrx_word' id='word_1_388' title='bbox 414 1799 430 1827; x_wconf 88' lang='grc'>11</span> <span class='ocrx_word' id='word_1_389' title='bbox 442 1821 449 1833; x_wconf 93' lang='grc'>,</span> <span class='ocrx_word' id='word_1_390' title='bbox 471 1798 529 1827; x_wconf 83' lang='grc'>111111</span> <span class='ocrx_word' id='word_1_391' title='bbox 540 1821 547 1832; x_wconf 92' lang='grc'>,</span> <span class='ocrx_word' id='word_1_392' title='bbox 568 1798 766 1834; x_wconf 65' lang='grc' dir='ltr'>[ἀποζρώι-κω]</span> <span class='ocrx_word' id='word_1_393' title='bbox 787 1808 841 1827; x_wconf 88' lang='lat' dir='ltr'>ere.</span> <span class='ocrx_word' id='word_1_394' title='bbox 868 1797 914 1827; x_wconf 86' lang='lat' dir='ltr'>Est</span> <span class='ocrx_word' id='word_1_395' title='bbox 924 1797 1051 1827; x_wconf 88' lang='lat' dir='ltr'>rodendo</span> <span class='ocrx_word' id='word_1_396' title='bbox 1062 1795 1230 1825; x_wconf 88' lang='lat' dir='ltr'>abscindere.</span> <span class='ocrx_word' id='word_1_397' title='bbox 1253 1792 1322 1823; x_wconf 85' lang='lat' dir='ltr'>Plin.</span> <span class='ocrx_word' id='word_1_398' title='bbox 1335 1793 1383 1823; x_wconf 91' lang='lat' dir='ltr'>lib.</span> 
     </span>
     <span class='ocr_line' id='line_1_45' title="bbox 265 1831 1390 1874; baseline -0.003 -11"><span class='ocrx_word' id='word_1_399' title='bbox 265 1844 307 1864; x_wconf 91' lang='lat'>10.</span> <span class='ocrx_word' id='word_1_400' title='bbox 325 1845 384 1873; x_wconf 89' lang='lat' dir='ltr'>cap.</span> <span class='ocrx_word' id='word_1_401' title='bbox 397 1840 441 1865; x_wconf 89' lang='lat'>62.</span> <span class='ocrx_word' id='word_1_402' title='bbox 461 1846 484 1865; x_wconf 87' lang='lat'>1.</span> <span class='ocrx_word' id='word_1_403' title='bbox 521 1836 627 1874; x_wconf 80' lang='lat' dir='ltr'>Viperae</span> <span class='ocrx_word' id='word_1_404' title='bbox 644 1846 702 1865; x_wconf 89' lang='lat' dir='ltr'>mas</span> <span class='ocrx_word' id='word_1_405' title='bbox 721 1842 805 1874; x_wconf 82' lang='lat' dir='ltr'>caput</span> <span class='ocrx_word' id='word_1_406' title='bbox 822 1836 917 1865; x_wconf 86' lang='lat' dir='ltr'>inserit</span> <span class='ocrx_word' id='word_1_407' title='bbox 934 1836 965 1865; x_wconf 87' lang='lat' dir='ltr'>in</span> <span class='ocrx_word' id='word_1_408' title='bbox 982 1844 1030 1865; x_wconf 89' lang='lat' dir='ltr'>os:</span> <span class='ocrx_word' id='word_1_409' title='bbox 1060 1833 1138 1872; x_wconf 86' lang='lat' dir='ltr'>quod</span> <span class='ocrx_word' id='word_1_410' title='bbox 1155 1832 1203 1862; x_wconf 80' lang='lat' dir='ltr'>illa</span> <span class='ocrx_word' id='word_1_411' title='bbox 1220 1831 1329 1861; x_wconf 87' lang='lat' dir='ltr'>abrodit</span> <span class='ocrx_word' id='word_1_412' title='bbox 1339 1841 1390 1861; x_wconf 85' lang='lat' dir='ltr'>vo-</span> 
     </span>
     <span class='ocr_line' id='line_1_46' title="bbox 262 1871 1163 1911; baseline 0.007 -10"><span class='ocrx_word' id='word_1_413' title='bbox 262 1871 376 1911; x_wconf 84' lang='lat' dir='ltr'>luptatis</span> <span class='ocrx_word' id='word_1_414' title='bbox 392 1873 550 1903; x_wconf 86' lang='lat' dir='ltr'>dulcedine.</span> <span class='ocrx_word' id='word_1_415' title='bbox 1158 1897 1163 1904; x_wconf 76' lang='lat'><strong>·</strong></span> 
     </span>
    </p>

    <p class='ocr_par' dir='ltr' id='par_1_24' title="bbox 222 1907 1387 2025">
     <span class='ocr_line' id='line_1_47' title="bbox 222 1907 1386 1947; baseline -0.003 -9"><span class='ocrx_word' id='word_1_416' title='bbox 222 1907 267 1938; x_wconf 74' lang='lat' dir='ltr'>As</span> <span class='ocrx_word' id='word_1_417' title='bbox 275 1921 291 1939; x_wconf 69' lang='lat' dir='ltr'>a</span> <span class='ocrx_word' id='word_1_418' title='bbox 300 1916 317 1940; x_wconf 84' lang='lat' dir='ltr'>o</span> <span class='ocrx_word' id='word_1_419' title='bbox 326 1921 342 1939; x_wconf 71' lang='grc'>0</span> <span class='ocrx_word' id='word_1_420' title='bbox 351 1921 368 1940; x_wconf 94' lang='lat' dir='ltr'>o</span> <span class='ocrx_word' id='word_1_421' title='bbox 378 1934 386 1947; x_wconf 91' lang='lat'>,</span> <span class='ocrx_word' id='word_1_422' title='bbox 414 1911 560 1947; x_wconf 62' lang='grc' dir='ltr'>[λῖτικυςόω</span> <span class='ocrx_word' id='word_1_423' title='bbox 569 1933 576 1941; x_wconf 86' lang='grc'>.</span> <span class='ocrx_word' id='word_1_424' title='bbox 597 1911 704 1947; x_wconf 55' lang='lat' dir='ltr'>invadas,</span> <span class='ocrx_word' id='word_1_425' title='bbox 725 1911 847 1947; x_wconf 61' lang='lat' dir='ltr'>o&#39;cvusee‘m]</span> <span class='ocrx_word' id='word_1_426' title='bbox 866 1921 920 1940; x_wconf 89' lang='lat' dir='ltr'>are.</span> <span class='ocrx_word' id='word_1_427' title='bbox 957 1909 1002 1940; x_wconf 87' lang='lat' dir='ltr'>Est</span> <span class='ocrx_word' id='word_1_428' title='bbox 1011 1907 1144 1939; x_wconf 90' lang='lat' dir='ltr'>consensu</span> <span class='ocrx_word' id='word_1_429' title='bbox 1156 1907 1270 1946; x_wconf 90' lang='lat' dir='ltr'>publico</span> <span class='ocrx_word' id='word_1_430' title='bbox 1280 1907 1386 1944; x_wconf 84' lang='lat' dir='ltr'>aliquid</span> 
     </span>
     <span class='ocr_line' id='line_1_48' title="bbox 258 1946 1387 1986; baseline -0.004 -8"><span class='ocrx_word' id='word_1_431' title='bbox 258 1950 371 1986; x_wconf 87' lang='lat' dir='ltr'>penitus</span> <span class='ocrx_word' id='word_1_432' title='bbox 383 1949 509 1985; x_wconf 84' lang='lat' dir='ltr'>abolere,</span> <span class='ocrx_word' id='word_1_433' title='bbox 530 1948 646 1985; x_wconf 85' lang='lat' dir='ltr'>tollere,</span> <span class='ocrx_word' id='word_1_434' title='bbox 667 1948 832 1985; x_wconf 89' lang='lat' dir='ltr'>obliterare,</span> <span class='ocrx_word' id='word_1_435' title='bbox 854 1949 963 1978; x_wconf 80' lang='lat' dir='ltr'>irritum</span> <span class='ocrx_word' id='word_1_436' title='bbox 976 1948 1085 1983; x_wconf 83' lang='lat' dir='ltr'>facere,</span> <span class='ocrx_word' id='word_1_437' title='bbox 1116 1954 1148 1976; x_wconf 90' lang='lat' dir='ltr'>ut</span> <span class='ocrx_word' id='word_1_438' title='bbox 1161 1946 1271 1984; x_wconf 82' lang='lat' dir='ltr'>legem,</span> <span class='ocrx_word' id='word_1_439' title='bbox 1297 1946 1387 1983; x_wconf 83' lang='lat' dir='ltr'>impe-</span> 
     </span>
     <span class='ocr_line' id='line_1_49' title="bbox 257 1987 1156 2025; baseline 0.003 -10"><span class='ocrx_word' id='word_1_440' title='bbox 257 1987 348 2021; x_wconf 82' lang='lat' dir='ltr'>rium,</span> <span class='ocrx_word' id='word_1_441' title='bbox 369 1987 562 2025; x_wconf 82' lang='lat' dir='ltr'>magistratum.</span> <span class='ocrx_word' id='word_1_442' title='bbox 1154 1998 1156 2000; x_wconf 76' lang='grc'>’</span> 
     </span>
    </p>

    <p class='ocr_par' dir='ltr' id='par_1_25' title="bbox 257 2023 715 2062">
     <span class='ocr_line' id='line_1_50' title="bbox 257 2023 715 2062; baseline 0.002 -9"><span class='ocrx_word' id='word_1_443' title='bbox 257 2024 412 2062; x_wconf 80' lang='lat' dir='ltr'>Abrogare,</span> <span class='ocrx_word' id='word_1_444' title='bbox 434 2025 582 2054; x_wconf 79' lang='lat' dir='ltr'>infirmare.</span> <span class='ocrx_word' id='word_1_445' title='bbox 613 2023 715 2054; x_wconf 87' lang='lat' dir='ltr'>Festus.</span> 
     </span>
    </p>

    <p class='ocr_par' dir='ltr' id='par_1_26' title="bbox 257 2058 1384 2139">
     <span class='ocr_line' id='line_1_51' title="bbox 257 2058 1384 2101; baseline -0.004 -10"><span class='ocrx_word' id='word_1_446' title='bbox 257 2062 394 2099; x_wconf 67' lang='lat' dir='ltr'>Abrogare</span> <span class='ocrx_word' id='word_1_447' title='bbox 405 2063 430 2091; x_wconf 90' lang='lat' dir='ltr'>le</span> <span class='ocrx_word' id='word_1_448' title='bbox 451 2064 458 2091; x_wconf 93' lang='lat' dir='ltr'>i</span> <span class='ocrx_word' id='word_1_449' title='bbox 474 2065 500 2092; x_wconf 67' lang='lat' dir='ltr'>Sc</span> <span class='ocrx_word' id='word_1_450' title='bbox 518 2063 606 2101; x_wconf 89' lang='lat' dir='ltr'>legem</span> <span class='ocrx_word' id='word_1_451' title='bbox 621 2063 757 2093; x_wconf 86' lang='lat' dir='ltr'>dicimus:</span> <span class='ocrx_word' id='word_1_452' title='bbox 783 2062 831 2092; x_wconf 89' lang='lat' dir='ltr'>sed</span> <span class='ocrx_word' id='word_1_453' title='bbox 843 2062 967 2092; x_wconf 77' lang='lat' dir='ltr'>usitatius</span> <span class='ocrx_word' id='word_1_454' title='bbox 982 2060 1139 2092; x_wconf 86' lang='lat' dir='ltr'>accusativo</span> <span class='ocrx_word' id='word_1_455' title='bbox 1155 2060 1288 2097; x_wconf 80' lang='lat' dir='ltr'>jungitur.</span> <span class='ocrx_word' id='word_1_456' title='bbox 1320 2058 1384 2089; x_wconf 92' lang='lat' dir='ltr'>Mo-</span> 
     </span>
     <span class='ocr_line' id='line_1_52' title="bbox 276 2073 1382 2139; baseline -0.003 -11"><span class='ocrx_word' id='word_1_457' title='bbox 276 2100 343 2129; x_wconf 88' lang='lat' dir='ltr'>dest.</span> <span class='ocrx_word' id='word_1_458' title='bbox 356 2100 413 2129; x_wconf 92' lang='lat' dir='ltr'>inl.</span> <span class='ocrx_word' id='word_1_459' title='bbox 425 2073 554 2138; x_wconf 48' lang='lat' dir='ltr'>§erogat</span> <span class='ocrx_word' id='word_1_460' title='bbox 570 2101 604 2130; x_wconf 92' lang='lat' dir='ltr'>D.</span> <span class='ocrx_word' id='word_1_461' title='bbox 618 2101 653 2130; x_wconf 87' lang='lat' dir='ltr'>de</span> <span class='ocrx_word' id='word_1_462' title='bbox 662 2101 810 2130; x_wconf 88' lang='lat' dir='ltr'>verborum</span> <span class='ocrx_word' id='word_1_463' title='bbox 822 2100 1029 2139; x_wconf 85' lang='lat' dir='ltr'>significatione.</span> <span class='ocrx_word' id='word_1_464' title='bbox 1066 2099 1220 2136; x_wconf 84' lang='lat' dir='ltr'>Derogatur</span> <span class='ocrx_word' id='word_1_465' title='bbox 1231 2097 1256 2126; x_wconf 91' lang='grc'>18</span> <span class='ocrx_word' id='word_1_466' title='bbox 1277 2097 1299 2132; x_wconf 90' lang='grc'>1,</span> <span class='ocrx_word' id='word_1_467' title='bbox 1316 2106 1382 2126; x_wconf 88' lang='lat' dir='ltr'>cum</span> 
     </span>
    </p>

    <p class='ocr_par' dir='ltr' id='par_1_27' title="bbox 274 2134 1384 2366">
     <span class='ocr_line' id='line_1_53' title="bbox 297 2134 1380 2177; baseline -0.004 -10"><span class='ocrx_word' id='word_1_468' title='bbox 297 2148 338 2167; x_wconf 82' lang='lat' dir='ltr'>ars</span> <span class='ocrx_word' id='word_1_469' title='bbox 350 2139 518 2168; x_wconf 72' lang='lat' dir='ltr'>detrahitur:</span> <span class='ocrx_word' id='word_1_470' title='bbox 543 2138 689 2175; x_wconf 84' lang='lat' dir='ltr'>abrogatur</span> <span class='ocrx_word' id='word_1_471' title='bbox 698 2138 770 2176; x_wconf 83' lang='lat' dir='ltr'>legi,</span> <span class='ocrx_word' id='word_1_472' title='bbox 792 2149 856 2168; x_wconf 91' lang='lat' dir='ltr'>cum</span> <span class='ocrx_word' id='word_1_473' title='bbox 866 2138 974 2177; x_wconf 91' lang='lat' dir='ltr'>prorsus</span> <span class='ocrx_word' id='word_1_474' title='bbox 986 2137 1101 2167; x_wconf 86' lang='lat' dir='ltr'>tollitur.</span> <span class='ocrx_word' id='word_1_475' title='bbox 1130 2135 1189 2166; x_wconf 93' lang='lat' dir='ltr'>Liv.</span> <span class='ocrx_word' id='word_1_476' title='bbox 1203 2146 1228 2171; x_wconf 86' lang='lat'>9.</span> <span class='ocrx_word' id='word_1_477' title='bbox 1248 2146 1263 2164; x_wconf 83' lang='lat' dir='ltr'>a</span> <span class='ocrx_word' id='word_1_478' title='bbox 1298 2134 1380 2168; x_wconf 83' lang='lat' dir='ltr'>Urbe.</span> 
     </span>
     <span class='ocr_line' id='line_1_54' title="bbox 303 2172 1384 2216; baseline -0.004 -11"><span class='ocrx_word' id='word_1_479' title='bbox 303 2176 329 2205; x_wconf 92' lang='lat' dir='ltr'>bi</span> <span class='ocrx_word' id='word_1_480' title='bbox 341 2176 402 2205; x_wconf 68' lang='lat' dir='ltr'>duce</span> <span class='ocrx_word' id='word_1_481' title='bbox 421 2177 564 2206; x_wconf 79' lang='lat' dir='ltr'>contrariae</span> <span class='ocrx_word' id='word_1_482' title='bbox 586 2176 660 2213; x_wconf 86' lang='lat' dir='ltr'>leges</span> <span class='ocrx_word' id='word_1_483' title='bbox 674 2176 754 2213; x_wconf 80' lang='lat' dir='ltr'>sunt,</span> <span class='ocrx_word' id='word_1_484' title='bbox 781 2176 888 2214; x_wconf 89' lang='lat' dir='ltr'>semper</span> <span class='ocrx_word' id='word_1_485' title='bbox 898 2177 1018 2214; x_wconf 82' lang='lat' dir='ltr'>antiqua:</span> <span class='ocrx_word' id='word_1_486' title='bbox 1031 2175 1145 2212; x_wconf 85' lang='lat' dir='ltr'>abrogat</span> <span class='ocrx_word' id='word_1_487' title='bbox 1155 2183 1235 2216; x_wconf 76' lang='lat' dir='ltr'>nova.</span> <span class='ocrx_word' id='word_1_488' title='bbox 1272 2172 1384 2216; x_wconf 64' lang='lat' dir='ltr'>Sicha-</span> 
     </span>
     <span class='ocr_line' id='line_1_55' title="bbox 275 2210 1378 2252; baseline -0.003 -10"><span class='ocrx_word' id='word_1_489' title='bbox 275 2213 344 2243; x_wconf 90' lang='lat' dir='ltr'>bent</span> <span class='ocrx_word' id='word_1_490' title='bbox 358 2224 455 2243; x_wconf 90' lang='lat' dir='ltr'>omnes</span> <span class='ocrx_word' id='word_1_491' title='bbox 465 2214 527 2243; x_wconf 90' lang='lat' dir='ltr'>libri</span> <span class='ocrx_word' id='word_1_492' title='bbox 539 2215 612 2252; x_wconf 87' lang='lat' dir='ltr'>typis</span> <span class='ocrx_word' id='word_1_493' title='bbox 623 2214 723 2243; x_wconf 74' lang='lat' dir='ltr'>excusi.</span> <span class='ocrx_word' id='word_1_494' title='bbox 761 2214 950 2252; x_wconf 85' lang='lat' dir='ltr'>Hieronymus</span> <span class='ocrx_word' id='word_1_495' title='bbox 959 2221 1053 2243; x_wconf 88' lang='lat' dir='ltr'>tamen</span> <span class='ocrx_word' id='word_1_496' title='bbox 1064 2212 1201 2243; x_wconf 80' lang='lat' dir='ltr'>Ferrarius</span> <span class='ocrx_word' id='word_1_497' title='bbox 1219 2221 1249 2240; x_wconf 91' lang='lat' dir='ltr'>1r1</span> <span class='ocrx_word' id='word_1_498' title='bbox 1259 2210 1378 2249; x_wconf 84' lang='lat' dir='ltr'>Ph1hpp.</span> 
     </span>
     <span class='ocr_line' id='line_1_56' title="bbox 275 2248 1381 2289; baseline -0.003 -9"><span class='ocrx_word' id='word_1_499' title='bbox 275 2251 334 2280; x_wconf 92' lang='lat' dir='ltr'>Cic.</span> <span class='ocrx_word' id='word_1_500' title='bbox 356 2251 431 2281; x_wconf 90' lang='lat' dir='ltr'>hunc</span> <span class='ocrx_word' id='word_1_501' title='bbox 441 2252 534 2281; x_wconf 89' lang='lat' dir='ltr'>locum</span> <span class='ocrx_word' id='word_1_502' title='bbox 544 2252 633 2281; x_wconf 82' lang='lat' dir='ltr'>asserit</span> <span class='ocrx_word' id='word_1_503' title='bbox 642 2252 695 2281; x_wconf 81' lang='lat' dir='ltr'>effe</span> <span class='ocrx_word' id='word_1_504' title='bbox 707 2252 880 2288; x_wconf 82' lang='lat' dir='ltr'>mendosum,</span> <span class='ocrx_word' id='word_1_505' title='bbox 900 2251 1123 2289; x_wconf 81' lang='lat' dir='ltr'>legendumque,</span> <span class='ocrx_word' id='word_1_506' title='bbox 1145 2249 1294 2286; x_wconf 85' lang='lat' dir='ltr'>Antiquam</span> <span class='ocrx_word' id='word_1_507' title='bbox 1303 2248 1381 2277; x_wconf 85' lang='lat' dir='ltr'>abro-</span> 
     </span>
     <span class='ocr_line' id='line_1_57' title="bbox 274 2287 1380 2328; baseline -0.003 -10"><span class='ocrx_word' id='word_1_508' title='bbox 274 2297 320 2326; x_wconf 79' lang='lat' dir='ltr'>gat</span> <span class='ocrx_word' id='word_1_509' title='bbox 330 2299 409 2318; x_wconf 89' lang='lat' dir='ltr'>nova.</span> <span class='ocrx_word' id='word_1_510' title='bbox 430 2300 512 2327; x_wconf 88' lang='lat' dir='ltr'>quam</span> <span class='ocrx_word' id='word_1_511' title='bbox 522 2290 672 2320; x_wconf 60' lang='lat' dir='ltr'>lectionem</span> <span class='ocrx_word' id='word_1_512' title='bbox 682 2291 804 2319; x_wconf 86' lang='lat' dir='ltr'>retinent</span> <span class='ocrx_word' id='word_1_513' title='bbox 815 2300 898 2319; x_wconf 90' lang='lat' dir='ltr'>manu</span> <span class='ocrx_word' id='word_1_514' title='bbox 909 2290 1002 2328; x_wconf 88' lang='lat' dir='ltr'>scripti</span> <span class='ocrx_word' id='word_1_515' title='bbox 1013 2289 1140 2318; x_wconf 83' lang='lat' dir='ltr'>Codices.</span> <span class='ocrx_word' id='word_1_516' title='bbox 1164 2287 1304 2324; x_wconf 84' lang='lat' dir='ltr'>[Quoties</span> <span class='ocrx_word' id='word_1_517' title='bbox 1313 2296 1380 2316; x_wconf 90' lang='lat' dir='ltr'>cum</span> 
     </span>
     <span class='ocr_line' id='line_1_58' title="bbox 275 2325 1377 2366; baseline -0.002 -10"><span class='ocrx_word' id='word_1_518' title='bbox 275 2328 369 2356; x_wconf 82' lang='lat' dir='ltr'>dativo</span> <span class='ocrx_word' id='word_1_519' title='bbox 381 2328 500 2356; x_wconf 90' lang='lat' dir='ltr'>occurrit</span> <span class='ocrx_word' id='word_1_520' title='bbox 510 2328 696 2357; x_wconf 71' lang='lat' dir='ltr'>constructum</span> <span class='ocrx_word' id='word_1_521' title='bbox 708 2350 716 2363; x_wconf 95' lang='lat'>,</span> <span class='ocrx_word' id='word_1_522' title='bbox 739 2327 881 2365; x_wconf 85' lang='lat' dir='ltr'>Obrogare</span> <span class='ocrx_word' id='word_1_523' title='bbox 892 2327 1044 2366; x_wconf 87' lang='lat' dir='ltr'>legendum</span> <span class='ocrx_word' id='word_1_524' title='bbox 1054 2327 1173 2356; x_wconf 82' lang='lat' dir='ltr'>videtur.</span> <span class='ocrx_word' id='word_1_525' title='bbox 1205 2325 1237 2353; x_wconf 92' lang='lat' dir='ltr'>V.</span> <span class='ocrx_word' id='word_1_526' title='bbox 1255 2334 1377 2354; x_wconf 60' lang='lat' dir='ltr'>carroco.</span> 
     </span>
    </p>

    <p class='ocr_par' dir='ltr' id='par_1_28' title="bbox 254 2362 1379 2432">
     <span class='ocr_line' id='line_1_59' title="bbox 254 2362 1379 2432; baseline -0.003 -38"><span class='ocrx_word' id='word_1_527' title='bbox 254 2363 368 2431; x_wconf 77' lang='lat' dir='ltr'>Tobllere</span> <span class='ocrx_word' id='word_1_528' title='bbox 380 2366 406 2395; x_wconf 76' lang='lat' dir='ltr'>Sc</span> <span class='ocrx_word' id='word_1_529' title='bbox 423 2365 551 2432; x_wconf 64' lang='lat' dir='ltr'>abrqgare</span> <span class='ocrx_word' id='word_1_530' title='bbox 562 2366 661 2403; x_wconf 86' lang='lat' dir='ltr'>legem.</span> <span class='ocrx_word' id='word_1_531' title='bbox 688 2365 745 2395; x_wconf 88' lang='lat' dir='ltr'>Cic.</span> <span class='ocrx_word' id='word_1_532' title='bbox 759 2375 786 2395; x_wconf 89' lang='lat'>2.</span> <span class='ocrx_word' id='word_1_533' title='bbox 802 2366 837 2395; x_wconf 89' lang='lat' dir='ltr'>de</span> <span class='ocrx_word' id='word_1_534' title='bbox 847 2365 912 2403; x_wconf 83' lang='lat' dir='ltr'>Leg.</span> <span class='ocrx_word' id='word_1_535' title='bbox 950 2365 1008 2395; x_wconf 81' lang='lat' dir='ltr'>Lex</span> <span class='ocrx_word' id='word_1_536' title='bbox 1018 2364 1065 2394; x_wconf 83' lang='lat' dir='ltr'>illa</span> <span class='ocrx_word' id='word_1_537' title='bbox 1083 2374 1174 2401; x_wconf 87' lang='lat' dir='ltr'>neque</span> <span class='ocrx_word' id='word_1_538' title='bbox 1184 2362 1246 2392; x_wconf 82' lang='lat' dir='ltr'>tolli</span> <span class='ocrx_word' id='word_1_539' title='bbox 1257 2385 1266 2399; x_wconf 93' lang='lat'>,</span> <span class='ocrx_word' id='word_1_540' title='bbox 1287 2372 1379 2400; x_wconf 84' lang='lat' dir='ltr'>neque</span> 
     </span>
     <span class='ocr_line' id='line_1_60' title="bbox 274 2410 508 2432; baseline 0.004 -1"><span class='ocrx_word' id='word_1_541' title='bbox 274 2413 288 2431; x_wconf 80' lang='lat' dir='ltr'>a</span> <span class='ocrx_word' id='word_1_542' title='bbox 309 2412 339 2432; x_wconf 90' lang='lat' dir='ltr'>ro</span> <span class='ocrx_word' id='word_1_543' title='bbox 351 2412 398 2432; x_wconf 78' lang='lat' dir='ltr'>rari</span> <span class='ocrx_word' id='word_1_544' title='bbox 432 2410 477 2432; x_wconf 90' lang='lat' dir='ltr'>ote</span> <span class='ocrx_word' id='word_1_545' title='bbox 503 2426 508 2432; x_wconf 98' lang='lat'>.</span> 
     </span>
    </p>

    <p class='ocr_par' dir='ltr' id='par_1_29' title="bbox 254 2413 1380 2592">
     <span class='ocr_line' id='line_1_61' title="bbox 254 2413 1380 2479; baseline -0.003 -10"><span class='ocrx_word' id='word_1_546' title='bbox 254 2439 313 2470; x_wconf 89' lang='lat' dir='ltr'>Lex</span> <span class='ocrx_word' id='word_1_547' title='bbox 322 2413 369 2470; x_wconf 76' lang='lat' dir='ltr'>aiit</span> <span class='ocrx_word' id='word_1_548' title='bbox 378 2413 488 2477; x_wconf 54' lang='lat' dir='ltr'>rogatur</span> <span class='ocrx_word' id='word_1_549' title='bbox 497 2463 506 2476; x_wconf 87' lang='lat'>,</span> <span class='ocrx_word' id='word_1_550' title='bbox 531 2441 565 2470; x_wconf 90' lang='lat' dir='ltr'>Id</span> <span class='ocrx_word' id='word_1_551' title='bbox 575 2441 630 2476; x_wconf 88' lang='grc'>811,</span> <span class='ocrx_word' id='word_1_552' title='bbox 650 2441 754 2470; x_wconf 88' lang='lat' dir='ltr'>fertur:</span> <span class='ocrx_word' id='word_1_553' title='bbox 780 2446 828 2470; x_wconf 87' lang='lat' dir='ltr'>aut</span> <span class='ocrx_word' id='word_1_554' title='bbox 837 2440 983 2479; x_wconf 84' lang='lat' dir='ltr'>abrogatur</span> <span class='ocrx_word' id='word_1_555' title='bbox 992 2463 1000 2476; x_wconf 93' lang='lat'>,</span> <span class='ocrx_word' id='word_1_556' title='bbox 1028 2439 1061 2470; x_wconf 91' lang='lat' dir='ltr'>Id</span> <span class='ocrx_word' id='word_1_557' title='bbox 1073 2440 1127 2475; x_wconf 90' lang='lat' dir='ltr'>est,</span> <span class='ocrx_word' id='word_1_558' title='bbox 1148 2439 1223 2476; x_wconf 90' lang='lat' dir='ltr'>prior</span> <span class='ocrx_word' id='word_1_559' title='bbox 1234 2437 1292 2467; x_wconf 90' lang='lat' dir='ltr'>Lex</span> <span class='ocrx_word' id='word_1_560' title='bbox 1305 2437 1380 2467; x_wconf 86' lang='lat' dir='ltr'>tolli-</span> 
     </span>
     <span class='ocr_line' id='line_1_62' title="bbox 272 2476 1379 2517; baseline -0.003 -10"><span class='ocrx_word' id='word_1_561' title='bbox 272 2485 333 2508; x_wconf 86' lang='lat' dir='ltr'>tur:</span> <span class='ocrx_word' id='word_1_562' title='bbox 365 2484 412 2508; x_wconf 90' lang='lat' dir='ltr'>aut</span> <span class='ocrx_word' id='word_1_563' title='bbox 423 2479 570 2516; x_wconf 84' lang='lat' dir='ltr'>derogatur</span> <span class='ocrx_word' id='word_1_564' title='bbox 581 2501 589 2514; x_wconf 90' lang='lat'>,</span> <span class='ocrx_word' id='word_1_565' title='bbox 617 2478 650 2508; x_wconf 90' lang='lat' dir='ltr'>Id</span> <span class='ocrx_word' id='word_1_566' title='bbox 668 2479 723 2515; x_wconf 91' lang='grc'>811,</span> <span class='ocrx_word' id='word_1_567' title='bbox 743 2489 805 2517; x_wconf 86' lang='lat' dir='ltr'>pars</span> <span class='ocrx_word' id='word_1_568' title='bbox 820 2479 915 2517; x_wconf 82' lang='lat' dir='ltr'>prirnae</span> <span class='ocrx_word' id='word_1_569' title='bbox 925 2478 1051 2508; x_wconf 86' lang='lat' dir='ltr'>tollitur:</span> <span class='ocrx_word' id='word_1_570' title='bbox 1081 2478 1129 2507; x_wconf 84' lang='lat' dir='ltr'>au&#39;t</span> <span class='ocrx_word' id='word_1_571' title='bbox 1139 2477 1319 2514; x_wconf 83' lang='lat' dir='ltr'>subrogatur,</span> <span class='ocrx_word' id='word_1_572' title='bbox 1345 2476 1379 2505; x_wconf 88' lang='lat' dir='ltr'>Id</span> 
     </span>
     <span class='ocr_line' id='line_1_63' title="bbox 273 2513 1379 2554; baseline -0.002 -9"><span class='ocrx_word' id='word_1_573' title='bbox 273 2516 328 2551; x_wconf 88' lang='lat' dir='ltr'>est,</span> <span class='ocrx_word' id='word_1_574' title='bbox 349 2516 477 2552; x_wconf 86' lang='lat' dir='ltr'>adjicitur</span> <span class='ocrx_word' id='word_1_575' title='bbox 492 2516 597 2554; x_wconf 84' lang='lat' dir='ltr'>aliquid</span> <span class='ocrx_word' id='word_1_576' title='bbox 613 2517 709 2554; x_wconf 76' lang='lat' dir='ltr'>primae</span> <span class='ocrx_word' id='word_1_577' title='bbox 720 2516 803 2552; x_wconf 84' lang='lat' dir='ltr'>Legi:</span> <span class='ocrx_word' id='word_1_578' title='bbox 830 2523 877 2546; x_wconf 85' lang='lat' dir='ltr'>aut</span> <span class='ocrx_word' id='word_1_579' title='bbox 888 2516 1050 2554; x_wconf 86' lang='lat' dir='ltr'>abrogatur,</span> <span class='ocrx_word' id='word_1_580' title='bbox 1073 2516 1106 2546; x_wconf 89' lang='lat' dir='ltr'>Id</span> <span class='ocrx_word' id='word_1_581' title='bbox 1116 2516 1171 2551; x_wconf 85' lang='lat' dir='ltr'>est,</span> <span class='ocrx_word' id='word_1_582' title='bbox 1191 2520 1314 2544; x_wconf 84' lang='lat' dir='ltr'>mutatur</span> <span class='ocrx_word' id='word_1_583' title='bbox 1331 2513 1379 2543; x_wconf 89' lang='lat' dir='ltr'>ali-</span> 
     </span>
     <span class='ocr_line' id='line_1_64' title="bbox 272 2553 1028 2592; baseline 0.003 -10"><span class='ocrx_word' id='word_1_584' title='bbox 272 2554 341 2591; x_wconf 89' lang='lat' dir='ltr'>quid</span> <span class='ocrx_word' id='word_1_585' title='bbox 351 2564 386 2583; x_wconf 90' lang='lat' dir='ltr'>ex</span> <span class='ocrx_word' id='word_1_586' title='bbox 398 2555 486 2592; x_wconf 87' lang='lat' dir='ltr'>prima</span> <span class='ocrx_word' id='word_1_587' title='bbox 497 2553 578 2592; x_wconf 87' lang='lat' dir='ltr'>Lege.</span> <span class='ocrx_word' id='word_1_588' title='bbox 616 2555 684 2584; x_wconf 75' lang='grc'>11188</span> <span class='ocrx_word' id='word_1_589' title='bbox 697 2554 761 2592; x_wconf 92' lang='lat' dir='ltr'>Ulp.</span> <span class='ocrx_word' id='word_1_590' title='bbox 775 2555 804 2583; x_wconf 91' lang='lat' dir='ltr'>in</span> <span class='ocrx_word' id='word_1_591' title='bbox 814 2554 920 2592; x_wconf 83' lang='lat' dir='ltr'>Fragm.</span> <span class='ocrx_word' id='word_1_592' title='bbox 932 2554 990 2584; x_wconf 90' lang='lat' dir='ltr'>Tit.</span> <span class='ocrx_word' id='word_1_593' title='bbox 1006 2565 1028 2584; x_wconf 89' lang='lat'>1.</span> 
     </span>
    </p>

    <p class='ocr_par' dir='ltr' id='par_1_30' title="bbox 252 2589 1378 2894">
     <span class='ocr_line' id='line_1_65' title="bbox 252 2589 1377 2658; baseline -0.002 -38"><span class='ocrx_word' id='word_1_594' title='bbox 252 2589 481 2628; x_wconf 63' lang='lat' dir='ltr'>jurisdictionem</span> <span class='ocrx_word' id='word_1_595' title='bbox 499 2592 564 2621; x_wconf 88' lang='lat' dir='ltr'>abro</span> <span class='ocrx_word' id='word_1_596' title='bbox 585 2602 638 2621; x_wconf 86' lang='lat' dir='ltr'>are.</span> <span class='ocrx_word' id='word_1_597' title='bbox 677 2592 736 2621; x_wconf 81' lang='lat' dir='ltr'>val.</span> <span class='ocrx_word' id='word_1_598' title='bbox 756 2592 832 2622; x_wconf 81' lang='lat' dir='ltr'>Max.</span> <span class='ocrx_word' id='word_1_599' title='bbox 852 2593 901 2621; x_wconf 87' lang='lat' dir='ltr'>lib.</span> <span class='ocrx_word' id='word_1_600' title='bbox 921 2602 947 2629; x_wconf 89' lang='lat'>7.</span> <span class='ocrx_word' id='word_1_601' title='bbox 964 2602 1024 2630; x_wconf 88' lang='lat' dir='ltr'>cap.</span> <span class='ocrx_word' id='word_1_602' title='bbox 1043 2601 1069 2658; x_wconf 53' lang='grc' dir='ltr'>ἶ).</span> <span class='ocrx_word' id='word_1_603' title='bbox 1108 2590 1244 2620; x_wconf 88' lang='lat' dir='ltr'>Genutius</span> <span class='ocrx_word' id='word_1_604' title='bbox 1263 2589 1377 2627; x_wconf 87' lang='lat' dir='ltr'>quidam</span> 
     </span>
     <span class='ocr_line' id='line_1_66' title="bbox 271 2629 1378 2666; baseline -0.002 -8"><span class='ocrx_word' id='word_1_605' title='bbox 271 2629 369 2659; x_wconf 84' lang='lat' dir='ltr'>Matris</span> <span class='ocrx_word' id='word_1_606' title='bbox 388 2629 497 2666; x_wconf 78' lang='lat' dir='ltr'>Magnae</span> <span class='ocrx_word' id='word_1_607' title='bbox 517 2629 631 2664; x_wconf 88' lang='lat' dir='ltr'>Galus,</span> <span class='ocrx_word' id='word_1_608' title='bbox 665 2640 680 2658; x_wconf 90' lang='lat' dir='ltr'>a</span> <span class='ocrx_word' id='word_1_609' title='bbox 697 2629 747 2659; x_wconf 91' lang='lat' dir='ltr'>Cn.</span> <span class='ocrx_word' id='word_1_610' title='bbox 767 2629 864 2659; x_wconf 87' lang='lat' dir='ltr'>Oreste</span> <span class='ocrx_word' id='word_1_611' title='bbox 879 2629 998 2660; x_wconf 79' lang='lat' dir='ltr'>Praetore</span> <span class='ocrx_word' id='word_1_612' title='bbox 1009 2630 1045 2659; x_wconf 91' lang='lat' dir='ltr'>Ur</span> <span class='ocrx_word' id='word_1_613' title='bbox 1067 2630 1089 2658; x_wconf 91' lang='lat' dir='ltr'>is</span> <span class='ocrx_word' id='word_1_614' title='bbox 1106 2629 1318 2666; x_wconf 78' lang='lat' dir='ltr'>impetraverat,</span> <span class='ocrx_word' id='word_1_615' title='bbox 1346 2633 1378 2656; x_wconf 89' lang='lat' dir='ltr'>ut</span> 
     </span>
     <span class='ocr_line' id='line_1_67' title="bbox 270 2665 1377 2706; baseline -0.003 -10"><span class='ocrx_word' id='word_1_616' title='bbox 270 2667 374 2696; x_wconf 83' lang='lat' dir='ltr'>restitui</span> <span class='ocrx_word' id='word_1_617' title='bbox 384 2666 410 2696; x_wconf 85' lang='lat' dir='ltr'>se</span> <span class='ocrx_word' id='word_1_618' title='bbox 422 2668 450 2696; x_wconf 91' lang='lat' dir='ltr'>in</span> <span class='ocrx_word' id='word_1_619' title='bbox 465 2667 538 2696; x_wconf 87' lang='lat' dir='ltr'>bona</span> <span class='ocrx_word' id='word_1_620' title='bbox 549 2668 674 2697; x_wconf 83' lang='lat' dir='ltr'>Naeviani</span> <span class='ocrx_word' id='word_1_621' title='bbox 688 2668 814 2703; x_wconf 83' lang='lat' dir='ltr'>juberet,</span> <span class='ocrx_word' id='word_1_622' title='bbox 835 2678 954 2705; x_wconf 90' lang='lat' dir='ltr'>quorum</span> <span class='ocrx_word' id='word_1_623' title='bbox 965 2667 1158 2706; x_wconf 77' lang='lat' dir='ltr'>poffessionem</span> <span class='ocrx_word' id='word_1_624' title='bbox 1170 2665 1323 2695; x_wconf 87' lang='lat' dir='ltr'>secundum</span> <span class='ocrx_word' id='word_1_625' title='bbox 1336 2671 1377 2694; x_wconf 90' lang='lat' dir='ltr'>ta-</span> 
     </span>
     <span class='ocr_line' id='line_1_68' title="bbox 272 2703 1375 2744; baseline -0.002 -10"><span class='ocrx_word' id='word_1_626' title='bbox 272 2704 349 2734; x_wconf 88' lang='lat' dir='ltr'>bulas</span> <span class='ocrx_word' id='word_1_627' title='bbox 365 2705 519 2734; x_wconf 81' lang='lat' dir='ltr'>testamenti</span> <span class='ocrx_word' id='word_1_628' title='bbox 537 2705 570 2734; x_wconf 89' lang='lat' dir='ltr'>ab</span> <span class='ocrx_word' id='word_1_629' title='bbox 588 2705 646 2743; x_wconf 90' lang='lat' dir='ltr'>ipso</span> <span class='ocrx_word' id='word_1_630' title='bbox 664 2711 816 2743; x_wconf 82' lang='lat' dir='ltr'>acceperat.</span> <span class='ocrx_word' id='word_1_631' title='bbox 857 2706 1018 2744; x_wconf 85' lang='lat' dir='ltr'>Appellatus</span> <span class='ocrx_word' id='word_1_632' title='bbox 1029 2706 1186 2735; x_wconf 84' lang='lat' dir='ltr'>Mamercus</span> <span class='ocrx_word' id='word_1_633' title='bbox 1204 2714 1220 2733; x_wconf 82' lang='lat' dir='ltr'>a</span> <span class='ocrx_word' id='word_1_634' title='bbox 1234 2703 1375 2739; x_wconf 84' lang='lat' dir='ltr'>Surdinio,</span> 
     </span>
     <span class='ocr_line' id='line_1_69' title="bbox 270 2741 1376 2779; baseline -0.001 -8"><span class='ocrx_word' id='word_1_635' title='bbox 270 2744 350 2777; x_wconf 85' lang='lat' dir='ltr'>cuius</span> <span class='ocrx_word' id='word_1_636' title='bbox 368 2743 484 2772; x_wconf 89' lang='lat' dir='ltr'>libertus</span> <span class='ocrx_word' id='word_1_637' title='bbox 504 2742 657 2773; x_wconf 89' lang='lat' dir='ltr'>Genutium</span> <span class='ocrx_word' id='word_1_638' title='bbox 671 2743 810 2772; x_wconf 78' lang='lat' dir='ltr'>haeredem</span> <span class='ocrx_word' id='word_1_639' title='bbox 828 2743 949 2779; x_wconf 83' lang='lat' dir='ltr'>fecerat,</span> <span class='ocrx_word' id='word_1_640' title='bbox 981 2743 1137 2773; x_wconf 80' lang='lat' dir='ltr'>Praetoriam</span> <span class='ocrx_word' id='word_1_641' title='bbox 1154 2741 1376 2778; x_wconf 66' lang='lat' dir='ltr'>jurisdiCtionem</span> 
     </span>
     <span class='ocr_line' id='line_1_70' title="bbox 269 2779 1377 2819; baseline -0.002 -10"><span class='ocrx_word' id='word_1_642' title='bbox 269 2780 426 2818; x_wconf 80' lang='lat' dir='ltr'>abrogavit:</span> <span class='ocrx_word' id='word_1_643' title='bbox 455 2781 531 2818; x_wconf 90' lang='lat' dir='ltr'>quod</span> <span class='ocrx_word' id='word_1_644' title='bbox 543 2781 649 2810; x_wconf 88' lang='lat' dir='ltr'>diceret</span> <span class='ocrx_word' id='word_1_645' title='bbox 658 2780 811 2810; x_wconf 89' lang='lat' dir='ltr'>Genutium</span> <span class='ocrx_word' id='word_1_646' title='bbox 823 2782 971 2819; x_wconf 83' lang='lat' dir='ltr'>amputatis</span> <span class='ocrx_word' id='word_1_647' title='bbox 981 2781 1034 2811; x_wconf 89' lang='lat' dir='ltr'>suis</span> <span class='ocrx_word' id='word_1_648' title='bbox 1046 2780 1128 2818; x_wconf 80' lang='lat' dir='ltr'>ipfius</span> <span class='ocrx_word' id='word_1_649' title='bbox 1139 2779 1236 2817; x_wconf 91' lang='lat' dir='ltr'>sponte</span> <span class='ocrx_word' id='word_1_650' title='bbox 1251 2779 1377 2817; x_wconf 74' lang='lat' dir='ltr'>genitali-</span> 
     </span>
     <span class='ocr_line' id='line_1_71' title="bbox 269 2817 1376 2857; baseline -0.002 -9"><span class='ocrx_word' id='word_1_651' title='bbox 269 2818 320 2848; x_wconf 89' lang='lat' dir='ltr'>bus</span> <span class='ocrx_word' id='word_1_652' title='bbox 332 2819 456 2857; x_wconf 91' lang='lat' dir='ltr'>corporis</span> <span class='ocrx_word' id='word_1_653' title='bbox 472 2818 595 2856; x_wconf 85' lang='lat' dir='ltr'>partibus</span> <span class='ocrx_word' id='word_1_654' title='bbox 605 2841 613 2853; x_wconf 98' lang='lat'>,</span> <span class='ocrx_word' id='word_1_655' title='bbox 637 2828 729 2856; x_wconf 90' lang='lat' dir='ltr'>neque</span> <span class='ocrx_word' id='word_1_656' title='bbox 739 2819 860 2848; x_wconf 89' lang='lat' dir='ltr'>virorum</span> <span class='ocrx_word' id='word_1_657' title='bbox 873 2829 963 2856; x_wconf 89' lang='lat' dir='ltr'>neque</span> <span class='ocrx_word' id='word_1_658' title='bbox 982 2819 1130 2848; x_wconf 87' lang='lat' dir='ltr'>mulierum</span> <span class='ocrx_word' id='word_1_659' title='bbox 1145 2827 1262 2846; x_wconf 84' lang='lat' dir='ltr'>numero</span> <span class='ocrx_word' id='word_1_660' title='bbox 1280 2817 1376 2846; x_wconf 83' lang='lat' dir='ltr'>haberi</span> 
     </span>
     <span class='ocr_line' id='line_1_72' title="bbox 269 2855 1317 2894; baseline -0.002 -9"><span class='ocrx_word' id='word_1_661' title='bbox 269 2855 380 2886; x_wconf 83' lang='lat' dir='ltr'>debere.</span> <span class='ocrx_word' id='word_1_662' title='bbox 419 2856 483 2886; x_wconf 88' lang='lat' dir='ltr'>Erat</span> <span class='ocrx_word' id='word_1_663' title='bbox 494 2862 586 2886; x_wconf 87' lang='lat' dir='ltr'>autem</span> <span class='ocrx_word' id='word_1_664' title='bbox 598 2856 757 2886; x_wconf 83' lang='lat' dir='ltr'>Mamercus</span> <span class='ocrx_word' id='word_1_665' title='bbox 768 2856 814 2885; x_wconf 90' lang='lat' dir='ltr'>hic</span> <span class='ocrx_word' id='word_1_666' title='bbox 824 2878 832 2889; x_wconf 85' lang='lat'>,</span> <span class='ocrx_word' id='word_1_667' title='bbox 864 2856 966 2886; x_wconf 90' lang='lat' dir='ltr'>Consul</span> <span class='ocrx_word' id='word_1_668' title='bbox 978 2867 984 2886; x_wconf 91' lang='lat'>:</span> <span class='ocrx_word' id='word_1_669' title='bbox 1015 2866 1050 2886; x_wconf 92' lang='lat' dir='ltr'>ne</span> <span class='ocrx_word' id='word_1_670' title='bbox 1061 2857 1129 2894; x_wconf 86' lang='lat' dir='ltr'>quid</span> <span class='ocrx_word' id='word_1_671' title='bbox 1140 2861 1211 2884; x_wconf 86' lang='lat' dir='ltr'>erret</span> <span class='ocrx_word' id='word_1_672' title='bbox 1222 2855 1317 2884; x_wconf 61' lang='lat' dir='ltr'>lector.</span> 
     </span>
    </p>

    <p class='ocr_par' dir='ltr' id='par_1_31' title="bbox 248 2892 1374 3075">
     <span class='ocr_line' id='line_1_73' title="bbox 248 2892 1373 2932; baseline -0.002 -9"><span class='ocrx_word' id='word_1_673' title='bbox 248 2894 337 2923; x_wconf 73' lang='lat' dir='ltr'>Alieni</span> <span class='ocrx_word' id='word_1_674' title='bbox 356 2894 524 2931; x_wconf 90' lang='lat' dir='ltr'>imperium,</span> <span class='ocrx_word' id='word_1_675' title='bbox 558 2894 762 2932; x_wconf 86' lang='lat' dir='ltr'>magistratum,</span> <span class='ocrx_word' id='word_1_676' title='bbox 793 2895 974 2932; x_wconf 82' lang='lat' dir='ltr'>potestatem:</span> <span class='ocrx_word' id='word_1_677' title='bbox 1010 2895 1064 2923; x_wconf 92' lang='grc'>1108</span> <span class='ocrx_word' id='word_1_678' title='bbox 1087 2894 1144 2929; x_wconf 67' lang='lat' dir='ltr'>est,</span> <span class='ocrx_word' id='word_1_679' title='bbox 1175 2903 1241 2922; x_wconf 90' lang='lat' dir='ltr'>eum</span> <span class='ocrx_word' id='word_1_680' title='bbox 1260 2892 1373 2930; x_wconf 89' lang='lat' dir='ltr'>publice</span> 
     </span>
     <span class='ocr_line' id='line_1_74' title="bbox 267 2929 1374 2970; baseline -0.001 -10"><span class='ocrx_word' id='word_1_681' title='bbox 267 2933 373 2968; x_wconf 79' lang='lat' dir='ltr'>privare</span> <span class='ocrx_word' id='word_1_682' title='bbox 390 2932 525 2970; x_wconf 82' lang='lat' dir='ltr'>imperio,</span> <span class='ocrx_word' id='word_1_683' title='bbox 547 2933 598 2961; x_wconf 80' lang='lat' dir='ltr'>&amp;c.</span> <span class='ocrx_word' id='word_1_684' title='bbox 631 2931 689 2961; x_wconf 88' lang='lat' dir='ltr'>Cic.</span> <span class='ocrx_word' id='word_1_685' title='bbox 705 2941 728 2968; x_wconf 87' lang='lat'>3.</span> <span class='ocrx_word' id='word_1_686' title='bbox 745 2942 791 2968; x_wconf 89' lang='lat'>40.</span> <span class='ocrx_word' id='word_1_687' title='bbox 809 2931 866 2961; x_wconf 85' lang='lat' dir='ltr'>Off.</span> <span class='ocrx_word' id='word_1_688' title='bbox 905 2932 978 2962; x_wconf 92' lang='lat' dir='ltr'>Cum</span> <span class='ocrx_word' id='word_1_689' title='bbox 991 2932 1130 2962; x_wconf 84' lang='lat' dir='ltr'>Collatino</span> <span class='ocrx_word' id='word_1_690' title='bbox 1146 2930 1300 2968; x_wconf 85' lang='lat' dir='ltr'>Tarquinio</span> <span class='ocrx_word' id='word_1_691' title='bbox 1317 2929 1374 2959; x_wconf 88' lang='lat' dir='ltr'>col-</span> 
     </span>
     <span class='ocr_line' id='line_1_75' title="bbox 266 2968 1373 3008; baseline -0.003 -9"><span class='ocrx_word' id='word_1_692' title='bbox 266 2970 334 3007; x_wconf 73' lang='lat' dir='ltr'>legae</span> <span class='ocrx_word' id='word_1_693' title='bbox 351 2970 450 2999; x_wconf 87' lang='lat' dir='ltr'>Brutus</span> <span class='ocrx_word' id='word_1_694' title='bbox 467 2970 615 3008; x_wconf 89' lang='lat' dir='ltr'>imperium</span> <span class='ocrx_word' id='word_1_695' title='bbox 631 2969 787 3007; x_wconf 85' lang='lat' dir='ltr'>abrogabat.</span> <span class='ocrx_word' id='word_1_696' title='bbox 817 2968 875 2999; x_wconf 86' lang='lat' dir='ltr'>Cic.</span> <span class='ocrx_word' id='word_1_697' title='bbox 887 2981 913 3006; x_wconf 87' lang='lat'>4.</span> <span class='ocrx_word' id='word_1_698' title='bbox 936 2980 997 3006; x_wconf 87' lang='lat'>140.</span> <span class='ocrx_word' id='word_1_699' title='bbox 1015 2970 1090 2999; x_wconf 87' lang='lat' dir='ltr'>Verr.</span> <span class='ocrx_word' id='word_1_700' title='bbox 1128 2969 1156 2999; x_wconf 89' lang='lat' dir='ltr'>Si</span> <span class='ocrx_word' id='word_1_701' title='bbox 1170 2969 1218 2998; x_wconf 90' lang='lat' dir='ltr'>tibi</span> <span class='ocrx_word' id='word_1_702' title='bbox 1237 2968 1373 3005; x_wconf 85' lang='lat' dir='ltr'>magistra-</span> 
     </span>
     <span class='ocr_line' id='line_1_76' title="bbox 265 3005 1371 3074; baseline -0.001 -38"><span class='ocrx_word' id='word_1_703' title='bbox 265 3014 326 3073; x_wconf 73' lang='lat' dir='ltr'>ltum</span> <span class='ocrx_word' id='word_1_704' title='bbox 342 3007 500 3074; x_wconf 46' lang='lat' dir='ltr'>abrogasset.</span> <span class='ocrx_word' id='word_1_705' title='bbox 537 3007 578 3038; x_wconf 89' lang='lat' dir='ltr'>Id.</span> <span class='ocrx_word' id='word_1_706' title='bbox 593 3016 617 3045; x_wconf 90' lang='lat'>3.</span> <span class='ocrx_word' id='word_1_707' title='bbox 635 3007 670 3037; x_wconf 89' lang='lat' dir='ltr'>de</span> <span class='ocrx_word' id='word_1_708' title='bbox 681 3006 734 3045; x_wconf 87' lang='lat' dir='ltr'>leg.</span> <span class='ocrx_word' id='word_1_709' title='bbox 765 3007 905 3037; x_wconf 83' lang='lat' dir='ltr'>Gracchus</span> <span class='ocrx_word' id='word_1_710' title='bbox 924 3008 1090 3046; x_wconf 86' lang='lat' dir='ltr'>potestatem</span> <span class='ocrx_word' id='word_1_711' title='bbox 1106 3006 1300 3037; x_wconf 87' lang='lat' dir='ltr'>intercedendi</span> <span class='ocrx_word' id='word_1_712' title='bbox 1314 3005 1371 3035; x_wconf 92' lang='lat' dir='ltr'>col-</span> 
     </span>
     <span class='ocr_line' id='line_1_77' title="bbox 277 3052 495 3075; baseline 0.009 -2"><span class='ocrx_word' id='word_1_713' title='bbox 277 3054 291 3073; x_wconf 92' lang='lat' dir='ltr'>e</span> <span class='ocrx_word' id='word_1_714' title='bbox 312 3055 333 3074; x_wconf 73' lang='lat' dir='ltr'>te</span> <span class='ocrx_word' id='word_1_715' title='bbox 347 3056 361 3074; x_wconf 77' lang='lat' dir='ltr'>a</span> <span class='ocrx_word' id='word_1_716' title='bbox 383 3056 411 3074; x_wconf 87' lang='lat' dir='ltr'>ro</span> <span class='ocrx_word' id='word_1_717' title='bbox 422 3052 495 3075; x_wconf 65' lang='lat' dir='ltr'>&#39;avm</span> 
     </span>
    </p>

    <p class='ocr_par' dir='ltr' id='par_1_32' title="bbox 247 3055 1370 3197">
     <span class='ocr_line' id='line_1_78' title="bbox 247 3055 1370 3121; baseline 0 -11"><span class='ocrx_word' id='word_1_718' title='bbox 247 3055 381 3120; x_wconf 56' lang='lat' dir='ltr'>Abiiigare</span> <span class='ocrx_word' id='word_1_719' title='bbox 394 3057 569 3121; x_wconf 67' lang='lat' dir='ltr'>qiiempiam,</span> <span class='ocrx_word' id='word_1_720' title='bbox 595 3082 613 3112; x_wconf 86' lang='lat' dir='ltr'><strong>fi</strong></span> <span class='ocrx_word' id='word_1_721' title='bbox 642 3088 708 3112; x_wconf 75' lang='lat' dir='ltr'>irate</span> <span class='ocrx_word' id='word_1_722' title='bbox 725 3082 841 3112; x_wconf 61' lang='lat' dir='ltr'>dit‘tum.</span> <span class='ocrx_word' id='word_1_723' title='bbox 872 3082 941 3112; x_wconf 89' lang='lat' dir='ltr'>Plin.</span> <span class='ocrx_word' id='word_1_724' title='bbox 955 3084 990 3113; x_wconf 90' lang='lat' dir='ltr'>de</span> <span class='ocrx_word' id='word_1_725' title='bbox 1009 3084 1072 3114; x_wconf 89' lang='lat' dir='ltr'>viris</span> <span class='ocrx_word' id='word_1_726' title='bbox 1093 3083 1173 3113; x_wconf 88' lang='lat' dir='ltr'>illust.</span> <span class='ocrx_word' id='word_1_727' title='bbox 1190 3082 1224 3111; x_wconf 92' lang='lat' dir='ltr'>de</span> <span class='ocrx_word' id='word_1_728' title='bbox 1236 3082 1370 3119; x_wconf 85' lang='lat' dir='ltr'>Pompeio</span> 
     </span>
     <span class='ocr_line' id='line_1_79' title="bbox 265 3119 1370 3160; baseline -0.001 -11"><span class='ocrx_word' id='word_1_729' title='bbox 265 3119 322 3149; x_wconf 88' lang='lat' dir='ltr'>Ma.</span> <span class='ocrx_word' id='word_1_730' title='bbox 360 3120 496 3158; x_wconf 85' lang='lat' dir='ltr'>Lepidum</span> <span class='ocrx_word' id='word_1_731' title='bbox 509 3122 568 3150; x_wconf 67' lang='lat' dir='ltr'>aeta</span> <span class='ocrx_word' id='word_1_732' title='bbox 578 3120 613 3158; x_wconf 92' lang='lat' dir='ltr'>Sy</span> <span class='ocrx_word' id='word_1_733' title='bbox 627 3120 659 3150; x_wconf 76' lang='grc'>118</span> <span class='ocrx_word' id='word_1_734' title='bbox 670 3120 823 3150; x_wconf 85' lang='lat' dir='ltr'>rescindere</span> <span class='ocrx_word' id='word_1_735' title='bbox 842 3120 984 3151; x_wconf 90' lang='lat' dir='ltr'>volentem</span> <span class='ocrx_word' id='word_1_736' title='bbox 995 3144 1004 3158; x_wconf 92' lang='lat'>,</span> <span class='ocrx_word' id='word_1_737' title='bbox 1034 3122 1155 3160; x_wconf 86' lang='lat' dir='ltr'>privatus</span> <span class='ocrx_word' id='word_1_738' title='bbox 1170 3120 1247 3150; x_wconf 87' lang='lat' dir='ltr'>Italia</span> <span class='ocrx_word' id='word_1_739' title='bbox 1258 3119 1370 3157; x_wconf 86' lang='lat' dir='ltr'>abroga-</span> 
     </span>
     <span class='ocr_line' id='line_1_80' title="bbox 264 3158 696 3197; baseline 0.005 -12"><span class='ocrx_word' id='word_1_740' title='bbox 264 3158 311 3186; x_wconf 87' lang='lat' dir='ltr'>vit.</span> <span class='ocrx_word' id='word_1_741' title='bbox 344 3158 439 3193; x_wconf 86' lang='lat' dir='ltr'>Idest,</span> <span class='ocrx_word' id='word_1_742' title='bbox 460 3158 584 3197; x_wconf 85' lang='lat' dir='ltr'>pepulit,</span> <span class='ocrx_word' id='word_1_743' title='bbox 605 3159 696 3195; x_wconf 88' lang='lat' dir='ltr'>ejecit.</span> 
     </span>
    </p>

    <p class='ocr_par' dir='ltr' id='par_1_33' title="bbox 244 3194 1368 3310">
     <span class='ocr_line' id='line_1_81' title="bbox 244 3194 1368 3233; baseline -0.002 -8"><span class='ocrx_word' id='word_1_744' title='bbox 244 3195 341 3225; x_wconf 69' lang='lat' dir='ltr'>fidem</span> <span class='ocrx_word' id='word_1_745' title='bbox 356 3195 479 3231; x_wconf 86' lang='lat' dir='ltr'>homini,</span> <span class='ocrx_word' id='word_1_746' title='bbox 498 3203 545 3226; x_wconf 89' lang='lat' dir='ltr'>aut</span> <span class='ocrx_word' id='word_1_747' title='bbox 560 3196 644 3226; x_wconf 87' lang='lat' dir='ltr'>alicui</span> <span class='ocrx_word' id='word_1_748' title='bbox 661 3197 717 3231; x_wconf 90' lang='lat' dir='ltr'>rei,</span> <span class='ocrx_word' id='word_1_749' title='bbox 746 3194 791 3225; x_wconf 83' lang='lat' dir='ltr'>Est</span> <span class='ocrx_word' id='word_1_750' title='bbox 803 3195 886 3225; x_wconf 83' lang='lat' dir='ltr'>fidem</span> <span class='ocrx_word' id='word_1_751' title='bbox 903 3198 962 3233; x_wconf 86' lang='lat' dir='ltr'>ejus</span> <span class='ocrx_word' id='word_1_752' title='bbox 982 3196 1110 3228; x_wconf 85' lang='lat' dir='ltr'>abolere:</span> <span class='ocrx_word' id='word_1_753' title='bbox 1136 3196 1190 3225; x_wconf 88' lang='lat' dir='ltr'>hoc</span> <span class='ocrx_word' id='word_1_754' title='bbox 1202 3195 1257 3230; x_wconf 88' lang='lat' dir='ltr'>est,</span> <span class='ocrx_word' id='word_1_755' title='bbox 1277 3195 1368 3224; x_wconf 73' lang='lat' dir='ltr'>facere</span> 
     </span>
     <span class='ocr_line' id='line_1_82' title="bbox 262 3233 1368 3272; baseline 0.001 -11"><span class='ocrx_word' id='word_1_756' title='bbox 262 3240 294 3262; x_wconf 90' lang='lat' dir='ltr'>ut</span> <span class='ocrx_word' id='word_1_757' title='bbox 310 3234 365 3269; x_wconf 86' lang='lat' dir='ltr'>jam</span> <span class='ocrx_word' id='word_1_758' title='bbox 382 3234 407 3262; x_wconf 92' lang='lat' dir='ltr'>ei</span> <span class='ocrx_word' id='word_1_759' title='bbox 420 3234 495 3263; x_wconf 87' lang='lat' dir='ltr'>nulla</span> <span class='ocrx_word' id='word_1_760' title='bbox 510 3235 578 3264; x_wconf 87' lang='lat' dir='ltr'>fides</span> <span class='ocrx_word' id='word_1_761' title='bbox 599 3233 740 3264; x_wconf 82' lang='lat' dir='ltr'>habeatur.</span> <span class='ocrx_word' id='word_1_762' title='bbox 770 3233 856 3263; x_wconf 87' lang='lat' dir='ltr'>Plaut.</span> <span class='ocrx_word' id='word_1_763' title='bbox 870 3233 948 3264; x_wconf 89' lang='lat' dir='ltr'>Trin.</span> <span class='ocrx_word' id='word_1_764' title='bbox 963 3247 988 3271; x_wconf 84' lang='lat'>4.</span> <span class='ocrx_word' id='word_1_765' title='bbox 1003 3245 1027 3272; x_wconf 87' lang='lat'>3.</span> <span class='ocrx_word' id='word_1_766' title='bbox 1042 3244 1087 3271; x_wconf 82' lang='lat'>4¹·</span> <span class='ocrx_word' id='word_1_767' title='bbox 1126 3234 1201 3264; x_wconf 85' lang='lat' dir='ltr'>Male</span> <span class='ocrx_word' id='word_1_768' title='bbox 1216 3234 1301 3263; x_wconf 86' lang='lat' dir='ltr'>fidem</span> <span class='ocrx_word' id='word_1_769' title='bbox 1317 3233 1368 3262; x_wconf 91' lang='lat' dir='ltr'>ser-</span> 
     </span>
     <span class='ocr_line' id='line_1_83' title="bbox 263 3270 1195 3310; baseline 0.002 -11"><span class='ocrx_word' id='word_1_770' title='bbox 263 3271 372 3305; x_wconf 83' lang='lat' dir='ltr'>vando,</span> <span class='ocrx_word' id='word_1_771' title='bbox 393 3270 445 3299; x_wconf 85' lang='lat' dir='ltr'>illis</span> <span class='ocrx_word' id='word_1_772' title='bbox 457 3281 566 3309; x_wconf 85' lang='lat' dir='ltr'>quoque</span> <span class='ocrx_word' id='word_1_773' title='bbox 581 3271 713 3309; x_wconf 82' lang='lat' dir='ltr'>abrogant</span> <span class='ocrx_word' id='word_1_774' title='bbox 727 3271 810 3300; x_wconf 88' lang='lat' dir='ltr'>etiarn</span> <span class='ocrx_word' id='word_1_775' title='bbox 821 3271 921 3307; x_wconf 85' lang='lat' dir='ltr'>fidem,</span> <span class='ocrx_word' id='word_1_776' title='bbox 945 3273 1002 3310; x_wconf 82' lang='lat' dir='ltr'>Qui</span> <span class='ocrx_word' id='word_1_777' title='bbox 1016 3272 1085 3302; x_wconf 82' lang='lat' dir='ltr'>nihil</span> <span class='ocrx_word' id='word_1_778' title='bbox 1095 3273 1195 3301; x_wconf 84' lang='lat' dir='ltr'>meriti.</span> 
     </span>
    </p>

    <p class='ocr_par' dir='ltr' id='par_1_34' title="bbox 242 3307 1366 3420">
     <span class='ocr_line' id='line_1_84' title="bbox 242 3307 1366 3347; baseline 0.002 -10"><span class='ocrx_word' id='word_1_779' title='bbox 242 3307 380 3342; x_wconf 71' lang='lat' dir='ltr'>Abrogare</span> <span class='ocrx_word' id='word_1_780' title='bbox 395 3308 476 3337; x_wconf 88' lang='lat' dir='ltr'>alicui</span> <span class='ocrx_word' id='word_1_781' title='bbox 489 3309 573 3339; x_wconf 86' lang='lat' dir='ltr'>fidem</span> <span class='ocrx_word' id='word_1_782' title='bbox 587 3309 773 3346; x_wconf 88' lang='lat' dir='ltr'>jurisjurandi.</span> <span class='ocrx_word' id='word_1_783' title='bbox 806 3310 863 3338; x_wconf 82' lang='lat' dir='ltr'>Cic.</span> <span class='ocrx_word' id='word_1_784' title='bbox 877 3320 927 3347; x_wconf 93' lang='lat' dir='ltr'>pro</span> <span class='ocrx_word' id='word_1_785' title='bbox 938 3309 1017 3340; x_wconf 87' lang='lat' dir='ltr'>Rosc.</span> <span class='ocrx_word' id='word_1_786' title='bbox 1031 3311 1110 3340; x_wconf 87' lang='lat' dir='ltr'>Com.</span> <span class='ocrx_word' id='word_1_787' title='bbox 1124 3321 1168 3345; x_wconf 88' lang='lat'>44.</span> <span class='ocrx_word' id='word_1_788' title='bbox 1209 3309 1237 3338; x_wconf 84' lang='lat' dir='ltr'>Si</span> <span class='ocrx_word' id='word_1_789' title='bbox 1246 3310 1301 3346; x_wconf 89' lang='lat' dir='ltr'>jam</span> <span class='ocrx_word' id='word_1_790' title='bbox 1315 3309 1366 3339; x_wconf 87' lang='lat' dir='ltr'>tibi</span> 
     </span>
     <span class='ocr_line' id='line_1_85' title="bbox 262 3338 1364 3389; baseline 0.004 -16"><span class='ocrx_word' id='word_1_791' title='bbox 262 3338 505 3389; x_wconf 19' lang='lat' dir='ltr'>deliberatum-est*</span> <span class='ocrx_word' id='word_1_792' title='bbox 518 3347 617 3384; x_wconf 88' lang='lat' dir='ltr'>quibus</span> <span class='ocrx_word' id='word_1_793' title='bbox 635 3348 749 3385; x_wconf 81' lang='lat' dir='ltr'>abroges</span> <span class='ocrx_word' id='word_1_794' title='bbox 760 3346 845 3376; x_wconf 81' lang='lat' dir='ltr'>fidem</span> <span class='ocrx_word' id='word_1_795' title='bbox 859 3348 1055 3385; x_wconf 84' lang='lat' dir='ltr'>jurisjurandi,</span> <span class='ocrx_word' id='word_1_796' title='bbox 1086 3347 1231 3386; x_wconf 87' lang='lat' dir='ltr'>responde.</span> <span class='ocrx_word' id='word_1_797' title='bbox 1264 3348 1297 3377; x_wconf 86' lang='lat' dir='ltr'>Id</span> <span class='ocrx_word' id='word_1_798' title='bbox 1316 3348 1364 3383; x_wconf 88' lang='lat' dir='ltr'>est,</span> 
     </span>
     <span class='ocr_line' id='line_1_86' title="bbox 261 3383 866 3420; baseline 0.005 -9"><span class='ocrx_word' id='word_1_799' title='bbox 261 3384 351 3412; x_wconf 71' lang='lat' dir='ltr'>facere</span> <span class='ocrx_word' id='word_1_800' title='bbox 369 3393 404 3412; x_wconf 90' lang='lat' dir='ltr'>ne</span> <span class='ocrx_word' id='word_1_801' title='bbox 424 3383 539 3420; x_wconf 78' lang='lat' dir='ltr'>alicujus</span> <span class='ocrx_word' id='word_1_802' title='bbox 558 3386 712 3420; x_wconf 79' lang='lat' dir='ltr'>juramento</span> <span class='ocrx_word' id='word_1_803' title='bbox 731 3385 866 3414; x_wconf 85' lang='lat' dir='ltr'>credatur.</span> 
     </span>
    </p>

    <p class='ocr_par' dir='ltr' id='par_1_35' title="bbox 241 3420 777 3453">
     <span class='ocr_line' id='line_1_87' title="bbox 241 3420 777 3453; baseline 0.007 -4"><span class='ocrx_word' id='word_1_804' title='bbox 241 3420 371 3450; x_wconf 80' lang='lat' dir='ltr'>Multam.</span> <span class='ocrx_word' id='word_1_805' title='bbox 405 3421 436 3450; x_wconf 94' lang='lat' dir='ltr'>V.</span> <span class='ocrx_word' id='word_1_806' title='bbox 456 3422 484 3449; x_wconf 92' lang='lat' dir='ltr'>in</span> <span class='ocrx_word' id='word_1_807' title='bbox 502 3432 656 3452; x_wconf 77' lang='lat' dir='ltr'>MULTAM</span> <span class='ocrx_word' id='word_1_808' title='bbox 676 3424 777 3453; x_wconf 86' lang='lat' dir='ltr'>dicere.</span> 
     </span>
    </p>

    <p class='ocr_par' dir='ltr' id='par_1_36' title="bbox 242 3457 1363 3600">
     <span class='ocr_line' id='line_1_88' title="bbox 242 3457 1363 3500; baseline 0 -12"><span class='ocrx_word' id='word_1_809' title='bbox 242 3457 386 3500; x_wconf 68' lang='lat' dir='ltr'>Beneficiis</span> <span class='ocrx_word' id='word_1_810' title='bbox 398 3457 526 3495; x_wconf 82' lang='lat' dir='ltr'>abrogare</span> <span class='ocrx_word' id='word_1_811' title='bbox 537 3460 614 3489; x_wconf 87' lang='lat' dir='ltr'>vires.</span> <span class='ocrx_word' id='word_1_812' title='bbox 644 3460 713 3491; x_wconf 87' lang='lat' dir='ltr'>Plin.</span> <span class='ocrx_word' id='word_1_813' title='bbox 730 3461 777 3490; x_wconf 89' lang='lat' dir='ltr'>lib.</span> <span class='ocrx_word' id='word_1_814' title='bbox 791 3472 817 3491; x_wconf 92' lang='lat'>2.</span> <span class='ocrx_word' id='word_1_815' title='bbox 836 3472 897 3500; x_wconf 85' lang='lat' dir='ltr'>cap.</span> <span class='ocrx_word' id='word_1_816' title='bbox 913 3470 955 3498; x_wconf 76' lang='lat'>53.</span> <span class='ocrx_word' id='word_1_817' title='bbox 993 3460 1054 3492; x_wconf 82' lang='lat' dir='ltr'>Noc</span> <span class='ocrx_word' id='word_1_818' title='bbox 1067 3461 1159 3490; x_wconf 87' lang='lat' dir='ltr'>minus</span> <span class='ocrx_word' id='word_1_819' title='bbox 1170 3459 1295 3495; x_wconf 82' lang='lat' dir='ltr'>hebetis,</span> <span class='ocrx_word' id='word_1_820' title='bbox 1316 3459 1363 3489; x_wconf 88' lang='lat' dir='ltr'>be-</span> 
     </span>
     <span class='ocr_line' id='line_1_89' title="bbox 259 3495 1362 3538; baseline 0.001 -13"><span class='ocrx_word' id='word_1_821' title='bbox 259 3497 365 3525; x_wconf 85' lang='lat' dir='ltr'>nchcus</span> <span class='ocrx_word' id='word_1_822' title='bbox 379 3495 507 3532; x_wconf 78' lang='lat' dir='ltr'>abrogare</span> <span class='ocrx_word' id='word_1_823' title='bbox 523 3497 593 3526; x_wconf 81' lang='lat' dir='ltr'>vires</span> <span class='ocrx_word' id='word_1_824' title='bbox 605 3507 611 3526; x_wconf 74' lang='grc' dir='ltr'>ε</span> <span class='ocrx_word' id='word_1_825' title='bbox 642 3500 754 3535; x_wconf 85' lang='lat' dir='ltr'>quando</span> <span class='ocrx_word' id='word_1_826' title='bbox 768 3500 797 3528; x_wconf 92' lang='lat' dir='ltr'>in</span> <span class='ocrx_word' id='word_1_827' title='bbox 808 3500 950 3538; x_wconf 83' lang='lat' dir='ltr'>fulgurum</span> <span class='ocrx_word' id='word_1_828' title='bbox 965 3508 1077 3536; x_wconf 90' lang='lat' dir='ltr'>quoque</span> <span class='ocrx_word' id='word_1_829' title='bbox 1087 3498 1315 3535; x_wconf 83' lang='lat' dir='ltr'>interpretatione</span> <span class='ocrx_word' id='word_1_830' title='bbox 1327 3508 1362 3527; x_wconf 90' lang='lat' dir='ltr'>eo</span> 
     </span>
     <span class='ocr_line' id='line_1_90' title="bbox 259 3533 1361 3600; baseline 0.002 -38"><span class='ocrx_word' id='word_1_831' title='bbox 259 3534 377 3600; x_wconf 65' lang='lat' dir='ltr'>profecit</span> <span class='ocrx_word' id='word_1_832' title='bbox 387 3533 499 3562; x_wconf 88' lang='lat' dir='ltr'>scientia</span> <span class='ocrx_word' id='word_1_833' title='bbox 510 3555 518 3569; x_wconf 89' lang='lat'>,</span> <span class='ocrx_word' id='word_1_834' title='bbox 539 3542 570 3563; x_wconf 89' lang='lat' dir='ltr'>ut</span> <span class='ocrx_word' id='word_1_835' title='bbox 580 3542 694 3564; x_wconf 87' lang='lat' dir='ltr'>ventura</span> <span class='ocrx_word' id='word_1_836' title='bbox 705 3537 757 3566; x_wconf 89' lang='lat' dir='ltr'>alia</span> <span class='ocrx_word' id='word_1_837' title='bbox 768 3537 847 3566; x_wconf 79' lang='lat' dir='ltr'>finito</span> <span class='ocrx_word' id='word_1_838' title='bbox 860 3539 906 3567; x_wconf 89' lang='lat' dir='ltr'>die</span> <span class='ocrx_word' id='word_1_839' title='bbox 915 3538 1056 3575; x_wconf 86' lang='lat' dir='ltr'>praecinat.</span> <span class='ocrx_word' id='word_1_840' title='bbox 1086 3537 1119 3566; x_wconf 89' lang='lat' dir='ltr'>Id</span> <span class='ocrx_word' id='word_1_841' title='bbox 1129 3536 1167 3565; x_wconf 89' lang='lat' dir='ltr'>est</span> <span class='ocrx_word' id='word_1_842' title='bbox 1178 3558 1186 3571; x_wconf 96' lang='lat'>,</span> <span class='ocrx_word' id='word_1_843' title='bbox 1207 3536 1361 3565; x_wconf 78' lang='lat' dir='ltr'>existimare</span> 
     </span>
    </p>

    <p class='ocr_par' dir='ltr' id='par_1_37' title="bbox 278 3570 732 3603">
     <span class='ocr_line' id='line_1_91' title="bbox 278 3570 732 3603; baseline 0.007 -3"><span class='ocrx_word' id='word_1_844' title='bbox 278 3571 393 3600; x_wconf 77' lang='lat' dir='ltr'>eneticia</span> <span class='ocrx_word' id='word_1_845' title='bbox 405 3570 545 3600; x_wconf 83' lang='lat' dir='ltr'>nullarum</span> <span class='ocrx_word' id='word_1_846' title='bbox 557 3571 610 3601; x_wconf 80' lang='lat' dir='ltr'>else</span> <span class='ocrx_word' id='word_1_847' title='bbox 625 3574 732 3603; x_wconf 87' lang='lat' dir='ltr'>virium.</span> 
     </span>
    </p>

    <p class='ocr_par' dir='ltr' id='par_1_38' title="bbox 201 3606 1360 3688">
     <span class='ocr_line' id='line_1_92' title="bbox 201 3606 1360 3650; baseline 0.001 -12"><span class='ocrx_word' id='word_1_848' title='bbox 201 3608 223 3638; x_wconf 83' lang='lat' dir='ltr'>A</span> <span class='ocrx_word' id='word_1_849' title='bbox 232 3619 246 3637; x_wconf 81' lang='grc'>11</span> <span class='ocrx_word' id='word_1_850' title='bbox 257 3619 268 3636; x_wconf 70' lang='lat' dir='ltr'>a</span> <span class='ocrx_word' id='word_1_851' title='bbox 280 3619 296 3637; x_wconf 91' lang='grc'>0</span> <span class='ocrx_word' id='word_1_852' title='bbox 305 3617 323 3650; x_wconf 74' lang='lat' dir='ltr'>c</span> <span class='ocrx_word' id='word_1_853' title='bbox 332 3617 393 3636; x_wconf 80' lang='grc' dir='ltr'>ΛΤι</span> <span class='ocrx_word' id='word_1_854' title='bbox 403 3618 419 3637; x_wconf 92' lang='grc'>0</span> <span class='ocrx_word' id='word_1_855' title='bbox 429 3629 437 3643; x_wconf 84' lang='grc'>,</span> <span class='ocrx_word' id='word_1_856' title='bbox 458 3606 651 3645; x_wconf 57' lang='lat' dir='ltr'>[avi-wigman]</span> <span class='ocrx_word' id='word_1_857' title='bbox 672 3612 753 3640; x_wconf 77' lang='lat' dir='ltr'>Actus</span> <span class='ocrx_word' id='word_1_858' title='bbox 763 3611 818 3648; x_wconf 89' lang='lat' dir='ltr'>ipse</span> <span class='ocrx_word' id='word_1_859' title='bbox 828 3611 979 3650; x_wconf 82' lang='lat' dir='ltr'>abrogandi</span> <span class='ocrx_word' id='word_1_860' title='bbox 991 3622 998 3642; x_wconf 87' lang='lat'>:</span> <span class='ocrx_word' id='word_1_861' title='bbox 1018 3618 1050 3641; x_wconf 88' lang='lat' dir='ltr'>ut</span> <span class='ocrx_word' id='word_1_862' title='bbox 1060 3611 1207 3649; x_wconf 85' lang='lat' dir='ltr'>Abrogatio</span> <span class='ocrx_word' id='word_1_863' title='bbox 1218 3610 1295 3648; x_wconf 85' lang='lat' dir='ltr'>legis,</span> <span class='ocrx_word' id='word_1_864' title='bbox 1313 3616 1360 3640; x_wconf 88' lang='lat' dir='ltr'>aut</span> 
     </span>
     <span class='ocr_line' id='line_1_93' title="bbox 240 3645 1083 3688; baseline 0.006 -15"><span class='ocrx_word' id='word_1_865' title='bbox 240 3646 417 3682; x_wconf 78' lang='lat' dir='ltr'>magistratus.</span> <span class='ocrx_word' id='word_1_866' title='bbox 440 3645 496 3675; x_wconf 85' lang='lat' dir='ltr'>Cic.</span> <span class='ocrx_word' id='word_1_867' title='bbox 509 3648 562 3675; x_wconf 89' lang='lat' dir='ltr'>Att.</span> <span class='ocrx_word' id='word_1_868' title='bbox 575 3646 623 3675; x_wconf 91' lang='lat' dir='ltr'>lib.</span> <span class='ocrx_word' id='word_1_869' title='bbox 637 3656 660 3682; x_wconf 86' lang='lat'>3.</span> <span class='ocrx_word' id='word_1_870' title='bbox 675 3657 719 3683; x_wconf 87' lang='lat'>23.</span> <span class='ocrx_word' id='word_1_871' title='bbox 742 3648 861 3685; x_wconf 83' lang='lat' dir='ltr'>Quintil.</span> <span class='ocrx_word' id='word_1_872' title='bbox 878 3651 926 3680; x_wconf 86' lang='lat' dir='ltr'>lib.</span> <span class='ocrx_word' id='word_1_873' title='bbox 943 3661 964 3680; x_wconf 92' lang='lat'>1.</span> <span class='ocrx_word' id='word_1_874' title='bbox 984 3659 1044 3688; x_wconf 89' lang='lat' dir='ltr'>cap.</span> <span class='ocrx_word' id='word_1_875' title='bbox 1058 3661 1083 3685; x_wconf 82' lang='lat'>9.</span> 
     </span>
    </p>

    <p class='ocr_par' dir='ltr' id='par_1_39' title="bbox 199 3682 1358 3835">
     <span class='ocr_line' id='line_1_94' title="bbox 199 3682 1356 3725; baseline 0.003 -13"><span class='ocrx_word' id='word_1_876' title='bbox 199 3682 244 3712; x_wconf 67' lang='grc' dir='ltr'>ΑΒ</span> <span class='ocrx_word' id='word_1_877' title='bbox 254 3693 295 3711; x_wconf 62' lang='lat' dir='ltr'>iro</span> <span class='ocrx_word' id='word_1_878' title='bbox 306 3692 323 3725; x_wconf 83' lang='lat' dir='ltr'>N</span> <span class='ocrx_word' id='word_1_879' title='bbox 335 3704 343 3716; x_wconf 98' lang='lat'>,</span> <span class='ocrx_word' id='word_1_880' title='bbox 372 3684 386 3718; x_wconf 88' lang='lat'>[</span> <span class='ocrx_word' id='word_1_881' title='bbox 400 3682 502 3717; x_wconf 64' lang='grc' dir='ltr'>Α’ἔςων]</span> <span class='ocrx_word' id='word_1_882' title='bbox 532 3684 647 3713; x_wconf 86' lang='lat' dir='ltr'>Abronis</span> <span class='ocrx_word' id='word_1_883' title='bbox 663 3686 728 3714; x_wconf 86' lang='lat' dir='ltr'>vita.</span> <span class='ocrx_word' id='word_1_884' title='bbox 759 3686 791 3714; x_wconf 89' lang='lat' dir='ltr'>ld</span> <span class='ocrx_word' id='word_1_885' title='bbox 804 3688 859 3722; x_wconf 86' lang='lat' dir='ltr'>est,</span> <span class='ocrx_word' id='word_1_886' title='bbox 880 3690 935 3718; x_wconf 85' lang='lat' dir='ltr'>vita</span> <span class='ocrx_word' id='word_1_887' title='bbox 952 3689 1039 3717; x_wconf 86' lang='lat' dir='ltr'>intem</span> <span class='ocrx_word' id='word_1_888' title='bbox 1062 3693 1135 3716; x_wconf 83' lang='lat' dir='ltr'>erata</span> <span class='ocrx_word' id='word_1_889' title='bbox 1150 3687 1176 3716; x_wconf 72' lang='lat' dir='ltr'>S.-</span> <span class='ocrx_word' id='word_1_890' title='bbox 1190 3685 1356 3723; x_wconf 88' lang='lat' dir='ltr'>sumptuosa.</span> 
     </span>
     <span class='ocr_line' id='line_1_95' title="bbox 235 3698 1358 3763; baseline 0.004 -14"><span class='ocrx_word' id='word_1_891' title='bbox 235 3720 369 3762; x_wconf 76' lang='lat' dir='ltr'>Adagmm</span> <span class='ocrx_word' id='word_1_892' title='bbox 387 3720 560 3763; x_wconf 50' lang='lat' dir='ltr'>demollit&amp;</span> <span class='ocrx_word' id='word_1_893' title='bbox 577 3730 608 3750; x_wconf 89' lang='lat' dir='ltr'>ac</span> <span class='ocrx_word' id='word_1_894' title='bbox 624 3722 753 3751; x_wconf 85' lang='lat' dir='ltr'>deliciose</span> <span class='ocrx_word' id='word_1_895' title='bbox 768 3724 923 3755; x_wconf 83' lang='lat' dir='ltr'>viventibus</span> <span class='ocrx_word' id='word_1_896' title='bbox 939 3726 993 3755; x_wconf 90' lang='lat' dir='ltr'>dici</span> <span class='ocrx_word' id='word_1_897' title='bbox 1013 3698 1124 3755; x_wconf 77' lang='lat' dir='ltr'>soiitum</span> <span class='ocrx_word' id='word_1_898' title='bbox 1136 3747 1143 3759; x_wconf 93' lang='lat'>,</span> <span class='ocrx_word' id='word_1_899' title='bbox 1166 3724 1305 3761; x_wconf 90' lang='lat' dir='ltr'>sumptum</span> <span class='ocrx_word' id='word_1_900' title='bbox 1324 3725 1358 3753; x_wconf 83' lang='lat' dir='ltr'>ab</span> 
     </span>
     <span class='ocr_line' id='line_1_96' title="bbox 236 3756 1358 3801; baseline 0.004 -15"><span class='ocrx_word' id='word_1_901' title='bbox 236 3757 318 3800; x_wconf 78' lang='lat' dir='ltr'>hujus</span> <span class='ocrx_word' id='word_1_902' title='bbox 333 3756 447 3785; x_wconf 86' lang='lat' dir='ltr'>Abroms</span> <span class='ocrx_word' id='word_1_903' title='bbox 458 3758 580 3787; x_wconf 82' lang='lat' dir='ltr'>moribus</span> <span class='ocrx_word' id='word_1_904' title='bbox 599 3767 672 3788; x_wconf 82' lang='lat' dir='ltr'>notae</span> <span class='ocrx_word' id='word_1_905' title='bbox 683 3759 815 3790; x_wconf 75' lang='lat' dir='ltr'>luxunae:</span> <span class='ocrx_word' id='word_1_906' title='bbox 843 3764 1081 3799; x_wconf 80' lang='lat' dir='ltr'>quemadmodum</span> <span class='ocrx_word' id='word_1_907' title='bbox 1095 3763 1169 3801; x_wconf 86' lang='lat' dir='ltr'>apud</span> <span class='ocrx_word' id='word_1_908' title='bbox 1181 3770 1232 3791; x_wconf 88' lang='lat' dir='ltr'>nos</span> <span class='ocrx_word' id='word_1_909' title='bbox 1246 3761 1358 3799; x_wconf 81' lang='lat' dir='ltr'>Apicius</span> 
     </span>
     <span class='ocr_line' id='line_1_97' title="bbox 238 3794 1040 3835; baseline 0.009 -11"><span class='ocrx_word' id='word_1_910' title='bbox 238 3797 263 3824; x_wconf 71' lang='lat' dir='ltr'>Sc</span> <span class='ocrx_word' id='word_1_911' title='bbox 276 3794 391 3832; x_wconf 71' lang='lat' dir='ltr'>Ihsopus</span> <span class='ocrx_word' id='word_1_912' title='bbox 401 3794 467 3823; x_wconf 83' lang='lat' dir='ltr'>luxu</span> <span class='ocrx_word' id='word_1_913' title='bbox 481 3796 616 3824; x_wconf 78' lang='lat' dir='ltr'>nobilitati</span> <span class='ocrx_word' id='word_1_914' title='bbox 630 3796 698 3826; x_wconf 86' lang='lat' dir='ltr'>sunt.</span> <span class='ocrx_word' id='word_1_915' title='bbox 737 3797 768 3826; x_wconf 92' lang='lat' dir='ltr'>V.</span> <span class='ocrx_word' id='word_1_916' title='bbox 789 3801 914 3835; x_wconf 86' lang='lat' dir='ltr'>proverb.</span> <span class='ocrx_word' id='word_1_917' title='bbox 932 3801 1040 3830; x_wconf 80' lang='lat' dir='ltr'>Erasmi.</span> 
     </span>
    </p>

    <p class='ocr_par' dir='ltr' id='par_1_40' title="bbox 200 3832 1357 3876">
     <span class='ocr_line' id='line_1_98' title="bbox 200 3832 1357 3876; baseline 0.003 -15"><span class='ocrx_word' id='word_1_918' title='bbox 200 3832 218 3861; x_wconf 88' lang='grc' dir='ltr'>Λ</span> <span class='ocrx_word' id='word_1_919' title='bbox 230 3842 244 3860; x_wconf 68' lang='lat' dir='ltr'>iz</span> <span class='ocrx_word' id='word_1_920' title='bbox 256 3843 266 3860; x_wconf 80' lang='lat' dir='ltr'>r&gt;</span> <span class='ocrx_word' id='word_1_921' title='bbox 281 3842 298 3860; x_wconf 87' lang='lat' dir='ltr'>o</span> <span class='ocrx_word' id='word_1_922' title='bbox 310 3842 348 3860; x_wconf 83' lang='lat' dir='ltr'>Ni</span> <span class='ocrx_word' id='word_1_923' title='bbox 377 3842 398 3860; x_wconf 82' lang='lat' dir='ltr'>M</span> <span class='ocrx_word' id='word_1_924' title='bbox 409 3841 425 3859; x_wconf 91' lang='lat' dir='ltr'>o</span> <span class='ocrx_word' id='word_1_925' title='bbox 437 3841 451 3860; x_wconf 73' lang='lat' dir='ltr'>t</span> <span class='ocrx_word' id='word_1_926' title='bbox 462 3842 481 3860; x_wconf 88' lang='lat' dir='ltr'>N</span> <span class='ocrx_word' id='word_1_927' title='bbox 492 3843 501 3860; x_wconf 87' lang='grc'>1</span> <span class='ocrx_word' id='word_1_928' title='bbox 512 3843 529 3861; x_wconf 78' lang='grc' dir='ltr'>Α</span> <span class='ocrx_word' id='word_1_929' title='bbox 542 3855 549 3868; x_wconf 93' lang='grc'>,</span> <span class='ocrx_word' id='word_1_930' title='bbox 589 3833 652 3863; x_wconf 86' lang='lat' dir='ltr'>urbs</span> <span class='ocrx_word' id='word_1_931' title='bbox 679 3833 790 3863; x_wconf 70' lang='lat' dir='ltr'>Galatiae</span> <span class='ocrx_word' id='word_1_932' title='bbox 810 3833 959 3867; x_wconf 57' lang='lat' dir='ltr'>Ptolemaeo</span> <span class='ocrx_word' id='word_1_933' title='bbox 972 3861 981 3873; x_wconf 85' lang='lat'>,</span> <span class='ocrx_word' id='word_1_934' title='bbox 1011 3839 1058 3868; x_wconf 91' lang='lat' dir='ltr'>lib.</span> <span class='ocrx_word' id='word_1_935' title='bbox 1079 3849 1101 3874; x_wconf 85' lang='grc' dir='ltr'>ς.</span> <span class='ocrx_word' id='word_1_936' title='bbox 1125 3847 1185 3876; x_wconf 77' lang='lat' dir='ltr'>cap.</span> <span class='ocrx_word' id='word_1_937' title='bbox 1206 3848 1232 3873; x_wconf 92' lang='grc'>4.</span> <span class='ocrx_word' id='word_1_938' title='bbox 1272 3836 1357 3874; x_wconf 87' lang='lat' dir='ltr'>vulgo</span> 
     </span>
    </p>
   </div>
   <div class='ocr_carea' id='block_1_5' title="bbox 198 3870 1355 3958">
    <p class='ocr_par' dir='ltr' id='par_1_41' title="bbox 198 3870 1355 3958">
     <span class='ocr_line' id='line_1_99' title="bbox 198 3870 1355 3958; baseline 0.008 -24"><span class='ocrx_word' id='word_1_939' title='bbox 198 3870 464 3958; x_wconf 50' lang='lat' dir='ltr'>iiliffssi&#39;ceflus,</span> <span class='ocrx_word' id='word_1_940' title='bbox 495 3906 694 3944; x_wconf 50' lang='lat' dir='ltr'>[arganza]</span> <span class='ocrx_word' id='word_1_941' title='bbox 725 3908 836 3939; x_wconf 65' lang='lat' dir='ltr'>Nobilis</span> <span class='ocrx_word' id='word_1_942' title='bbox 855 3911 1025 3942; x_wconf 53' lang='lat' dir='ltr'>Achemenis</span> <span class='ocrx_word' id='word_1_943' title='bbox 1043 3913 1114 3946; x_wconf 68' lang='lat' dir='ltr'>suit.</span> <span class='ocrx_word' id='word_1_944' title='bbox 1145 3911 1256 3949; x_wconf 70' lang='lat' dir='ltr'>Lyncus</span> <span class='ocrx_word' id='word_1_945' title='bbox 1273 3912 1355 3950; x_wconf 76' lang='lat' dir='ltr'>finus,</span> 
     </span>
    </p>
   </div>
   <div class='ocr_carea' id='block_1_6' title="bbox 1151 433 1399 470">
    <p class='ocr_par' dir='ltr' id='par_1_42' title="bbox 1151 433 1399 470">
     <span class='ocr_line' id='line_1_100' title="bbox 1151 433 1399 470; baseline -0.012 -7"><span class='ocrx_word' id='word_1_946' title='bbox 1151 433 1333 463; x_wconf 86' lang='lat' dir='ltr'>Frumentum</span> <span class='ocrx_word' id='word_1_947' title='bbox 1350 441 1399 470; x_wconf 87' lang='lat' dir='ltr'>per</span> 
     </span>
    </p>
   </div>
   <div class='ocr_carea' id='block_1_7' title="bbox 1874 86 2151 122">
    <p class='ocr_par' dir='ltr' id='par_1_43' title="bbox 1874 86 2151 122">
     <span class='ocr_line' id='line_1_101' title="bbox 1874 86 2151 122; baseline 0.004 -1"><span class='ocrx_word' id='word_1_948' title='bbox 1874 86 1903 121; x_wconf 83' lang='lat' dir='ltr'>A</span> <span class='ocrx_word' id='word_1_949' title='bbox 1999 87 2023 121; x_wconf 84' lang='lat' dir='ltr'>B</span> <span class='ocrx_word' id='word_1_950' title='bbox 2119 86 2151 122; x_wconf 83' lang='lat' dir='ltr'>R</span> 
     </span>
    </p>
   </div>
   <div class='ocr_carea' id='block_1_8' title="bbox 1488 163 2612 240">
    <p class='ocr_par' dir='ltr' id='par_1_44' title="bbox 1488 163 2612 240">
     <span class='ocr_line' id='line_1_102' title="bbox 1488 163 2612 206; baseline 0.004 -12"><span class='ocrx_word' id='word_1_951' title='bbox 1488 166 1567 201; x_wconf 76' lang='lat' dir='ltr'>cujus</span> <span class='ocrx_word' id='word_1_952' title='bbox 1586 163 1661 193; x_wconf 84' lang='lat' dir='ltr'>fideli</span> <span class='ocrx_word' id='word_1_953' title='bbox 1681 165 1842 203; x_wconf 80' lang='lat' dir='ltr'>strenuaque</span> <span class='ocrx_word' id='word_1_954' title='bbox 1858 177 1942 205; x_wconf 85' lang='lat' dir='ltr'>opera</span> <span class='ocrx_word' id='word_1_955' title='bbox 1959 167 2022 197; x_wconf 88' lang='lat' dir='ltr'>usus</span> <span class='ocrx_word' id='word_1_956' title='bbox 2038 168 2075 198; x_wconf 87' lang='lat' dir='ltr'>est</span> <span class='ocrx_word' id='word_1_957' title='bbox 2090 167 2223 198; x_wconf 85' lang='lat' dir='ltr'>Themist.</span> <span class='ocrx_word' id='word_1_958' title='bbox 2238 168 2266 196; x_wconf 88' lang='lat' dir='ltr'>in</span> <span class='ocrx_word' id='word_1_959' title='bbox 2277 166 2345 198; x_wconf 91' lang='lat' dir='ltr'>Bell.</span> <span class='ocrx_word' id='word_1_960' title='bbox 2358 167 2427 197; x_wconf 83' lang='lat' dir='ltr'>Pers.</span> <span class='ocrx_word' id='word_1_961' title='bbox 2447 168 2475 198; x_wconf 84' lang='lat'>&amp;</span> <span class='ocrx_word' id='word_1_962' title='bbox 2492 168 2522 197; x_wconf 87' lang='lat' dir='ltr'>in</span> <span class='ocrx_word' id='word_1_963' title='bbox 2536 169 2612 206; x_wconf 65' lang='lat' dir='ltr'>lega·-</span> 
     </span>
     <span class='ocr_line' id='line_1_103' title="bbox 1488 203 2465 240; baseline 0.002 -8"><span class='ocrx_word' id='word_1_964' title='bbox 1488 204 1563 232; x_wconf 87' lang='lat' dir='ltr'>tione</span> <span class='ocrx_word' id='word_1_965' title='bbox 1576 203 1650 240; x_wconf 86' lang='lat' dir='ltr'>apud</span> <span class='ocrx_word' id='word_1_966' title='bbox 1662 203 1853 233; x_wconf 80' lang='lat' dir='ltr'>Macedonios.</span> <span class='ocrx_word' id='word_1_967' title='bbox 1890 206 1920 234; x_wconf 92' lang='lat' dir='ltr'>V.</span> <span class='ocrx_word' id='word_1_968' title='bbox 1937 206 2071 235; x_wconf 83' lang='lat' dir='ltr'>Herodot.</span> <span class='ocrx_word' id='word_1_969' title='bbox 2086 206 2133 235; x_wconf 89' lang='lat' dir='ltr'>lib.</span> <span class='ocrx_word' id='word_1_970' title='bbox 2147 212 2171 239; x_wconf 80' lang='lat'>8.</span> <span class='ocrx_word' id='word_1_971' title='bbox 2195 209 2221 236; x_wconf 63' lang='grc' dir='ltr'>ὅ(</span> <span class='ocrx_word' id='word_1_972' title='bbox 2232 205 2361 239; x_wconf 83' lang='lat' dir='ltr'>Thucvd.</span> <span class='ocrx_word' id='word_1_973' title='bbox 2378 205 2425 235; x_wconf 90' lang='lat' dir='ltr'>lib.</span> <span class='ocrx_word' id='word_1_974' title='bbox 2442 215 2465 234; x_wconf 92' lang='lat'>1.</span> 
     </span>
    </p>
   </div>
   <div class='ocr_carea' id='block_1_9' title="bbox 1451 239 2608 280">
    <p class='ocr_par' dir='ltr' id='par_1_45' title="bbox 1451 239 2608 280">
     <span class='ocr_line' id='line_1_104' title="bbox 1451 239 2608 280; baseline 0.001 -9"><span class='ocrx_word' id='word_1_975' title='bbox 1451 241 1472 271; x_wconf 86' lang='lat' dir='ltr'>A</span> <span class='ocrx_word' id='word_1_976' title='bbox 1481 251 1497 269; x_wconf 75' lang='lat' dir='ltr'>B</span> <span class='ocrx_word' id='word_1_977' title='bbox 1506 251 1521 269; x_wconf 80' lang='lat' dir='ltr'>r.</span> <span class='ocrx_word' id='word_1_978' title='bbox 1530 251 1572 269; x_wconf 57' lang='lat' dir='ltr'>o&#39;r</span> <span class='ocrx_word' id='word_1_979' title='bbox 1582 246 1598 269; x_wconf 86' lang='grc'>0</span> <span class='ocrx_word' id='word_1_980' title='bbox 1609 250 1627 268; x_wconf 98' lang='lat' dir='ltr'>N</span> <span class='ocrx_word' id='word_1_981' title='bbox 1637 250 1654 268; x_wconf 88' lang='lat' dir='ltr'>u</span> <span class='ocrx_word' id='word_1_982' title='bbox 1665 251 1684 268; x_wconf 72' lang='lat' dir='ltr'>M</span> <span class='ocrx_word' id='word_1_983' title='bbox 1695 262 1702 274; x_wconf 94' lang='lat'>,</span> <span class='ocrx_word' id='word_1_984' title='bbox 1725 250 1751 269; x_wconf 91' lang='lat' dir='ltr'>n.</span> <span class='ocrx_word' id='word_1_985' title='bbox 1772 241 1938 278; x_wconf 64' lang='grc' dir='ltr'>[ἀξξόπνον]</span> <span class='ocrx_word' id='word_1_986' title='bbox 1960 244 2057 273; x_wconf 59' lang='lat' dir='ltr'>Herba*</span> <span class='ocrx_word' id='word_1_987' title='bbox 2069 253 2189 273; x_wconf 89' lang='lat' dir='ltr'>nomen:</span> <span class='ocrx_word' id='word_1_988' title='bbox 2212 244 2246 273; x_wconf 88' lang='lat' dir='ltr'>de</span> <span class='ocrx_word' id='word_1_989' title='bbox 2259 239 2357 280; x_wconf 60' lang='lat' dir='ltr'>qua’lic</span> <span class='ocrx_word' id='word_1_990' title='bbox 2371 242 2440 272; x_wconf 72' lang='lat' dir='ltr'>l‘lin.</span> <span class='ocrx_word' id='word_1_991' title='bbox 2456 242 2503 272; x_wconf 92' lang='lat' dir='ltr'>lib.</span> <span class='ocrx_word' id='word_1_992' title='bbox 2515 252 2559 271; x_wconf 91' lang='lat'>21.</span> <span class='ocrx_word' id='word_1_993' title='bbox 2581 252 2608 272; x_wconf 83' lang='grc'>8.</span> 
     </span>
    </p>
   </div>
   <div class='ocr_carea' id='block_1_10' title="bbox 1486 278 2610 543">
    <p class='ocr_par' dir='ltr' id='par_1_46' title="bbox 1486 278 2610 543">
     <span class='ocr_line' id='line_1_105' title="bbox 1492 278 2606 319; baseline 0.002 -12"><span class='ocrx_word' id='word_1_994' title='bbox 1492 289 1533 307; x_wconf 89' lang='lat'>10.</span> <span class='ocrx_word' id='word_1_995' title='bbox 1571 278 1742 319; x_wconf 80' lang='lat' dir='ltr'>Abrotonum</span> <span class='ocrx_word' id='word_1_996' title='bbox 1754 278 1838 307; x_wconf 86' lang='lat' dir='ltr'>odore</span> <span class='ocrx_word' id='word_1_997' title='bbox 1854 281 1976 315; x_wconf 81' lang='lat' dir='ltr'>jucunde</span> <span class='ocrx_word' id='word_1_998' title='bbox 1989 282 2060 318; x_wconf 80' lang='lat' dir='ltr'>gravi</span> <span class='ocrx_word' id='word_1_999' title='bbox 2073 303 2080 316; x_wconf 89' lang='lat'>,</span> <span class='ocrx_word' id='word_1_1000' title='bbox 2104 282 2185 310; x_wconf 83' lang='lat' dir='ltr'>floret</span> <span class='ocrx_word' id='word_1_1001' title='bbox 2197 282 2294 310; x_wconf 72' lang='lat' dir='ltr'>testate.</span> <span class='ocrx_word' id='word_1_1002' title='bbox 2335 280 2398 310; x_wconf 79' lang='lat' dir='ltr'>Flos</span> <span class='ocrx_word' id='word_1_1003' title='bbox 2408 281 2483 309; x_wconf 88' lang='lat' dir='ltr'>aurei</span> <span class='ocrx_word' id='word_1_1004' title='bbox 2495 279 2606 309; x_wconf 87' lang='lat' dir='ltr'>coloris.</span> 
     </span>
     <span class='ocr_line' id='line_1_106' title="bbox 1487 316 2606 357; baseline 0.004 -13"><span class='ocrx_word' id='word_1_1005' title='bbox 1487 318 1607 345; x_wconf 81' lang='lat' dir='ltr'>vacuum</span> <span class='ocrx_word' id='word_1_1006' title='bbox 1623 316 1718 352; x_wconf 80' lang='lat' dir='ltr'>[ponte</span> <span class='ocrx_word' id='word_1_1007' title='bbox 1742 317 1868 346; x_wconf 60' lang='lat' dir='ltr'>irovenit.</span> <span class='ocrx_word' id='word_1_1008' title='bbox 1890 320 2034 348; x_wconf 78' lang='lat' dir='ltr'>cacumine</span> <span class='ocrx_word' id='word_1_1009' title='bbox 2044 318 2092 348; x_wconf 88' lang='lat' dir='ltr'>suo</span> <span class='ocrx_word' id='word_1_1010' title='bbox 2104 319 2130 348; x_wconf 90' lang='lat' dir='ltr'>se</span> <span class='ocrx_word' id='word_1_1011' title='bbox 2143 326 2285 357; x_wconf 84' lang='lat' dir='ltr'>propagat.</span> <span class='ocrx_word' id='word_1_1012' title='bbox 2323 319 2417 348; x_wconf 68' lang='lat' dir='ltr'>Anao</span> <span class='ocrx_word' id='word_1_1013' title='bbox 2427 327 2567 355; x_wconf 60' lang='lat' dir='ltr'>torsus,</span> <span class='ocrx_word' id='word_1_1014' title='bbox 2585 317 2606 348; x_wconf 85' lang='lat' dir='ltr'>f.</span> 
     </span>
     <span class='ocr_line' id='line_1_107' title="bbox 1487 353 2001 392; baseline 0.004 -9"><span class='ocrx_word' id='word_1_1015' title='bbox 1487 354 1571 383; x_wconf 74' lang='lat' dir='ltr'>otiam</span> <span class='ocrx_word' id='word_1_1016' title='bbox 1583 353 1692 381; x_wconf 90' lang='lat' dir='ltr'>dicitur.</span> <span class='ocrx_word' id='word_1_1017' title='bbox 1746 363 1824 383; x_wconf 84' lang='lat' dir='ltr'>ucan.</span> <span class='ocrx_word' id='word_1_1018' title='bbox 1839 354 1885 383; x_wconf 90' lang='lat' dir='ltr'>lib.</span> <span class='ocrx_word' id='word_1_1019' title='bbox 1900 366 1925 392; x_wconf 90' lang='lat'>9.</span> <span class='ocrx_word' id='word_1_1020' title='bbox 1939 366 2001 391; x_wconf 88' lang='lat'>921.</span> 
     </span>
     <span class='ocr_line' id='line_1_108' title="bbox 1566 390 2283 431; baseline 0.004 -11"><span class='ocrx_word' id='word_1_1021' title='bbox 1566 391 1599 420; x_wconf 85' lang='lat' dir='ltr'>Et</span> <span class='ocrx_word' id='word_1_1022' title='bbox 1615 390 1711 419; x_wconf 79' lang='lat' dir='ltr'>larices</span> <span class='ocrx_word' id='word_1_1023' title='bbox 1720 413 1728 425; x_wconf 98' lang='lat'>,</span> <span class='ocrx_word' id='word_1_1024' title='bbox 1749 391 1881 429; x_wconf 85' lang='lat' dir='ltr'>fumoque</span> <span class='ocrx_word' id='word_1_1025' title='bbox 1893 403 2002 430; x_wconf 81' lang='lat' dir='ltr'>gravem</span> <span class='ocrx_word' id='word_1_1026' title='bbox 2014 393 2184 431; x_wconf 85' lang='lat' dir='ltr'>serpentibus</span> <span class='ocrx_word' id='word_1_1027' title='bbox 2197 399 2283 423; x_wconf 85' lang='lat' dir='ltr'>urunt</span> 
     </span>
     <span class='ocr_line' id='line_1_109' title="bbox 1564 428 2249 470; baseline 0.009 -15"><span class='ocrx_word' id='word_1_1028' title='bbox 1564 428 1736 470; x_wconf 71' lang='lat' dir='ltr'>Abrotonum</span> <span class='ocrx_word' id='word_1_1029' title='bbox 1746 450 1754 463; x_wconf 95' lang='lat'>,</span> <span class='ocrx_word' id='word_1_1030' title='bbox 1775 430 1800 458; x_wconf 70' lang='lat' dir='ltr'>Sc</span> <span class='ocrx_word' id='word_1_1031' title='bbox 1812 429 1893 467; x_wconf 73' lang='lat' dir='ltr'>longe</span> <span class='ocrx_word' id='word_1_1032' title='bbox 1904 431 2039 461; x_wconf 85' lang='lat' dir='ltr'>nascentis</span> <span class='ocrx_word' id='word_1_1033' title='bbox 2052 442 2155 461; x_wconf 80' lang='lat' dir='ltr'>cornua</span> <span class='ocrx_word' id='word_1_1034' title='bbox 2167 432 2249 461; x_wconf 88' lang='lat' dir='ltr'>cervi.</span> 
     </span>
     <span class='ocr_line' id='line_1_110' title="bbox 1486 465 2609 508; baseline 0.002 -12"><span class='ocrx_word' id='word_1_1035' title='bbox 1486 465 1619 496; x_wconf 80' lang='lat' dir='ltr'>Abrotom</span> <span class='ocrx_word' id='word_1_1036' title='bbox 1638 466 1693 508; x_wconf 77' lang='lat' dir='ltr'>duo</span> <span class='ocrx_word' id='word_1_1037' title='bbox 1708 466 1770 494; x_wconf 81' lang='lat' dir='ltr'>lunt</span> <span class='ocrx_word' id='word_1_1038' title='bbox 1785 477 1902 503; x_wconf 79' lang='lat' dir='ltr'>genera,</span> <span class='ocrx_word' id='word_1_1039' title='bbox 1924 469 2051 498; x_wconf 88' lang='lat' dir='ltr'>hortense</span> <span class='ocrx_word' id='word_1_1040' title='bbox 2063 491 2070 503; x_wconf 94' lang='lat'>,</span> <span class='ocrx_word' id='word_1_1041' title='bbox 2099 471 2125 499; x_wconf 66' lang='lat'>8:</span> <span class='ocrx_word' id='word_1_1042' title='bbox 2136 469 2285 507; x_wconf 88' lang='lat' dir='ltr'>campestre</span> <span class='ocrx_word' id='word_1_1043' title='bbox 2295 491 2304 505; x_wconf 87' lang='lat'>,</span> <span class='ocrx_word' id='word_1_1044' title='bbox 2331 467 2505 499; x_wconf 87' lang='lat' dir='ltr'>tenuioribus</span> <span class='ocrx_word' id='word_1_1045' title='bbox 2523 467 2609 504; x_wconf 73' lang='lat' dir='ltr'>foliis,</span> 
     </span>
     <span class='ocr_line' id='line_1_111' title="bbox 1506 503 2610 543; baseline 0.004 -10"><span class='ocrx_word' id='word_1_1046' title='bbox 1506 506 1532 533; x_wconf 66' lang='lat'>8:</span> <span class='ocrx_word' id='word_1_1047' title='bbox 1546 505 1695 532; x_wconf 78' lang='lat' dir='ltr'>minutiore</span> <span class='ocrx_word' id='word_1_1048' title='bbox 1705 503 1816 534; x_wconf 88' lang='lat' dir='ltr'>semine.</span> <span class='ocrx_word' id='word_1_1049' title='bbox 1846 505 1974 535; x_wconf 86' lang='lat' dir='ltr'>Mathiol.</span> <span class='ocrx_word' id='word_1_1050' title='bbox 1989 507 2018 535; x_wconf 89' lang='lat' dir='ltr'>in</span> <span class='ocrx_word' id='word_1_1051' title='bbox 2033 506 2123 535; x_wconf 91' lang='lat' dir='ltr'>Diosc.</span> <span class='ocrx_word' id='word_1_1052' title='bbox 2139 507 2185 536; x_wconf 89' lang='lat' dir='ltr'>lib.</span> <span class='ocrx_word' id='word_1_1053' title='bbox 2201 516 2224 543; x_wconf 84' lang='lat'>3.</span> <span class='ocrx_word' id='word_1_1054' title='bbox 2607 505 2610 508; x_wconf 50' lang='lat'><strong>⁴</strong></span> 
     </span>
    </p>
   </div>
   <div class='ocr_carea' id='block_1_11' title="bbox 1450 542 2611 581">
    <p class='ocr_par' dir='ltr' id='par_1_47' title="bbox 1450 542 2611 581">
     <span class='ocr_line' id='line_1_112' title="bbox 1450 542 2611 581; baseline 0.001 -9"><span class='ocrx_word' id='word_1_1055' title='bbox 1450 542 1493 572; x_wconf 55' lang='lat' dir='ltr'>AB</span> <span class='ocrx_word' id='word_1_1056' title='bbox 1503 552 1518 569; x_wconf 72' lang='lat' dir='ltr'>a</span> <span class='ocrx_word' id='word_1_1057' title='bbox 1527 552 1543 569; x_wconf 90' lang='lat' dir='ltr'>o</span> <span class='ocrx_word' id='word_1_1058' title='bbox 1553 551 1572 569; x_wconf 57' lang='lat' dir='ltr'>‘r</span> <span class='ocrx_word' id='word_1_1059' title='bbox 1581 551 1597 569; x_wconf 89' lang='grc'>0</span> <span class='ocrx_word' id='word_1_1060' title='bbox 1608 551 1626 569; x_wconf 93' lang='grc' dir='ltr'><strong>Ν</strong></span> <span class='ocrx_word' id='word_1_1061' title='bbox 1636 545 1673 569; x_wconf 73' lang='grc' dir='ltr'>ῑτ</span> <span class='ocrx_word' id='word_1_1062' title='bbox 1682 551 1715 569; x_wconf 78' lang='lat' dir='ltr'>Es</span> <span class='ocrx_word' id='word_1_1063' title='bbox 1727 563 1735 576; x_wconf 94' lang='lat'>,</span> <span class='ocrx_word' id='word_1_1064' title='bbox 1756 542 1778 571; x_wconf 91' lang='lat' dir='ltr'>is</span> <span class='ocrx_word' id='word_1_1065' title='bbox 1788 563 1796 577; x_wconf 86' lang='lat'>,</span> <span class='ocrx_word' id='word_1_1066' title='bbox 1816 543 1860 572; x_wconf 88' lang='lat' dir='ltr'>vel</span> <span class='ocrx_word' id='word_1_1067' title='bbox 1879 553 1909 572; x_wconf 60' lang='grc' dir='ltr'>ες.</span> <span class='ocrx_word' id='word_1_1068' title='bbox 1939 543 2132 579; x_wconf 62' lang='grc' dir='ltr'>[άζςοπνίτης]</span> <span class='ocrx_word' id='word_1_1069' title='bbox 2162 554 2198 573; x_wconf 92' lang='lat' dir='ltr'>m.</span> <span class='ocrx_word' id='word_1_1070' title='bbox 2225 544 2271 573; x_wconf 89' lang='lat' dir='ltr'>sed</span> <span class='ocrx_word' id='word_1_1071' title='bbox 2285 543 2398 581; x_wconf 80' lang='lat' dir='ltr'>figurate</span> <span class='ocrx_word' id='word_1_1072' title='bbox 2411 544 2502 574; x_wconf 84' lang='lat' dir='ltr'>neutri</span> <span class='ocrx_word' id='word_1_1073' title='bbox 2515 544 2611 581; x_wconf 86' lang='lat' dir='ltr'>generi</span> 
     </span>
    </p>
   </div>
   <div class='ocr_carea' id='block_1_12' title="bbox 1485 578 2611 693">
    <p class='ocr_par' dir='ltr' id='par_1_48' title="bbox 1485 578 2611 693">
     <span class='ocr_line' id='line_1_113' title="bbox 1486 578 2611 615; baseline 0.004 -8"><span class='ocrx_word' id='word_1_1074' title='bbox 1486 580 1624 615; x_wconf 70' lang='lat' dir='ltr'>jungitur,</span> <span class='ocrx_word' id='word_1_1075' title='bbox 1648 579 1673 607; x_wconf 71' lang='lat' dir='ltr'>Sc</span> <span class='ocrx_word' id='word_1_1076' title='bbox 1685 578 1722 607; x_wconf 87' lang='lat' dir='ltr'>est</span> <span class='ocrx_word' id='word_1_1077' title='bbox 1731 580 1826 609; x_wconf 83' lang='lat' dir='ltr'>vinum</span> <span class='ocrx_word' id='word_1_1078' title='bbox 1837 581 1973 611; x_wconf 64' lang='lat' dir='ltr'>firdtitium</span> <span class='ocrx_word' id='word_1_1079' title='bbox 1984 591 2019 610; x_wconf 80' lang='lat' dir='ltr'>ex</span> <span class='ocrx_word' id='word_1_1080' title='bbox 2030 581 2175 611; x_wconf 87' lang='lat' dir='ltr'>abrotono.</span> <span class='ocrx_word' id='word_1_1081' title='bbox 2200 582 2309 611; x_wconf 90' lang='lat' dir='ltr'>Dicitur</span> <span class='ocrx_word' id='word_1_1082' title='bbox 2319 589 2412 611; x_wconf 89' lang='lat' dir='ltr'>autem</span> <span class='ocrx_word' id='word_1_1083' title='bbox 2422 583 2519 611; x_wconf 90' lang='lat' dir='ltr'>vinum</span> <span class='ocrx_word' id='word_1_1084' title='bbox 2531 582 2611 611; x_wconf 79' lang='lat' dir='ltr'>abro-</span> 
     </span>
     <span class='ocr_line' id='line_1_114' title="bbox 1485 617 2607 693; baseline 0.004 -49"><span class='ocrx_word' id='word_1_1085' title='bbox 1485 623 1588 684; x_wconf 43' lang='lat' dir='ltr'>(tjqffixtffis</span> <span class='ocrx_word' id='word_1_1086' title='bbox 1607 617 1922 693; x_wconf 42' lang='lat' dir='ltr'>‘iibvinzungagbiilqsthstes</span> <span class='ocrx_word' id='word_1_1087' title='bbox 1933 642 1941 655; x_wconf 96' lang='lat'>,</span> <span class='ocrx_word' id='word_1_1088' title='bbox 1973 619 2041 648; x_wconf 81' lang='lat' dir='ltr'>ficut</span> <span class='ocrx_word' id='word_1_1089' title='bbox 2061 620 2198 657; x_wconf 85' lang='lat' dir='ltr'>oppidum</span> <span class='ocrx_word' id='word_1_1090' title='bbox 2212 619 2302 649; x_wconf 90' lang='lat' dir='ltr'>Roma</span> <span class='ocrx_word' id='word_1_1091' title='bbox 2311 641 2319 655; x_wconf 91' lang='lat'>,</span> <span class='ocrx_word' id='word_1_1092' title='bbox 2347 619 2466 649; x_wconf 90' lang='lat' dir='ltr'>Flumen</span> <span class='ocrx_word' id='word_1_1093' title='bbox 2482 620 2607 649; x_wconf 84' lang='lat' dir='ltr'>Rhenus.</span> 
     </span>
    </p>
   </div>
   <div class='ocr_carea' id='block_1_13' title="bbox 1448 692 2608 731">
    <p class='ocr_par' dir='ltr' id='par_1_49' title="bbox 1448 692 2608 731">
     <span class='ocr_line' id='line_1_115' title="bbox 1448 692 2608 731; baseline 0.001 -9"><span class='ocrx_word' id='word_1_1094' title='bbox 1448 693 1469 721; x_wconf 90' lang='lat' dir='ltr'>A</span> <span class='ocrx_word' id='word_1_1095' title='bbox 1478 704 1492 721; x_wconf 66' lang='lat' dir='ltr'>u</span> <span class='ocrx_word' id='word_1_1096' title='bbox 1502 703 1516 720; x_wconf 65' lang='lat' dir='ltr'>a</span> <span class='ocrx_word' id='word_1_1097' title='bbox 1526 701 1592 721; x_wconf 83' lang='lat' dir='ltr'>oro</span> <span class='ocrx_word' id='word_1_1098' title='bbox 1603 701 1622 719; x_wconf 71' lang='lat' dir='ltr'>N</span> <span class='ocrx_word' id='word_1_1099' title='bbox 1632 701 1649 719; x_wconf 82' lang='lat' dir='ltr'>U</span> <span class='ocrx_word' id='word_1_1100' title='bbox 1658 702 1678 720; x_wconf 71' lang='lat' dir='ltr'><strong>M</strong></span> <span class='ocrx_word' id='word_1_1101' title='bbox 1689 713 1697 726; x_wconf 81' lang='lat'><strong>‚</strong></span> <span class='ocrx_word' id='word_1_1102' title='bbox 1721 694 1735 728; x_wconf 87' lang='lat'>[</span> <span class='ocrx_word' id='word_1_1103' title='bbox 1747 692 1891 729; x_wconf 66' lang='grc' dir='ltr'>Α’ζεάπνον]</span> <span class='ocrx_word' id='word_1_1104' title='bbox 1911 694 2045 724; x_wconf 81' lang='lat' dir='ltr'>Meretrix</span> <span class='ocrx_word' id='word_1_1105' title='bbox 2055 716 2062 729; x_wconf 96' lang='lat'>,</span> <span class='ocrx_word' id='word_1_1106' title='bbox 2084 703 2118 723; x_wconf 84' lang='lat' dir='ltr'>ex</span> <span class='ocrx_word' id='word_1_1107' title='bbox 2130 704 2183 731; x_wconf 90' lang='lat' dir='ltr'>qua</span> <span class='ocrx_word' id='word_1_1108' title='bbox 2193 694 2395 724; x_wconf 83' lang='lat' dir='ltr'>Themistocles</span> <span class='ocrx_word' id='word_1_1109' title='bbox 2406 695 2507 724; x_wconf 86' lang='lat' dir='ltr'>dicitur</span> <span class='ocrx_word' id='word_1_1110' title='bbox 2517 700 2608 730; x_wconf 82' lang='lat' dir='ltr'>natus,</span> 
     </span>
    </p>
   </div>
   <div class='ocr_carea' id='block_1_14' title="bbox 1484 729 2609 835">
    <p class='ocr_par' dir='ltr' id='par_1_50' title="bbox 1484 729 2609 835">
     <span class='ocr_line' id='line_1_116' title="bbox 1485 729 2609 772; baseline 0.002 -13"><span class='ocrx_word' id='word_1_1111' title='bbox 1485 738 1516 759; x_wconf 85' lang='lat' dir='ltr'>ut</span> <span class='ocrx_word' id='word_1_1112' title='bbox 1533 729 1720 772; x_wconf 76' lang='lat' dir='ltr'>Amphicrates</span> <span class='ocrx_word' id='word_1_1113' title='bbox 1737 732 1828 761; x_wconf 84' lang='lat' dir='ltr'>tradit.</span> <span class='ocrx_word' id='word_1_1114' title='bbox 1865 732 1929 761; x_wconf 84' lang='lat' dir='ltr'>Erat</span> <span class='ocrx_word' id='word_1_1115' title='bbox 1944 739 2037 761; x_wconf 90' lang='lat' dir='ltr'>autem</span> <span class='ocrx_word' id='word_1_1116' title='bbox 2056 731 2170 761; x_wconf 81' lang='lat' dir='ltr'>Threlsa</span> <span class='ocrx_word' id='word_1_1117' title='bbox 2187 742 2296 769; x_wconf 87' lang='lat' dir='ltr'>genere.</span> <span class='ocrx_word' id='word_1_1118' title='bbox 2334 733 2367 761; x_wconf 91' lang='lat' dir='ltr'>At</span> <span class='ocrx_word' id='word_1_1119' title='bbox 2386 732 2508 762; x_wconf 89' lang='lat' dir='ltr'>Neantes</span> <span class='ocrx_word' id='word_1_1120' title='bbox 2528 732 2609 769; x_wconf 84' lang='lat' dir='ltr'>Cyzi-</span> 
     </span>
     <span class='ocr_line' id='line_1_117' title="bbox 1484 767 2609 835; baseline 0.003 -39"><span class='ocrx_word' id='word_1_1121' title='bbox 1484 767 1744 835; x_wconf 43' lang='lat' dir='ltr'>{iniistisoffiiidsrpes</span> <span class='ocrx_word' id='word_1_1122' title='bbox 1761 768 1849 800; x_wconf 81' lang='lat' dir='ltr'>filiurn</span> <span class='ocrx_word' id='word_1_1123' title='bbox 1865 768 1944 799; x_wconf 83' lang='lat' dir='ltr'>fuisse</span> <span class='ocrx_word' id='word_1_1124' title='bbox 1959 769 2177 800; x_wconf 87' lang='lat' dir='ltr'>Themistoclem</span> <span class='ocrx_word' id='word_1_1125' title='bbox 2194 770 2286 800; x_wconf 84' lang='lat' dir='ltr'>tradit.</span> <span class='ocrx_word' id='word_1_1126' title='bbox 2324 770 2392 800; x_wconf 87' lang='lat' dir='ltr'>Haec</span> <span class='ocrx_word' id='word_1_1127' title='bbox 2410 770 2506 809; x_wconf 82' lang='lat' dir='ltr'>Steph.</span> <span class='ocrx_word' id='word_1_1128' title='bbox 2522 770 2609 808; x_wconf 81' lang='lat' dir='ltr'>Niger</span> 
     </span>
    </p>
   </div>
   <div class='ocr_carea' id='block_1_15' title="bbox 1447 837 2608 890">
    <p class='ocr_par' dir='ltr' id='par_1_51' title="bbox 1447 837 2608 890">
     <span class='ocr_line' id='line_1_118' title="bbox 1447 837 2608 890; baseline 0.002 -17"><span class='ocrx_word' id='word_1_1129' title='bbox 1447 845 1465 873; x_wconf 87' lang='lat' dir='ltr'>A</span> <span class='ocrx_word' id='word_1_1130' title='bbox 1475 855 1489 872; x_wconf 69' lang='lat' dir='ltr'>u</span> <span class='ocrx_word' id='word_1_1131' title='bbox 1498 854 1515 872; x_wconf 82' lang='lat' dir='ltr'>R</span> <span class='ocrx_word' id='word_1_1132' title='bbox 1523 853 1539 873; x_wconf 89' lang='lat' dir='ltr'>o</span> <span class='ocrx_word' id='word_1_1133' title='bbox 1548 853 1567 872; x_wconf 72' lang='lat' dir='ltr'>‘r</span> <span class='ocrx_word' id='word_1_1134' title='bbox 1576 845 1592 872; x_wconf 85' lang='lat'>6</span> <span class='ocrx_word' id='word_1_1135' title='bbox 1603 852 1622 871; x_wconf 88' lang='lat' dir='ltr'>N</span> <span class='ocrx_word' id='word_1_1136' title='bbox 1632 852 1651 871; x_wconf 89' lang='lat' dir='ltr'>u</span> <span class='ocrx_word' id='word_1_1137' title='bbox 1659 853 1681 871; x_wconf 72' lang='grc'>11</span> <span class='ocrx_word' id='word_1_1138' title='bbox 1692 865 1700 879; x_wconf 96' lang='grc'>,</span> <span class='ocrx_word' id='word_1_1139' title='bbox 1732 845 1746 880; x_wconf 86' lang='grc'>[</span> <span class='ocrx_word' id='word_1_1140' title='bbox 1758 837 1882 881; x_wconf 62' lang='grc' dir='ltr'>Α’βρόπῗοι</span> <span class='ocrx_word' id='word_1_1141' title='bbox 1893 846 1908 882; x_wconf 89' lang='grc'>]</span> <span class='ocrx_word' id='word_1_1142' title='bbox 1937 846 2079 890; x_wconf 83' lang='lat' dir='ltr'>Stephano</span> <span class='ocrx_word' id='word_1_1143' title='bbox 2094 846 2192 889; x_wconf 81' lang='lat' dir='ltr'>oppidi</span> <span class='ocrx_word' id='word_1_1144' title='bbox 2205 855 2309 875; x_wconf 90' lang='lat' dir='ltr'>nomen</span> <span class='ocrx_word' id='word_1_1145' title='bbox 2330 845 2368 875; x_wconf 88' lang='lat' dir='ltr'>est</span> <span class='ocrx_word' id='word_1_1146' title='bbox 2384 846 2413 874; x_wconf 91' lang='lat' dir='ltr'>in</span> <span class='ocrx_word' id='word_1_1147' title='bbox 2434 846 2523 875; x_wconf 86' lang='lat' dir='ltr'>Africa</span> <span class='ocrx_word' id='word_1_1148' title='bbox 2535 847 2608 876; x_wconf 85' lang='lat' dir='ltr'>inter</span> 
     </span>
    </p>
   </div>
   <div class='ocr_carea' id='block_1_16' title="bbox 1482 882 2605 957">
    <p class='ocr_par' dir='ltr' id='par_1_52' title="bbox 1482 882 2605 957">
     <span class='ocr_line' id='line_1_119' title="bbox 1484 882 2605 949; baseline 0.003 -38"><span class='ocrx_word' id='word_1_1149' title='bbox 1484 883 1552 949; x_wconf 46' lang='lat' dir='ltr'>{uass</span> <span class='ocrx_word' id='word_1_1150' title='bbox 1570 882 1679 947; x_wconf 52' lang='lat' dir='ltr'>Syrtesb,</span> <span class='ocrx_word' id='word_1_1151' title='bbox 1712 891 1770 911; x_wconf 90' lang='lat' dir='ltr'>non</span> <span class='ocrx_word' id='word_1_1152' title='bbox 1786 883 1885 921; x_wconf 87' lang='lat' dir='ltr'>procul</span> <span class='ocrx_word' id='word_1_1153' title='bbox 1905 894 1920 913; x_wconf 81' lang='lat' dir='ltr'>a</span> <span class='ocrx_word' id='word_1_1154' title='bbox 1938 883 2018 922; x_wconf 83' lang='lat' dir='ltr'>Lepti</span> <span class='ocrx_word' id='word_1_1155' title='bbox 2029 906 2037 920; x_wconf 89' lang='lat'>,</span> <span class='ocrx_word' id='word_1_1156' title='bbox 2065 894 2144 920; x_wconf 79' lang='lat' dir='ltr'>cujus</span> <span class='ocrx_word' id='word_1_1157' title='bbox 2162 884 2290 914; x_wconf 84' lang='lat' dir='ltr'>meminit</span> <span class='ocrx_word' id='word_1_1158' title='bbox 2303 883 2372 913; x_wconf 88' lang='lat' dir='ltr'>Plin.</span> <span class='ocrx_word' id='word_1_1159' title='bbox 2393 884 2441 913; x_wconf 85' lang='lat' dir='ltr'>lib.</span> <span class='ocrx_word' id='word_1_1160' title='bbox 2457 895 2481 920; x_wconf 84' lang='lat'>5.</span> <span class='ocrx_word' id='word_1_1161' title='bbox 2504 894 2564 923; x_wconf 89' lang='lat' dir='ltr'>cap.</span> <span class='ocrx_word' id='word_1_1162' title='bbox 2577 896 2605 921; x_wconf 86' lang='lat'>4.</span> 
     </span>
     <span class='ocr_line' id='line_1_120' title="bbox 1482 928 1743 957; baseline 0 -8"><span class='ocrx_word' id='word_1_1163' title='bbox 1482 930 1508 949; x_wconf 60' lang='grc' dir='ltr'><strong><em>υ</em></strong></span> <span class='ocrx_word' id='word_1_1164' title='bbox 1548 928 1615 948; x_wconf 64' lang='lat' dir='ltr'>tra).</span> <span class='ocrx_word' id='word_1_1165' title='bbox 1650 928 1743 957; x_wconf 90' lang='lat'>1.17.</span> 
     </span>
    </p>
   </div>
   <div class='ocr_carea' id='block_1_17' title="bbox 1442 956 2608 1000">
    <p class='ocr_par' dir='ltr' id='par_1_53' title="bbox 1442 956 2608 1000">
     <span class='ocr_line' id='line_1_121' title="bbox 1442 956 2608 1000; baseline 0.003 -14"><span class='ocrx_word' id='word_1_1166' title='bbox 1442 956 1464 986; x_wconf 87' lang='lat' dir='ltr'>A</span> <span class='ocrx_word' id='word_1_1167' title='bbox 1473 968 1488 985; x_wconf 84' lang='lat' dir='ltr'>B</span> <span class='ocrx_word' id='word_1_1168' title='bbox 1496 968 1537 986; x_wconf 73' lang='lat' dir='ltr'>Ru</span> <span class='ocrx_word' id='word_1_1169' title='bbox 1546 968 1566 986; x_wconf 85' lang='lat' dir='ltr'>M</span> <span class='ocrx_word' id='word_1_1170' title='bbox 1575 966 1590 985; x_wconf 80' lang='lat' dir='ltr'>r&gt;</span> <span class='ocrx_word' id='word_1_1171' title='bbox 1599 967 1615 985; x_wconf 93' lang='lat' dir='ltr'>o</span> <span class='ocrx_word' id='word_1_1172' title='bbox 1625 978 1633 991; x_wconf 92' lang='lat'>,</span> <span class='ocrx_word' id='word_1_1173' title='bbox 1660 957 1707 1000; x_wconf 69' lang='lat' dir='ltr'>sipi</span> <span class='ocrx_word' id='word_1_1174' title='bbox 1719 979 1727 992; x_wconf 89' lang='lat'>,</span> <span class='ocrx_word' id='word_1_1175' title='bbox 1752 965 1852 996; x_wconf 88' lang='lat' dir='ltr'>uptum</span> <span class='ocrx_word' id='word_1_1176' title='bbox 1863 980 1872 995; x_wconf 91' lang='lat'>,</span> <span class='ocrx_word' id='word_1_1177' title='bbox 1901 959 2085 997; x_wconf 62' lang='grc' dir='ltr'>[ἀπορῥηῇκνυμι</span> <span class='ocrx_word' id='word_1_1178' title='bbox 2096 960 2111 996; x_wconf 90' lang='grc'>]</span> <span class='ocrx_word' id='word_1_1179' title='bbox 2136 968 2191 989; x_wconf 87' lang='lat' dir='ltr'>ere.</span> <span class='ocrx_word' id='word_1_1180' title='bbox 2228 959 2308 989; x_wconf 90' lang='lat' dir='ltr'>Idem</span> <span class='ocrx_word' id='word_1_1181' title='bbox 2319 959 2394 996; x_wconf 89' lang='lat' dir='ltr'>quod</span> <span class='ocrx_word' id='word_1_1182' title='bbox 2405 968 2550 997; x_wconf 87' lang='lat' dir='ltr'>rumpere:</span> <span class='ocrx_word' id='word_1_1183' title='bbox 2574 966 2608 993; x_wconf 78' lang='lat' dir='ltr'>ut</span> 
     </span>
    </p>
   </div>
   <div class='ocr_carea' id='block_1_18' title="bbox 1467 995 2656 2595">
    <p class='ocr_par' dir='ltr' id='par_1_54' title="bbox 1467 995 2656 2595">
     <span class='ocr_line' id='line_1_122' title="bbox 1479 995 1785 1032; baseline 0.007 -9"><span class='ocrx_word' id='word_1_1184' title='bbox 1479 995 1649 1032; x_wconf 86' lang='lat' dir='ltr'>Abrumpere</span> <span class='ocrx_word' id='word_1_1185' title='bbox 1666 995 1785 1025; x_wconf 83' lang='lat' dir='ltr'>vincula.</span> 
     </span>
     <span class='ocr_line' id='line_1_123' title="bbox 1479 1033 2606 1074; baseline 0.003 -12"><span class='ocrx_word' id='word_1_1186' title='bbox 1479 1033 1649 1070; x_wconf 86' lang='lat' dir='ltr'>Abrumpere</span> <span class='ocrx_word' id='word_1_1187' title='bbox 1668 1041 1703 1061; x_wconf 90' lang='lat' dir='ltr'>ex</span> <span class='ocrx_word' id='word_1_1188' title='bbox 1723 1042 1751 1062; x_wconf 86' lang='lat' dir='ltr'>re</span> <span class='ocrx_word' id='word_1_1189' title='bbox 1766 1033 1864 1072; x_wconf 85' lang='lat' dir='ltr'>aliqua.</span> <span class='ocrx_word' id='word_1_1190' title='bbox 1899 1034 1968 1064; x_wconf 84' lang='lat' dir='ltr'>Plin.</span> <span class='ocrx_word' id='word_1_1191' title='bbox 1987 1034 2035 1064; x_wconf 89' lang='lat' dir='ltr'>lib.</span> <span class='ocrx_word' id='word_1_1192' title='bbox 2050 1045 2075 1065; x_wconf 86' lang='lat'>2.</span> <span class='ocrx_word' id='word_1_1193' title='bbox 2091 1045 2151 1074; x_wconf 88' lang='lat' dir='ltr'>cap.</span> <span class='ocrx_word' id='word_1_1194' title='bbox 2168 1044 2213 1071; x_wconf 92' lang='lat'>92.</span> <span class='ocrx_word' id='word_1_1195' title='bbox 2251 1034 2293 1064; x_wconf 82' lang='lat' dir='ltr'>Ex</span> <span class='ocrx_word' id='word_1_1196' title='bbox 2310 1033 2397 1064; x_wconf 85' lang='lat' dir='ltr'>insula</span> <span class='ocrx_word' id='word_1_1197' title='bbox 2415 1033 2471 1064; x_wconf 90' lang='lat' dir='ltr'>Cea</span> <span class='ocrx_word' id='word_1_1198' title='bbox 2486 1035 2606 1073; x_wconf 83' lang='lat' dir='ltr'>amplius</span> 
     </span>
     <span class='ocr_line' id='line_1_124' title="bbox 1498 1070 1960 1108; baseline 0.002 -8"><span class='ocrx_word' id='word_1_1199' title='bbox 1498 1080 1575 1100; x_wconf 82' lang='lat' dir='ltr'>xxx.</span> <span class='ocrx_word' id='word_1_1200' title='bbox 1598 1070 1685 1099; x_wconf 86' lang='lat' dir='ltr'>millia</span> <span class='ocrx_word' id='word_1_1201' title='bbox 1698 1070 1822 1108; x_wconf 83' lang='lat' dir='ltr'>paffuum</span> <span class='ocrx_word' id='word_1_1202' title='bbox 1837 1072 1903 1101; x_wconf 81' lang='lat' dir='ltr'>abru</span> <span class='ocrx_word' id='word_1_1203' title='bbox 1926 1080 1960 1102; x_wconf 89' lang='lat' dir='ltr'>ta.</span> 
     </span>
     <span class='ocr_line' id='line_1_125' title="bbox 1477 1107 2605 1175; baseline 0.002 -37"><span class='ocrx_word' id='word_1_1204' title='bbox 1477 1109 1648 1175; x_wconf 43' lang='lat' dir='ltr'>Abgumpeke</span> <span class='ocrx_word' id='word_1_1205' title='bbox 1664 1107 1691 1137; x_wconf 89' lang='lat' dir='ltr'>se</span> <span class='ocrx_word' id='word_1_1206' title='bbox 1708 1109 1742 1152; x_wconf 79' lang='lat' dir='ltr'>ab</span> <span class='ocrx_word' id='word_1_1207' title='bbox 1761 1109 1863 1148; x_wconf 86' lang='lat' dir='ltr'>aliquo.</span> <span class='ocrx_word' id='word_1_1208' title='bbox 1896 1111 1954 1140; x_wconf 70' lang='lat' dir='ltr'>Lic.</span> <span class='ocrx_word' id='word_1_1209' title='bbox 1975 1110 2075 1149; x_wconf 84' lang='lat' dir='ltr'>Philip.</span> <span class='ocrx_word' id='word_1_1210' title='bbox 2091 1121 2134 1147; x_wconf 90' lang='lat'>14.</span> <span class='ocrx_word' id='word_1_1211' title='bbox 2151 1120 2194 1148; x_wconf 79' lang='lat'>31.</span> <span class='ocrx_word' id='word_1_1212' title='bbox 2225 1111 2285 1140; x_wconf 83' lang='lat' dir='ltr'>haec</span> <span class='ocrx_word' id='word_1_1213' title='bbox 2306 1109 2332 1139; x_wconf 90' lang='lat' dir='ltr'>se</span> <span class='ocrx_word' id='word_1_1214' title='bbox 2351 1110 2440 1148; x_wconf 84' lang='lat' dir='ltr'>prima</span> <span class='ocrx_word' id='word_1_1215' title='bbox 2457 1110 2605 1140; x_wconf 85' lang='lat' dir='ltr'>latrocinio</span> 
     </span>
     <span class='ocr_line' id='line_1_126' title="bbox 1496 1152 1740 1176; baseline 0 0"><span class='ocrx_word' id='word_1_1216' title='bbox 1496 1157 1510 1176; x_wconf 84' lang='lat' dir='ltr'>a</span> <span class='ocrx_word' id='word_1_1217' title='bbox 1532 1157 1561 1176; x_wconf 90' lang='lat' dir='ltr'>ru</span> <span class='ocrx_word' id='word_1_1218' title='bbox 1585 1152 1606 1175; x_wconf 82' lang='lat' dir='ltr'>1t</span> <span class='ocrx_word' id='word_1_1219' title='bbox 1641 1152 1740 1176; x_wconf 89' lang='lat' dir='ltr'>ntonn.</span> 
     </span>
     <span class='ocr_line' id='line_1_127' title="bbox 1478 1156 2602 1225; baseline 0 -11"><span class='ocrx_word' id='word_1_1220' title='bbox 1478 1156 1654 1214; x_wconf 60' lang='lat' dir='ltr'>Translsertur</span> <span class='ocrx_word' id='word_1_1221' title='bbox 1667 1184 1703 1213; x_wconf 88' lang='lat' dir='ltr'>ad</span> <span class='ocrx_word' id='word_1_1222' title='bbox 1716 1194 1758 1214; x_wconf 87' lang='lat' dir='ltr'>res</span> <span class='ocrx_word' id='word_1_1223' title='bbox 1776 1185 1971 1224; x_wconf 84' lang='lat' dir='ltr'>incorporeas:</span> <span class='ocrx_word' id='word_1_1224' title='bbox 2002 1193 2051 1222; x_wconf 89' lang='lat' dir='ltr'>ut,</span> <span class='ocrx_word' id='word_1_1225' title='bbox 2079 1186 2250 1225; x_wconf 87' lang='lat' dir='ltr'>Abrumpere</span> <span class='ocrx_word' id='word_1_1226' title='bbox 2266 1196 2326 1215; x_wconf 88' lang='lat' dir='ltr'>rem</span> <span class='ocrx_word' id='word_1_1227' title='bbox 2338 1186 2506 1216; x_wconf 86' lang='lat' dir='ltr'>inchoatam.</span> <span class='ocrx_word' id='word_1_1228' title='bbox 2531 1185 2602 1215; x_wconf 88' lang='lat' dir='ltr'>Plin.</span> 
     </span>
     <span class='ocr_line' id='line_1_128' title="bbox 1497 1222 2583 1264; baseline 0.002 -13"><span class='ocrx_word' id='word_1_1229' title='bbox 1497 1222 1561 1258; x_wconf 84' lang='lat' dir='ltr'>Juu.</span> <span class='ocrx_word' id='word_1_1230' title='bbox 1574 1222 1624 1260; x_wconf 85' lang='lat' dir='ltr'>Ep.</span> <span class='ocrx_word' id='word_1_1231' title='bbox 1641 1232 1701 1251; x_wconf 92' lang='lat'>100.</span> <span class='ocrx_word' id='word_1_1232' title='bbox 1724 1222 1761 1252; x_wconf 92' lang='lat' dir='ltr'>Ut</span> <span class='ocrx_word' id='word_1_1233' title='bbox 1772 1233 1832 1260; x_wconf 80' lang='lat' dir='ltr'>quae</span> <span class='ocrx_word' id='word_1_1234' title='bbox 1843 1225 1950 1263; x_wconf 84' lang='lat' dir='ltr'>semper</span> <span class='ocrx_word' id='word_1_1235' title='bbox 1960 1224 2122 1253; x_wconf 86' lang='lat' dir='ltr'>inchoatum</span> <span class='ocrx_word' id='word_1_1236' title='bbox 2133 1224 2240 1262; x_wconf 80' lang='lat' dir='ltr'>ahquid</span> <span class='ocrx_word' id='word_1_1237' title='bbox 2250 1224 2403 1264; x_wconf 71' lang='lat' dir='ltr'>abrumpat.</span> <span class='ocrx_word' id='word_1_1238' title='bbox 2429 1224 2473 1254; x_wconf 85' lang='lat' dir='ltr'>De</span> <span class='ocrx_word' id='word_1_1239' title='bbox 2484 1229 2583 1260; x_wconf 78' lang='lat' dir='ltr'>morte,</span> 
     </span>
     <span class='ocr_line' id='line_1_129' title="bbox 1478 1260 2117 1300; baseline 0.002 -9"><span class='ocrx_word' id='word_1_1240' title='bbox 1478 1260 1560 1291; x_wconf 69' lang='lat' dir='ltr'>Actus</span> <span class='ocrx_word' id='word_1_1241' title='bbox 1572 1261 1699 1297; x_wconf 83' lang='lat' dir='ltr'>ingentes</span> <span class='ocrx_word' id='word_1_1242' title='bbox 1712 1260 1884 1300; x_wconf 89' lang='lat' dir='ltr'>abrumpere.</span> <span class='ocrx_word' id='word_1_1243' title='bbox 1913 1262 2016 1292; x_wconf 84' lang='lat' dir='ltr'>Lucan.</span> <span class='ocrx_word' id='word_1_1244' title='bbox 2030 1262 2077 1291; x_wconf 92' lang='lat' dir='ltr'>lib.</span> <span class='ocrx_word' id='word_1_1245' title='bbox 2092 1273 2117 1299; x_wconf 82' lang='lat'>5.</span> 
     </span>
     <span class='ocr_line' id='line_1_130' title="bbox 1596 1297 2095 1339; baseline 0.008 -13"><span class='ocrx_word' id='word_1_1246' title='bbox 1596 1297 1708 1327; x_wconf 84' lang='lat' dir='ltr'>—licet</span> <span class='ocrx_word' id='word_1_1247' title='bbox 1722 1299 1847 1336; x_wconf 86' lang='lat' dir='ltr'>ingentes</span> <span class='ocrx_word' id='word_1_1248' title='bbox 1863 1300 2003 1339; x_wconf 87' lang='lat' dir='ltr'>abruperit</span> <span class='ocrx_word' id='word_1_1249' title='bbox 2018 1302 2095 1330; x_wconf 53' lang='lat' dir='ltr'>astus</span> 
     </span>
     <span class='ocr_line' id='line_1_131' title="bbox 1558 1335 2143 1376; baseline 0.003 -11"><span class='ocrx_word' id='word_1_1250' title='bbox 1558 1335 1692 1365; x_wconf 86' lang='lat' dir='ltr'>Festinata</span> <span class='ocrx_word' id='word_1_1251' title='bbox 1703 1336 1762 1366; x_wconf 89' lang='lat' dir='ltr'>dies</span> <span class='ocrx_word' id='word_1_1252' title='bbox 1777 1337 1837 1367; x_wconf 87' lang='lat' dir='ltr'>fatis</span> <span class='ocrx_word' id='word_1_1253' title='bbox 1848 1361 1856 1374; x_wconf 92' lang='lat'>,</span> <span class='ocrx_word' id='word_1_1254' title='bbox 1876 1338 1915 1367; x_wconf 90' lang='lat' dir='ltr'>sat</span> <span class='ocrx_word' id='word_1_1255' title='bbox 1929 1348 2028 1375; x_wconf 86' lang='lat' dir='ltr'>magna</span> <span class='ocrx_word' id='word_1_1256' title='bbox 2041 1338 2143 1376; x_wconf 83' lang='lat' dir='ltr'>peregi.</span> 
     </span>
     <span class='ocr_line' id='line_1_132' title="bbox 1478 1374 2203 1413; baseline 0.006 -11"><span class='ocrx_word' id='word_1_1257' title='bbox 1478 1374 1575 1406; x_wconf 79' lang='lat' dir='ltr'>AEther</span> <span class='ocrx_word' id='word_1_1258' title='bbox 1585 1374 1757 1412; x_wconf 84' lang='lat' dir='ltr'>abrumpitur</span> <span class='ocrx_word' id='word_1_1259' title='bbox 1767 1375 1884 1412; x_wconf 85' lang='lat' dir='ltr'>ignibus.</span> <span class='ocrx_word' id='word_1_1260' title='bbox 1916 1376 1999 1406; x_wconf 90' lang='lat' dir='ltr'>Ovid.</span> <span class='ocrx_word' id='word_1_1261' title='bbox 2012 1386 2037 1405; x_wconf 87' lang='lat'>2.</span> <span class='ocrx_word' id='word_1_1262' title='bbox 2059 1376 2125 1406; x_wconf 83' lang='lat' dir='ltr'>Fast.</span> <span class='ocrx_word' id='word_1_1263' title='bbox 2139 1387 2203 1413; x_wconf 76' lang='lat'>495.</span> 
     </span>
     <span class='ocr_line' id='line_1_133' title="bbox 1558 1412 2329 1452; baseline 0.004 -11"><span class='ocrx_word' id='word_1_1264' title='bbox 1558 1412 1632 1441; x_wconf 92' lang='lat' dir='ltr'>Hinc</span> <span class='ocrx_word' id='word_1_1265' title='bbox 1647 1417 1740 1447; x_wconf 86' lang='lat' dir='ltr'>tonat,</span> <span class='ocrx_word' id='word_1_1266' title='bbox 1761 1412 1826 1442; x_wconf 88' lang='lat' dir='ltr'>hinc</span> <span class='ocrx_word' id='word_1_1267' title='bbox 1837 1413 1921 1444; x_wconf 77' lang='lat' dir='ltr'>missis</span> <span class='ocrx_word' id='word_1_1268' title='bbox 1932 1413 2104 1452; x_wconf 85' lang='lat' dir='ltr'>abrumpitur</span> <span class='ocrx_word' id='word_1_1269' title='bbox 2115 1414 2224 1452; x_wconf 84' lang='lat' dir='ltr'>ignibus</span> <span class='ocrx_word' id='word_1_1270' title='bbox 2236 1413 2329 1451; x_wconf 84' lang='lat' dir='ltr'>aether,</span> 
     </span>
     <span class='ocr_line' id='line_1_134' title="bbox 1478 1449 2188 1487; baseline 0.003 -8"><span class='ocrx_word' id='word_1_1271' title='bbox 1478 1449 1611 1487; x_wconf 83' lang='lat' dir='ltr'>Abrumpi</span> <span class='ocrx_word' id='word_1_1272' title='bbox 1623 1449 1874 1481; x_wconf 82' lang='lat' dir='ltr'>dissimulationem.</span> <span class='ocrx_word' id='word_1_1273' title='bbox 1896 1452 1985 1482; x_wconf 88' lang='lat' dir='ltr'>Tacit.</span> <span class='ocrx_word' id='word_1_1274' title='bbox 1998 1452 2068 1481; x_wconf 88' lang='lat' dir='ltr'>Ann.</span> <span class='ocrx_word' id='word_1_1275' title='bbox 2085 1462 2127 1482; x_wconf 79' lang='grc'>11.</span> <span class='ocrx_word' id='word_1_1276' title='bbox 2143 1456 2188 1482; x_wconf 90' lang='lat'>26.</span> 
     </span>
     <span class='ocr_line' id='line_1_135' title="bbox 1477 1487 2420 1527; baseline 0.003 -12"><span class='ocrx_word' id='word_1_1277' title='bbox 1477 1487 1528 1516; x_wconf 79' lang='lat' dir='ltr'>Fas</span> <span class='ocrx_word' id='word_1_1278' title='bbox 1539 1487 1717 1525; x_wconf 87' lang='lat' dir='ltr'>Abrumpere.</span> <span class='ocrx_word' id='word_1_1279' title='bbox 1745 1488 1818 1526; x_wconf 84' lang='lat' dir='ltr'>Virg.</span> <span class='ocrx_word' id='word_1_1280' title='bbox 1830 1489 1892 1519; x_wconf 86' lang='lat' dir='ltr'>AEn.</span> <span class='ocrx_word' id='word_1_1281' title='bbox 1906 1499 1930 1526; x_wconf 86' lang='lat'>3.</span> <span class='ocrx_word' id='word_1_1282' title='bbox 1950 1500 1992 1526; x_wconf 86' lang='lat'>55.</span> <span class='ocrx_word' id='word_1_1283' title='bbox 2030 1489 2079 1519; x_wconf 87' lang='lat' dir='ltr'>Fas</span> <span class='ocrx_word' id='word_1_1284' title='bbox 2095 1500 2178 1519; x_wconf 92' lang='lat' dir='ltr'>omne</span> <span class='ocrx_word' id='word_1_1285' title='bbox 2189 1490 2344 1527; x_wconf 80' lang='lat' dir='ltr'>abrumpit,</span> <span class='ocrx_word' id='word_1_1286' title='bbox 2367 1489 2420 1519; x_wconf 83' lang='lat' dir='ltr'>&amp;e.</span> 
     </span>
     <span class='ocr_line' id='line_1_136' title="bbox 1477 1524 2606 1565; baseline 0.002 -10"><span class='ocrx_word' id='word_1_1287' title='bbox 1477 1524 1584 1555; x_wconf 86' lang='lat' dir='ltr'>Fatum.</span> <span class='ocrx_word' id='word_1_1288' title='bbox 1614 1525 1712 1555; x_wconf 87' lang='lat' dir='ltr'>Senec.</span> <span class='ocrx_word' id='word_1_1289' title='bbox 1725 1526 1755 1555; x_wconf 90' lang='lat' dir='ltr'>in</span> <span class='ocrx_word' id='word_1_1290' title='bbox 1765 1526 1846 1556; x_wconf 84' lang='lat' dir='ltr'>Herc.</span> <span class='ocrx_word' id='word_1_1291' title='bbox 1861 1527 1950 1557; x_wconf 86' lang='lat' dir='ltr'>OEth.</span> <span class='ocrx_word' id='word_1_1292' title='bbox 1963 1537 1989 1565; x_wconf 90' lang='lat'>7.</span> <span class='ocrx_word' id='word_1_1293' title='bbox 2029 1527 2133 1557; x_wconf 89' lang='lat' dir='ltr'>Natum</span> <span class='ocrx_word' id='word_1_1294' title='bbox 2145 1528 2305 1565; x_wconf 79' lang='lat' dir='ltr'>relinques?</span> <span class='ocrx_word' id='word_1_1295' title='bbox 2331 1527 2442 1564; x_wconf 61' lang='lat' dir='ltr'>fataque</span> <span class='ocrx_word' id='word_1_1296' title='bbox 2454 1526 2606 1565; x_wconf 66' lang='lat' dir='ltr'>abrumpes</span> 
     </span>
     <span class='ocr_line' id='line_1_137' title="bbox 1495 1562 2462 1598; baseline 0.004 -7"><span class='ocrx_word' id='word_1_1297' title='bbox 1495 1569 1543 1592; x_wconf 79' lang='lat' dir='ltr'>tua</span> <span class='ocrx_word' id='word_1_1298' title='bbox 1553 1564 1566 1591; x_wconf 73' lang='grc' dir='ltr'>ἰ)</span> <span class='ocrx_word' id='word_1_1299' title='bbox 1586 1562 1619 1592; x_wconf 87' lang='grc' dir='ltr'>Ι(1</span> <span class='ocrx_word' id='word_1_1300' title='bbox 1630 1563 1683 1598; x_wconf 84' lang='grc'>811,</span> <span class='ocrx_word' id='word_1_1301' title='bbox 1702 1564 1787 1593; x_wconf 88' lang='lat' dir='ltr'>vitam</span> <span class='ocrx_word' id='word_1_1302' title='bbox 1797 1564 1843 1594; x_wconf 87' lang='lat' dir='ltr'>seu</span> <span class='ocrx_word' id='word_1_1303' title='bbox 1854 1565 1968 1595; x_wconf 87' lang='lat' dir='ltr'>stamina</span> <span class='ocrx_word' id='word_1_1304' title='bbox 1977 1565 2068 1595; x_wconf 67' lang='lat' dir='ltr'>satalia</span> <span class='ocrx_word' id='word_1_1305' title='bbox 2078 1567 2141 1594; x_wconf 82' lang='lat' dir='ltr'>vitae</span> <span class='ocrx_word' id='word_1_1306' title='bbox 2152 1573 2216 1595; x_wconf 81' lang='lat' dir='ltr'>tuae.</span> <span class='ocrx_word' id='word_1_1307' title='bbox 2461 1571 2462 1578; x_wconf 66' lang='lat'>¹</span> 
     </span>
     <span class='ocr_line' id='line_1_138' title="bbox 1476 1600 2603 1641; baseline 0.001 -10"><span class='ocrx_word' id='word_1_1308' title='bbox 1476 1600 1582 1631; x_wconf 85' lang='lat' dir='ltr'>Fidem.</span> <span class='ocrx_word' id='word_1_1309' title='bbox 1611 1601 1701 1630; x_wconf 86' lang='lat' dir='ltr'>Tacit.</span> <span class='ocrx_word' id='word_1_1310' title='bbox 1723 1602 1790 1631; x_wconf 87' lang='lat' dir='ltr'>Hist.</span> <span class='ocrx_word' id='word_1_1311' title='bbox 1804 1613 1830 1638; x_wconf 89' lang='lat'>4.</span> <span class='ocrx_word' id='word_1_1312' title='bbox 1847 1607 1892 1633; x_wconf 91' lang='lat'>60.</span> <span class='ocrx_word' id='word_1_1313' title='bbox 1909 1608 1935 1633; x_wconf 88' lang='lat'>6.</span> <span class='ocrx_word' id='word_1_1314' title='bbox 1971 1603 2069 1632; x_wconf 82' lang='lat' dir='ltr'>Caeteri</span> <span class='ocrx_word' id='word_1_1315' title='bbox 2083 1610 2156 1633; x_wconf 87' lang='lat' dir='ltr'>retro</span> <span class='ocrx_word' id='word_1_1316' title='bbox 2173 1604 2203 1632; x_wconf 90' lang='lat' dir='ltr'>in</span> <span class='ocrx_word' id='word_1_1317' title='bbox 2219 1603 2303 1632; x_wconf 88' lang='lat' dir='ltr'>castra</span> <span class='ocrx_word' id='word_1_1318' title='bbox 2320 1602 2501 1641; x_wconf 86' lang='lat' dir='ltr'>profugiunt,</span> <span class='ocrx_word' id='word_1_1319' title='bbox 2529 1612 2603 1640; x_wconf 85' lang='lat' dir='ltr'>quae-</span> 
     </span>
     <span class='ocr_line' id='line_1_139' title="bbox 1495 1638 2604 1705; baseline 0.004 -38"><span class='ocrx_word' id='word_1_1320' title='bbox 1495 1645 1573 1705; x_wconf 54' lang='lat' dir='ltr'>rgnte</span> <span class='ocrx_word' id='word_1_1321' title='bbox 1592 1638 1654 1668; x_wconf 80' lang='lat' dir='ltr'>sane</span> <span class='ocrx_word' id='word_1_1322' title='bbox 1673 1639 1760 1670; x_wconf 87' lang='lat' dir='ltr'>Civile</span> <span class='ocrx_word' id='word_1_1323' title='bbox 1780 1641 1806 1670; x_wconf 78' lang='lat' dir='ltr'>Sc</span> <span class='ocrx_word' id='word_1_1324' title='bbox 1824 1641 1985 1679; x_wconf 85' lang='lat' dir='ltr'>increpante</span> <span class='ocrx_word' id='word_1_1325' title='bbox 2002 1641 2172 1677; x_wconf 89' lang='lat' dir='ltr'>Germanos,</span> <span class='ocrx_word' id='word_1_1326' title='bbox 2197 1647 2330 1679; x_wconf 86' lang='lat' dir='ltr'>tanquam</span> <span class='ocrx_word' id='word_1_1327' title='bbox 2347 1640 2432 1670; x_wconf 88' lang='lat' dir='ltr'>fidem</span> <span class='ocrx_word' id='word_1_1328' title='bbox 2448 1651 2499 1680; x_wconf 87' lang='lat' dir='ltr'>per</span> <span class='ocrx_word' id='word_1_1329' title='bbox 2512 1640 2604 1671; x_wconf 75' lang='lat' dir='ltr'>scelus</span> 
     </span>
     <span class='ocr_line' id='line_1_140' title="bbox 1494 1683 1699 1714; baseline 0.005 -8"><span class='ocrx_word' id='word_1_1330' title='bbox 1494 1687 1509 1706; x_wconf 90' lang='lat' dir='ltr'>a</span> <span class='ocrx_word' id='word_1_1331' title='bbox 1530 1683 1699 1714; x_wconf 87' lang='lat' dir='ltr'>rumperent.</span> 
     </span>
     <span class='ocr_line' id='line_1_141' title="bbox 1475 1714 2085 1749; baseline 0.002 -4"><span class='ocrx_word' id='word_1_1332' title='bbox 1475 1714 1620 1745; x_wconf 77' lang='lat' dir='ltr'>Flammas.</span> <span class='ocrx_word' id='word_1_1333' title='bbox 1648 1715 1732 1749; x_wconf 65' lang='lat' dir='ltr'>Ovid.</span> <span class='ocrx_word' id='word_1_1334' title='bbox 1745 1714 1793 1745; x_wconf 91' lang='lat' dir='ltr'>lib.</span> <span class='ocrx_word' id='word_1_1335' title='bbox 1804 1725 1830 1746; x_wconf 89' lang='lat'>2.</span> <span class='ocrx_word' id='word_1_1336' title='bbox 1851 1716 1885 1745; x_wconf 91' lang='lat' dir='ltr'>de</span> <span class='ocrx_word' id='word_1_1337' title='bbox 1898 1716 1978 1746; x_wconf 89' lang='lat' dir='ltr'>Rem.</span> <span class='ocrx_word' id='word_1_1338' title='bbox 1994 1717 2085 1747; x_wconf 89' lang='lat' dir='ltr'>Amor.</span> 
     </span>
     <span class='ocr_line' id='line_1_142' title="bbox 1554 1753 2529 1793; baseline 0.003 -12"><span class='ocrx_word' id='word_1_1339' title='bbox 1554 1753 1621 1782; x_wconf 91' lang='lat' dir='ltr'>Non</span> <span class='ocrx_word' id='word_1_1340' title='bbox 1633 1763 1684 1790; x_wconf 76' lang='lat' dir='ltr'>ego</span> <span class='ocrx_word' id='word_1_1341' title='bbox 1696 1760 1723 1782; x_wconf 92' lang='lat' dir='ltr'>te</span> <span class='ocrx_word' id='word_1_1342' title='bbox 1738 1753 1822 1790; x_wconf 88' lang='lat' dir='ltr'>jubeo</span> <span class='ocrx_word' id='word_1_1343' title='bbox 1834 1755 1938 1783; x_wconf 84' lang='lat' dir='ltr'>medias</span> <span class='ocrx_word' id='word_1_1344' title='bbox 1950 1755 2114 1793; x_wconf 86' lang='lat' dir='ltr'>abrumpere</span> <span class='ocrx_word' id='word_1_1345' title='bbox 2128 1755 2260 1785; x_wconf 86' lang='lat' dir='ltr'>flammas.</span> <span class='ocrx_word' id='word_1_1346' title='bbox 2291 1754 2324 1785; x_wconf 91' lang='lat' dir='ltr'>Id</span> <span class='ocrx_word' id='word_1_1347' title='bbox 2335 1755 2373 1785; x_wconf 90' lang='lat' dir='ltr'>est</span> <span class='ocrx_word' id='word_1_1348' title='bbox 2382 1777 2390 1791; x_wconf 93' lang='lat'>,</span> <span class='ocrx_word' id='word_1_1349' title='bbox 2411 1764 2529 1785; x_wconf 81' lang='lat' dir='ltr'>amores.</span> 
     </span>
     <span class='ocr_line' id='line_1_143' title="bbox 1474 1790 2015 1829; baseline 0.004 -9"><span class='ocrx_word' id='word_1_1350' title='bbox 1474 1790 1577 1820; x_wconf 90' lang='lat' dir='ltr'>Lucem</span> <span class='ocrx_word' id='word_1_1351' title='bbox 1594 1791 1714 1821; x_wconf 77' lang='lat' dir='ltr'>invisam.</span> <span class='ocrx_word' id='word_1_1352' title='bbox 1746 1791 1817 1829; x_wconf 89' lang='lat' dir='ltr'>Virg.</span> <span class='ocrx_word' id='word_1_1353' title='bbox 1831 1803 1857 1828; x_wconf 89' lang='lat'>4.</span> <span class='ocrx_word' id='word_1_1354' title='bbox 1877 1792 1938 1822; x_wconf 84' lang='lat' dir='ltr'>AEn.</span> <span class='ocrx_word' id='word_1_1355' title='bbox 1952 1796 2015 1829; x_wconf 89' lang='lat'>631.</span> 
     </span>
     <span class='ocr_line' id='line_1_144' title="bbox 1553 1828 2549 1869; baseline 0.002 -12"><span class='ocrx_word' id='word_1_1356' title='bbox 1553 1828 1671 1858; x_wconf 85' lang='lat' dir='ltr'>Invisam</span> <span class='ocrx_word' id='word_1_1357' title='bbox 1682 1839 1805 1866; x_wconf 84' lang='lat' dir='ltr'>quaerens</span> <span class='ocrx_word' id='word_1_1358' title='bbox 1816 1830 2020 1868; x_wconf 82' lang='lat' dir='ltr'>quamprimum</span> <span class='ocrx_word' id='word_1_1359' title='bbox 2033 1830 2195 1869; x_wconf 86' lang='lat' dir='ltr'>abrumpere</span> <span class='ocrx_word' id='word_1_1360' title='bbox 2205 1830 2307 1860; x_wconf 86' lang='lat' dir='ltr'>lucem.</span> <span class='ocrx_word' id='word_1_1361' title='bbox 2335 1830 2368 1862; x_wconf 84' lang='lat' dir='ltr'>Id</span> <span class='ocrx_word' id='word_1_1362' title='bbox 2379 1830 2417 1859; x_wconf 89' lang='lat' dir='ltr'>est</span> <span class='ocrx_word' id='word_1_1363' title='bbox 2426 1852 2435 1867; x_wconf 88' lang='lat'>,</span> <span class='ocrx_word' id='word_1_1364' title='bbox 2455 1830 2549 1860; x_wconf 86' lang='lat' dir='ltr'>vitam.</span> 
     </span>
     <span class='ocr_line' id='line_1_145' title="bbox 1473 1865 2140 1905; baseline 0.004 -10"><span class='ocrx_word' id='word_1_1365' title='bbox 1473 1865 1603 1899; x_wconf 64' lang='lat' dir='ltr'>Noctem.</span> <span class='ocrx_word' id='word_1_1366' title='bbox 1641 1866 1673 1896; x_wconf 87' lang='lat' dir='ltr'>ld</span> <span class='ocrx_word' id='word_1_1367' title='bbox 1687 1867 1743 1903; x_wconf 85' lang='lat' dir='ltr'>est,</span> <span class='ocrx_word' id='word_1_1368' title='bbox 1763 1867 1899 1897; x_wconf 88' lang='lat' dir='ltr'>somnum.</span> <span class='ocrx_word' id='word_1_1369' title='bbox 1930 1868 1997 1898; x_wconf 86' lang='lat' dir='ltr'>Stat.</span> <span class='ocrx_word' id='word_1_1370' title='bbox 2008 1879 2034 1905; x_wconf 89' lang='lat'>9.</span> <span class='ocrx_word' id='word_1_1371' title='bbox 2050 1868 2140 1898; x_wconf 89' lang='lat' dir='ltr'>Theb.</span> 
     </span>
     <span class='ocr_line' id='line_1_146' title="bbox 1552 1904 2317 1944; baseline 0.003 -11"><span class='ocrx_word' id='word_1_1372' title='bbox 1552 1904 1628 1934; x_wconf 88' lang='lat' dir='ltr'>Dum</span> <span class='ocrx_word' id='word_1_1373' title='bbox 1646 1905 1749 1941; x_wconf 87' lang='lat' dir='ltr'>gemit,</span> <span class='ocrx_word' id='word_1_1374' title='bbox 1780 1906 1806 1935; x_wconf 71' lang='lat' dir='ltr'>St</span> <span class='ocrx_word' id='word_1_1375' title='bbox 1824 1905 1938 1943; x_wconf 53' lang='lat' dir='ltr'>planetu</span> <span class='ocrx_word' id='word_1_1376' title='bbox 1956 1907 2101 1936; x_wconf 84' lang='lat' dir='ltr'>circundat</span> <span class='ocrx_word' id='word_1_1377' title='bbox 2117 1908 2215 1944; x_wconf 60' lang='lat' dir='ltr'>pet‘tus</span> <span class='ocrx_word' id='word_1_1378' title='bbox 2230 1906 2317 1944; x_wconf 89' lang='lat' dir='ltr'>inani,</span> 
     </span>
     <span class='ocr_line' id='line_1_147' title="bbox 1553 1942 2208 1982; baseline 0.002 -9"><span class='ocrx_word' id='word_1_1379' title='bbox 1553 1942 1694 1980; x_wconf 86' lang='lat' dir='ltr'>Abrupere</span> <span class='ocrx_word' id='word_1_1380' title='bbox 1712 1942 1788 1972; x_wconf 89' lang='lat' dir='ltr'>oculi</span> <span class='ocrx_word' id='word_1_1381' title='bbox 1802 1944 1932 1979; x_wconf 68' lang='lat' dir='ltr'>nostem,</span> <span class='ocrx_word' id='word_1_1382' title='bbox 1953 1945 2106 1982; x_wconf 79' lang='lat' dir='ltr'>moestoque</span> <span class='ocrx_word' id='word_1_1383' title='bbox 2121 1944 2208 1974; x_wconf 84' lang='lat' dir='ltr'>cubili</span> 
     </span>
     <span class='ocr_line' id='line_1_148' title="bbox 1552 1980 2186 2019; baseline 0.005 -10"><span class='ocrx_word' id='word_1_1384' title='bbox 1552 1980 1653 2015; x_wconf 89' lang='lat' dir='ltr'>Exilit,</span> <span class='ocrx_word' id='word_1_1385' title='bbox 1674 1982 1700 2010; x_wconf 76' lang='lat' dir='ltr'>Sc</span> <span class='ocrx_word' id='word_1_1386' title='bbox 1710 1980 1789 2010; x_wconf 83' lang='lat' dir='ltr'>falsos</span> <span class='ocrx_word' id='word_1_1387' title='bbox 1800 1982 1896 2018; x_wconf 82' lang='lat' dir='ltr'>quaerit</span> <span class='ocrx_word' id='word_1_1388' title='bbox 1906 1991 1956 2019; x_wconf 84' lang='lat' dir='ltr'>per</span> <span class='ocrx_word' id='word_1_1389' title='bbox 1972 1982 2078 2011; x_wconf 87' lang='lat' dir='ltr'>lumina</span> <span class='ocrx_word' id='word_1_1390' title='bbox 2095 1983 2186 2012; x_wconf 89' lang='lat' dir='ltr'>fietus.</span> 
     </span>
     <span class='ocr_line' id='line_1_149' title="bbox 1473 2017 2227 2058; baseline 0.005 -12"><span class='ocrx_word' id='word_1_1391' title='bbox 1473 2017 1594 2047; x_wconf 86' lang='lat' dir='ltr'>Ordines</span> <span class='ocrx_word' id='word_1_1392' title='bbox 1610 2017 1694 2047; x_wconf 85' lang='lat' dir='ltr'>laxati</span> <span class='ocrx_word' id='word_1_1393' title='bbox 1710 2019 1920 2057; x_wconf 87' lang='lat' dir='ltr'>abrumpuntur.</span> <span class='ocrx_word' id='word_1_1394' title='bbox 1951 2020 2041 2050; x_wconf 85' lang='lat' dir='ltr'>Tacit.</span> <span class='ocrx_word' id='word_1_1395' title='bbox 2059 2020 2125 2050; x_wconf 89' lang='lat' dir='ltr'>Hist.</span> <span class='ocrx_word' id='word_1_1396' title='bbox 2140 2030 2164 2058; x_wconf 87' lang='lat'>3.</span> <span class='ocrx_word' id='word_1_1397' title='bbox 2182 2030 2227 2056; x_wconf 78' lang='lat'>25.</span> 
     </span>
     <span class='ocr_line' id='line_1_150' title="bbox 1472 2055 2596 2096; baseline 0.004 -11"><span class='ocrx_word' id='word_1_1398' title='bbox 1472 2055 1636 2085; x_wconf 75' lang='lat' dir='ltr'>Patientiam</span> <span class='ocrx_word' id='word_1_1399' title='bbox 1655 2056 1827 2095; x_wconf 87' lang='lat' dir='ltr'>abrumpere.</span> <span class='ocrx_word' id='word_1_1400' title='bbox 1860 2057 1949 2088; x_wconf 84' lang='lat' dir='ltr'>Tacit.</span> <span class='ocrx_word' id='word_1_1401' title='bbox 1960 2057 2010 2087; x_wconf 85' lang='lat' dir='ltr'>lib.</span> <span class='ocrx_word' id='word_1_1402' title='bbox 2026 2068 2068 2089; x_wconf 87' lang='lat'>12.</span> <span class='ocrx_word' id='word_1_1403' title='bbox 2083 2069 2126 2096; x_wconf 88' lang='lat'>50.</span> <span class='ocrx_word' id='word_1_1404' title='bbox 2139 2070 2165 2096; x_wconf 87' lang='lat'>4.</span> <span class='ocrx_word' id='word_1_1405' title='bbox 2205 2058 2288 2096; x_wconf 90' lang='lat' dir='ltr'>Atqui</span> <span class='ocrx_word' id='word_1_1406' title='bbox 2297 2057 2339 2087; x_wconf 90' lang='lat' dir='ltr'>illi</span> <span class='ocrx_word' id='word_1_1407' title='bbox 2350 2058 2474 2095; x_wconf 90' lang='lat' dir='ltr'>quamvis</span> <span class='ocrx_word' id='word_1_1408' title='bbox 2485 2058 2596 2089; x_wconf 80' lang='lat' dir='ltr'>servitio</span> 
     </span>
     <span class='ocr_line' id='line_1_151' title="bbox 1491 2094 1972 2133; baseline 0.004 -10"><span class='ocrx_word' id='word_1_1409' title='bbox 1491 2094 1585 2124; x_wconf 73' lang='lat' dir='ltr'>assueti</span> <span class='ocrx_word' id='word_1_1410' title='bbox 1597 2117 1604 2129; x_wconf 94' lang='lat'>,</span> <span class='ocrx_word' id='word_1_1411' title='bbox 1623 2095 1785 2132; x_wconf 83' lang='lat' dir='ltr'>patientiam</span> <span class='ocrx_word' id='word_1_1412' title='bbox 1795 2095 1972 2133; x_wconf 89' lang='lat' dir='ltr'>abrumpunt.</span> 
     </span>
     <span class='ocr_line' id='line_1_152' title="bbox 1470 2132 2594 2172; baseline 0.003 -11"><span class='ocrx_word' id='word_1_1413' title='bbox 1470 2132 1641 2162; x_wconf 85' lang='lat' dir='ltr'>Sermonem.</span> <span class='ocrx_word' id='word_1_1414' title='bbox 1659 2132 1730 2170; x_wconf 76' lang='lat' dir='ltr'>Virg.</span> <span class='ocrx_word' id='word_1_1415' title='bbox 1742 2133 1833 2169; x_wconf 78' lang='lat' dir='ltr'>AEn.4.</span> <span class='ocrx_word' id='word_1_1416' title='bbox 1848 2138 1909 2169; x_wconf 84' lang='lat'>388.</span> <span class='ocrx_word' id='word_1_1417' title='bbox 1929 2134 1979 2164; x_wconf 85' lang='lat' dir='ltr'>His</span> <span class='ocrx_word' id='word_1_1418' title='bbox 1988 2133 2114 2163; x_wconf 91' lang='lat' dir='ltr'>medium</span> <span class='ocrx_word' id='word_1_1419' title='bbox 2124 2134 2204 2163; x_wconf 61' lang='lat' dir='ltr'>dietis</span> <span class='ocrx_word' id='word_1_1420' title='bbox 2213 2133 2369 2164; x_wconf 90' lang='lat' dir='ltr'>sermonem</span> <span class='ocrx_word' id='word_1_1421' title='bbox 2380 2134 2529 2172; x_wconf 87' lang='lat' dir='ltr'>abrumpit,</span> <span class='ocrx_word' id='word_1_1422' title='bbox 2540 2135 2594 2165; x_wconf 70' lang='grc' dir='ltr'>διο.</span> 
     </span>
     <span class='ocr_line' id='line_1_153' title="bbox 1469 2170 2534 2209; baseline 0.002 -10"><span class='ocrx_word' id='word_1_1423' title='bbox 1469 2170 1596 2200; x_wconf 87' lang='lat' dir='ltr'>Somnos.</span> <span class='ocrx_word' id='word_1_1424' title='bbox 1618 2170 1692 2208; x_wconf 89' lang='lat' dir='ltr'>Virg.</span> <span class='ocrx_word' id='word_1_1425' title='bbox 1708 2171 1806 2209; x_wconf 85' lang='lat' dir='ltr'>Georg.</span> <span class='ocrx_word' id='word_1_1426' title='bbox 1821 2180 1845 2207; x_wconf 83' lang='lat'>3.</span> <span class='ocrx_word' id='word_1_1427' title='bbox 1861 2174 1923 2208; x_wconf 88' lang='lat'>536.</span> <span class='ocrx_word' id='word_1_1428' title='bbox 1945 2182 2042 2201; x_wconf 90' lang='lat' dir='ltr'>—nec</span> <span class='ocrx_word' id='word_1_1429' title='bbox 2052 2172 2163 2201; x_wconf 88' lang='lat' dir='ltr'>somnos</span> <span class='ocrx_word' id='word_1_1430' title='bbox 2174 2172 2313 2209; x_wconf 87' lang='lat' dir='ltr'>abrumpit</span> <span class='ocrx_word' id='word_1_1431' title='bbox 2323 2181 2388 2201; x_wconf 85' lang='lat' dir='ltr'>cura</span> <span class='ocrx_word' id='word_1_1432' title='bbox 2404 2171 2534 2201; x_wconf 87' lang='lat' dir='ltr'>salubres.</span> 
     </span>
     <span class='ocr_line' id='line_1_154' title="bbox 1469 2208 2596 2248; baseline 0.002 -11"><span class='ocrx_word' id='word_1_1433' title='bbox 1469 2208 1553 2246; x_wconf 88' lang='lat' dir='ltr'>Spem</span> <span class='ocrx_word' id='word_1_1434' title='bbox 1566 2210 1591 2238; x_wconf 74' lang='lat' dir='ltr'>Sc</span> <span class='ocrx_word' id='word_1_1435' title='bbox 1602 2215 1717 2238; x_wconf 89' lang='lat' dir='ltr'>metum.</span> <span class='ocrx_word' id='word_1_1436' title='bbox 1745 2208 1834 2239; x_wconf 87' lang='lat' dir='ltr'>Tacit.</span> <span class='ocrx_word' id='word_1_1437' title='bbox 1847 2209 1897 2238; x_wconf 88' lang='lat' dir='ltr'>An.</span> <span class='ocrx_word' id='word_1_1438' title='bbox 1910 2220 1936 2244; x_wconf 89' lang='lat'>4.</span> <span class='ocrx_word' id='word_1_1439' title='bbox 1954 2220 1996 2245; x_wconf 88' lang='lat'>50.</span> <span class='ocrx_word' id='word_1_1440' title='bbox 2038 2210 2093 2239; x_wconf 88' lang='lat' dir='ltr'>Sed</span> <span class='ocrx_word' id='word_1_1441' title='bbox 2107 2209 2189 2239; x_wconf 83' lang='lat' dir='ltr'>Tarsa</span> <span class='ocrx_word' id='word_1_1442' title='bbox 2200 2220 2351 2248; x_wconf 83' lang='lat' dir='ltr'>properum</span> <span class='ocrx_word' id='word_1_1443' title='bbox 2362 2210 2447 2239; x_wconf 87' lang='lat' dir='ltr'>finem</span> <span class='ocrx_word' id='word_1_1444' title='bbox 2456 2232 2464 2244; x_wconf 94' lang='lat'>,</span> <span class='ocrx_word' id='word_1_1445' title='bbox 2486 2210 2596 2239; x_wconf 82' lang='lat' dir='ltr'>abrum-</span> 
     </span>
     <span class='ocr_line' id='line_1_155' title="bbox 1487 2246 2595 2314; baseline 0.003 -39"><span class='ocrx_word' id='word_1_1446' title='bbox 1487 2247 1593 2314; x_wconf 42' lang='lat' dir='ltr'>penldas</span> <span class='ocrx_word' id='word_1_1447' title='bbox 1601 2247 1708 2314; x_wconf 55' lang='lat' dir='ltr'>fpariter</span> <span class='ocrx_word' id='word_1_1448' title='bbox 1719 2246 1778 2285; x_wconf 90' lang='lat' dir='ltr'>spes</span> <span class='ocrx_word' id='word_1_1449' title='bbox 1797 2258 1829 2277; x_wconf 83' lang='lat' dir='ltr'>ac</span> <span class='ocrx_word' id='word_1_1450' title='bbox 1847 2253 1938 2277; x_wconf 90' lang='lat' dir='ltr'>metus</span> <span class='ocrx_word' id='word_1_1451' title='bbox 1949 2248 2093 2277; x_wconf 84' lang='lat' dir='ltr'>clamitans</span> <span class='ocrx_word' id='word_1_1452' title='bbox 2104 2270 2112 2284; x_wconf 81' lang='lat'>,</span> <span class='ocrx_word' id='word_1_1453' title='bbox 2141 2248 2220 2278; x_wconf 90' lang='lat' dir='ltr'>dedit</span> <span class='ocrx_word' id='word_1_1454' title='bbox 2232 2247 2413 2286; x_wconf 83' lang='lat' dir='ltr'>exemplum,</span> <span class='ocrx_word' id='word_1_1455' title='bbox 2437 2247 2546 2277; x_wconf 81' lang='lat' dir='ltr'>dimisso</span> <span class='ocrx_word' id='word_1_1456' title='bbox 2563 2248 2595 2277; x_wconf 89' lang='lat' dir='ltr'>in</span> 
     </span>
     <span class='ocr_line' id='line_1_156' title="bbox 1507 2291 1681 2314; baseline -0.006 0"><span class='ocrx_word' id='word_1_1457' title='bbox 1507 2291 1537 2314; x_wconf 69' lang='lat' dir='ltr'>ec</span> <span class='ocrx_word' id='word_1_1458' title='bbox 1554 2295 1583 2314; x_wconf 92' lang='lat' dir='ltr'>us</span> <span class='ocrx_word' id='word_1_1459' title='bbox 1612 2295 1681 2314; x_wconf 91' lang='lat' dir='ltr'>erro.</span> 
     </span>
     <span class='ocr_line' id='line_1_157' title="bbox 1492 2313 2656 2361; baseline 0.002 -10"><span class='ocrx_word' id='word_1_1460' title='bbox 1492 2322 1626 2360; x_wconf 72' lang='lat' dir='ltr'>eetigalia.</span> <span class='ocrx_word' id='word_1_1461' title='bbox 1638 2322 1801 2352; x_wconf 87' lang='lat' dir='ltr'>Tacit.Ann.</span> <span class='ocrx_word' id='word_1_1462' title='bbox 1812 2330 1857 2351; x_wconf 90' lang='lat'>20.</span> <span class='ocrx_word' id='word_1_1463' title='bbox 1879 2321 2005 2352; x_wconf 87' lang='lat' dir='ltr'>Instituta</span> <span class='ocrx_word' id='word_1_1464' title='bbox 2015 2323 2178 2360; x_wconf 86' lang='lat' dir='ltr'>cultumque</span> <span class='ocrx_word' id='word_1_1465' title='bbox 2188 2323 2309 2360; x_wconf 88' lang='lat' dir='ltr'>patrium</span> <span class='ocrx_word' id='word_1_1466' title='bbox 2319 2323 2458 2359; x_wconf 89' lang='lat' dir='ltr'>resumite,</span> <span class='ocrx_word' id='word_1_1467' title='bbox 2469 2323 2595 2361; x_wconf 83' lang='lat' dir='ltr'>abruptis</span> <span class='ocrx_word' id='word_1_1468' title='bbox 2641 2313 2656 2332; x_wconf 38' lang='grc' dir='ltr'>χ</span> 
     </span>
     <span class='ocr_line' id='line_1_158' title="bbox 1485 2359 2590 2399; baseline 0.002 -10"><span class='ocrx_word' id='word_1_1469' title='bbox 1485 2361 1664 2398; x_wconf 44' lang='lat' dir='ltr'>vectigalibus</span> <span class='ocrx_word' id='word_1_1470' title='bbox 1674 2383 1681 2396; x_wconf 94' lang='lat'>,</span> <span class='ocrx_word' id='word_1_1471' title='bbox 1704 2360 1803 2398; x_wconf 90' lang='lat' dir='ltr'>quibus</span> <span class='ocrx_word' id='word_1_1472' title='bbox 1814 2359 1933 2390; x_wconf 86' lang='lat' dir='ltr'>Romani</span> <span class='ocrx_word' id='word_1_1473' title='bbox 1944 2361 2007 2399; x_wconf 86' lang='lat' dir='ltr'>plus</span> <span class='ocrx_word' id='word_1_1474' title='bbox 2018 2361 2144 2391; x_wconf 86' lang='lat' dir='ltr'>adversus</span> <span class='ocrx_word' id='word_1_1475' title='bbox 2155 2360 2292 2397; x_wconf 53' lang='lat' dir='ltr'>subjectos</span> <span class='ocrx_word' id='word_1_1476' title='bbox 2303 2371 2386 2399; x_wconf 92' lang='lat' dir='ltr'>quarn</span> <span class='ocrx_word' id='word_1_1477' title='bbox 2397 2362 2478 2391; x_wconf 89' lang='lat' dir='ltr'>armis</span> <span class='ocrx_word' id='word_1_1478' title='bbox 2486 2361 2590 2391; x_wconf 81' lang='lat' dir='ltr'>valent.</span> 
     </span>
     <span class='ocr_line' id='line_1_159' title="bbox 1467 2398 2591 2438; baseline 0.001 -11"><span class='ocrx_word' id='word_1_1479' title='bbox 1467 2398 1565 2428; x_wconf 79' lang='lat' dir='ltr'>Venas.</span> <span class='ocrx_word' id='word_1_1480' title='bbox 1596 2399 1687 2429; x_wconf 86' lang='lat' dir='ltr'>Tacit.</span> <span class='ocrx_word' id='word_1_1481' title='bbox 1705 2400 1775 2428; x_wconf 90' lang='lat' dir='ltr'>Ann.</span> <span class='ocrx_word' id='word_1_1482' title='bbox 1789 2409 1814 2434; x_wconf 91' lang='lat'>4.</span> <span class='ocrx_word' id='word_1_1483' title='bbox 1828 2402 1872 2428; x_wconf 76' lang='lat'>60.</span> <span class='ocrx_word' id='word_1_1484' title='bbox 1895 2408 1921 2428; x_wconf 85' lang='lat'>2.</span> <span class='ocrx_word' id='word_1_1485' title='bbox 1960 2399 2065 2428; x_wconf 89' lang='lat' dir='ltr'>Seneca</span> <span class='ocrx_word' id='word_1_1486' title='bbox 2087 2400 2220 2436; x_wconf 87' lang='lat' dir='ltr'>quoniam</span> <span class='ocrx_word' id='word_1_1487' title='bbox 2238 2399 2323 2429; x_wconf 88' lang='lat' dir='ltr'>senile</span> <span class='ocrx_word' id='word_1_1488' title='bbox 2342 2409 2443 2437; x_wconf 90' lang='lat' dir='ltr'>corpus</span> <span class='ocrx_word' id='word_1_1489' title='bbox 2461 2401 2487 2430; x_wconf 70' lang='lat' dir='ltr'>Sc</span> <span class='ocrx_word' id='word_1_1490' title='bbox 2506 2409 2591 2438; x_wconf 78' lang='lat' dir='ltr'>parvo</span> 
     </span>
     <span class='ocr_line' id='line_1_160' title="bbox 1484 2436 2592 2476; baseline 0.002 -11"><span class='ocrx_word' id='word_1_1491' title='bbox 1484 2437 1559 2466; x_wconf 60' lang='lat' dir='ltr'>victu</span> <span class='ocrx_word' id='word_1_1492' title='bbox 1577 2443 1740 2473; x_wconf 78' lang='lat' dir='ltr'>tenuatum,</span> <span class='ocrx_word' id='word_1_1493' title='bbox 1769 2436 1843 2465; x_wconf 87' lang='lat' dir='ltr'>lenta</span> <span class='ocrx_word' id='word_1_1494' title='bbox 1862 2436 1964 2475; x_wconf 86' lang='lat' dir='ltr'>effugia</span> <span class='ocrx_word' id='word_1_1495' title='bbox 1981 2436 2107 2476; x_wconf 85' lang='lat' dir='ltr'>sanguini</span> <span class='ocrx_word' id='word_1_1496' title='bbox 2123 2437 2282 2476; x_wconf 78' lang='lat' dir='ltr'>praebebat,</span> <span class='ocrx_word' id='word_1_1497' title='bbox 2310 2447 2423 2469; x_wconf 87' lang='lat' dir='ltr'>crurum</span> <span class='ocrx_word' id='word_1_1498' title='bbox 2441 2438 2592 2476; x_wconf 85' lang='lat' dir='ltr'>quoque&amp;</span> 
     </span>
     <span class='ocr_line' id='line_1_161' title="bbox 1505 2474 1879 2513; baseline 0 -9"><span class='ocrx_word' id='word_1_1499' title='bbox 1505 2475 1624 2513; x_wconf 88' lang='lat' dir='ltr'>oplitum</span> <span class='ocrx_word' id='word_1_1500' title='bbox 1637 2485 1719 2504; x_wconf 90' lang='lat' dir='ltr'>venas</span> <span class='ocrx_word' id='word_1_1501' title='bbox 1733 2474 1879 2512; x_wconf 87' lang='lat' dir='ltr'>abrumpit.</span> 
     </span>
     <span class='ocr_line' id='line_1_162' title="bbox 1488 2513 1864 2550; baseline 0 -8"><span class='ocrx_word' id='word_1_1502' title='bbox 1488 2513 1565 2542; x_wconf 83' lang='lat' dir='ltr'>itam.</span> <span class='ocrx_word' id='word_1_1503' title='bbox 1596 2513 1667 2550; x_wconf 84' lang='lat' dir='ltr'>Virg.</span> <span class='ocrx_word' id='word_1_1504' title='bbox 1684 2513 1745 2543; x_wconf 81' lang='lat' dir='ltr'>AEn.</span> <span class='ocrx_word' id='word_1_1505' title='bbox 1761 2519 1786 2547; x_wconf 88' lang='lat'>8.</span> <span class='ocrx_word' id='word_1_1506' title='bbox 1804 2522 1864 2550; x_wconf 82' lang='lat'>579.</span> 
     </span>
     <span class='ocr_line' id='line_1_163' title="bbox 1544 2550 2280 2595; baseline 0.003 -15"><span class='ocrx_word' id='word_1_1507' title='bbox 1544 2551 1628 2580; x_wconf 89' lang='lat' dir='ltr'>Nunc</span> <span class='ocrx_word' id='word_1_1508' title='bbox 1638 2561 1714 2580; x_wconf 89' lang='lat' dir='ltr'>nunc</span> <span class='ocrx_word' id='word_1_1509' title='bbox 1726 2551 1751 2581; x_wconf 94' lang='lat' dir='ltr'>O</span> <span class='ocrx_word' id='word_1_1510' title='bbox 1767 2551 1848 2580; x_wconf 81' lang='lat' dir='ltr'>liceat</span> <span class='ocrx_word' id='word_1_1511' title='bbox 1859 2550 2001 2580; x_wconf 87' lang='lat' dir='ltr'>crudelem</span> <span class='ocrx_word' id='word_1_1512' title='bbox 2012 2551 2176 2595; x_wconf 76' lang='lat' dir='ltr'>abrumpere</span> <span class='ocrx_word' id='word_1_1513' title='bbox 2186 2551 2280 2582; x_wconf 86' lang='lat' dir='ltr'>vitam.</span> 
     </span>
    </p>
   </div>
   <div class='ocr_carea' id='block_1_19' title="bbox 1427 2585 2589 2627">
    <p class='ocr_par' dir='ltr' id='par_1_55' title="bbox 1427 2585 2589 2627">
     <span class='ocr_line' id='line_1_164' title="bbox 1427 2585 2589 2627; baseline 0.002 -10"><span class='ocrx_word' id='word_1_1514' title='bbox 1427 2589 1448 2620; x_wconf 80' lang='grc' dir='ltr'>Α</span> <span class='ocrx_word' id='word_1_1515' title='bbox 1457 2600 1471 2618; x_wconf 75' lang='lat' dir='ltr'><strong>n</strong></span> <span class='ocrx_word' id='word_1_1516' title='bbox 1481 2598 1595 2618; x_wconf 78' lang='lat' dir='ltr'>RUPTU</span> <span class='ocrx_word' id='word_1_1517' title='bbox 1607 2600 1618 2618; x_wconf 89' lang='lat' dir='ltr'>s</span> <span class='ocrx_word' id='word_1_1518' title='bbox 1630 2612 1637 2624; x_wconf 93' lang='lat'>,</span> <span class='ocrx_word' id='word_1_1519' title='bbox 1660 2589 1755 2619; x_wconf 80' lang='lat' dir='ltr'>Partic.</span> <span class='ocrx_word' id='word_1_1520' title='bbox 1772 2591 1798 2619; x_wconf 85' lang='lat'>&amp;</span> <span class='ocrx_word' id='word_1_1521' title='bbox 1813 2589 1932 2618; x_wconf 87' lang='lat' dir='ltr'>Nomen.</span> <span class='ocrx_word' id='word_1_1522' title='bbox 1957 2590 1971 2624; x_wconf 94' lang='lat'>[</span> <span class='ocrx_word' id='word_1_1523' title='bbox 1983 2591 2123 2624; x_wconf 64' lang='grc' dir='ltr'>ιωπρρηωτ</span> <span class='ocrx_word' id='word_1_1524' title='bbox 2141 2585 2245 2623; x_wconf 64' lang='grc' dir='ltr'>ατηίρῥωξ</span> <span class='ocrx_word' id='word_1_1525' title='bbox 2253 2590 2268 2625; x_wconf 87' lang='grc'>]</span> <span class='ocrx_word' id='word_1_1526' title='bbox 2299 2598 2424 2627; x_wconf 84' lang='lat' dir='ltr'>praeceps</span> <span class='ocrx_word' id='word_1_1527' title='bbox 2433 2611 2441 2625; x_wconf 93' lang='lat'>,</span> <span class='ocrx_word' id='word_1_1528' title='bbox 2469 2589 2589 2620; x_wconf 87' lang='lat' dir='ltr'>citatus:</span> 
     </span>
    </p>
   </div>
   <div class='ocr_carea' id='block_1_20' title="bbox 1456 2626 2590 3232">
    <p class='ocr_par' dir='ltr' id='par_1_56' title="bbox 1464 2626 2590 2665">
     <span class='ocr_line' id='line_1_165' title="bbox 1464 2626 2590 2665; baseline -0.001 -8"><span class='ocrx_word' id='word_1_1529' title='bbox 1464 2633 1512 2661; x_wconf 91' lang='lat' dir='ltr'>ut,</span> <span class='ocrx_word' id='word_1_1530' title='bbox 1544 2627 1664 2664; x_wconf 86' lang='lat' dir='ltr'>Abrupta</span> <span class='ocrx_word' id='word_1_1531' title='bbox 1684 2627 1763 2662; x_wconf 84' lang='lat' dir='ltr'>loca,</span> <span class='ocrx_word' id='word_1_1532' title='bbox 1794 2626 1916 2662; x_wconf 71' lang='lat' dir='ltr'>divulsa,</span> <span class='ocrx_word' id='word_1_1533' title='bbox 1947 2634 2029 2664; x_wconf 80' lang='lat' dir='ltr'>atque</span> <span class='ocrx_word' id='word_1_1534' title='bbox 2047 2627 2082 2656; x_wconf 90' lang='lat' dir='ltr'>ob</span> <span class='ocrx_word' id='word_1_1535' title='bbox 2099 2627 2128 2656; x_wconf 92' lang='lat' dir='ltr'>id</span> <span class='ocrx_word' id='word_1_1536' title='bbox 2147 2627 2239 2656; x_wconf 88' lang='lat' dir='ltr'>invia:</span> <span class='ocrx_word' id='word_1_1537' title='bbox 2272 2637 2332 2665; x_wconf 85' lang='lat' dir='ltr'>quae</span> <span class='ocrx_word' id='word_1_1538' title='bbox 2352 2626 2512 2656; x_wconf 90' lang='lat' dir='ltr'>descensum</span> <span class='ocrx_word' id='word_1_1539' title='bbox 2530 2637 2590 2657; x_wconf 91' lang='lat' dir='ltr'>non</span> 
     </span>
    </p>

    <p class='ocr_par' dir='ltr' id='par_1_57' title="bbox 1462 2665 2588 2703">
     <span class='ocr_line' id='line_1_166' title="bbox 1462 2665 2588 2703; baseline 0 -8"><span class='ocrx_word' id='word_1_1540' title='bbox 1462 2665 1584 2700; x_wconf 85' lang='lat' dir='ltr'>habent,</span> <span class='ocrx_word' id='word_1_1541' title='bbox 1614 2666 1661 2695; x_wconf 87' lang='lat' dir='ltr'>sed</span> <span class='ocrx_word' id='word_1_1542' title='bbox 1672 2671 1781 2695; x_wconf 85' lang='lat' dir='ltr'>tantum</span> <span class='ocrx_word' id='word_1_1543' title='bbox 1798 2665 2001 2702; x_wconf 83' lang='lat' dir='ltr'>praecipitium:</span> <span class='ocrx_word' id='word_1_1544' title='bbox 2033 2666 2058 2695; x_wconf 66' lang='lat' dir='ltr'>St</span> <span class='ocrx_word' id='word_1_1545' title='bbox 2073 2665 2128 2694; x_wconf 87' lang='lat' dir='ltr'>alio</span> <span class='ocrx_word' id='word_1_1546' title='bbox 2147 2666 2262 2695; x_wconf 90' lang='lat' dir='ltr'>nomine</span> <span class='ocrx_word' id='word_1_1547' title='bbox 2282 2675 2371 2703; x_wconf 83' lang='lat' dir='ltr'>praeru</span> <span class='ocrx_word' id='word_1_1548' title='bbox 2394 2672 2422 2694; x_wconf 80' lang='lat' dir='ltr'>ta</span> <span class='ocrx_word' id='word_1_1549' title='bbox 2438 2666 2588 2701; x_wconf 85' lang='lat' dir='ltr'>dicuntur,</span> 
     </span>
    </p>

    <p class='ocr_par' dir='ltr' id='par_1_58' title="bbox 1461 2699 2589 2780">
     <span class='ocr_line' id='line_1_167' title="bbox 1462 2699 2589 2741; baseline 0 -8"><span class='ocrx_word' id='word_1_1550' title='bbox 1462 2710 1494 2733; x_wconf 90' lang='lat' dir='ltr'>ut</span> <span class='ocrx_word' id='word_1_1551' title='bbox 1513 2704 1569 2732; x_wconf 92' lang='lat' dir='ltr'>fere</span> <span class='ocrx_word' id='word_1_1552' title='bbox 1591 2703 1654 2733; x_wconf 90' lang='lat' dir='ltr'>sunt</span> <span class='ocrx_word' id='word_1_1553' title='bbox 1672 2713 1754 2741; x_wconf 89' lang='lat' dir='ltr'>rupes</span> <span class='ocrx_word' id='word_1_1554' title='bbox 1776 2704 1801 2732; x_wconf 58' lang='grc' dir='ltr'>ἃ</span> <span class='ocrx_word' id='word_1_1555' title='bbox 1819 2702 1933 2740; x_wconf 88' lang='lat' dir='ltr'>scopuli.</span> <span class='ocrx_word' id='word_1_1556' title='bbox 1972 2703 2066 2732; x_wconf 83' lang='lat' dir='ltr'>Graece</span> <span class='ocrx_word' id='word_1_1557' title='bbox 2080 2699 2224 2738; x_wconf 56' lang='lat' dir='ltr'>&amp;minem-mu</span> <span class='ocrx_word' id='word_1_1558' title='bbox 2238 2724 2244 2735; x_wconf 82' lang='lat'>‚</span> <span class='ocrx_word' id='word_1_1559' title='bbox 2270 2704 2364 2738; x_wconf 57' lang='grc' dir='ltr'>κρημνόν</span> <span class='ocrx_word' id='word_1_1560' title='bbox 2394 2724 2400 2730; x_wconf 93' lang='grc'>.</span> <span class='ocrx_word' id='word_1_1561' title='bbox 2437 2703 2519 2733; x_wconf 90' lang='lat' dir='ltr'>Unde</span> <span class='ocrx_word' id='word_1_1562' title='bbox 2538 2713 2589 2741; x_wconf 89' lang='lat' dir='ltr'>per</span> 
     </span>
     <span class='ocr_line' id='line_1_168' title="bbox 1461 2740 2588 2780; baseline -0.001 -9"><span class='ocrx_word' id='word_1_1563' title='bbox 1461 2741 1651 2778; x_wconf 85' lang='lat' dir='ltr'>metaphoram</span> <span class='ocrx_word' id='word_1_1564' title='bbox 1671 2741 1739 2771; x_wconf 89' lang='lat' dir='ltr'>Plin.</span> <span class='ocrx_word' id='word_1_1565' title='bbox 1763 2740 1798 2770; x_wconf 85' lang='lat' dir='ltr'>fic</span> <span class='ocrx_word' id='word_1_1566' title='bbox 1814 2741 1851 2769; x_wconf 90' lang='lat' dir='ltr'>ait</span> <span class='ocrx_word' id='word_1_1567' title='bbox 1868 2740 1915 2769; x_wconf 91' lang='lat' dir='ltr'>lib.</span> <span class='ocrx_word' id='word_1_1568' title='bbox 1934 2750 1975 2770; x_wconf 87' lang='grc'>11.</span> <span class='ocrx_word' id='word_1_1569' title='bbox 1994 2751 2053 2778; x_wconf 83' lang='lat' dir='ltr'>cap.</span> <span class='ocrx_word' id='word_1_1570' title='bbox 2070 2750 2112 2778; x_wconf 87' lang='lat'>37.</span> <span class='ocrx_word' id='word_1_1571' title='bbox 2153 2740 2306 2778; x_wconf 84' lang='lat' dir='ltr'>Supercilia</span> <span class='ocrx_word' id='word_1_1572' title='bbox 2322 2740 2429 2769; x_wconf 90' lang='lat' dir='ltr'>homini</span> <span class='ocrx_word' id='word_1_1573' title='bbox 2444 2743 2470 2771; x_wconf 65' lang='lat' dir='ltr'>Sc</span> <span class='ocrx_word' id='word_1_1574' title='bbox 2485 2743 2588 2780; x_wconf 85' lang='lat' dir='ltr'>pariter</span> 
     </span>
    </p>

    <p class='ocr_par' dir='ltr' id='par_1_59' title="bbox 1462 2778 2589 2816">
     <span class='ocr_line' id='line_1_169' title="bbox 1462 2778 2589 2816; baseline 0 -8"><span class='ocrx_word' id='word_1_1575' title='bbox 1462 2781 1488 2809; x_wconf 72' lang='lat' dir='ltr'>Sc</span> <span class='ocrx_word' id='word_1_1576' title='bbox 1503 2779 1606 2808; x_wconf 84' lang='lat' dir='ltr'>alterne</span> <span class='ocrx_word' id='word_1_1577' title='bbox 1618 2779 1748 2808; x_wconf 86' lang='lat' dir='ltr'>mobilia:</span> <span class='ocrx_word' id='word_1_1578' title='bbox 1781 2779 1891 2808; x_wconf 84' lang='lat' dir='ltr'>&amp;iniis</span> <span class='ocrx_word' id='word_1_1579' title='bbox 1903 2788 1964 2816; x_wconf 88' lang='lat' dir='ltr'>pars</span> <span class='ocrx_word' id='word_1_1580' title='bbox 1975 2778 2079 2814; x_wconf 71' lang='lat' dir='ltr'>animi,</span> <span class='ocrx_word' id='word_1_1581' title='bbox 2108 2788 2258 2815; x_wconf 87' lang='lat' dir='ltr'>negamus,</span> <span class='ocrx_word' id='word_1_1582' title='bbox 2280 2779 2438 2808; x_wconf 86' lang='lat' dir='ltr'>annuimus.</span> <span class='ocrx_word' id='word_1_1583' title='bbox 2460 2779 2520 2808; x_wconf 84' lang='lat' dir='ltr'>haec</span> <span class='ocrx_word' id='word_1_1584' title='bbox 2531 2789 2589 2808; x_wconf 89' lang='lat' dir='ltr'>ma-</span> 
     </span>
    </p>

    <p class='ocr_par' dir='ltr' id='par_1_60' title="bbox 1461 2815 2588 2853">
     <span class='ocr_line' id='line_1_170' title="bbox 1461 2815 2588 2853; baseline 0 -6"><span class='ocrx_word' id='word_1_1585' title='bbox 1461 2819 1536 2847; x_wconf 87' lang='lat' dir='ltr'>xime</span> <span class='ocrx_word' id='word_1_1586' title='bbox 1554 2817 1680 2846; x_wconf 87' lang='lat' dir='ltr'>indicant</span> <span class='ocrx_word' id='word_1_1587' title='bbox 1698 2817 1804 2846; x_wconf 70' lang='lat' dir='ltr'>Pastum.</span> <span class='ocrx_word' id='word_1_1588' title='bbox 1846 2816 1882 2846; x_wconf 91' lang='lat' dir='ltr'>Su</span> <span class='ocrx_word' id='word_1_1589' title='bbox 1906 2816 1979 2845; x_wconf 83' lang='lat' dir='ltr'>erbia</span> <span class='ocrx_word' id='word_1_1590' title='bbox 2000 2815 2065 2845; x_wconf 85' lang='lat' dir='ltr'>alibi</span> <span class='ocrx_word' id='word_1_1591' title='bbox 2080 2816 2334 2853; x_wconf 80' lang='lat' dir='ltr'>conceptaculum,</span> <span class='ocrx_word' id='word_1_1592' title='bbox 2364 2816 2412 2845; x_wconf 89' lang='lat' dir='ltr'>sed</span> <span class='ocrx_word' id='word_1_1593' title='bbox 2431 2817 2476 2846; x_wconf 90' lang='lat' dir='ltr'>hic</span> <span class='ocrx_word' id='word_1_1594' title='bbox 2492 2817 2588 2848; x_wconf 83' lang='lat' dir='ltr'>sedem</span> 
     </span>
    </p>

    <p class='ocr_par' dir='ltr' id='par_1_61' title="bbox 1459 2853 2587 2931">
     <span class='ocr_line' id='line_1_171' title="bbox 1460 2853 2587 2891; baseline 0 -7"><span class='ocrx_word' id='word_1_1595' title='bbox 1460 2855 1552 2884; x_wconf 87' lang='lat' dir='ltr'>habet.</span> <span class='ocrx_word' id='word_1_1596' title='bbox 1583 2856 1611 2883; x_wconf 90' lang='lat' dir='ltr'>in</span> <span class='ocrx_word' id='word_1_1597' title='bbox 1625 2855 1708 2884; x_wconf 88' lang='lat' dir='ltr'>corde</span> <span class='ocrx_word' id='word_1_1598' title='bbox 1720 2854 1838 2884; x_wconf 82' lang='lat' dir='ltr'>nascitur</span> <span class='ocrx_word' id='word_1_1599' title='bbox 1852 2863 1858 2883; x_wconf 86' lang='lat'>:</span> <span class='ocrx_word' id='word_1_1600' title='bbox 1910 2864 1944 2883; x_wconf 88' lang='lat' dir='ltr'>uc</span> <span class='ocrx_word' id='word_1_1601' title='bbox 1956 2853 2027 2883; x_wconf 89' lang='lat' dir='ltr'>subit</span> <span class='ocrx_word' id='word_1_1602' title='bbox 2037 2876 2045 2889; x_wconf 93' lang='lat'>,</span> <span class='ocrx_word' id='word_1_1603' title='bbox 2067 2854 2112 2883; x_wconf 90' lang='lat' dir='ltr'>hic</span> <span class='ocrx_word' id='word_1_1604' title='bbox 2124 2854 2238 2891; x_wconf 87' lang='lat' dir='ltr'>pendet.</span> <span class='ocrx_word' id='word_1_1605' title='bbox 2272 2854 2343 2883; x_wconf 89' lang='lat' dir='ltr'>nihil</span> <span class='ocrx_word' id='word_1_1606' title='bbox 2354 2854 2435 2884; x_wconf 76' lang='lat' dir='ltr'>altius</span> <span class='ocrx_word' id='word_1_1607' title='bbox 2447 2855 2527 2884; x_wconf 79' lang='lat' dir='ltr'>simul</span> <span class='ocrx_word' id='word_1_1608' title='bbox 2540 2854 2587 2884; x_wconf 89' lang='lat' dir='ltr'>ab·</span> 
     </span>
     <span class='ocr_line' id='line_1_172' title="bbox 1459 2891 2210 2931; baseline -0.003 -9"><span class='ocrx_word' id='word_1_1609' title='bbox 1459 2894 1623 2931; x_wconf 83' lang='lat' dir='ltr'>ruptiusque</span> <span class='ocrx_word' id='word_1_1610' title='bbox 1634 2893 1741 2922; x_wconf 89' lang='lat' dir='ltr'>invenit</span> <span class='ocrx_word' id='word_1_1611' title='bbox 1752 2893 1780 2921; x_wconf 91' lang='lat' dir='ltr'>in</span> <span class='ocrx_word' id='word_1_1612' title='bbox 1792 2901 1908 2930; x_wconf 89' lang='lat' dir='ltr'>corpore</span> <span class='ocrx_word' id='word_1_1613' title='bbox 1918 2914 1927 2927; x_wconf 88' lang='lat'>,</span> <span class='ocrx_word' id='word_1_1614' title='bbox 1949 2892 1996 2920; x_wconf 89' lang='lat' dir='ltr'>ubi</span> <span class='ocrx_word' id='word_1_1615' title='bbox 2008 2891 2125 2921; x_wconf 82' lang='lat' dir='ltr'>solitaria</span> <span class='ocrx_word' id='word_1_1616' title='bbox 2136 2891 2210 2921; x_wconf 83' lang='lat' dir='ltr'>effet.</span> 
     </span>
    </p>

    <p class='ocr_par' dir='ltr' id='par_1_62' title="bbox 1459 2928 2585 3043">
     <span class='ocr_line' id='line_1_173' title="bbox 1459 2928 2581 2968; baseline 0 -8"><span class='ocrx_word' id='word_1_1617' title='bbox 1459 2931 1598 2968; x_wconf 80' lang='lat' dir='ltr'>Abruptus</span> <span class='ocrx_word' id='word_1_1618' title='bbox 1609 2932 1639 2960; x_wconf 93' lang='lat' dir='ltr'>in</span> <span class='ocrx_word' id='word_1_1619' title='bbox 1649 2930 1834 2960; x_wconf 85' lang='lat' dir='ltr'>altitudinem.</span> <span class='ocrx_word' id='word_1_1620' title='bbox 1864 2929 1961 2965; x_wconf 90' lang='lat' dir='ltr'>Idest,</span> <span class='ocrx_word' id='word_1_1621' title='bbox 1983 2929 2211 2967; x_wconf 82' lang='lat' dir='ltr'>profunditatem.</span> <span class='ocrx_word' id='word_1_1622' title='bbox 2242 2928 2299 2959; x_wconf 92' lang='lat' dir='ltr'>Liv.</span> <span class='ocrx_word' id='word_1_1623' title='bbox 2318 2929 2366 2959; x_wconf 91' lang='lat' dir='ltr'>lib.</span> <span class='ocrx_word' id='word_1_1624' title='bbox 2382 2940 2405 2959; x_wconf 89' lang='grc'>1.</span> <span class='ocrx_word' id='word_1_1625' title='bbox 2425 2929 2493 2960; x_wconf 90' lang='lat' dir='ltr'>Bell.</span> <span class='ocrx_word' id='word_1_1626' title='bbox 2512 2929 2581 2965; x_wconf 67' lang='lat' dir='ltr'>Pun.</span> 
     </span>
     <span class='ocr_line' id='line_1_174' title="bbox 1478 2967 2585 3006; baseline -0.003 -6"><span class='ocrx_word' id='word_1_1627' title='bbox 1478 2970 1583 3000; x_wconf 81' lang='lat' dir='ltr'>Natura</span> <span class='ocrx_word' id='word_1_1628' title='bbox 1597 2969 1675 2998; x_wconf 88' lang='lat' dir='ltr'>locus</span> <span class='ocrx_word' id='word_1_1629' title='bbox 1690 2969 1743 3003; x_wconf 81' lang='lat' dir='ltr'>iam</span> <span class='ocrx_word' id='word_1_1630' title='bbox 1759 2975 1822 2997; x_wconf 84' lang='lat' dir='ltr'>ante</span> <span class='ocrx_word' id='word_1_1631' title='bbox 1841 2977 1982 3006; x_wconf 79' lang='lat' dir='ltr'>praeceps,</span> <span class='ocrx_word' id='word_1_1632' title='bbox 2012 2968 2117 2997; x_wconf 86' lang='lat' dir='ltr'>recenti</span> <span class='ocrx_word' id='word_1_1633' title='bbox 2138 2974 2216 2997; x_wconf 84' lang='lat' dir='ltr'>terrae</span> <span class='ocrx_word' id='word_1_1634' title='bbox 2235 2967 2312 3006; x_wconf 82' lang='lat' dir='ltr'>lapsu</span> <span class='ocrx_word' id='word_1_1635' title='bbox 2332 2968 2362 2998; x_wconf 89' lang='lat' dir='ltr'>in</span> <span class='ocrx_word' id='word_1_1636' title='bbox 2380 2968 2488 3006; x_wconf 83' lang='lat' dir='ltr'>pedum</span> <span class='ocrx_word' id='word_1_1637' title='bbox 2505 2967 2585 2998; x_wconf 80' lang='lat' dir='ltr'>mille</span> 
     </span>
     <span class='ocr_line' id='line_1_175' title="bbox 1479 3005 2051 3043; baseline -0.003 -7"><span class='ocrx_word' id='word_1_1638' title='bbox 1479 3007 1632 3036; x_wconf 87' lang='lat' dir='ltr'>admodum</span> <span class='ocrx_word' id='word_1_1639' title='bbox 1646 3006 1821 3038; x_wconf 86' lang='lat' dir='ltr'>altitudinem</span> <span class='ocrx_word' id='word_1_1640' title='bbox 1836 3005 1969 3043; x_wconf 86' lang='lat' dir='ltr'>abruptus</span> <span class='ocrx_word' id='word_1_1641' title='bbox 1985 3012 2051 3035; x_wconf 85' lang='lat' dir='ltr'>erat.</span> 
     </span>
    </p>

    <p class='ocr_par' dir='ltr' id='par_1_63' title="bbox 1458 3043 1994 3083">
     <span class='ocr_line' id='line_1_176' title="bbox 1458 3043 1994 3083; baseline -0.006 -9"><span class='ocrx_word' id='word_1_1642' title='bbox 1458 3045 1530 3075; x_wconf 86' lang='lat' dir='ltr'>Anni</span> <span class='ocrx_word' id='word_1_1643' title='bbox 1543 3045 1661 3083; x_wconf 87' lang='lat' dir='ltr'>abrupti.</span> <span class='ocrx_word' id='word_1_1644' title='bbox 1690 3045 1755 3074; x_wconf 81' lang='lat' dir='ltr'>Stat.</span> <span class='ocrx_word' id='word_1_1645' title='bbox 1774 3043 1821 3072; x_wconf 89' lang='lat' dir='ltr'>lib.</span> <span class='ocrx_word' id='word_1_1646' title='bbox 1840 3054 1861 3072; x_wconf 95' lang='lat'>1.</span> <span class='ocrx_word' id='word_1_1647' title='bbox 1883 3043 1955 3080; x_wconf 81' lang='lat' dir='ltr'>Sylv.</span> <span class='ocrx_word' id='word_1_1648' title='bbox 1971 3053 1994 3080; x_wconf 89' lang='lat'>3.</span> 
     </span>
    </p>

    <p class='ocr_par' dir='ltr' id='par_1_64' title="bbox 1536 3080 2250 3158">
     <span class='ocr_line' id='line_1_177' title="bbox 1537 3080 2121 3116; baseline -0.005 -4"><span class='ocrx_word' id='word_1_1649' title='bbox 1537 3083 1572 3112; x_wconf 79' lang='lat' dir='ltr'>Et</span> <span class='ocrx_word' id='word_1_1650' title='bbox 1583 3093 1657 3112; x_wconf 94' lang='lat' dir='ltr'>nunc</span> <span class='ocrx_word' id='word_1_1651' title='bbox 1669 3083 1676 3112; x_wconf 91' lang='lat' dir='ltr'>i</span> <span class='ocrx_word' id='word_1_1652' title='bbox 1699 3092 1763 3111; x_wconf 82' lang='lat' dir='ltr'>naro</span> <span class='ocrx_word' id='word_1_1653' title='bbox 1774 3081 1862 3110; x_wconf 85' lang='lat' dir='ltr'>forsan</span> <span class='ocrx_word' id='word_1_1654' title='bbox 1873 3080 1916 3110; x_wconf 89' lang='lat' dir='ltr'>vel</span> <span class='ocrx_word' id='word_1_1655' title='bbox 1927 3081 2032 3110; x_wconf 88' lang='lat' dir='ltr'>lubrica</span> <span class='ocrx_word' id='word_1_1656' title='bbox 2043 3081 2121 3116; x_wconf 89' lang='lat' dir='ltr'>Nais,</span> 
     </span>
     <span class='ocr_line' id='line_1_178' title="bbox 1536 3093 2250 3158; baseline -0.003 -9"><span class='ocrx_word' id='word_1_1657' title='bbox 1536 3121 1587 3150; x_wconf 91' lang='lat' dir='ltr'>Vel</span> <span class='ocrx_word' id='word_1_1658' title='bbox 1598 3131 1655 3149; x_wconf 87' lang='lat' dir='ltr'>non</span> <span class='ocrx_word' id='word_1_1659' title='bbox 1667 3093 1797 3158; x_wconf 56' lang='lat' dir='ltr'>abruptos</span> <span class='ocrx_word' id='word_1_1660' title='bbox 1807 3118 1857 3147; x_wconf 90' lang='lat' dir='ltr'>tibi</span> <span class='ocrx_word' id='word_1_1661' title='bbox 1869 3119 1962 3147; x_wconf 85' lang='lat' dir='ltr'>demet</span> <span class='ocrx_word' id='word_1_1662' title='bbox 1974 3119 2143 3156; x_wconf 76' lang='lat' dir='ltr'>Hamadryas</span> <span class='ocrx_word' id='word_1_1663' title='bbox 2154 3127 2250 3149; x_wconf 77' lang='lat' dir='ltr'>annos.</span> 
     </span>
    </p>

    <p class='ocr_par' dir='ltr' id='par_1_65' title="bbox 1456 3156 2334 3196">
     <span class='ocr_line' id='line_1_179' title="bbox 1456 3156 2334 3196; baseline -0.003 -8"><span class='ocrx_word' id='word_1_1664' title='bbox 1456 3158 1573 3188; x_wconf 82' lang='lat' dir='ltr'>Antrum</span> <span class='ocrx_word' id='word_1_1665' title='bbox 1584 3158 1741 3196; x_wconf 84' lang='lat' dir='ltr'>abruptum.</span> <span class='ocrx_word' id='word_1_1666' title='bbox 1763 3156 1810 3186; x_wconf 91' lang='lat' dir='ltr'>Sil.</span> <span class='ocrx_word' id='word_1_1667' title='bbox 1825 3156 1883 3186; x_wconf 85' lang='lat' dir='ltr'>Ital.</span> <span class='ocrx_word' id='word_1_1668' title='bbox 1899 3156 1947 3185; x_wconf 92' lang='lat' dir='ltr'>lib.</span> <span class='ocrx_word' id='word_1_1669' title='bbox 1961 3166 1985 3194; x_wconf 89' lang='lat'>7.</span> <span class='ocrx_word' id='word_1_1670' title='bbox 2024 3157 2200 3186; x_wconf 86' lang='lat' dir='ltr'>—immanis</span> <span class='ocrx_word' id='word_1_1671' title='bbox 2213 3157 2243 3185; x_wconf 87' lang='lat' dir='ltr'>in</span> <span class='ocrx_word' id='word_1_1672' title='bbox 2254 3162 2334 3186; x_wconf 82' lang='lat' dir='ltr'>antro</span> 
     </span>
    </p>

    <p class='ocr_par' dir='ltr' id='par_1_66' title="bbox 1537 3194 1963 3232">
     <span class='ocr_line' id='line_1_180' title="bbox 1537 3194 1963 3232; baseline -0.007 -6"><span class='ocrx_word' id='word_1_1673' title='bbox 1537 3196 1675 3226; x_wconf 90' lang='lat' dir='ltr'>Conditur</span> <span class='ocrx_word' id='word_1_1674' title='bbox 1689 3195 1806 3232; x_wconf 86' lang='lat' dir='ltr'>abrupto</span> <span class='ocrx_word' id='word_1_1675' title='bbox 1823 3194 1963 3224; x_wconf 89' lang='lat' dir='ltr'>Protheus.</span> 
     </span>
    </p>
   </div>
   <div class='ocr_carea' id='block_1_21' title="bbox 1455 3232 2183 3308">
    <p class='ocr_par' dir='ltr' id='par_1_67' title="bbox 1455 3232 2183 3308">
     <span class='ocr_line' id='line_1_181' title="bbox 1455 3232 1882 3267; baseline -0.012 -3"><span class='ocrx_word' id='word_1_1676' title='bbox 1455 3234 1625 3265; x_wconf 80' lang='lat' dir='ltr'>Barathrum.</span> <span class='ocrx_word' id='word_1_1677' title='bbox 1648 3232 1746 3264; x_wconf 84' lang='lat' dir='ltr'>Catull.</span> <span class='ocrx_word' id='word_1_1678' title='bbox 1761 3236 1805 3267; x_wconf 84' lang='lat'>86.</span> <span class='ocrx_word' id='word_1_1679' title='bbox 1824 3238 1882 3266; x_wconf 86' lang='lat'>108.</span> 
     </span>
     <span class='ocr_line' id='line_1_182' title="bbox 1569 3269 2183 3308; baseline -0.007 -6"><span class='ocrx_word' id='word_1_1680' title='bbox 1569 3272 1657 3302; x_wconf 84' lang='lat' dir='ltr'>]Estus</span> <span class='ocrx_word' id='word_1_1681' title='bbox 1669 3273 1696 3300; x_wconf 92' lang='lat' dir='ltr'>in</span> <span class='ocrx_word' id='word_1_1682' title='bbox 1712 3271 1859 3308; x_wconf 86' lang='lat' dir='ltr'>abruptum</span> <span class='ocrx_word' id='word_1_1683' title='bbox 1871 3270 2007 3299; x_wconf 83' lang='lat' dir='ltr'>detulerat</span> <span class='ocrx_word' id='word_1_1684' title='bbox 2017 3269 2183 3299; x_wconf 85' lang='lat' dir='ltr'>barathrum.</span> 
     </span>
    </p>
   </div>
   <div class='ocr_carea' id='block_1_22' title="bbox 1453 3306 2666 3536">
    <p class='ocr_par' dir='ltr' id='par_1_68' title="bbox 1453 3306 2666 3536">
     <span class='ocr_line' id='line_1_183' title="bbox 1454 3306 2583 3348; baseline -0.002 -9"><span class='ocrx_word' id='word_1_1685' title='bbox 1454 3309 1650 3339; x_wconf 83' lang='lat' dir='ltr'>Blandimenta</span> <span class='ocrx_word' id='word_1_1686' title='bbox 1659 3310 1721 3339; x_wconf 78' lang='lat' dir='ltr'>vitae</span> <span class='ocrx_word' id='word_1_1687' title='bbox 1733 3308 1855 3345; x_wconf 81' lang='lat' dir='ltr'>abrupta.</span> <span class='ocrx_word' id='word_1_1688' title='bbox 1878 3307 1968 3337; x_wconf 76' lang='lat' dir='ltr'>Tacit.</span> <span class='ocrx_word' id='word_1_1689' title='bbox 1978 3308 2046 3338; x_wconf 89' lang='lat' dir='ltr'>Hist.</span> <span class='ocrx_word' id='word_1_1690' title='bbox 2059 3307 2136 3337; x_wconf 86' lang='lat' dir='ltr'>lib.2.</span> <span class='ocrx_word' id='word_1_1691' title='bbox 2151 3317 2194 3345; x_wconf 82' lang='lat'>53.</span> <span class='ocrx_word' id='word_1_1692' title='bbox 2217 3306 2281 3337; x_wconf 90' lang='lat' dir='ltr'>Sola</span> <span class='ocrx_word' id='word_1_1693' title='bbox 2291 3306 2457 3345; x_wconf 83' lang='lat' dir='ltr'>posteritatis</span> <span class='ocrx_word' id='word_1_1694' title='bbox 2466 3316 2542 3348; x_wconf 78' lang='lat' dir='ltr'>cura,</span> <span class='ocrx_word' id='word_1_1695' title='bbox 2553 3308 2583 3340; x_wconf 69' lang='lat' dir='ltr'>Sc</span> 
     </span>
     <span class='ocr_line' id='line_1_184' title="bbox 1473 3346 1900 3385; baseline -0.007 -8"><span class='ocrx_word' id='word_1_1696' title='bbox 1473 3347 1597 3385; x_wconf 78' lang='lat' dir='ltr'>abruptis·</span> <span class='ocrx_word' id='word_1_1697' title='bbox 1615 3348 1677 3377; x_wconf 79' lang='lat' dir='ltr'>vitae</span> <span class='ocrx_word' id='word_1_1698' title='bbox 1694 3346 1900 3376; x_wconf 84' lang='lat' dir='ltr'>blandimentis.</span> 
     </span>
     <span class='ocr_line' id='line_1_185' title="bbox 1454 3383 2022 3425; baseline -0.007 -10"><span class='ocrx_word' id='word_1_1699' title='bbox 1454 3385 1624 3423; x_wconf 75' lang='lat' dir='ltr'>Coniugium</span> <span class='ocrx_word' id='word_1_1700' title='bbox 1635 3385 1790 3423; x_wconf 89' lang='lat' dir='ltr'>abruptum.</span> <span class='ocrx_word' id='word_1_1701' title='bbox 1817 3383 1906 3412; x_wconf 88' lang='lat' dir='ltr'>Catui.</span> <span class='ocrx_word' id='word_1_1702' title='bbox 1920 3386 1963 3417; x_wconf 81' lang='lat'>68.</span> <span class='ocrx_word' id='word_1_1703' title='bbox 1979 3388 2022 3425; x_wconf 74' lang='lat'>84.</span> 
     </span>
     <span class='ocr_line' id='line_1_186' title="bbox 1568 3420 2081 3459; baseline -0.006 -6"><span class='ocrx_word' id='word_1_1704' title='bbox 1568 3423 1657 3452; x_wconf 81' lang='lat' dir='ltr'>Posset</span> <span class='ocrx_word' id='word_1_1705' title='bbox 1666 3430 1698 3452; x_wconf 91' lang='lat' dir='ltr'>ut</span> <span class='ocrx_word' id='word_1_1706' title='bbox 1708 3422 1824 3459; x_wconf 84' lang='lat' dir='ltr'>abrupto</span> <span class='ocrx_word' id='word_1_1707' title='bbox 1835 3422 1926 3450; x_wconf 89' lang='lat' dir='ltr'>vivere</span> <span class='ocrx_word' id='word_1_1708' title='bbox 1941 3420 2081 3457; x_wconf 76' lang='lat' dir='ltr'>conmgio.</span> 
     </span>
     <span class='ocr_line' id='line_1_187' title="bbox 1453 3457 2666 3500; baseline -0.004 -10"><span class='ocrx_word' id='word_1_1709' title='bbox 1453 3461 1636 3490; x_wconf 77' lang='lat' dir='ltr'>Contumacia</span> <span class='ocrx_word' id='word_1_1710' title='bbox 1646 3461 1711 3490; x_wconf 89' lang='lat' dir='ltr'>abru</span> <span class='ocrx_word' id='word_1_1711' title='bbox 1734 3466 1768 3489; x_wconf 87' lang='lat' dir='ltr'>ta.</span> <span class='ocrx_word' id='word_1_1712' title='bbox 1790 3458 1879 3488; x_wconf 85' lang='lat' dir='ltr'>Tacit.</span> <span class='ocrx_word' id='word_1_1713' title='bbox 1894 3460 1963 3487; x_wconf 86' lang='lat' dir='ltr'>Ann.</span> <span class='ocrx_word' id='word_1_1714' title='bbox 1975 3469 2000 3494; x_wconf 89' lang='lat'>4.</span> <span class='ocrx_word' id='word_1_1715' title='bbox 2017 3462 2060 3493; x_wconf 87' lang='lat'>63.</span> <span class='ocrx_word' id='word_1_1716' title='bbox 2102 3457 2251 3495; x_wconf 86' lang='lat' dir='ltr'>Liceatque</span> <span class='ocrx_word' id='word_1_1717' title='bbox 2262 3457 2332 3486; x_wconf 88' lang='lat' dir='ltr'>inter</span> <span class='ocrx_word' id='word_1_1718' title='bbox 2349 3457 2493 3495; x_wconf 81' lang='lat' dir='ltr'>abruptam</span> <span class='ocrx_word' id='word_1_1719' title='bbox 2511 3467 2577 3486; x_wconf 81' lang='lat' dir='ltr'>con-</span> <span class='ocrx_word' id='word_1_1720' title='bbox 2663 3473 2666 3500; x_wconf 44' lang='grc' dir='ltr'><strong><em>ἱ</em></strong></span> 
     </span>
     <span class='ocr_line' id='line_1_188' title="bbox 1470 3471 2665 3536; baseline -0.003 -8"><span class='ocrx_word' id='word_1_1721' title='bbox 1470 3500 1656 3528; x_wconf 79' lang='lat' dir='ltr'>tumaciam&amp;</span> <span class='ocrx_word' id='word_1_1722' title='bbox 1674 3471 1798 3528; x_wconf 45' lang='lat' dir='ltr'>desume-</span> <span class='ocrx_word' id='word_1_1723' title='bbox 1812 3496 1991 3534; x_wconf 87' lang='lat' dir='ltr'>obsequium,</span> <span class='ocrx_word' id='word_1_1724' title='bbox 2022 3505 2136 3533; x_wconf 84' lang='lat' dir='ltr'>pergere</span> <span class='ocrx_word' id='word_1_1725' title='bbox 2155 3496 2206 3525; x_wconf 89' lang='lat' dir='ltr'>iter</span> <span class='ocrx_word' id='word_1_1726' title='bbox 2225 3495 2376 3524; x_wconf 84' lang='lat' dir='ltr'>ambitione</span> <span class='ocrx_word' id='word_1_1727' title='bbox 2395 3504 2427 3524; x_wconf 88' lang='lat' dir='ltr'>ac</span> <span class='ocrx_word' id='word_1_1728' title='bbox 2444 3495 2578 3533; x_wconf 76' lang='lat' dir='ltr'>periculis</span> <span class='ocrx_word' id='word_1_1729' title='bbox 2663 3517 2665 3536; x_wconf 66' lang='grc' dir='ltr'>Ι</span> 
     </span>
    </p>
   </div>
   <div class='ocr_carea' id='block_1_23' title="bbox 1450 3546 2575 3612">
    <p class='ocr_par' dir='ltr' id='par_1_69' title="bbox 1450 3546 2575 3612">
     <span class='ocr_line' id='line_1_189' title="bbox 1489 3546 1597 3566; baseline 0.009 -1"><span class='ocrx_word' id='word_1_1730' title='bbox 1489 3556 1494 3565; x_wconf 80' lang='lat'>.</span> <span class='ocrx_word' id='word_1_1731' title='bbox 1522 3546 1538 3564; x_wconf 90' lang='lat' dir='ltr'>u</span> <span class='ocrx_word' id='word_1_1732' title='bbox 1591 3560 1597 3566; x_wconf 91' lang='lat'>.</span> 
     </span>
     <span class='ocr_line' id='line_1_190' title="bbox 1450 3546 2575 3612; baseline -0.004 -9"><span class='ocrx_word' id='word_1_1733' title='bbox 1450 3546 1743 3612; x_wconf 40' lang='lat' dir='ltr'>Dvijqcupqngbrupmm&#39;</span> <span class='ocrx_word' id='word_1_1734' title='bbox 1763 3572 1807 3601; x_wconf 92' lang='lat' dir='ltr'>vel</span> <span class='ocrx_word' id='word_1_1735' title='bbox 1818 3571 1884 3601; x_wconf 88' lang='lat' dir='ltr'>abru</span> <span class='ocrx_word' id='word_1_1736' title='bbox 1907 3576 1950 3599; x_wconf 88' lang='lat' dir='ltr'>tus</span> <span class='ocrx_word' id='word_1_1737' title='bbox 1964 3570 2043 3600; x_wconf 84' lang='lat' dir='ltr'>locus</span> <span class='ocrx_word' id='word_1_1738' title='bbox 2061 3571 2201 3600; x_wconf 87' lang='lat' dir='ltr'>orationis.</span> <span class='ocrx_word' id='word_1_1739' title='bbox 2234 3569 2353 3606; x_wconf 84' lang='lat' dir='ltr'>Quintil.</span> <span class='ocrx_word' id='word_1_1740' title='bbox 2386 3570 2419 3599; x_wconf 83' lang='lat' dir='ltr'>ld</span> <span class='ocrx_word' id='word_1_1741' title='bbox 2438 3570 2495 3605; x_wconf 87' lang='lat' dir='ltr'>est,</span> <span class='ocrx_word' id='word_1_1742' title='bbox 2517 3580 2575 3599; x_wconf 88' lang='lat' dir='ltr'>non</span> 
     </span>
    </p>
   </div>
   <div class='ocr_carea' id='block_1_24' title="bbox 1449 3607 2577 3797">
    <p class='ocr_par' dir='ltr' id='par_1_70' title="bbox 1449 3607 2577 3797">
     <span class='ocr_line' id='line_1_191' title="bbox 1470 3607 2577 3647; baseline -0.003 -6"><span class='ocrx_word' id='word_1_1743' title='bbox 1470 3622 1626 3647; x_wconf 77' lang='lat' dir='ltr'>congruens</span> <span class='ocrx_word' id='word_1_1744' title='bbox 1643 3621 1708 3641; x_wconf 89' lang='lat' dir='ltr'>cum</span> <span class='ocrx_word' id='word_1_1745' title='bbox 1742 3610 1889 3639; x_wconf 80' lang='lat' dir='ltr'>raecedenti</span> <span class='ocrx_word' id='word_1_1746' title='bbox 1912 3619 1942 3638; x_wconf 87' lang='lat' dir='ltr'>us</span> <span class='ocrx_word' id='word_1_1747' title='bbox 1954 3630 1961 3643; x_wconf 92' lang='lat'>,</span> <span class='ocrx_word' id='word_1_1748' title='bbox 1983 3608 2027 3637; x_wconf 84' lang='lat' dir='ltr'>vel</span> <span class='ocrx_word' id='word_1_1749' title='bbox 2038 3618 2096 3637; x_wconf 91' lang='lat' dir='ltr'>non</span> <span class='ocrx_word' id='word_1_1750' title='bbox 2113 3608 2263 3638; x_wconf 74' lang='lat' dir='ltr'>cohaerens.</span> <span class='ocrx_word' id='word_1_1751' title='bbox 2305 3607 2340 3637; x_wconf 90' lang='lat' dir='ltr'>Et</span> <span class='ocrx_word' id='word_1_1752' title='bbox 2353 3607 2486 3646; x_wconf 82' lang='lat' dir='ltr'>abruptus</span> <span class='ocrx_word' id='word_1_1753' title='bbox 2503 3616 2577 3644; x_wconf 51' lang='lat' dir='ltr'>u‘anq</span> 
     </span>
     <span class='ocr_line' id='line_1_192' title="bbox 1469 3650 1776 3679; baseline -0.007 -1"><span class='ocrx_word' id='word_1_1754' title='bbox 1469 3650 1542 3678; x_wconf 75' lang='lat' dir='ltr'>situs.</span> <span class='ocrx_word' id='word_1_1755' title='bbox 1565 3650 1637 3679; x_wconf 60' lang='lat' dir='ltr'>&amp;rw</span> <span class='ocrx_word' id='word_1_1756' title='bbox 1657 3660 1697 3678; x_wconf 84' lang='lat'>11.</span> <span class='ocrx_word' id='word_1_1757' title='bbox 1750 3658 1776 3677; x_wconf 91' lang='lat' dir='ltr'>n.</span> 
     </span>
     <span class='ocr_line' id='line_1_193' title="bbox 1451 3681 2172 3726; baseline -0.006 -10"><span class='ocrx_word' id='word_1_1758' title='bbox 1451 3688 1545 3717; x_wconf 89' lang='lat' dir='ltr'>Genus</span> <span class='ocrx_word' id='word_1_1759' title='bbox 1556 3687 1688 3716; x_wconf 87' lang='lat' dir='ltr'>sermonis</span> <span class='ocrx_word' id='word_1_1760' title='bbox 1699 3686 1805 3716; x_wconf 86' lang='lat' dir='ltr'>Salustii</span> <span class='ocrx_word' id='word_1_1761' title='bbox 1817 3684 1965 3726; x_wconf 72' lang='lat' dir='ltr'>abruptum</span> <span class='ocrx_word' id='word_1_1762' title='bbox 1974 3705 1981 3717; x_wconf 94' lang='lat'>,</span> <span class='ocrx_word' id='word_1_1763' title='bbox 2003 3684 2041 3712; x_wconf 85' lang='lat' dir='ltr'>ait</span> <span class='ocrx_word' id='word_1_1764' title='bbox 2052 3681 2172 3719; x_wconf 85' lang='lat' dir='ltr'>Quintil.</span> 
     </span>
     <span class='ocr_line' id='line_1_194' title="bbox 1449 3720 2104 3763; baseline -0.009 -9"><span class='ocrx_word' id='word_1_1765' title='bbox 1449 3724 1529 3763; x_wconf 85' lang='lat' dir='ltr'>Ignes</span> <span class='ocrx_word' id='word_1_1766' title='bbox 1540 3724 1649 3762; x_wconf 87' lang='lat' dir='ltr'>abrupti</span> <span class='ocrx_word' id='word_1_1767' title='bbox 1662 3724 1791 3754; x_wconf 90' lang='lat' dir='ltr'>nubibus.</span> <span class='ocrx_word' id='word_1_1768' title='bbox 1819 3722 1926 3751; x_wconf 85' lang='lat' dir='ltr'>Lucret.</span> <span class='ocrx_word' id='word_1_1769' title='bbox 1939 3720 1986 3749; x_wconf 91' lang='lat' dir='ltr'>hb.</span> <span class='ocrx_word' id='word_1_1770' title='bbox 2001 3731 2026 3750; x_wconf 90' lang='lat'>2.</span> <span class='ocrx_word' id='word_1_1771' title='bbox 2041 3731 2104 3756; x_wconf 89' lang='lat'>214.</span> 
     </span>
     <span class='ocr_line' id='line_1_195' title="bbox 1529 3758 2240 3797; baseline -0.004 -6"><span class='ocrx_word' id='word_1_1772' title='bbox 1529 3762 1613 3792; x_wconf 88' lang='lat' dir='ltr'>Nunc</span> <span class='ocrx_word' id='word_1_1773' title='bbox 1626 3763 1707 3797; x_wconf 87' lang='lat' dir='ltr'>hinc,</span> <span class='ocrx_word' id='word_1_1774' title='bbox 1730 3771 1804 3791; x_wconf 91' lang='lat' dir='ltr'>nunc</span> <span class='ocrx_word' id='word_1_1775' title='bbox 1815 3760 1892 3790; x_wconf 88' lang='lat' dir='ltr'>illinc</span> <span class='ocrx_word' id='word_1_1776' title='bbox 1903 3758 2012 3796; x_wconf 84' lang='lat' dir='ltr'>abrupti</span> <span class='ocrx_word' id='word_1_1777' title='bbox 2028 3758 2148 3788; x_wconf 87' lang='lat' dir='ltr'>nubibus</span> <span class='ocrx_word' id='word_1_1778' title='bbox 2163 3758 2240 3795; x_wconf 85' lang='lat' dir='ltr'>ignes</span> 
     </span>
    </p>
   </div>
   <div class='ocr_carea' id='block_1_25' title="bbox 1447 3800 2418 3875">
    <p class='ocr_par' dir='ltr' id='par_1_71' title="bbox 1447 3800 2418 3875">
     <span class='ocr_line' id='line_1_196' title="bbox 1529 3800 1790 3834; baseline -0.008 -5"><span class='ocrx_word' id='word_1_1779' title='bbox 1529 3800 1716 3834; x_wconf 79' lang='lat' dir='ltr'>Concursant,</span> <span class='ocrx_word' id='word_1_1780' title='bbox 1738 3802 1790 3829; x_wconf 81' lang='lat' dir='ltr'>&amp;c.</span> 
     </span>
     <span class='ocr_line' id='line_1_197' title="bbox 1447 3832 2418 3875; baseline -0.003 -8"><span class='ocrx_word' id='word_1_1781' title='bbox 1447 3837 1602 3875; x_wconf 84' lang='lat' dir='ltr'>Ingenium.</span> <span class='ocrx_word' id='word_1_1782' title='bbox 1638 3838 1670 3866; x_wconf 90' lang='lat' dir='ltr'>ld</span> <span class='ocrx_word' id='word_1_1783' title='bbox 1681 3838 1735 3873; x_wconf 84' lang='lat' dir='ltr'>est,</span> <span class='ocrx_word' id='word_1_1784' title='bbox 1757 3844 1888 3874; x_wconf 70' lang='lat' dir='ltr'>pra‘cepS.</span> <span class='ocrx_word' id='word_1_1785' title='bbox 1919 3833 1966 3864; x_wconf 88' lang='lat' dir='ltr'>Sil.</span> <span class='ocrx_word' id='word_1_1786' title='bbox 1980 3833 2039 3863; x_wconf 84' lang='lat' dir='ltr'>Ital.</span> <span class='ocrx_word' id='word_1_1787' title='bbox 2056 3832 2102 3861; x_wconf 50' lang='lat' dir='ltr'>lib.</span> <span class='ocrx_word' id='word_1_1788' title='bbox 2115 3842 2140 3870; x_wconf 89' lang='lat'>7.</span> <span class='ocrx_word' id='word_1_1789' title='bbox 2162 3833 2246 3862; x_wconf 86' lang='lat' dir='ltr'>verba</span> <span class='ocrx_word' id='word_1_1790' title='bbox 2259 3832 2323 3863; x_wconf 89' lang='lat' dir='ltr'>sunt</span> <span class='ocrx_word' id='word_1_1791' title='bbox 2332 3832 2418 3873; x_wconf 75' lang='lat' dir='ltr'>Fabii,</span> 
     </span>
    </p>
   </div>
   <div class='ocr_carea' id='block_1_26' title="bbox 1526 3871 2254 3950">
    <p class='ocr_par' dir='ltr' id='par_1_72' title="bbox 1526 3871 2254 3950">
     <span class='ocr_line' id='line_1_198' title="bbox 1527 3871 2254 3910; baseline -0.006 -6"><span class='ocrx_word' id='word_1_1792' title='bbox 1527 3875 1642 3905; x_wconf 81' lang='lat' dir='ltr'>Fervida</span> <span class='ocrx_word' id='word_1_1793' title='bbox 1657 3875 1673 3903; x_wconf 85' lang='grc' dir='ltr'>Ιὶ</span> <span class='ocrx_word' id='word_1_1794' title='bbox 1686 3875 1766 3904; x_wconf 88' lang='lat' dir='ltr'>nobis</span> <span class='ocrx_word' id='word_1_1795' title='bbox 1778 3873 1861 3902; x_wconf 86' lang='lat' dir='ltr'>corda</span> <span class='ocrx_word' id='word_1_1796' title='bbox 1871 3894 1879 3908; x_wconf 92' lang='lat'>,</span> <span class='ocrx_word' id='word_1_1797' title='bbox 1900 3871 2104 3910; x_wconf 81' lang='lat' dir='ltr'>abruptumque</span> <span class='ocrx_word' id='word_1_1798' title='bbox 2116 3871 2254 3909; x_wconf 69' lang='lat' dir='ltr'>putassent</span> 
     </span>
     <span class='ocr_line' id='line_1_199' title="bbox 1526 3912 1866 3950; baseline -0.006 -8"><span class='ocrx_word' id='word_1_1799' title='bbox 1526 3913 1673 3950; x_wconf 74' lang='lat' dir='ltr'>Ingenium</span> <span class='ocrx_word' id='word_1_1800' title='bbox 1685 3913 1774 3945; x_wconf 78' lang='lat' dir='ltr'>Patres</span> <span class='ocrx_word' id='word_1_1801' title='bbox 1784 3934 1792 3947; x_wconf 81' lang='lat'>,</span> <span class='ocrx_word' id='word_1_1802' title='bbox 1813 3912 1866 3940; x_wconf 61' lang='lat' dir='ltr'>Sic.</span> 
     </span>
    </p>
   </div>
   <div class='ocr_carea' id='block_1_27' title="bbox 2656 2919 2667 3950">
    <p class='ocr_par' dir='ltr' id='par_1_73' title="bbox 2656 2919 2667 3950">
     <span class='ocr_line' id='line_1_200' title="bbox 2656 2919 2667 3950; baseline 0 0"><span class='ocrx_word' id='word_1_1803' title='bbox 2656 2919 2667 3950; x_wconf 95' lang='lat' dir='ltr'> </span> 
     </span>
    </p>
   </div>
   <div class='ocr_carea' id='block_1_28' title="bbox 2444 3946 2568 3977">
    <p class='ocr_par' dir='ltr' id='par_1_74' title="bbox 2444 3946 2568 3977">
     <span class='ocr_line' id='line_1_201' title="bbox 2444 3946 2568 3977; baseline -0.008 -1"><span class='ocrx_word' id='word_1_1804' title='bbox 2444 3946 2568 3977; x_wconf 69' lang='lat' dir='ltr'>initium.</span> 
     </span>
    </p>
   </div>
  </div>
 </body>
</html>
