<?xml version="1.0" encoding="UTF-8"?>
<!DOCTYPE html PUBLIC "-//W3C//DTD XHTML 1.0 Transitional//EN"
    "http://www.w3.org/TR/xhtml1/DTD/xhtml1-transitional.dtd">
<html xmlns="http://www.w3.org/1999/xhtml" xml:lang="en" lang="en">
 <head>
  <title>
</title>
<meta http-equiv="Content-Type" content="text/html;charset=utf-8" />
  <meta name='ocr-system' content='tesseract 3.04.00' />
  <meta name='ocr-capabilities' content='ocr_page ocr_carea ocr_par ocr_line ocrx_word'/>
</head>
<body>
  <div class='ocr_page' id='page_1' title='image "./robertistephanil01esti_0679.png"; bbox 0 0 2600 4177; ppageno 0'>
   <div class='ocr_carea' id='block_1_1' title="bbox 492 180 793 218">
    <p class='ocr_par' dir='ltr' id='par_1_1' title="bbox 492 180 793 218">
     <span class='ocr_line' id='line_1_1' title="bbox 492 180 793 218; baseline 0 -1"><span class='ocrx_word' id='word_1_1' title='bbox 492 180 527 217; x_wconf 57' lang='lat' dir='ltr'>C*</span> <span class='ocrx_word' id='word_1_2' title='bbox 615 182 654 218; x_wconf 90' lang='lat' dir='ltr'>O</span> <span class='ocrx_word' id='word_1_3' title='bbox 753 181 793 217; x_wconf 89' lang='lat' dir='ltr'>M</span> 
     </span>
    </p>
   </div>
   <div class='ocr_carea' id='block_1_2' title="bbox 19 258 1259 2194">
    <p class='ocr_par' dir='ltr' id='par_1_2' title="bbox 150 258 1254 451">
     <span class='ocr_line' id='line_1_2' title="bbox 151 258 1252 302; baseline -0.004 -9"><span class='ocrx_word' id='word_1_4' title='bbox 151 263 378 300; x_wconf 81' lang='lat' dir='ltr'>repetundarum,</span> <span class='ocrx_word' id='word_1_5' title='bbox 399 261 474 299; x_wconf 79' lang='lat' dir='ltr'>quod</span> <span class='ocrx_word' id='word_1_6' title='bbox 485 263 606 293; x_wconf 86' lang='lat' dir='ltr'>Siciliam</span> <span class='ocrx_word' id='word_1_7' title='bbox 617 264 791 302; x_wconf 86' lang='lat' dir='ltr'>provinciam</span> <span class='ocrx_word' id='word_1_8' title='bbox 800 263 937 301; x_wconf 67' lang='lat' dir='ltr'>argenteis</span> <span class='ocrx_word' id='word_1_9' title='bbox 945 263 1012 293; x_wconf 78' lang='lat' dir='ltr'>vasis</span> <span class='ocrx_word' id='word_1_10' title='bbox 1025 258 1179 299; x_wconf 69' lang='lat' dir='ltr'>caelatisque</span> <span class='ocrx_word' id='word_1_11' title='bbox 1189 258 1252 299; x_wconf 73' lang='lat' dir='ltr'>spo.</span> 
     </span>
     <span class='ocr_line' id='line_1_3' title="bbox 150 299 1252 339; baseline -0.003 -9"><span class='ocrx_word' id='word_1_12' title='bbox 150 302 255 331; x_wconf 72' lang='lat' dir='ltr'>liasset:</span> <span class='ocrx_word' id='word_1_13' title='bbox 277 309 369 331; x_wconf 85' lang='lat' dir='ltr'>tamen</span> <span class='ocrx_word' id='word_1_14' title='bbox 381 309 535 339; x_wconf 84' lang='lat' dir='ltr'>temperare</span> <span class='ocrx_word' id='word_1_15' title='bbox 546 301 592 329; x_wconf 79' lang='lat' dir='ltr'>fibi</span> <span class='ocrx_word' id='word_1_16' title='bbox 608 303 683 338; x_wconf 87' lang='lat' dir='ltr'>apud</span> <span class='ocrx_word' id='word_1_17' title='bbox 694 302 835 331; x_wconf 81' lang='lat' dir='ltr'>Sisennam</span> <span class='ocrx_word' id='word_1_18' title='bbox 859 302 1037 338; x_wconf 64' lang='lat' dir='ltr'>nequivisset,</span> <span class='ocrx_word' id='word_1_19' title='bbox 1059 300 1126 337; x_wconf 87' lang='lat' dir='ltr'>quin</span> <span class='ocrx_word' id='word_1_20' title='bbox 1144 299 1252 337; x_wconf 81' lang='lat' dir='ltr'>cupidi-</span> 
     </span>
     <span class='ocr_line' id='line_1_4' title="bbox 152 337 1254 377; baseline -0.003 -9"><span class='ocrx_word' id='word_1_21' title='bbox 152 346 238 368; x_wconf 80' lang='lat' dir='ltr'>tatem</span> <span class='ocrx_word' id='word_1_22' title='bbox 248 339 323 368; x_wconf 84' lang='lat' dir='ltr'>illam</span> <span class='ocrx_word' id='word_1_23' title='bbox 334 339 506 376; x_wconf 82' lang='lat' dir='ltr'>praenimiam</span> <span class='ocrx_word' id='word_1_24' title='bbox 518 338 619 368; x_wconf 79' lang='lat' dir='ltr'>caelatae</span> <span class='ocrx_word' id='word_1_25' title='bbox 628 338 807 377; x_wconf 49' lang='lat' dir='ltr'>supellectilis</span> <span class='ocrx_word' id='word_1_26' title='bbox 815 340 966 377; x_wconf 80' lang='lat' dir='ltr'>ingenitam</span> <span class='ocrx_word' id='word_1_27' title='bbox 978 339 1024 368; x_wconf 79' lang='lat' dir='ltr'>ii&#39;oi</span> <span class='ocrx_word' id='word_1_28' title='bbox 1035 338 1172 376; x_wconf 78' lang='lat' dir='ltr'><strong>proderet.</strong></span> <span class='ocrx_word' id='word_1_29' title='bbox 1200 337 1254 366; x_wconf 86' lang='lat' dir='ltr'>Ha-</span> 
     </span>
     <span class='ocr_line' id='line_1_5' title="bbox 153 376 1253 416; baseline -0.003 -10"><span class='ocrx_word' id='word_1_30' title='bbox 153 378 251 406; x_wconf 70' lang='lat' dir='ltr'>oenus</span> <span class='ocrx_word' id='word_1_31' title='bbox 267 377 391 406; x_wconf 75' lang='lat' dir='ltr'>Budaeus.</span> <span class='ocrx_word' id='word_1_32' title='bbox 433 376 491 405; x_wconf 89' lang='lat' dir='ltr'>Cic.</span> <span class='ocrx_word' id='word_1_33' title='bbox 503 385 526 411; x_wconf 81' lang='lat'>3.</span> <span class='ocrx_word' id='word_1_34' title='bbox 545 376 618 406; x_wconf 90' lang='lat' dir='ltr'>Verr.</span> <span class='ocrx_word' id='word_1_35' title='bbox 634 380 679 406; x_wconf 80' lang='lat'>26.</span> <span class='ocrx_word' id='word_1_36' title='bbox 702 377 803 407; x_wconf 88' lang='lat' dir='ltr'>Verum</span> <span class='ocrx_word' id='word_1_37' title='bbox 821 385 852 407; x_wconf 82' lang='lat' dir='ltr'>ut</span> <span class='ocrx_word' id='word_1_38' title='bbox 861 378 962 416; x_wconf 84' lang='lat' dir='ltr'>opinor</span> <span class='ocrx_word' id='word_1_39' title='bbox 973 377 1087 407; x_wconf 80' lang='lat' dir='ltr'>Glaucia</span> <span class='ocrx_word' id='word_1_40' title='bbox 1096 376 1201 413; x_wconf 88' lang='lat' dir='ltr'>primus</span> <span class='ocrx_word' id='word_1_41' title='bbox 1211 381 1253 403; x_wconf 91' lang='lat' dir='ltr'>tu-</span> 
     </span>
     <span class='ocr_line' id='line_1_6' title="bbox 153 413 639 451; baseline 0 -9"><span class='ocrx_word' id='word_1_42' title='bbox 153 413 187 442; x_wconf 88' lang='lat' dir='ltr'>lit</span> <span class='ocrx_word' id='word_1_43' title='bbox 196 434 205 449; x_wconf 90' lang='lat'>,</span> <span class='ocrx_word' id='word_1_44' title='bbox 228 420 259 443; x_wconf 90' lang='lat' dir='ltr'>ut</span> <span class='ocrx_word' id='word_1_45' title='bbox 267 414 559 451; x_wconf 78' lang='lat' dir='ltr'>comperendinaretur</span> <span class='ocrx_word' id='word_1_46' title='bbox 568 422 639 443; x_wconf 83' lang='lat' dir='ltr'>reus.</span> 
     </span>
    </p>

    <p class='ocr_par' dir='ltr' id='par_1_3' title="bbox 97 448 1257 905">
     <span class='ocr_line' id='line_1_7' title="bbox 97 448 1254 489; baseline -0.005 -9"><span class='ocrx_word' id='word_1_47' title='bbox 97 448 144 481; x_wconf 85' lang='lat' dir='ltr'>Co</span> <span class='ocrx_word' id='word_1_48' title='bbox 154 461 175 480; x_wconf 84' lang='lat' dir='ltr'>M</span> <span class='ocrx_word' id='word_1_49' title='bbox 184 461 198 479; x_wconf 73' lang='lat' dir='ltr'>r</span> <span class='ocrx_word' id='word_1_50' title='bbox 208 460 222 480; x_wconf 72' lang='grc' dir='ltr'><strong>Β</strong></span> <span class='ocrx_word' id='word_1_51' title='bbox 232 460 247 480; x_wconf 71' lang='lat' dir='ltr'>r</span> <span class='ocrx_word' id='word_1_52' title='bbox 257 461 272 480; x_wconf 76' lang='lat' dir='ltr'>a</span> <span class='ocrx_word' id='word_1_53' title='bbox 282 461 303 480; x_wconf 86' lang='grc' dir='ltr'><strong>Ν</strong></span> <span class='ocrx_word' id='word_1_54' title='bbox 312 461 331 479; x_wconf 86' lang='lat' dir='ltr'>D</span> <span class='ocrx_word' id='word_1_55' title='bbox 342 461 351 479; x_wconf 90' lang='lat'>1</span> <span class='ocrx_word' id='word_1_56' title='bbox 361 460 380 479; x_wconf 91' lang='grc' dir='ltr'><strong>Ν</strong></span> <span class='ocrx_word' id='word_1_57' title='bbox 389 460 408 479; x_wconf 77' lang='lat' dir='ltr'>A</span> <span class='ocrx_word' id='word_1_58' title='bbox 417 460 438 479; x_wconf 77' lang='grc' dir='ltr'>τ</span> <span class='ocrx_word' id='word_1_59' title='bbox 447 460 481 479; x_wconf 83' lang='grc' dir='ltr'>ιο</span> <span class='ocrx_word' id='word_1_60' title='bbox 492 473 500 485; x_wconf 91' lang='grc'><em>,</em></span> <span class='ocrx_word' id='word_1_61' title='bbox 521 451 592 481; x_wconf 67' lang='lat' dir='ltr'>onis.</span> <span class='ocrx_word' id='word_1_62' title='bbox 614 451 632 480; x_wconf 86' lang='lat' dir='ltr'>f.</span> <span class='ocrx_word' id='word_1_63' title='bbox 652 449 795 488; x_wconf 53' lang='grc' dir='ltr'>[οὶηιζολῂ</span> <span class='ocrx_word' id='word_1_64' title='bbox 822 448 1013 489; x_wconf 59' lang='grc' dir='ltr'>ιζτεςημεφέοι]</span> <span class='ocrx_word' id='word_1_65' title='bbox 1033 450 1072 481; x_wconf 80' lang='lat' dir='ltr'>est</span> <span class='ocrx_word' id='word_1_66' title='bbox 1089 450 1188 480; x_wconf 84' lang='lat' dir='ltr'>Mutua</span> <span class='ocrx_word' id='word_1_67' title='bbox 1207 449 1254 478; x_wconf 78' lang='lat' dir='ltr'>de..</span> 
     </span>
     <span class='ocr_line' id='line_1_8' title="bbox 136 487 1254 526; baseline -0.002 -9"><span class='ocrx_word' id='word_1_68' title='bbox 136 489 276 518; x_wconf 84' lang='lat' dir='ltr'>nuntiatio</span> <span class='ocrx_word' id='word_1_69' title='bbox 306 488 419 524; x_wconf 86' lang='lat' dir='ltr'>(inquit</span> <span class='ocrx_word' id='word_1_70' title='bbox 439 488 571 518; x_wconf 75' lang='lat' dir='ltr'>Asconius</span> <span class='ocrx_word' id='word_1_71' title='bbox 590 489 619 518; x_wconf 88' lang='lat' dir='ltr'>in</span> <span class='ocrx_word' id='word_1_72' title='bbox 636 499 661 525; x_wconf 87' lang='lat'>3.</span> <span class='ocrx_word' id='word_1_73' title='bbox 679 494 776 519; x_wconf 85' lang='lat' dir='ltr'>contra</span> <span class='ocrx_word' id='word_1_74' title='bbox 802 489 912 518; x_wconf 82' lang='lat' dir='ltr'>Verrem</span> <span class='ocrx_word' id='word_1_75' title='bbox 928 493 972 518; x_wconf 82' lang='lat'>26.</span> <span class='ocrx_word' id='word_1_76' title='bbox 986 488 999 525; x_wconf 92' lang='lat'>)</span> <span class='ocrx_word' id='word_1_77' title='bbox 1019 490 1047 517; x_wconf 91' lang='lat' dir='ltr'>in</span> <span class='ocrx_word' id='word_1_78' title='bbox 1066 487 1254 526; x_wconf 87' lang='lat' dir='ltr'>perendinum</span> 
     </span>
     <span class='ocr_line' id='line_1_9' title="bbox 134 522 1254 565; baseline -0.002 -10"><span class='ocrx_word' id='word_1_79' title='bbox 134 522 212 555; x_wconf 83' lang='lat' dir='ltr'>diem</span> <span class='ocrx_word' id='word_1_80' title='bbox 223 534 230 556; x_wconf 95' lang='lat'>:</span> <span class='ocrx_word' id='word_1_81' title='bbox 253 525 386 554; x_wconf 85' lang='lat' dir='ltr'>videlicet</span> <span class='ocrx_word' id='word_1_82' title='bbox 394 534 429 555; x_wconf 88' lang='lat' dir='ltr'>ne</span> <span class='ocrx_word' id='word_1_83' title='bbox 437 525 505 555; x_wconf 85' lang='lat' dir='ltr'>alter</span> <span class='ocrx_word' id='word_1_84' title='bbox 514 526 685 565; x_wconf 83' lang='lat' dir='ltr'>litigatorum</span> <span class='ocrx_word' id='word_1_85' title='bbox 695 527 825 564; x_wconf 82' lang='lat' dir='ltr'>fugitator</span> <span class='ocrx_word' id='word_1_86' title='bbox 835 526 944 556; x_wconf 79' lang='lat' dir='ltr'>fortaffe</span> <span class='ocrx_word' id='word_1_87' title='bbox 952 526 1054 556; x_wconf 81' lang='lat' dir='ltr'>causari</span> <span class='ocrx_word' id='word_1_88' title='bbox 1064 525 1155 563; x_wconf 83' lang='lat' dir='ltr'>poffit,</span> <span class='ocrx_word' id='word_1_89' title='bbox 1168 534 1254 561; x_wconf 89' lang='lat' dir='ltr'>quum</span> 
     </span>
     <span class='ocr_line' id='line_1_10' title="bbox 134 562 1255 601; baseline -0.003 -8"><span class='ocrx_word' id='word_1_90' title='bbox 134 564 166 592; x_wconf 82' lang='lat' dir='ltr'>in</span> <span class='ocrx_word' id='word_1_91' title='bbox 177 572 235 593; x_wconf 86' lang='lat' dir='ltr'>rem</span> <span class='ocrx_word' id='word_1_92' title='bbox 245 562 407 601; x_wconf 88' lang='lat' dir='ltr'>praesentem</span> <span class='ocrx_word' id='word_1_93' title='bbox 419 570 535 593; x_wconf 90' lang='lat' dir='ltr'>ventum</span> <span class='ocrx_word' id='word_1_94' title='bbox 546 564 584 594; x_wconf 89' lang='lat' dir='ltr'>est</span> <span class='ocrx_word' id='word_1_95' title='bbox 595 586 603 600; x_wconf 81' lang='lat'>‚</span> <span class='ocrx_word' id='word_1_96' title='bbox 626 565 652 594; x_wconf 88' lang='lat' dir='ltr'>se</span> <span class='ocrx_word' id='word_1_97' title='bbox 665 565 830 601; x_wconf 82' lang='lat' dir='ltr'>imparatum</span> <span class='ocrx_word' id='word_1_98' title='bbox 844 562 955 594; x_wconf 77' lang='lat' dir='ltr'>venisse.</span> <span class='ocrx_word' id='word_1_99' title='bbox 996 563 1157 600; x_wconf 73' lang='lat' dir='ltr'>Cuiusmodi</span> <span class='ocrx_word' id='word_1_100' title='bbox 1170 563 1209 591; x_wconf 83' lang='lat' dir='ltr'>est</span> <span class='ocrx_word' id='word_1_101' title='bbox 1222 562 1255 591; x_wconf 89' lang='lat' dir='ltr'>il-</span> 
     </span>
     <span class='ocr_line' id='line_1_11' title="bbox 134 600 1255 639; baseline -0.001 -10"><span class='ocrx_word' id='word_1_102' title='bbox 134 600 163 630; x_wconf 78' lang='lat' dir='ltr'>la</span> <span class='ocrx_word' id='word_1_103' title='bbox 174 601 349 630; x_wconf 85' lang='lat' dir='ltr'>denuntiatio</span> <span class='ocrx_word' id='word_1_104' title='bbox 359 623 368 636; x_wconf 86' lang='lat'>‚</span> <span class='ocrx_word' id='word_1_105' title='bbox 390 610 443 638; x_wconf 89' lang='lat' dir='ltr'>qua</span> <span class='ocrx_word' id='word_1_106' title='bbox 452 601 606 638; x_wconf 73' lang='lat' dir='ltr'>litigatores</span> <span class='ocrx_word' id='word_1_107' title='bbox 621 603 649 631; x_wconf 89' lang='lat' dir='ltr'>in</span> <span class='ocrx_word' id='word_1_108' title='bbox 659 602 833 639; x_wconf 86' lang='lat' dir='ltr'>parlamento</span> <span class='ocrx_word' id='word_1_109' title='bbox 845 603 935 631; x_wconf 84' lang='lat' dir='ltr'>nostro</span> <span class='ocrx_word' id='word_1_110' title='bbox 956 608 1072 632; x_wconf 86' lang='lat' dir='ltr'>utuntur</span> <span class='ocrx_word' id='word_1_111' title='bbox 1081 623 1089 636; x_wconf 94' lang='lat'>‚</span> <span class='ocrx_word' id='word_1_112' title='bbox 1111 610 1197 637; x_wconf 90' lang='lat' dir='ltr'>quum</span> <span class='ocrx_word' id='word_1_113' title='bbox 1208 610 1255 629; x_wconf 79' lang='lat' dir='ltr'>au-</span> 
     </span>
     <span class='ocr_line' id='line_1_12' title="bbox 131 638 1253 677; baseline -0.001 -10"><span class='ocrx_word' id='word_1_114' title='bbox 131 639 269 668; x_wconf 81' lang='lat' dir='ltr'>dientiam</span> <span class='ocrx_word' id='word_1_115' title='bbox 281 648 296 668; x_wconf 92' lang='lat' dir='ltr'>a</span> <span class='ocrx_word' id='word_1_116' title='bbox 309 638 470 675; x_wconf 84' lang='lat' dir='ltr'>praefidibus</span> <span class='ocrx_word' id='word_1_117' title='bbox 480 641 679 677; x_wconf 83' lang='lat' dir='ltr'>impetrarunt:</span> <span class='ocrx_word' id='word_1_118' title='bbox 701 649 738 669; x_wconf 90' lang='lat' dir='ltr'>ne</span> <span class='ocrx_word' id='word_1_119' title='bbox 747 639 816 669; x_wconf 85' lang='lat' dir='ltr'>alter</span> <span class='ocrx_word' id='word_1_120' title='bbox 825 640 1009 677; x_wconf 76' lang='lat' dir='ltr'>ignorantiam</span> <span class='ocrx_word' id='word_1_121' title='bbox 1019 638 1147 669; x_wconf 79' lang='lat' dir='ltr'>excusare</span> <span class='ocrx_word' id='word_1_122' title='bbox 1162 638 1253 675; x_wconf 79' lang='lat' dir='ltr'>pellit,</span> 
     </span>
     <span class='ocr_line' id='line_1_13' title="bbox 134 675 1253 715; baseline -0.002 -9"><span class='ocrx_word' id='word_1_123' title='bbox 134 676 155 706; x_wconf 77' lang='lat' dir='ltr'>fi</span> <span class='ocrx_word' id='word_1_124' title='bbox 167 681 266 705; x_wconf 80' lang='lat' dir='ltr'>extem</span> <span class='ocrx_word' id='word_1_125' title='bbox 290 685 336 704; x_wconf 89' lang='lat' dir='ltr'>ore</span> <span class='ocrx_word' id='word_1_126' title='bbox 350 675 576 714; x_wconf 88' lang='lat' dir='ltr'>respondendum</span> <span class='ocrx_word' id='word_1_127' title='bbox 586 677 625 707; x_wconf 81' lang='lat' dir='ltr'>sit.</span> <span class='ocrx_word' id='word_1_128' title='bbox 656 677 723 707; x_wconf 77' lang='lat' dir='ltr'>Haec</span> <span class='ocrx_word' id='word_1_129' title='bbox 734 677 862 707; x_wconf 86' lang='lat' dir='ltr'>Budaeus.</span> <span class='ocrx_word' id='word_1_130' title='bbox 902 677 1063 715; x_wconf 77' lang='lat' dir='ltr'>Appellatus</span> <span class='ocrx_word' id='word_1_131' title='bbox 1081 677 1166 705; x_wconf 82' lang='lat' dir='ltr'>etiam</span> <span class='ocrx_word' id='word_1_132' title='bbox 1177 675 1253 712; x_wconf 88' lang='lat' dir='ltr'>apud</span> 
     </span>
     <span class='ocr_line' id='line_1_14' title="bbox 134 712 1255 752; baseline -0.001 -10"><span class='ocrx_word' id='word_1_133' title='bbox 134 714 257 750; x_wconf 80' lang='lat' dir='ltr'>Jurecon</span> <span class='ocrx_word' id='word_1_134' title='bbox 272 712 345 744; x_wconf 77' lang='lat' dir='ltr'>uiros</span> <span class='ocrx_word' id='word_1_135' title='bbox 354 714 511 745; x_wconf 67' lang='lat' dir='ltr'>Condictio.</span> <span class='ocrx_word' id='word_1_136' title='bbox 550 715 620 745; x_wconf 85' lang='lat' dir='ltr'>Geli.</span> <span class='ocrx_word' id='word_1_137' title='bbox 632 715 681 745; x_wconf 90' lang='lat' dir='ltr'>lib.</span> <span class='ocrx_word' id='word_1_138' title='bbox 695 725 738 751; x_wconf 84' lang='lat'>14.</span> <span class='ocrx_word' id='word_1_139' title='bbox 755 724 814 752; x_wconf 89' lang='lat' dir='ltr'>cap.</span> <span class='ocrx_word' id='word_1_140' title='bbox 829 725 856 744; x_wconf 88' lang='lat'>2.</span> <span class='ocrx_word' id='word_1_141' title='bbox 878 716 965 751; x_wconf 82' lang='lat' dir='ltr'>Atque</span> <span class='ocrx_word' id='word_1_142' title='bbox 982 716 1012 744; x_wconf 88' lang='lat' dir='ltr'>in</span> <span class='ocrx_word' id='word_1_143' title='bbox 1032 724 1123 744; x_wconf 88' lang='lat' dir='ltr'>rerum</span> <span class='ocrx_word' id='word_1_144' title='bbox 1140 713 1255 749; x_wconf 87' lang='lat' dir='ltr'>quidem</span> 
     </span>
     <span class='ocr_line' id='line_1_15' title="bbox 137 750 1255 791; baseline -0.002 -10"><span class='ocrx_word' id='word_1_145' title='bbox 137 750 332 781; x_wconf 71' lang='lat' dir='ltr'>diffusionibus</span> <span class='ocrx_word' id='word_1_146' title='bbox 343 752 740 791; x_wconf 86' lang='lat' dir='ltr'>comperendinationibusque</span> <span class='ocrx_word' id='word_1_147' title='bbox 750 774 759 787; x_wconf 87' lang='lat'>,</span> <span class='ocrx_word' id='word_1_148' title='bbox 780 755 807 782; x_wconf 72' lang='grc' dir='ltr'>δε</span> <span class='ocrx_word' id='word_1_149' title='bbox 820 753 882 782; x_wconf 87' lang='lat' dir='ltr'>aliis</span> <span class='ocrx_word' id='word_1_150' title='bbox 898 752 1062 789; x_wconf 86' lang='lat' dir='ltr'>quibusdam</span> <span class='ocrx_word' id='word_1_151' title='bbox 1080 751 1212 788; x_wconf 84' lang='lat' dir='ltr'>legitimis</span> <span class='ocrx_word' id='word_1_152' title='bbox 1227 751 1255 779; x_wconf 86' lang='lat' dir='ltr'>in</span> 
     </span>
     <span class='ocr_line' id='line_1_16' title="bbox 134 788 1257 827; baseline 0 -9"><span class='ocrx_word' id='word_1_153' title='bbox 134 788 219 819; x_wconf 64' lang='lat' dir='ltr'>rebus</span> <span class='ocrx_word' id='word_1_154' title='bbox 229 799 264 819; x_wconf 86' lang='lat' dir='ltr'>ex</span> <span class='ocrx_word' id='word_1_155' title='bbox 275 789 332 827; x_wconf 82' lang='lat' dir='ltr'>ipsa</span> <span class='ocrx_word' id='word_1_156' title='bbox 345 789 407 827; x_wconf 84' lang='lat' dir='ltr'>lege</span> <span class='ocrx_word' id='word_1_157' title='bbox 419 790 512 827; x_wconf 70' lang='lat' dir='ltr'>julia,</span> <span class='ocrx_word' id='word_1_158' title='bbox 533 792 560 822; x_wconf 73' lang='grc' dir='ltr'>ὁὶ</span> <span class='ocrx_word' id='word_1_159' title='bbox 578 800 614 820; x_wconf 85' lang='lat' dir='ltr'>ex</span> <span class='ocrx_word' id='word_1_160' title='bbox 628 790 723 821; x_wconf 89' lang='lat' dir='ltr'>Sabini</span> <span class='ocrx_word' id='word_1_161' title='bbox 741 789 873 825; x_wconf 80' lang='lat' dir='ltr'>Masurii,</span> <span class='ocrx_word' id='word_1_162' title='bbox 895 792 922 820; x_wconf 84' lang='lat'>&amp;</span> <span class='ocrx_word' id='word_1_163' title='bbox 935 800 972 820; x_wconf 83' lang='lat' dir='ltr'>ex</span> <span class='ocrx_word' id='word_1_164' title='bbox 989 791 1165 826; x_wconf 84' lang='lat' dir='ltr'>quorundam</span> <span class='ocrx_word' id='word_1_165' title='bbox 1188 789 1257 818; x_wconf 78' lang='lat' dir='ltr'>alio-</span> 
     </span>
     <span class='ocr_line' id='line_1_17' title="bbox 132 825 1180 864; baseline 0 -8"><span class='ocrx_word' id='word_1_166' title='bbox 132 836 197 856; x_wconf 72' lang='lat' dir='ltr'>rum</span> <span class='ocrx_word' id='word_1_167' title='bbox 206 825 431 864; x_wconf 66' lang='lat' dir='ltr'>jurisperitorum</span> <span class='ocrx_word' id='word_1_168' title='bbox 442 829 650 859; x_wconf 79' lang='lat' dir='ltr'>commentariis</span> <span class='ocrx_word' id='word_1_169' title='bbox 660 829 826 858; x_wconf 88' lang='lat' dir='ltr'>commoniti</span> <span class='ocrx_word' id='word_1_170' title='bbox 838 830 863 858; x_wconf 78' lang='lat' dir='ltr'>Sc</span> <span class='ocrx_word' id='word_1_171' title='bbox 878 828 1071 858; x_wconf 83' lang='lat' dir='ltr'>adminiculati</span> <span class='ocrx_word' id='word_1_172' title='bbox 1079 827 1180 856; x_wconf 89' lang='lat' dir='ltr'>sumus.</span> 
     </span>
     <span class='ocr_line' id='line_1_18' title="bbox 133 864 1256 905; baseline -0.001 -12"><span class='ocrx_word' id='word_1_173' title='bbox 133 864 404 902; x_wconf 81' lang='lat' dir='ltr'>Conrperendinatio</span> <span class='ocrx_word' id='word_1_174' title='bbox 423 869 450 897; x_wconf 70' lang='grc' dir='ltr'><strong>ἂ</strong></span> <span class='ocrx_word' id='word_1_175' title='bbox 471 867 619 905; x_wconf 77' lang='lat' dir='ltr'>Ampliatio</span> <span class='ocrx_word' id='word_1_176' title='bbox 631 867 667 895; x_wconf 81' lang='lat' dir='ltr'>sic</span> <span class='ocrx_word' id='word_1_177' title='bbox 682 865 834 899; x_wconf 80' lang='lat' dir='ltr'>differunt.</span> <span class='ocrx_word' id='word_1_178' title='bbox 855 867 930 903; x_wconf 86' lang='lat' dir='ltr'>quod</span> <span class='ocrx_word' id='word_1_179' title='bbox 949 866 979 895; x_wconf 86' lang='lat' dir='ltr'>in</span> <span class='ocrx_word' id='word_1_180' title='bbox 990 865 1051 903; x_wconf 87' lang='lat' dir='ltr'>lege</span> <span class='ocrx_word' id='word_1_181' title='bbox 1062 864 1256 902; x_wconf 58' lang='lat' dir='ltr'>comperendi«</span> 
     </span>
    </p>

    <p class='ocr_par' dir='ltr' id='par_1_4' title="bbox 151 902 1257 1056">
     <span class='ocr_line' id='line_1_19' title="bbox 151 902 1257 941; baseline -0.001 -10"><span class='ocrx_word' id='word_1_182' title='bbox 151 903 277 932; x_wconf 86' lang='lat' dir='ltr'>nationis</span> <span class='ocrx_word' id='word_1_183' title='bbox 286 913 419 934; x_wconf 84' lang='lat' dir='ltr'>numerus</span> <span class='ocrx_word' id='word_1_184' title='bbox 428 905 571 934; x_wconf 69' lang='lat' dir='ltr'>actionum</span> <span class='ocrx_word' id='word_1_185' title='bbox 582 905 701 934; x_wconf 87' lang='lat' dir='ltr'>duarum</span> <span class='ocrx_word' id='word_1_186' title='bbox 710 903 878 941; x_wconf 83' lang='lat' dir='ltr'>praestitutus</span> <span class='ocrx_word' id='word_1_187' title='bbox 887 903 971 933; x_wconf 69' lang='lat' dir='ltr'>esset:</span> <span class='ocrx_word' id='word_1_188' title='bbox 993 902 1180 941; x_wconf 82' lang='lat' dir='ltr'>ampliationis</span> <span class='ocrx_word' id='word_1_189' title='bbox 1195 902 1257 930; x_wconf 84' lang='lat' dir='ltr'>nul·-</span> 
     </span>
     <span class='ocr_line' id='line_1_20' title="bbox 151 938 1257 979; baseline 0 -10"><span class='ocrx_word' id='word_1_190' title='bbox 151 938 198 970; x_wconf 78' lang='lat' dir='ltr'>lus</span> <span class='ocrx_word' id='word_1_191' title='bbox 209 940 278 970; x_wconf 79' lang='lat' dir='ltr'>esset</span> <span class='ocrx_word' id='word_1_192' title='bbox 293 947 385 971; x_wconf 85' lang='lat' dir='ltr'>certus</span> <span class='ocrx_word' id='word_1_193' title='bbox 394 952 534 973; x_wconf 90' lang='lat' dir='ltr'>numerus.</span> <span class='ocrx_word' id='word_1_194' title='bbox 576 943 706 972; x_wconf 70' lang='lat' dir='ltr'>Praeterea</span> <span class='ocrx_word' id='word_1_195' title='bbox 716 942 745 970; x_wconf 90' lang='lat' dir='ltr'>in</span> <span class='ocrx_word' id='word_1_196' title='bbox 755 941 936 979; x_wconf 86' lang='lat' dir='ltr'>ampliatione</span> <span class='ocrx_word' id='word_1_197' title='bbox 946 941 1062 978; x_wconf 82' lang='lat' dir='ltr'>judicari</span> <span class='ocrx_word' id='word_1_198' title='bbox 1076 941 1166 977; x_wconf 87' lang='lat' dir='ltr'>primo</span> <span class='ocrx_word' id='word_1_199' title='bbox 1177 947 1257 978; x_wconf 89' lang='lat' dir='ltr'>pote-</span> 
     </span>
     <span class='ocr_line' id='line_1_21' title="bbox 152 979 1256 1021; baseline -0.001 -14"><span class='ocrx_word' id='word_1_200' title='bbox 152 984 209 1021; x_wconf 63' lang='lat' dir='ltr'>rat:</span> <span class='ocrx_word' id='word_1_201' title='bbox 232 979 261 1008; x_wconf 90' lang='lat' dir='ltr'>in</span> <span class='ocrx_word' id='word_1_202' title='bbox 269 981 569 1016; x_wconf 82' lang='lat' dir='ltr'>comperendinatione</span> <span class='ocrx_word' id='word_1_203' title='bbox 579 981 712 1009; x_wconf 86' lang='lat' dir='ltr'>nonitem</span> <span class='ocrx_word' id='word_1_204' title='bbox 720 1001 728 1015; x_wconf 96' lang='lat'>,</span> <span class='ocrx_word' id='word_1_205' title='bbox 749 979 799 1008; x_wconf 86' lang='lat' dir='ltr'>nisi</span> <span class='ocrx_word' id='word_1_206' title='bbox 832 979 872 1008; x_wconf 86' lang='lat' dir='ltr'>ost</span> <span class='ocrx_word' id='word_1_207' title='bbox 885 979 1037 1009; x_wconf 83' lang='lat' dir='ltr'>secundam</span> <span class='ocrx_word' id='word_1_208' title='bbox 1048 979 1186 1008; x_wconf 67' lang='lat' dir='ltr'>actionem</span> <span class='ocrx_word' id='word_1_209' title='bbox 1195 1000 1203 1013; x_wconf 89' lang='lat'>,</span> <span class='ocrx_word' id='word_1_210' title='bbox 1225 983 1256 1007; x_wconf 85' lang='lat' dir='ltr'>ut</span> 
     </span>
     <span class='ocr_line' id='line_1_22' title="bbox 153 1015 1074 1056; baseline 0.002 -12"><span class='ocrx_word' id='word_1_211' title='bbox 153 1024 183 1044; x_wconf 75' lang='lat' dir='ltr'>in</span> <span class='ocrx_word' id='word_1_212' title='bbox 195 1015 268 1045; x_wconf 89' lang='lat' dir='ltr'>Verr.</span> <span class='ocrx_word' id='word_1_213' title='bbox 285 1026 310 1053; x_wconf 87' lang='lat'>3.</span> <span class='ocrx_word' id='word_1_214' title='bbox 325 1016 424 1048; x_wconf 78' lang='lat' dir='ltr'>diserte</span> <span class='ocrx_word' id='word_1_215' title='bbox 434 1017 557 1056; x_wconf 81' lang='lat' dir='ltr'>explicat</span> <span class='ocrx_word' id='word_1_216' title='bbox 567 1018 752 1048; x_wconf 87' lang='lat' dir='ltr'>Hotomanus.</span> <span class='ocrx_word' id='word_1_217' title='bbox 816 1039 823 1047; x_wconf 91' lang='lat'>.</span> <span class='ocrx_word' id='word_1_218' title='bbox 845 1027 866 1046; x_wconf 81' lang='grc' dir='ltr'><strong>Λ</strong></span> <span class='ocrx_word' id='word_1_219' title='bbox 875 1028 895 1046; x_wconf 90' lang='lat' dir='ltr'>M</span> <span class='ocrx_word' id='word_1_220' title='bbox 904 1027 918 1046; x_wconf 80' lang='lat' dir='ltr'><strong>P</strong></span> <span class='ocrx_word' id='word_1_221' title='bbox 926 1028 943 1046; x_wconf 80' lang='lat' dir='ltr'>L</span> <span class='ocrx_word' id='word_1_222' title='bbox 951 1028 961 1046; x_wconf 76' lang='grc' dir='ltr'><em>ι</em></span> <span class='ocrx_word' id='word_1_223' title='bbox 970 1028 990 1046; x_wconf 80' lang='lat' dir='ltr'><strong>A</strong></span> <span class='ocrx_word' id='word_1_224' title='bbox 1000 1026 1019 1046; x_wconf 70' lang='grc' dir='ltr'>ἰ’</span> <span class='ocrx_word' id='word_1_225' title='bbox 1030 1027 1074 1046; x_wconf 85' lang='lat' dir='ltr'>ro.</span> 
     </span>
    </p>

    <p class='ocr_par' dir='ltr' id='par_1_5' title="bbox 95 1051 1257 1244">
     <span class='ocr_line' id='line_1_23' title="bbox 95 1051 1255 1092; baseline -0.001 -9"><span class='ocrx_word' id='word_1_226' title='bbox 95 1051 176 1083; x_wconf 79' lang='lat' dir='ltr'>CoM</span> <span class='ocrx_word' id='word_1_227' title='bbox 185 1063 199 1082; x_wconf 78' lang='lat' dir='ltr'>P</span> <span class='ocrx_word' id='word_1_228' title='bbox 208 1063 222 1083; x_wconf 76' lang='lat' dir='ltr'>s</span> <span class='ocrx_word' id='word_1_229' title='bbox 231 1063 270 1083; x_wconf 70' lang='lat' dir='ltr'>aa</span> <span class='ocrx_word' id='word_1_230' title='bbox 280 1064 300 1082; x_wconf 98' lang='grc' dir='ltr'><strong>Ν</strong></span> <span class='ocrx_word' id='word_1_231' title='bbox 310 1065 328 1083; x_wconf 87' lang='lat' dir='ltr'>D</span> <span class='ocrx_word' id='word_1_232' title='bbox 337 1066 346 1083; x_wconf 91' lang='lat'>1</span> <span class='ocrx_word' id='word_1_233' title='bbox 357 1065 378 1084; x_wconf 89' lang='grc' dir='ltr'><strong>Ν</strong></span> <span class='ocrx_word' id='word_1_234' title='bbox 388 1060 403 1085; x_wconf 65' lang='grc' dir='ltr'><strong><em>Ξ</em></strong></span> <span class='ocrx_word' id='word_1_235' title='bbox 413 1066 433 1085; x_wconf 81' lang='lat' dir='ltr'>T</span> <span class='ocrx_word' id='word_1_236' title='bbox 442 1066 482 1085; x_wconf 84' lang='lat' dir='ltr'>us</span> <span class='ocrx_word' id='word_1_237' title='bbox 491 1078 500 1092; x_wconf 92' lang='lat'>‚</span> <span class='ocrx_word' id='word_1_238' title='bbox 521 1057 563 1086; x_wconf 78' lang='lat' dir='ltr'>us.</span> <span class='ocrx_word' id='word_1_239' title='bbox 585 1065 623 1086; x_wconf 87' lang='lat' dir='ltr'>m.</span> <span class='ocrx_word' id='word_1_240' title='bbox 658 1053 861 1091; x_wconf 60' lang='grc' dir='ltr'>[διωξίζληως]</span> <span class='ocrx_word' id='word_1_241' title='bbox 889 1055 948 1084; x_wconf 92' lang='lat' dir='ltr'>Cic.</span> <span class='ocrx_word' id='word_1_242' title='bbox 960 1064 986 1092; x_wconf 82' lang='lat'>3.</span> <span class='ocrx_word' id='word_1_243' title='bbox 1002 1054 1075 1084; x_wconf 83' lang='lat' dir='ltr'>Verr.</span> <span class='ocrx_word' id='word_1_244' title='bbox 1087 1055 1133 1088; x_wconf 86' lang='lat'>86.</span> <span class='ocrx_word' id='word_1_245' title='bbox 1154 1053 1255 1082; x_wconf 74' lang='lat' dir='ltr'>Adimo</span> 
     </span>
     <span class='ocr_line' id='line_1_24' title="bbox 133 1090 1255 1131; baseline 0 -11"><span class='ocrx_word' id='word_1_246' title='bbox 133 1092 212 1120; x_wconf 88' lang='lat' dir='ltr'>enim</span> <span class='ocrx_word' id='word_1_247' title='bbox 229 1101 292 1121; x_wconf 89' lang='lat' dir='ltr'>com</span> <span class='ocrx_word' id='word_1_248' title='bbox 316 1095 529 1129; x_wconf 83' lang='lat' dir='ltr'>erendinatum,</span> <span class='ocrx_word' id='word_1_249' title='bbox 551 1094 626 1131; x_wconf 87' lang='lat' dir='ltr'>quod</span> <span class='ocrx_word' id='word_1_250' title='bbox 647 1093 731 1122; x_wconf 89' lang='lat' dir='ltr'>habet</span> <span class='ocrx_word' id='word_1_251' title='bbox 747 1092 792 1122; x_wconf 77' lang='lat' dir='ltr'>lex</span> <span class='ocrx_word' id='word_1_252' title='bbox 806 1093 1028 1122; x_wconf 76' lang='lat' dir='ltr'>molestissimum</span> <span class='ocrx_word' id='word_1_253' title='bbox 1039 1114 1047 1127; x_wconf 89' lang='lat'>‚</span> <span class='ocrx_word' id='word_1_254' title='bbox 1075 1092 1117 1121; x_wconf 89' lang='lat' dir='ltr'>bis</span> <span class='ocrx_word' id='word_1_255' title='bbox 1132 1097 1162 1121; x_wconf 89' lang='lat' dir='ltr'>ut</span> <span class='ocrx_word' id='word_1_256' title='bbox 1175 1090 1255 1120; x_wconf 88' lang='lat' dir='ltr'>causa</span> 
     </span>
     <span class='ocr_line' id='line_1_25' title="bbox 132 1129 1257 1170; baseline 0 -12"><span class='ocrx_word' id='word_1_257' title='bbox 132 1129 250 1160; x_wconf 84' lang='lat' dir='ltr'>dicatur.</span> <span class='ocrx_word' id='word_1_258' title='bbox 319 1130 346 1159; x_wconf 89' lang='lat' dir='ltr'>bi</span> <span class='ocrx_word' id='word_1_259' title='bbox 356 1131 488 1162; x_wconf 80' lang='lat' dir='ltr'>Asconius</span> <span class='ocrx_word' id='word_1_260' title='bbox 499 1153 507 1165; x_wconf 83' lang='grc'>,</span> <span class='ocrx_word' id='word_1_261' title='bbox 526 1130 818 1170; x_wconf 86' lang='lat' dir='ltr'>Comperendinatum</span> <span class='ocrx_word' id='word_1_262' title='bbox 832 1153 840 1165; x_wconf 87' lang='lat'>,</span> <span class='ocrx_word' id='word_1_263' title='bbox 863 1131 970 1167; x_wconf 85' lang='lat' dir='ltr'>inquit,</span> <span class='ocrx_word' id='word_1_264' title='bbox 992 1141 1043 1168; x_wconf 90' lang='lat' dir='ltr'>pro</span> <span class='ocrx_word' id='word_1_265' title='bbox 1053 1129 1257 1167; x_wconf 86' lang='lat' dir='ltr'>Comperendi-</span> 
     </span>
     <span class='ocr_line' id='line_1_26' title="bbox 131 1167 1255 1206; baseline 0 -10"><span class='ocrx_word' id='word_1_266' title='bbox 131 1168 248 1197; x_wconf 83' lang='lat' dir='ltr'>natione</span> <span class='ocrx_word' id='word_1_267' title='bbox 259 1168 359 1205; x_wconf 83' lang='lat' dir='ltr'>posuit.</span> <span class='ocrx_word' id='word_1_268' title='bbox 398 1170 433 1199; x_wconf 88' lang='lat' dir='ltr'>Et</span> <span class='ocrx_word' id='word_1_269' title='bbox 440 1170 479 1199; x_wconf 90' lang='lat' dir='ltr'>est</span> <span class='ocrx_word' id='word_1_270' title='bbox 485 1169 595 1206; x_wconf 83' lang='lat' dir='ltr'>sensus,</span> <span class='ocrx_word' id='word_1_271' title='bbox 615 1169 717 1199; x_wconf 84' lang='lat' dir='ltr'>Aufero</span> <span class='ocrx_word' id='word_1_272' title='bbox 726 1168 806 1199; x_wconf 81' lang='lat' dir='ltr'>vobis</span> <span class='ocrx_word' id='word_1_273' title='bbox 821 1168 974 1198; x_wconf 77' lang='lat' dir='ltr'>molestiam</span> <span class='ocrx_word' id='word_1_274' title='bbox 986 1169 1029 1198; x_wconf 85' lang='lat' dir='ltr'>bis</span> <span class='ocrx_word' id='word_1_275' title='bbox 1045 1167 1180 1203; x_wconf 88' lang='lat' dir='ltr'>dicendi,</span> <span class='ocrx_word' id='word_1_276' title='bbox 1201 1168 1255 1197; x_wconf 61' lang='lat' dir='ltr'>&amp;m</span> 
     </span>
     <span class='ocr_line' id='line_1_27' title="bbox 134 1204 494 1244; baseline 0.014 -11"><span class='ocrx_word' id='word_1_277' title='bbox 134 1204 166 1234; x_wconf 90' lang='lat' dir='ltr'>V.</span> <span class='ocrx_word' id='word_1_278' title='bbox 189 1206 216 1234; x_wconf 84' lang='lat'>&amp;</span> <span class='ocrx_word' id='word_1_279' title='bbox 226 1206 260 1234; x_wconf 90' lang='lat' dir='ltr'>de</span> <span class='ocrx_word' id='word_1_280' title='bbox 270 1205 341 1236; x_wconf 82' lang='lat' dir='ltr'>Clar.</span> <span class='ocrx_word' id='word_1_281' title='bbox 354 1207 432 1237; x_wconf 85' lang='lat' dir='ltr'>Orat.</span> <span class='ocrx_word' id='word_1_282' title='bbox 449 1213 494 1244; x_wconf 89' lang='lat'>87.</span> 
     </span>
    </p>

    <p class='ocr_par' dir='ltr' id='par_1_6' title="bbox 92 1241 1256 1358">
     <span class='ocr_line' id='line_1_28' title="bbox 92 1241 1256 1281; baseline -0.002 -8"><span class='ocrx_word' id='word_1_283' title='bbox 92 1241 119 1273; x_wconf 80' lang='lat' dir='ltr'>C</span> <span class='ocrx_word' id='word_1_284' title='bbox 129 1252 146 1272; x_wconf 91' lang='lat' dir='ltr'>o</span> <span class='ocrx_word' id='word_1_285' title='bbox 154 1253 175 1272; x_wconf 88' lang='lat' dir='ltr'>M</span> <span class='ocrx_word' id='word_1_286' title='bbox 186 1252 199 1271; x_wconf 77' lang='lat' dir='ltr'>P</span> <span class='ocrx_word' id='word_1_287' title='bbox 208 1253 222 1272; x_wconf 78' lang='lat' dir='ltr'>a</span> <span class='ocrx_word' id='word_1_288' title='bbox 232 1253 270 1272; x_wconf 73' lang='lat' dir='ltr'>aa</span> <span class='ocrx_word' id='word_1_289' title='bbox 279 1253 300 1272; x_wconf 86' lang='lat' dir='ltr'>N</span> <span class='ocrx_word' id='word_1_290' title='bbox 309 1255 327 1273; x_wconf 86' lang='lat' dir='ltr'>n</span> <span class='ocrx_word' id='word_1_291' title='bbox 335 1245 348 1273; x_wconf 75' lang='lat'>‘1‘</span> <span class='ocrx_word' id='word_1_292' title='bbox 356 1254 377 1273; x_wconf 84' lang='grc' dir='ltr'><strong>Ν</strong></span> <span class='ocrx_word' id='word_1_293' title='bbox 386 1255 424 1274; x_wconf 84' lang='lat' dir='ltr'>us</span> <span class='ocrx_word' id='word_1_294' title='bbox 434 1265 443 1280; x_wconf 91' lang='lat'>‚</span> <span class='ocrx_word' id='word_1_295' title='bbox 463 1255 480 1274; x_wconf 86' lang='lat' dir='ltr'>a</span> <span class='ocrx_word' id='word_1_296' title='bbox 489 1267 497 1279; x_wconf 97' lang='lat'>,</span> <span class='ocrx_word' id='word_1_297' title='bbox 517 1252 575 1274; x_wconf 88' lang='lat' dir='ltr'>um.</span> <span class='ocrx_word' id='word_1_298' title='bbox 605 1244 716 1280; x_wconf 57' lang='lat' dir='ltr'>[uiam</span> <span class='ocrx_word' id='word_1_299' title='bbox 731 1243 830 1279; x_wconf 67' lang='grc' dir='ltr'>ἡμέραι]</span> <span class='ocrx_word' id='word_1_300' title='bbox 860 1251 911 1280; x_wconf 87' lang='lat' dir='ltr'>ut,</span> <span class='ocrx_word' id='word_1_301' title='bbox 934 1244 1001 1274; x_wconf 89' lang='lat' dir='ltr'>Dies</span> <span class='ocrx_word' id='word_1_302' title='bbox 1018 1242 1232 1281; x_wconf 89' lang='lat' dir='ltr'>comperendini</span> <span class='ocrx_word' id='word_1_303' title='bbox 1247 1263 1256 1278; x_wconf 87' lang='lat'>,</span> 
     </span>
     <span class='ocr_line' id='line_1_29' title="bbox 133 1279 1255 1319; baseline 0.001 -9"><span class='ocrx_word' id='word_1_304' title='bbox 133 1281 234 1316; x_wconf 84' lang='lat' dir='ltr'>quibus</span> <span class='ocrx_word' id='word_1_305' title='bbox 244 1282 439 1312; x_wconf 87' lang='lat' dir='ltr'>vadimonium</span> <span class='ocrx_word' id='word_1_306' title='bbox 450 1282 518 1312; x_wconf 89' lang='lat' dir='ltr'>licet</span> <span class='ocrx_word' id='word_1_307' title='bbox 528 1282 642 1317; x_wconf 88' lang='lat' dir='ltr'>dicere,</span> <span class='ocrx_word' id='word_1_308' title='bbox 661 1282 754 1319; x_wconf 86' lang='lat' dir='ltr'>inquit</span> <span class='ocrx_word' id='word_1_309' title='bbox 762 1281 889 1312; x_wconf 84' lang='lat' dir='ltr'>Macrob.</span> <span class='ocrx_word' id='word_1_310' title='bbox 905 1291 928 1312; x_wconf 85' lang='lat'>1.</span> <span class='ocrx_word' id='word_1_311' title='bbox 945 1283 1054 1312; x_wconf 77' lang='lat' dir='ltr'>Saturn.</span> <span class='ocrx_word' id='word_1_312' title='bbox 1066 1291 1127 1319; x_wconf 83' lang='lat' dir='ltr'>cap.</span> <span class='ocrx_word' id='word_1_313' title='bbox 1143 1284 1185 1310; x_wconf 92' lang='lat'>16.</span> <span class='ocrx_word' id='word_1_314' title='bbox 1222 1279 1255 1311; x_wconf 87' lang='lat' dir='ltr'>V.</span> 
     </span>
     <span class='ocr_line' id='line_1_30' title="bbox 134 1318 804 1358; baseline 0 -10"><span class='ocrx_word' id='word_1_315' title='bbox 134 1318 205 1348; x_wconf 88' lang='lat' dir='ltr'>Bud.</span> <span class='ocrx_word' id='word_1_316' title='bbox 217 1319 247 1348; x_wconf 87' lang='lat' dir='ltr'>in</span> <span class='ocrx_word' id='word_1_317' title='bbox 257 1320 387 1350; x_wconf 81' lang='lat' dir='ltr'>Annotat.</span> <span class='ocrx_word' id='word_1_318' title='bbox 399 1320 429 1349; x_wconf 89' lang='lat' dir='ltr'>in</span> <span class='ocrx_word' id='word_1_319' title='bbox 442 1320 526 1350; x_wconf 90' lang='lat' dir='ltr'>Pand.</span> <span class='ocrx_word' id='word_1_320' title='bbox 537 1329 600 1358; x_wconf 85' lang='lat' dir='ltr'>pag.</span> <span class='ocrx_word' id='word_1_321' title='bbox 610 1330 657 1355; x_wconf 81' lang='lat'>44.</span> <span class='ocrx_word' id='word_1_322' title='bbox 674 1318 804 1358; x_wconf 90' lang='lat' dir='ltr'>Episcop.</span> 
     </span>
    </p>

    <p class='ocr_par' dir='ltr' id='par_1_7' title="bbox 19 1355 1258 1396">
     <span class='ocr_line' id='line_1_31' title="bbox 19 1355 1258 1396; baseline 0 -11"><span class='ocrx_word' id='word_1_323' title='bbox 19 1366 22 1371; x_wconf 92' lang='lat'><strong>·</strong></span> <span class='ocrx_word' id='word_1_324' title='bbox 58 1376 74 1382; x_wconf 64' lang='lat'>.—</span> <span class='ocrx_word' id='word_1_325' title='bbox 92 1355 195 1386; x_wconf 74' lang='lat' dir='ltr'>COMP</span> <span class='ocrx_word' id='word_1_326' title='bbox 206 1366 220 1386; x_wconf 81' lang='lat' dir='ltr'>s</span> <span class='ocrx_word' id='word_1_327' title='bbox 229 1367 268 1386; x_wconf 72' lang='lat' dir='ltr'>aa</span> <span class='ocrx_word' id='word_1_328' title='bbox 278 1367 300 1386; x_wconf 90' lang='grc' dir='ltr'><strong>Ν</strong></span> <span class='ocrx_word' id='word_1_329' title='bbox 309 1367 327 1386; x_wconf 84' lang='lat' dir='ltr'><strong>n</strong></span> <span class='ocrx_word' id='word_1_330' title='bbox 337 1369 346 1386; x_wconf 88' lang='lat'>1</span> <span class='ocrx_word' id='word_1_331' title='bbox 357 1367 377 1387; x_wconf 86' lang='grc' dir='ltr'><strong>Ν</strong></span> <span class='ocrx_word' id='word_1_332' title='bbox 387 1362 403 1387; x_wconf 66' lang='grc' dir='ltr'>Κ</span> <span class='ocrx_word' id='word_1_333' title='bbox 413 1368 483 1388; x_wconf 75' lang='lat' dir='ltr'>ToR</span> <span class='ocrx_word' id='word_1_334' title='bbox 492 1380 501 1394; x_wconf 88' lang='lat'>,</span> <span class='ocrx_word' id='word_1_335' title='bbox 521 1358 585 1387; x_wconf 72' lang='lat' dir='ltr'>oris.</span> <span class='ocrx_word' id='word_1_336' title='bbox 608 1367 645 1386; x_wconf 86' lang='lat' dir='ltr'>m.</span> <span class='ocrx_word' id='word_1_337' title='bbox 668 1358 745 1396; x_wconf 84' lang='lat' dir='ltr'>apud</span> <span class='ocrx_word' id='word_1_338' title='bbox 755 1357 841 1393; x_wconf 88' lang='lat' dir='ltr'>JCtos</span> <span class='ocrx_word' id='word_1_339' title='bbox 853 1379 862 1394; x_wconf 94' lang='lat'>‚</span> <span class='ocrx_word' id='word_1_340' title='bbox 883 1357 940 1395; x_wconf 82' lang='lat' dir='ltr'>Qui</span> <span class='ocrx_word' id='word_1_341' title='bbox 959 1367 1061 1388; x_wconf 84' lang='lat' dir='ltr'>novam</span> <span class='ocrx_word' id='word_1_342' title='bbox 1072 1356 1180 1395; x_wconf 89' lang='lat' dir='ltr'>semper</span> <span class='ocrx_word' id='word_1_343' title='bbox 1193 1364 1258 1385; x_wconf 84' lang='lat' dir='ltr'>cau-</span> 
     </span>
    </p>

    <p class='ocr_par' dir='ltr' id='par_1_8' title="bbox 87 1394 805 1434">
     <span class='ocr_line' id='line_1_32' title="bbox 87 1394 805 1434; baseline 0.001 -11"><span class='ocrx_word' id='word_1_344' title='bbox 87 1428 89 1430; x_wconf 15' lang='lat'>*</span> <span class='ocrx_word' id='word_1_345' title='bbox 131 1394 189 1424; x_wconf 86' lang='lat' dir='ltr'>sam</span> <span class='ocrx_word' id='word_1_346' title='bbox 201 1396 430 1431; x_wconf 82' lang='lat' dir='ltr'>comminiscitur,</span> <span class='ocrx_word' id='word_1_347' title='bbox 451 1406 506 1434; x_wconf 89' lang='lat' dir='ltr'>quo</span> <span class='ocrx_word' id='word_1_348' title='bbox 518 1396 664 1433; x_wconf 88' lang='lat' dir='ltr'>negotium</span> <span class='ocrx_word' id='word_1_349' title='bbox 675 1395 805 1434; x_wconf 87' lang='lat' dir='ltr'>proferat.</span> 
     </span>
    </p>

    <p class='ocr_par' dir='ltr' id='par_1_9' title="bbox 90 1431 1257 1510">
     <span class='ocr_line' id='line_1_33' title="bbox 90 1431 1257 1470; baseline 0.001 -9"><span class='ocrx_word' id='word_1_350' title='bbox 90 1432 144 1464; x_wconf 77' lang='lat' dir='ltr'>Co</span> <span class='ocrx_word' id='word_1_351' title='bbox 153 1443 175 1461; x_wconf 98' lang='lat' dir='ltr'>M</span> <span class='ocrx_word' id='word_1_352' title='bbox 183 1442 198 1461; x_wconf 77' lang='grc' dir='ltr'><strong>Ρ</strong></span> <span class='ocrx_word' id='word_1_353' title='bbox 206 1433 222 1462; x_wconf 70' lang='grc' dir='ltr'>ἵε</span> <span class='ocrx_word' id='word_1_354' title='bbox 232 1443 264 1462; x_wconf 73' lang='lat' dir='ltr'>ar</span> <span class='ocrx_word' id='word_1_355' title='bbox 273 1443 290 1462; x_wconf 93' lang='lat' dir='ltr'>o</span> <span class='ocrx_word' id='word_1_356' title='bbox 300 1456 309 1469; x_wconf 94' lang='lat'>‚</span> <span class='ocrx_word' id='word_1_357' title='bbox 331 1434 370 1463; x_wconf 69' lang='lat' dir='ltr'>eri</span> <span class='ocrx_word' id='word_1_358' title='bbox 380 1456 388 1470; x_wconf 94' lang='lat'>‚</span> <span class='ocrx_word' id='word_1_359' title='bbox 408 1440 499 1464; x_wconf 85' lang='lat' dir='ltr'>ertum</span> <span class='ocrx_word' id='word_1_360' title='bbox 508 1455 517 1469; x_wconf 93' lang='lat'>‚</span> <span class='ocrx_word' id='word_1_361' title='bbox 549 1435 564 1470; x_wconf 89' lang='lat'>[</span> <span class='ocrx_word' id='word_1_362' title='bbox 575 1433 762 1466; x_wconf 62' lang='grc' dir='ltr'>ἐφτκλαμβάνω</span> <span class='ocrx_word' id='word_1_363' title='bbox 773 1451 780 1460; x_wconf 82' lang='lat'>‚</span> <span class='ocrx_word' id='word_1_364' title='bbox 800 1435 1017 1470; x_wconf 60' lang='grc' dir='ltr'>πῆηςοφοροῦμοα,</span> <span class='ocrx_word' id='word_1_365' title='bbox 1038 1431 1150 1470; x_wconf 61' lang='grc' dir='ltr'>φευξείω]</span> <span class='ocrx_word' id='word_1_366' title='bbox 1168 1434 1218 1462; x_wconf 76' lang='lat' dir='ltr'>i‘re.</span> <span class='ocrx_word' id='word_1_367' title='bbox 1239 1439 1257 1462; x_wconf 79' lang='lat' dir='ltr'>a</span> 
     </span>
     <span class='ocr_line' id='line_1_34' title="bbox 133 1468 1043 1510; baseline 0 -10"><span class='ocrx_word' id='word_1_368' title='bbox 133 1470 212 1501; x_wconf 85' lang='lat' dir='ltr'>Pario</span> <span class='ocrx_word' id='word_1_369' title='bbox 225 1472 433 1510; x_wconf 86' lang='lat' dir='ltr'>compofitum;</span> <span class='ocrx_word' id='word_1_370' title='bbox 454 1471 589 1510; x_wconf 83' lang='lat' dir='ltr'>significat</span> <span class='ocrx_word' id='word_1_371' title='bbox 597 1471 733 1501; x_wconf 85' lang='lat' dir='ltr'>Invenire.</span> <span class='ocrx_word' id='word_1_372' title='bbox 756 1468 821 1500; x_wconf 88' lang='lat' dir='ltr'>Ter.</span> <span class='ocrx_word' id='word_1_373' title='bbox 835 1471 905 1500; x_wconf 84' lang='lat' dir='ltr'>And.</span> <span class='ocrx_word' id='word_1_374' title='bbox 920 1481 944 1500; x_wconf 94' lang='lat'>1.</span> <span class='ocrx_word' id='word_1_375' title='bbox 961 1481 984 1501; x_wconf 89' lang='lat'>1.</span> <span class='ocrx_word' id='word_1_376' title='bbox 997 1476 1043 1508; x_wconf 81' lang='lat'>63.</span> 
     </span>
    </p>

    <p class='ocr_par' dir='ltr' id='par_1_10' title="bbox 489 1509 732 1539">
     <span class='ocr_line' id='line_1_35' title="bbox 489 1509 732 1539; baseline -0.004 0"><span class='ocrx_word' id='word_1_377' title='bbox 489 1525 526 1530; x_wconf 90' lang='lat'>—</span> <span class='ocrx_word' id='word_1_378' title='bbox 538 1510 607 1539; x_wconf 88' lang='lat' dir='ltr'>item</span> <span class='ocrx_word' id='word_1_379' title='bbox 616 1509 671 1538; x_wconf 85' lang='lat' dir='ltr'>alio</span> <span class='ocrx_word' id='word_1_380' title='bbox 685 1509 732 1538; x_wconf 88' lang='lat' dir='ltr'>die</span> 
     </span>
    </p>

    <p class='ocr_par' dir='ltr' id='par_1_11' title="bbox 127 1545 1043 1661">
     <span class='ocr_line' id='line_1_36' title="bbox 225 1545 1043 1586; baseline 0.001 -10"><span class='ocrx_word' id='word_1_381' title='bbox 225 1545 410 1583; x_wconf 71' lang='lat' dir='ltr'>Quaerebam:</span> <span class='ocrx_word' id='word_1_382' title='bbox 430 1547 640 1586; x_wconf 84' lang='lat' dir='ltr'>comperiebam</span> <span class='ocrx_word' id='word_1_383' title='bbox 650 1547 721 1576; x_wconf 86' lang='lat' dir='ltr'>nihil</span> <span class='ocrx_word' id='word_1_384' title='bbox 731 1547 766 1576; x_wconf 85' lang='lat' dir='ltr'>ad</span> <span class='ocrx_word' id='word_1_385' title='bbox 777 1546 953 1585; x_wconf 87' lang='lat' dir='ltr'>Pamphilum</span> <span class='ocrx_word' id='word_1_386' title='bbox 964 1568 974 1583; x_wconf 91' lang='lat'>,</span> <span class='ocrx_word' id='word_1_387' title='bbox 991 1547 1043 1577; x_wconf 83' lang='lat' dir='ltr'>&amp;c-</span> 
     </span>
     <span class='ocr_line' id='line_1_37' title="bbox 131 1580 954 1624; baseline 0 -9"><span class='ocrx_word' id='word_1_388' title='bbox 131 1580 237 1615; x_wconf 79' lang='lat' dir='ltr'>Horam</span> <span class='ocrx_word' id='word_1_389' title='bbox 246 1585 321 1615; x_wconf 87' lang='lat' dir='ltr'>suam</span> <span class='ocrx_word' id='word_1_390' title='bbox 328 1585 479 1623; x_wconf 81' lang='lat' dir='ltr'>genitalem</span> <span class='ocrx_word' id='word_1_391' title='bbox 490 1586 655 1624; x_wconf 86' lang='lat' dir='ltr'>comperire.</span> <span class='ocrx_word' id='word_1_392' title='bbox 678 1584 769 1615; x_wconf 78' lang='lat' dir='ltr'>Tacit.</span> <span class='ocrx_word' id='word_1_393' title='bbox 781 1588 808 1615; x_wconf 84' lang='lat'>6.</span> <span class='ocrx_word' id='word_1_394' title='bbox 823 1588 894 1615; x_wconf 78' lang='lat' dir='ltr'>Ann.</span> <span class='ocrx_word' id='word_1_395' title='bbox 907 1595 954 1615; x_wconf 70' lang='grc' dir='ltr'>Μ.</span> 
     </span>
     <span class='ocr_line' id='line_1_38' title="bbox 127 1622 654 1661; baseline 0.006 -10"><span class='ocrx_word' id='word_1_396' title='bbox 127 1622 266 1661; x_wconf 70' lang='lat' dir='ltr'>Comperi</span> <span class='ocrx_word' id='word_1_397' title='bbox 277 1631 364 1654; x_wconf 87' lang='lat' dir='ltr'>certo.</span> <span class='ocrx_word' id='word_1_398' title='bbox 385 1623 450 1654; x_wconf 90' lang='lat' dir='ltr'>Ter.</span> <span class='ocrx_word' id='word_1_399' title='bbox 462 1624 532 1654; x_wconf 88' lang='lat' dir='ltr'>Eun.</span> <span class='ocrx_word' id='word_1_400' title='bbox 549 1634 573 1660; x_wconf 84' lang='grc' dir='ltr'>ς.</span> <span class='ocrx_word' id='word_1_401' title='bbox 589 1633 613 1654; x_wconf 89' lang='lat'>1.</span> <span class='ocrx_word' id='word_1_402' title='bbox 628 1633 654 1659; x_wconf 91' lang='grc'>9-</span> 
     </span>
    </p>

    <p class='ocr_par' dir='ltr' id='par_1_12' title="bbox 131 1661 1256 1777">
     <span class='ocr_line' id='line_1_39' title="bbox 225 1661 889 1699; baseline -0.003 -8"><span class='ocrx_word' id='word_1_403' title='bbox 225 1661 303 1698; x_wconf 83' lang='lat' dir='ltr'>Quid</span> <span class='ocrx_word' id='word_1_404' title='bbox 312 1662 507 1691; x_wconf 84' lang='lat' dir='ltr'>aisvenefica‘?</span> <span class='ocrx_word' id='word_1_405' title='bbox 528 1671 551 1692; x_wconf 74' lang='grc' dir='ltr'>Ρ.</span> <span class='ocrx_word' id='word_1_406' title='bbox 575 1661 650 1699; x_wconf 86' lang='lat' dir='ltr'>atqui</span> <span class='ocrx_word' id='word_1_407' title='bbox 661 1667 739 1690; x_wconf 88' lang='lat' dir='ltr'>certo</span> <span class='ocrx_word' id='word_1_408' title='bbox 755 1661 889 1698; x_wconf 83' lang='lat' dir='ltr'>comperi.</span> 
     </span>
     <span class='ocr_line' id='line_1_40' title="bbox 131 1696 928 1738; baseline -0.004 -8"><span class='ocrx_word' id='word_1_409' title='bbox 131 1696 268 1737; x_wconf 82' lang='lat' dir='ltr'>Reperire</span> <span class='ocrx_word' id='word_1_410' title='bbox 278 1700 383 1737; x_wconf 89' lang='lat' dir='ltr'>aliquid</span> <span class='ocrx_word' id='word_1_411' title='bbox 392 1700 461 1729; x_wconf 87' lang='lat' dir='ltr'>certi</span> <span class='ocrx_word' id='word_1_412' title='bbox 472 1702 499 1730; x_wconf 86' lang='lat'>&amp;</span> <span class='ocrx_word' id='word_1_413' title='bbox 507 1700 675 1738; x_wconf 86' lang='lat' dir='ltr'>comperire.</span> <span class='ocrx_word' id='word_1_414' title='bbox 698 1699 756 1728; x_wconf 85' lang='lat' dir='ltr'>Cic.</span> <span class='ocrx_word' id='word_1_415' title='bbox 767 1710 793 1734; x_wconf 84' lang='lat'>4.</span> <span class='ocrx_word' id='word_1_416' title='bbox 805 1699 888 1727; x_wconf 84' lang='lat' dir='ltr'>Acad.</span> <span class='ocrx_word' id='word_1_417' title='bbox 901 1701 928 1728; x_wconf 83' lang='lat'>6.</span> 
     </span>
     <span class='ocr_line' id='line_1_41' title="bbox 131 1732 1256 1777; baseline -0.002 -9"><span class='ocrx_word' id='word_1_418' title='bbox 131 1737 282 1768; x_wconf 73' lang='lat' dir='ltr'>manifesto</span> <span class='ocrx_word' id='word_1_419' title='bbox 294 1738 451 1777; x_wconf 88' lang='lat' dir='ltr'>comperire</span> <span class='ocrx_word' id='word_1_420' title='bbox 461 1739 487 1768; x_wconf 71' lang='grc' dir='ltr'>δε</span> <span class='ocrx_word' id='word_1_421' title='bbox 497 1747 580 1768; x_wconf 91' lang='lat' dir='ltr'>manu</span> <span class='ocrx_word' id='word_1_422' title='bbox 591 1745 697 1767; x_wconf 85' lang='lat' dir='ltr'>tenere.</span> <span class='ocrx_word' id='word_1_423' title='bbox 738 1736 797 1766; x_wconf 88' lang='lat' dir='ltr'>Cic.</span> <span class='ocrx_word' id='word_1_424' title='bbox 806 1736 841 1766; x_wconf 90' lang='lat' dir='ltr'>de</span> <span class='ocrx_word' id='word_1_425' title='bbox 852 1736 924 1766; x_wconf 91' lang='lat' dir='ltr'>Clar.</span> <span class='ocrx_word' id='word_1_426' title='bbox 933 1736 1011 1766; x_wconf 84' lang='lat' dir='ltr'>Orat.</span> <span class='ocrx_word' id='word_1_427' title='bbox 1022 1738 1087 1773; x_wconf 77' lang='lat'>276.</span> <span class='ocrx_word' id='word_1_428' title='bbox 1108 1734 1206 1773; x_wconf 81' lang='lat' dir='ltr'>Quum</span> <span class='ocrx_word' id='word_1_429' title='bbox 1214 1732 1256 1766; x_wconf 72' lang='lat' dir='ltr'>im</span> 
     </span>
    </p>

    <p class='ocr_par' dir='ltr' id='par_1_13' title="bbox 152 1775 1062 1814">
     <span class='ocr_line' id='line_1_42' title="bbox 152 1775 1062 1814; baseline -0.003 -7"><span class='ocrx_word' id='word_1_430' title='bbox 152 1775 226 1804; x_wconf 83' lang='lat' dir='ltr'>dicia</span> <span class='ocrx_word' id='word_1_431' title='bbox 234 1777 332 1807; x_wconf 84' lang='lat' dir='ltr'>mortis</span> <span class='ocrx_word' id='word_1_432' title='bbox 342 1776 369 1806; x_wconf 90' lang='lat' dir='ltr'>se</span> <span class='ocrx_word' id='word_1_433' title='bbox 378 1777 534 1814; x_wconf 87' lang='lat' dir='ltr'>comperire</span> <span class='ocrx_word' id='word_1_434' title='bbox 544 1775 688 1805; x_wconf 86' lang='lat' dir='ltr'>manifesto</span> <span class='ocrx_word' id='word_1_435' title='bbox 700 1776 728 1804; x_wconf 73' lang='grc' dir='ltr'>δε</span> <span class='ocrx_word' id='word_1_436' title='bbox 739 1784 823 1803; x_wconf 87' lang='lat' dir='ltr'>manu</span> <span class='ocrx_word' id='word_1_437' title='bbox 838 1780 934 1804; x_wconf 86' lang='lat' dir='ltr'>tenere</span> <span class='ocrx_word' id='word_1_438' title='bbox 946 1775 1062 1804; x_wconf 89' lang='lat' dir='ltr'>diceret.</span> 
     </span>
    </p>

    <p class='ocr_par' dir='ltr' id='par_1_14' title="bbox 127 1810 1259 1927">
     <span class='ocr_line' id='line_1_43' title="bbox 130 1810 1253 1852; baseline -0.003 -8"><span class='ocrx_word' id='word_1_439' title='bbox 130 1810 175 1844; x_wconf 82' lang='lat' dir='ltr'>Ex</span> <span class='ocrx_word' id='word_1_440' title='bbox 183 1813 278 1844; x_wconf 86' lang='lat' dir='ltr'>multis</span> <span class='ocrx_word' id='word_1_441' title='bbox 288 1813 397 1844; x_wconf 86' lang='lat' dir='ltr'>audivi:</span> <span class='ocrx_word' id='word_1_442' title='bbox 420 1824 484 1844; x_wconf 87' lang='lat' dir='ltr'>nam</span> <span class='ocrx_word' id='word_1_443' title='bbox 492 1813 658 1852; x_wconf 79' lang='lat' dir='ltr'>comperisse</span> <span class='ocrx_word' id='word_1_444' title='bbox 666 1822 712 1842; x_wconf 89' lang='lat' dir='ltr'>me</span> <span class='ocrx_word' id='word_1_445' title='bbox 720 1822 779 1841; x_wconf 91' lang='lat' dir='ltr'>non</span> <span class='ocrx_word' id='word_1_446' title='bbox 788 1813 879 1842; x_wconf 85' lang='lat' dir='ltr'>audeo</span> <span class='ocrx_word' id='word_1_447' title='bbox 897 1813 999 1842; x_wconf 83' lang='lat' dir='ltr'>dicere.</span> <span class='ocrx_word' id='word_1_448' title='bbox 1022 1812 1081 1842; x_wconf 90' lang='lat' dir='ltr'>Cic.</span> <span class='ocrx_word' id='word_1_449' title='bbox 1094 1823 1118 1847; x_wconf 80' lang='grc' dir='ltr'>ς.</span> <span class='ocrx_word' id='word_1_450' title='bbox 1138 1812 1213 1841; x_wconf 85' lang='lat' dir='ltr'>Fam.</span> <span class='ocrx_word' id='word_1_451' title='bbox 1228 1821 1253 1847; x_wconf 81' lang='grc' dir='ltr'>ς.</span> 
     </span>
     <span class='ocr_line' id='line_1_44' title="bbox 127 1849 1259 1890; baseline -0.001 -10"><span class='ocrx_word' id='word_1_452' title='bbox 127 1850 298 1889; x_wconf 76' lang='lat' dir='ltr'>comperire</span> <span class='ocrx_word' id='word_1_453' title='bbox 306 1853 342 1881; x_wconf 83' lang='lat' dir='ltr'>de</span> <span class='ocrx_word' id='word_1_454' title='bbox 350 1861 379 1882; x_wconf 90' lang='lat' dir='ltr'>re</span> <span class='ocrx_word' id='word_1_455' title='bbox 390 1851 490 1890; x_wconf 87' lang='lat' dir='ltr'>aliqua.</span> <span class='ocrx_word' id='word_1_456' title='bbox 531 1851 597 1882; x_wconf 87' lang='lat' dir='ltr'>Ter.</span> <span class='ocrx_word' id='word_1_457' title='bbox 611 1851 681 1881; x_wconf 82' lang='lat' dir='ltr'>And.</span> <span class='ocrx_word' id='word_1_458' title='bbox 697 1860 721 1880; x_wconf 84' lang='lat'>1.</span> <span class='ocrx_word' id='word_1_459' title='bbox 733 1854 794 1887; x_wconf 87' lang='lat'>3.6.</span> <span class='ocrx_word' id='word_1_460' title='bbox 823 1850 945 1880; x_wconf 83' lang='lat' dir='ltr'>Primum</span> <span class='ocrx_word' id='word_1_461' title='bbox 960 1852 1015 1886; x_wconf 78' lang='lat' dir='ltr'>jam</span> <span class='ocrx_word' id='word_1_462' title='bbox 1033 1851 1069 1879; x_wconf 90' lang='lat' dir='ltr'>de</span> <span class='ocrx_word' id='word_1_463' title='bbox 1087 1859 1180 1879; x_wconf 83' lang='lat' dir='ltr'>amore</span> <span class='ocrx_word' id='word_1_464' title='bbox 1200 1849 1259 1880; x_wconf 71' lang='lat' dir='ltr'>hoo</span> 
     </span>
     <span class='ocr_line' id='line_1_45' title="bbox 153 1887 1218 1927; baseline 0 -9"><span class='ocrx_word' id='word_1_465' title='bbox 153 1890 300 1927; x_wconf 86' lang='lat' dir='ltr'>comperit.</span> <span class='ocrx_word' id='word_1_466' title='bbox 321 1891 340 1920; x_wconf 93' lang='lat' dir='ltr'>i.</span> <span class='ocrx_word' id='word_1_467' title='bbox 352 1900 377 1920; x_wconf 94' lang='lat' dir='ltr'>e.</span> <span class='ocrx_word' id='word_1_468' title='bbox 399 1890 513 1921; x_wconf 79' lang='lat' dir='ltr'>Certum</span> <span class='ocrx_word' id='word_1_469' title='bbox 523 1889 750 1919; x_wconf 86' lang='lat' dir='ltr'>habetC&#39;nremcs</span> <span class='ocrx_word' id='word_1_470' title='bbox 760 1888 939 1927; x_wconf 84' lang='lat' dir='ltr'>Pamphilum</span> <span class='ocrx_word' id='word_1_471' title='bbox 947 1898 1038 1919; x_wconf 79' lang='lat' dir='ltr'>amare</span> <span class='ocrx_word' id='word_1_472' title='bbox 1046 1887 1218 1926; x_wconf 82' lang='lat' dir='ltr'>Glycerium.</span> 
     </span>
    </p>

    <p class='ocr_par' dir='ltr' id='par_1_15' title="bbox 126 1925 1256 2194">
     <span class='ocr_line' id='line_1_46' title="bbox 133 1925 780 1966; baseline 0.002 -10"><span class='ocrx_word' id='word_1_473' title='bbox 133 1925 180 1957; x_wconf 86' lang='lat' dir='ltr'>De</span> <span class='ocrx_word' id='word_1_474' title='bbox 189 1937 224 1956; x_wconf 91' lang='lat' dir='ltr'>eo</span> <span class='ocrx_word' id='word_1_475' title='bbox 233 1927 284 1957; x_wconf 91' lang='lat' dir='ltr'>tibi</span> <span class='ocrx_word' id='word_1_476' title='bbox 290 1935 471 1966; x_wconf 35' lang='lat' dir='ltr'>*compertum</span> <span class='ocrx_word' id='word_1_477' title='bbox 478 1935 544 1957; x_wconf 88' lang='lat' dir='ltr'>erat.</span> <span class='ocrx_word' id='word_1_478' title='bbox 566 1926 674 1958; x_wconf 87' lang='lat' dir='ltr'>Sallust.</span> <span class='ocrx_word' id='word_1_479' title='bbox 681 1927 711 1956; x_wconf 91' lang='lat' dir='ltr'>in</span> <span class='ocrx_word' id='word_1_480' title='bbox 721 1926 780 1957; x_wconf 85' lang='lat' dir='ltr'>Cic.</span> 
     </span>
     <span class='ocr_line' id='line_1_47' title="bbox 128 1964 687 2003; baseline 0.002 -9"><span class='ocrx_word' id='word_1_481' title='bbox 128 1964 296 2003; x_wconf 74' lang='lat' dir='ltr'>Comperire</span> <span class='ocrx_word' id='word_1_482' title='bbox 303 1975 347 1995; x_wconf 84' lang='lat' dir='ltr'>ex.</span> <span class='ocrx_word' id='word_1_483' title='bbox 371 1965 437 1996; x_wconf 88' lang='lat' dir='ltr'>Ter.</span> <span class='ocrx_word' id='word_1_484' title='bbox 450 1966 553 1996; x_wconf 87' lang='lat' dir='ltr'>Heaut.</span> <span class='ocrx_word' id='word_1_485' title='bbox 566 1975 588 1995; x_wconf 88' lang='lat'>1.</span> <span class='ocrx_word' id='word_1_486' title='bbox 605 1973 629 1995; x_wconf 79' lang='grc' dir='ltr'>ι.</span> <span class='ocrx_word' id='word_1_487' title='bbox 641 1968 687 2001; x_wconf 85' lang='lat'>69.</span> 
     </span>
     <span class='ocr_line' id='line_1_48' title="bbox 225 2000 827 2042; baseline 0 -10"><span class='ocrx_word' id='word_1_488' title='bbox 225 2000 281 2033; x_wconf 87' lang='lat' dir='ltr'>Ubi</span> <span class='ocrx_word' id='word_1_489' title='bbox 289 2005 416 2042; x_wconf 89' lang='lat' dir='ltr'>comperi</span> <span class='ocrx_word' id='word_1_490' title='bbox 427 2005 504 2034; x_wconf 81' lang='lat' dir='ltr'>exiis</span> <span class='ocrx_word' id='word_1_491' title='bbox 538 2004 567 2033; x_wconf 88' lang='lat' dir='ltr'>ui</span> <span class='ocrx_word' id='word_1_492' title='bbox 583 2004 609 2034; x_wconf 88' lang='lat' dir='ltr'>ei</span> <span class='ocrx_word' id='word_1_493' title='bbox 623 2003 701 2033; x_wconf 85' lang='lat' dir='ltr'>fuere</span> <span class='ocrx_word' id='word_1_494' title='bbox 713 2001 827 2032; x_wconf 87' lang='lat' dir='ltr'>conscii.</span> 
     </span>
     <span class='ocr_line' id='line_1_49' title="bbox 126 2040 842 2080; baseline -0.003 -9"><span class='ocrx_word' id='word_1_495' title='bbox 126 2040 295 2079; x_wconf 77' lang='lat' dir='ltr'>Comperire</span> <span class='ocrx_word' id='word_1_496' title='bbox 305 2051 353 2079; x_wconf 89' lang='lat' dir='ltr'>per</span> <span class='ocrx_word' id='word_1_497' title='bbox 362 2042 493 2080; x_wconf 75' lang='lat' dir='ltr'>aliquem.</span> <span class='ocrx_word' id='word_1_498' title='bbox 540 2041 582 2071; x_wconf 81' lang='lat' dir='ltr'>aes.</span> <span class='ocrx_word' id='word_1_499' title='bbox 594 2052 622 2078; x_wconf 86' lang='lat'>4.</span> <span class='ocrx_word' id='word_1_500' title='bbox 630 2040 699 2071; x_wconf 89' lang='lat' dir='ltr'>Bell.</span> <span class='ocrx_word' id='word_1_501' title='bbox 712 2040 782 2071; x_wconf 89' lang='lat' dir='ltr'>Gall.</span> <span class='ocrx_word' id='word_1_502' title='bbox 799 2049 842 2076; x_wconf 86' lang='lat'>19.</span> 
     </span>
     <span class='ocr_line' id='line_1_50' title="bbox 127 2077 1206 2117; baseline -0.001 -9"><span class='ocrx_word' id='word_1_503' title='bbox 127 2078 297 2117; x_wconf 82' lang='lat' dir='ltr'>Comperire</span> <span class='ocrx_word' id='word_1_504' title='bbox 307 2081 390 2110; x_wconf 88' lang='lat' dir='ltr'>certis</span> <span class='ocrx_word' id='word_1_505' title='bbox 399 2080 511 2110; x_wconf 89' lang='lat' dir='ltr'>indiciis</span> <span class='ocrx_word' id='word_1_506' title='bbox 523 2089 583 2110; x_wconf 90' lang='lat' dir='ltr'>rem</span> <span class='ocrx_word' id='word_1_507' title='bbox 594 2089 652 2109; x_wconf 90' lang='lat' dir='ltr'>non</span> <span class='ocrx_word' id='word_1_508' title='bbox 663 2078 718 2108; x_wconf 79' lang='lat' dir='ltr'>effe</span> <span class='ocrx_word' id='word_1_509' title='bbox 729 2088 838 2108; x_wconf 88' lang='lat' dir='ltr'>vanam.</span> <span class='ocrx_word' id='word_1_510' title='bbox 858 2077 917 2108; x_wconf 79' lang='lat' dir='ltr'>Liv.</span> <span class='ocrx_word' id='word_1_511' title='bbox 927 2085 976 2113; x_wconf 61' lang='grc' dir='ltr'><strong>αι.</strong></span> <span class='ocrx_word' id='word_1_512' title='bbox 1205 2112 1206 2115; x_wconf 16' lang='lat'>¹</span> 
     </span>
     <span class='ocr_line' id='line_1_51' title="bbox 128 2114 1256 2156; baseline -0.001 -10"><span class='ocrx_word' id='word_1_513' title='bbox 128 2116 427 2155; x_wconf 80' lang='lat' dir='ltr'>Comperiretestibus.</span> <span class='ocrx_word' id='word_1_514' title='bbox 467 2118 527 2148; x_wconf 85' lang='lat' dir='ltr'>Cic.</span> <span class='ocrx_word' id='word_1_515' title='bbox 536 2128 587 2156; x_wconf 86' lang='lat' dir='ltr'>pro</span> <span class='ocrx_word' id='word_1_516' title='bbox 596 2117 706 2146; x_wconf 88' lang='lat' dir='ltr'>Cluent.</span> <span class='ocrx_word' id='word_1_517' title='bbox 723 2126 784 2152; x_wconf 85' lang='lat'>19²·</span> <span class='ocrx_word' id='word_1_518' title='bbox 808 2116 886 2145; x_wconf 90' lang='lat' dir='ltr'>Nihil</span> <span class='ocrx_word' id='word_1_519' title='bbox 900 2115 927 2145; x_wconf 87' lang='lat' dir='ltr'>se</span> <span class='ocrx_word' id='word_1_520' title='bbox 937 2114 1051 2145; x_wconf 84' lang='lat' dir='ltr'>testibus</span> <span class='ocrx_word' id='word_1_521' title='bbox 1062 2136 1071 2151; x_wconf 86' lang='lat'>,</span> <span class='ocrx_word' id='word_1_522' title='bbox 1091 2115 1161 2145; x_wconf 78' lang='lat' dir='ltr'>nihil</span> <span class='ocrx_word' id='word_1_523' title='bbox 1179 2115 1256 2145; x_wconf 60' lang='lat' dir='ltr'>tabu.</span> 
     </span>
     <span class='ocr_line' id='line_1_52' title="bbox 148 2153 1256 2194; baseline -0.001 -10"><span class='ocrx_word' id='word_1_524' title='bbox 148 2154 184 2185; x_wconf 71' lang='lat' dir='ltr'>lis</span> <span class='ocrx_word' id='word_1_525' title='bbox 193 2176 202 2189; x_wconf 83' lang='lat'>‚</span> <span class='ocrx_word' id='word_1_526' title='bbox 221 2155 293 2185; x_wconf 86' lang='lat' dir='ltr'>nihil</span> <span class='ocrx_word' id='word_1_527' title='bbox 303 2157 378 2194; x_wconf 84' lang='lat' dir='ltr'>gravi</span> <span class='ocrx_word' id='word_1_528' title='bbox 388 2156 482 2194; x_wconf 88' lang='lat' dir='ltr'>aliquo</span> <span class='ocrx_word' id='word_1_529' title='bbox 490 2163 654 2194; x_wconf 88' lang='lat' dir='ltr'>argumento</span> <span class='ocrx_word' id='word_1_530' title='bbox 673 2154 838 2193; x_wconf 70' lang='lat' dir='ltr'>comperisse</span> <span class='ocrx_word' id='word_1_531' title='bbox 847 2176 856 2191; x_wconf 94' lang='lat'>,</span> <span class='ocrx_word' id='word_1_532' title='bbox 877 2153 949 2183; x_wconf 81' lang='lat' dir='ltr'>nihil</span> <span class='ocrx_word' id='word_1_533' title='bbox 967 2153 1090 2191; x_wconf 78' lang='lat' dir='ltr'>denique</span> <span class='ocrx_word' id='word_1_534' title='bbox 1112 2153 1191 2183; x_wconf 86' lang='lat' dir='ltr'>causa</span> <span class='ocrx_word' id='word_1_535' title='bbox 1209 2163 1256 2183; x_wconf 70' lang='lat' dir='ltr'>co-</span> 
     </span>
    </p>
   </div>
   <div class='ocr_carea' id='block_1_3' title="bbox 0 301 45 1998">
    <p class='ocr_par' dir='ltr' id='par_1_16' title="bbox 0 301 45 1998">
     <span class='ocr_line' id='line_1_53' title="bbox 0 301 45 1998; baseline 0 0"><span class='ocrx_word' id='word_1_536' title='bbox 0 301 45 1998; x_wconf 95' lang='lat' dir='ltr'>  </span> 
     </span>
    </p>
   </div>
   <div class='ocr_carea' id='block_1_4' title="bbox 0 1854 1256 3814">
    <p class='ocr_par' dir='ltr' id='par_1_17' title="bbox 0 1854 1256 3814">
     <span class='ocr_line' id='line_1_54' title="bbox 1 1854 10 1895; baseline 0 0"><span class='ocrx_word' id='word_1_537' title='bbox 1 1854 10 1895; x_wconf 80' lang='grc' dir='ltr'>ἰ</span> 
     </span>
     <span class='ocr_line' id='line_1_55' title="bbox 0 2135 468 2232; baseline 0.002 -10"><span class='ocrx_word' id='word_1_538' title='bbox 0 2135 23 2232; x_wconf 51' lang='grc' dir='ltr'>ξι</span> <span class='ocrx_word' id='word_1_539' title='bbox 148 2193 227 2230; x_wconf 78' lang='lat' dir='ltr'>gnita</span> <span class='ocrx_word' id='word_1_540' title='bbox 234 2193 352 2224; x_wconf 85' lang='lat' dir='ltr'>statuiffe</span> <span class='ocrx_word' id='word_1_541' title='bbox 363 2194 468 2225; x_wconf 82' lang='lat' dir='ltr'>dicent.</span> 
     </span>
     <span class='ocr_line' id='line_1_56' title="bbox 125 2228 1256 2300; baseline -0.001 -40"><span class='ocrx_word' id='word_1_542' title='bbox 125 2228 307 2300; x_wconf 50' lang='lat' dir='ltr'>Dggpitgerez&amp;</span> <span class='ocrx_word' id='word_1_543' title='bbox 314 2232 472 2272; x_wconf 83' lang='lat' dir='ltr'>comperire</span> <span class='ocrx_word' id='word_1_544' title='bbox 480 2241 540 2262; x_wconf 82' lang='lat' dir='ltr'>rem</span> <span class='ocrx_word' id='word_1_545' title='bbox 547 2231 667 2270; x_wconf 87' lang='lat' dir='ltr'>aliquam</span> <span class='ocrx_word' id='word_1_546' title='bbox 677 2230 799 2266; x_wconf 87' lang='lat' dir='ltr'>dicitur,</span> <span class='ocrx_word' id='word_1_547' title='bbox 821 2230 879 2267; x_wconf 82' lang='lat' dir='ltr'>Qui</span> <span class='ocrx_word' id='word_1_548' title='bbox 894 2229 1000 2268; x_wconf 79' lang='lat' dir='ltr'>primus</span> <span class='ocrx_word' id='word_1_549' title='bbox 1018 2229 1180 2260; x_wconf 81' lang='lat' dir='ltr'>observavit.</span> <span class='ocrx_word' id='word_1_550' title='bbox 1203 2229 1256 2260; x_wconf 53' lang='lat' dir='ltr'>Ca«</span> 
     </span>
     <span class='ocr_line' id='line_1_57' title="bbox 0 2280 875 2358; baseline -0.006 -19"><span class='ocrx_word' id='word_1_551' title='bbox 0 2310 11 2358; x_wconf 46' lang='lat'>5&#39;</span> <span class='ocrx_word' id='word_1_552' title='bbox 195 2292 202 2299; x_wconf 43' lang='lat'><strong>¹</strong></span> <span class='ocrx_word' id='word_1_553' title='bbox 222 2280 330 2338; x_wconf 53' lang='lat' dir='ltr'>&amp;mnia</span> <span class='ocrx_word' id='word_1_554' title='bbox 339 2308 387 2345; x_wconf 86' lang='lat' dir='ltr'>qui</span> <span class='ocrx_word' id='word_1_555' title='bbox 404 2308 499 2346; x_wconf 85' lang='lat' dir='ltr'>magni</span> <span class='ocrx_word' id='word_1_556' title='bbox 511 2306 634 2346; x_wconf 82' lang='lat' dir='ltr'>dispexit</span> <span class='ocrx_word' id='word_1_557' title='bbox 642 2305 875 2350; x_wconf 80' lang='lat' dir='ltr'>luminamundi,</span> 
     </span>
     <span class='ocr_line' id='line_1_58' title="bbox 130 2343 907 2383; baseline -0.004 -8"><span class='ocrx_word' id='word_1_558' title='bbox 130 2380 132 2383; x_wconf 59' lang='lat'>.</span> <span class='ocrx_word' id='word_1_559' title='bbox 261 2346 319 2383; x_wconf 82' lang='lat' dir='ltr'>Qm</span> <span class='ocrx_word' id='word_1_560' title='bbox 327 2346 468 2376; x_wconf 86' lang='lat' dir='ltr'>stellarum</span> <span class='ocrx_word' id='word_1_561' title='bbox 474 2352 551 2375; x_wconf 89' lang='lat' dir='ltr'>ortus</span> <span class='ocrx_word' id='word_1_562' title='bbox 559 2351 701 2383; x_wconf 82' lang='lat' dir='ltr'>comperit</span> <span class='ocrx_word' id='word_1_563' title='bbox 709 2351 790 2381; x_wconf 86' lang='lat' dir='ltr'>atque</span> <span class='ocrx_word' id='word_1_564' title='bbox 802 2343 907 2373; x_wconf 80' lang='lat' dir='ltr'>obitus.</span> 
     </span>
     <span class='ocr_line' id='line_1_59' title="bbox 125 2378 1254 2422; baseline -0.004 -9"><span class='ocrx_word' id='word_1_565' title='bbox 125 2383 315 2422; x_wconf 76' lang='lat' dir='ltr'>Compertum</span> <span class='ocrx_word' id='word_1_566' title='bbox 325 2384 439 2414; x_wconf 82' lang='lat' dir='ltr'>estmihi</span> <span class='ocrx_word' id='word_1_567' title='bbox 450 2405 459 2419; x_wconf 88' lang='lat'><strong>‚</strong></span> <span class='ocrx_word' id='word_1_568' title='bbox 480 2386 506 2413; x_wconf 69' lang='grc' dir='ltr'><strong>ἃ</strong></span> <span class='ocrx_word' id='word_1_569' title='bbox 523 2382 704 2421; x_wconf 88' lang='lat' dir='ltr'>Exploratum</span> <span class='ocrx_word' id='word_1_570' title='bbox 717 2382 755 2412; x_wconf 85' lang='lat' dir='ltr'>est</span> <span class='ocrx_word' id='word_1_571' title='bbox 765 2381 855 2417; x_wconf 79' lang='lat' dir='ltr'>milii,</span> <span class='ocrx_word' id='word_1_572' title='bbox 871 2381 953 2410; x_wconf 76' lang='lat' dir='ltr'>idem</span> <span class='ocrx_word' id='word_1_573' title='bbox 968 2378 1008 2410; x_wconf 81' lang='lat' dir='ltr'>est</span> <span class='ocrx_word' id='word_1_574' title='bbox 1025 2380 1100 2418; x_wconf 86' lang='lat' dir='ltr'>quod</span> <span class='ocrx_word' id='word_1_575' title='bbox 1123 2379 1188 2410; x_wconf 89' lang='lat' dir='ltr'>Scio</span> <span class='ocrx_word' id='word_1_576' title='bbox 1204 2388 1254 2419; x_wconf 80' lang='lat' dir='ltr'>pet</span> 
     </span>
     <span class='ocr_line' id='line_1_60' title="bbox 146 2418 1253 2460; baseline -0.002 -9"><span class='ocrx_word' id='word_1_577' title='bbox 146 2422 398 2460; x_wconf 79' lang='lat' dir='ltr'>investigationem.</span> <span class='ocrx_word' id='word_1_578' title='bbox 438 2421 574 2453; x_wconf 84' lang='lat' dir='ltr'>Similiter</span> <span class='ocrx_word' id='word_1_579' title='bbox 583 2420 734 2459; x_wconf 86' lang='lat' dir='ltr'>Comperi‚</span> <span class='ocrx_word' id='word_1_580' title='bbox 755 2419 949 2457; x_wconf 60' lang='lat' dir='ltr'>&amp;Exploravh</span> <span class='ocrx_word' id='word_1_581' title='bbox 989 2418 1057 2449; x_wconf 80' lang='lat' dir='ltr'>Haec</span> <span class='ocrx_word' id='word_1_582' title='bbox 1072 2418 1149 2449; x_wconf 84' lang='lat' dir='ltr'>Valla</span> <span class='ocrx_word' id='word_1_583' title='bbox 1164 2419 1213 2449; x_wconf 87' lang='lat' dir='ltr'>lib.</span> <span class='ocrx_word' id='word_1_584' title='bbox 1226 2429 1253 2455; x_wconf 75' lang='grc' dir='ltr'><strong>ς.</strong></span> 
     </span>
     <span class='ocr_line' id='line_1_61' title="bbox 120 2469 679 2541; baseline -0.005 -12"><span class='ocrx_word' id='word_1_585' title='bbox 120 2469 431 2536; x_wconf 51' lang='grc' dir='ltr'>Ᾱῖῗὲῑι-ἒὲὸιῃρετωητ.</span> <span class='ocrx_word' id='word_1_586' title='bbox 473 2495 507 2528; x_wconf 90' lang='lat' dir='ltr'>In</span> <span class='ocrx_word' id='word_1_587' title='bbox 527 2502 548 2526; x_wconf 76' lang='lat' dir='ltr'>A</span> <span class='ocrx_word' id='word_1_588' title='bbox 557 2507 593 2526; x_wconf 71' lang='lat' dir='ltr'>ss</span> <span class='ocrx_word' id='word_1_589' title='bbox 603 2506 618 2526; x_wconf 74' lang='lat' dir='ltr'>iz</span> <span class='ocrx_word' id='word_1_590' title='bbox 626 2505 643 2526; x_wconf 72' lang='lat' dir='ltr'>r&lt;</span> <span class='ocrx_word' id='word_1_591' title='bbox 651 2505 679 2541; x_wconf 63' lang='lat' dir='ltr'>o.</span> 
     </span>
     <span class='ocr_line' id='line_1_62' title="bbox 17 2533 820 2574; baseline -0.002 -9"><span class='ocrx_word' id='word_1_592' title='bbox 17 2554 21 2566; x_wconf 81' lang='grc'>,</span> <span class='ocrx_word' id='word_1_593' title='bbox 126 2533 195 2565; x_wconf 83' lang='lat' dir='ltr'>Non</span> <span class='ocrx_word' id='word_1_594' title='bbox 204 2536 277 2565; x_wconf 87' lang='lat' dir='ltr'>bene</span> <span class='ocrx_word' id='word_1_595' title='bbox 286 2543 463 2574; x_wconf 81' lang='lat' dir='ltr'>compertum</span> <span class='ocrx_word' id='word_1_596' title='bbox 473 2535 520 2565; x_wconf 88' lang='lat' dir='ltr'>est.</span> <span class='ocrx_word' id='word_1_597' title='bbox 542 2535 644 2564; x_wconf 88' lang='lat' dir='ltr'>Lucan.</span> <span class='ocrx_word' id='word_1_598' title='bbox 656 2533 707 2564; x_wconf 82' lang='lat' dir='ltr'>hb.</span> <span class='ocrx_word' id='word_1_599' title='bbox 719 2540 746 2563; x_wconf 82' lang='lat'>2.</span> <span class='ocrx_word' id='word_1_600' title='bbox 756 2541 820 2569; x_wconf 84' lang='lat'>322.</span> 
     </span>
     <span class='ocr_line' id='line_1_63' title="bbox 17 2569 1254 2611; baseline -0.005 -6"><span class='ocrx_word' id='word_1_601' title='bbox 17 2571 20 2611; x_wconf 74' lang='lat' dir='ltr'>l</span> <span class='ocrx_word' id='word_1_602' title='bbox 125 2572 241 2605; x_wconf 72' lang='lat' dir='ltr'>Habere</span> <span class='ocrx_word' id='word_1_603' title='bbox 260 2580 438 2611; x_wconf 87' lang='lat' dir='ltr'>compertum</span> <span class='ocrx_word' id='word_1_604' title='bbox 450 2573 486 2603; x_wconf 89' lang='lat' dir='ltr'>de</span> <span class='ocrx_word' id='word_1_605' title='bbox 502 2582 532 2602; x_wconf 90' lang='lat' dir='ltr'>re</span> <span class='ocrx_word' id='word_1_606' title='bbox 547 2573 648 2610; x_wconf 87' lang='lat' dir='ltr'>aliqua.</span> <span class='ocrx_word' id='word_1_607' title='bbox 683 2572 744 2602; x_wconf 90' lang='lat' dir='ltr'>Cic.</span> <span class='ocrx_word' id='word_1_608' title='bbox 763 2581 814 2609; x_wconf 87' lang='lat' dir='ltr'>pro</span> <span class='ocrx_word' id='word_1_609' title='bbox 826 2569 938 2600; x_wconf 83' lang='lat' dir='ltr'>Cluent.</span> <span class='ocrx_word' id='word_1_610' title='bbox 958 2577 1021 2607; x_wconf 79' lang='lat'>127.</span> <span class='ocrx_word' id='word_1_611' title='bbox 1043 2569 1117 2600; x_wconf 86' lang='lat' dir='ltr'>Nam</span> <span class='ocrx_word' id='word_1_612' title='bbox 1132 2576 1164 2600; x_wconf 85' lang='lat' dir='ltr'>ut</span> <span class='ocrx_word' id='word_1_613' title='bbox 1184 2571 1254 2600; x_wconf 84' lang='lat' dir='ltr'>iilud</span> 
     </span>
     <span class='ocr_line' id='line_1_64' title="bbox 145 2609 1254 2656; baseline -0.004 -15"><span class='ocrx_word' id='word_1_614' title='bbox 145 2611 280 2655; x_wconf 68' lang='lat' dir='ltr'>afferant,</span> <span class='ocrx_word' id='word_1_615' title='bbox 301 2611 419 2656; x_wconf 70' lang='lat' dir='ltr'>nihilest</span> <span class='ocrx_word' id='word_1_616' title='bbox 432 2611 509 2649; x_wconf 86' lang='lat' dir='ltr'>quod</span> <span class='ocrx_word' id='word_1_617' title='bbox 526 2611 562 2641; x_wconf 91' lang='lat' dir='ltr'>de</span> <span class='ocrx_word' id='word_1_618' title='bbox 574 2611 618 2640; x_wconf 88' lang='lat' dir='ltr'>his</span> <span class='ocrx_word' id='word_1_619' title='bbox 633 2610 744 2640; x_wconf 89' lang='lat' dir='ltr'>duobus</span> <span class='ocrx_word' id='word_1_620' title='bbox 753 2609 903 2639; x_wconf 84' lang='lat' dir='ltr'>habuerint</span> <span class='ocrx_word' id='word_1_621' title='bbox 918 2614 1112 2646; x_wconf 71' lang='lat' dir='ltr'>compertum,</span> <span class='ocrx_word' id='word_1_622' title='bbox 1133 2609 1169 2638; x_wconf 87' lang='lat' dir='ltr'>de</span> <span class='ocrx_word' id='word_1_623' title='bbox 1181 2617 1254 2638; x_wconf 79' lang='lat' dir='ltr'>cete-</span> 
     </span>
     <span class='ocr_line' id='line_1_65' title="bbox 122 2649 1252 2726; baseline -0.004 -8"><span class='ocrx_word' id='word_1_624' title='bbox 122 2659 267 2719; x_wconf 47' lang='lat' dir='ltr'>{siffis-ema</span> <span class='ocrx_word' id='word_1_625' title='bbox 280 2649 558 2726; x_wconf 42' lang='lat' dir='ltr'>&amp;diff-compertum.</span> <span class='ocrx_word' id='word_1_626' title='bbox 598 2686 659 2716; x_wconf 88' lang='lat' dir='ltr'>Cic.</span> <span class='ocrx_word' id='word_1_627' title='bbox 677 2694 727 2724; x_wconf 88' lang='lat' dir='ltr'>pro</span> <span class='ocrx_word' id='word_1_628' title='bbox 744 2684 825 2715; x_wconf 89' lang='lat' dir='ltr'>Font.</span> <span class='ocrx_word' id='word_1_629' title='bbox 847 2684 945 2720; x_wconf 79' lang='lat' dir='ltr'>Quum</span> <span class='ocrx_word' id='word_1_630' title='bbox 952 2692 984 2712; x_wconf 89' lang='lat' dir='ltr'>ea</span> <span class='ocrx_word' id='word_1_631' title='bbox 1000 2683 1122 2714; x_wconf 84' lang='lat' dir='ltr'>dicimus</span> <span class='ocrx_word' id='word_1_632' title='bbox 1141 2684 1227 2721; x_wconf 70' lang='lat' dir='ltr'>iurati</span> <span class='ocrx_word' id='word_1_633' title='bbox 1242 2704 1252 2722; x_wconf 88' lang='lat'>,</span> 
     </span>
     <span class='ocr_line' id='line_1_66' title="bbox 142 2721 1052 2763; baseline -0.007 -7"><span class='ocrx_word' id='word_1_634' title='bbox 142 2736 207 2763; x_wconf 82' lang='lat' dir='ltr'>quae</span> <span class='ocrx_word' id='word_1_635' title='bbox 218 2734 363 2763; x_wconf 83' lang='lat' dir='ltr'>comperta</span> <span class='ocrx_word' id='word_1_636' title='bbox 374 2725 510 2755; x_wconf 80' lang='lat' dir='ltr'>habemus</span> <span class='ocrx_word' id='word_1_637' title='bbox 525 2747 533 2760; x_wconf 90' lang='lat'>,</span> <span class='ocrx_word' id='word_1_638' title='bbox 554 2734 616 2762; x_wconf 83' lang='lat' dir='ltr'>quae</span> <span class='ocrx_word' id='word_1_639' title='bbox 627 2724 678 2762; x_wconf 77' lang='lat' dir='ltr'>ipsi</span> <span class='ocrx_word' id='word_1_640' title='bbox 690 2723 822 2753; x_wconf 89' lang='lat' dir='ltr'>vidimus.</span> <span class='ocrx_word' id='word_1_641' title='bbox 865 2721 895 2751; x_wconf 90' lang='lat' dir='ltr'>V.</span> <span class='ocrx_word' id='word_1_642' title='bbox 915 2731 937 2750; x_wconf 81' lang='lat' dir='ltr'>H</span> <span class='ocrx_word' id='word_1_643' title='bbox 947 2732 967 2750; x_wconf 82' lang='lat' dir='ltr'><strong>A</strong></span> <span class='ocrx_word' id='word_1_644' title='bbox 977 2732 992 2750; x_wconf 72' lang='grc' dir='ltr'><em>Β</em></span> <span class='ocrx_word' id='word_1_645' title='bbox 1003 2731 1052 2750; x_wconf 72' lang='lat' dir='ltr'>ao.</span> 
     </span>
     <span class='ocr_line' id='line_1_67' title="bbox 119 2758 1251 2829; baseline -0.006 -35"><span class='ocrx_word' id='word_1_646' title='bbox 119 2763 311 2802; x_wconf 68' lang='lat' dir='ltr'>JCompertum</span> <span class='ocrx_word' id='word_1_647' title='bbox 326 2763 425 2794; x_wconf 85' lang='lat' dir='ltr'>oculis.</span> <span class='ocrx_word' id='word_1_648' title='bbox 458 2763 629 2809; x_wconf 74' lang='lat' dir='ltr'>Liv.a.9.21.</span> <span class='ocrx_word' id='word_1_649' title='bbox 647 2768 721 2806; x_wconf 75' lang='lat' dir='ltr'>extr.</span> <span class='ocrx_word' id='word_1_650' title='bbox 751 2761 793 2791; x_wconf 80' lang='lat' dir='ltr'>Ad</span> <span class='ocrx_word' id='word_1_651' title='bbox 811 2758 1251 2829; x_wconf 45' lang='lat' dir='ltr'>Scipioqtttplaaprggefiffiaspxgt‚etigr</span> 
     </span>
     <span class='ocr_line' id='line_1_68' title="bbox 142 2799 1254 2878; baseline -0.003 -8"><span class='ocrx_word' id='word_1_652' title='bbox 142 2799 831 2878; x_wconf 46' lang='grc' dir='ltr'>ξέῐῗευῐῖἳἓῗαῖιιῗευξἰῗῖἒὲξτᾶἓῖΐξείἶξίῗιῖἓιῗιξοεηξῖῃσῐῐέα</span> <span class='ocrx_word' id='word_1_653' title='bbox 837 2799 932 2866; x_wconf 47' lang='lat' dir='ltr'>‘bissis</span> <span class='ocrx_word' id='word_1_654' title='bbox 949 2836 1105 2874; x_wconf 85' lang='lat' dir='ltr'>perferrent</span> <span class='ocrx_word' id='word_1_655' title='bbox 1121 2809 1254 2867; x_wconf 41' lang='lat' dir='ltr'>Ronliam:</span> 
     </span>
     <span class='ocr_line' id='line_1_69' title="bbox 143 2877 504 2916; baseline -0.003 -9"><span class='ocrx_word' id='word_1_656' title='bbox 143 2877 164 2907; x_wconf 78' lang='lat' dir='ltr'>i.</span> <span class='ocrx_word' id='word_1_657' title='bbox 174 2887 200 2907; x_wconf 91' lang='lat' dir='ltr'>e.</span> <span class='ocrx_word' id='word_1_658' title='bbox 222 2878 294 2916; x_wconf 84' lang='lat' dir='ltr'>Quae</span> <span class='ocrx_word' id='word_1_659' title='bbox 305 2877 354 2916; x_wconf 79' lang='lat' dir='ltr'>ipsi</span> <span class='ocrx_word' id='word_1_660' title='bbox 364 2877 504 2907; x_wconf 77' lang='lat' dir='ltr'>vidissent.</span> 
     </span>
     <span class='ocr_line' id='line_1_70' title="bbox 123 2910 1144 2955; baseline -0.004 -10"><span class='ocrx_word' id='word_1_661' title='bbox 123 2916 309 2955; x_wconf 87' lang='lat' dir='ltr'>Compertum</span> <span class='ocrx_word' id='word_1_662' title='bbox 320 2938 328 2952; x_wconf 92' lang='lat'>,</span> <span class='ocrx_word' id='word_1_663' title='bbox 348 2915 379 2945; x_wconf 90' lang='lat' dir='ltr'>id</span> <span class='ocrx_word' id='word_1_664' title='bbox 391 2916 515 2946; x_wconf 85' lang='lat' dir='ltr'>maxime</span> <span class='ocrx_word' id='word_1_665' title='bbox 523 2913 664 2944; x_wconf 84' lang='lat' dir='ltr'>radicibus</span> <span class='ocrx_word' id='word_1_666' title='bbox 674 2910 811 2951; x_wconf 82' lang='lat' dir='ltr'>prodeffe.</span> <span class='ocrx_word' id='word_1_667' title='bbox 838 2911 907 2941; x_wconf 72' lang='lat' dir='ltr'>Prin.</span> <span class='ocrx_word' id='word_1_668' title='bbox 922 2910 971 2940; x_wconf 85' lang='lat' dir='ltr'>lib.</span> <span class='ocrx_word' id='word_1_669' title='bbox 988 2921 1030 2941; x_wconf 67' lang='grc' dir='ltr'><strong>τι.</strong></span> <span class='ocrx_word' id='word_1_670' title='bbox 1041 2921 1105 2949; x_wconf 81' lang='lat' dir='ltr'>cap.</span> <span class='ocrx_word' id='word_1_671' title='bbox 1120 2921 1144 2941; x_wconf 81' lang='lat' dir='ltr'>r.</span> 
     </span>
     <span class='ocr_line' id='line_1_71' title="bbox 86 2949 1252 2990; baseline -0.003 -6"><span class='ocrx_word' id='word_1_672' title='bbox 86 2951 329 2989; x_wconf 70' lang='lat' dir='ltr'>CoMr’rcaioR,</span> <span class='ocrx_word' id='word_1_673' title='bbox 351 2951 505 2990; x_wconf 52' lang='grc' dir='ltr'>[εὐφίσιιω]</span> <span class='ocrx_word' id='word_1_674' title='bbox 526 2953 570 2982; x_wconf 69' lang='lat' dir='ltr'>iri.</span> <span class='ocrx_word' id='word_1_675' title='bbox 602 2952 667 2989; x_wconf 88' lang='lat' dir='ltr'>dep.</span> <span class='ocrx_word' id='word_1_676' title='bbox 690 2952 802 2981; x_wconf 66' lang='lat' dir='ltr'>auetore</span> <span class='ocrx_word' id='word_1_677' title='bbox 822 2949 960 2979; x_wconf 80' lang='lat' dir='ltr'>Diomede</span> <span class='ocrx_word' id='word_1_678' title='bbox 973 2971 981 2983; x_wconf 85' lang='lat'>,</span> <span class='ocrx_word' id='word_1_679' title='bbox 1003 2950 1042 2979; x_wconf 83' lang='lat' dir='ltr'>est</span> <span class='ocrx_word' id='word_1_680' title='bbox 1063 2950 1103 2979; x_wconf 85' lang='lat' dir='ltr'>Ex</span> <span class='ocrx_word' id='word_1_681' title='bbox 1116 2950 1252 2988; x_wconf 81' lang='lat' dir='ltr'>opinione</span> 
     </span>
     <span class='ocr_line' id='line_1_72' title="bbox 125 2987 1249 3030; baseline -0.004 -8"><span class='ocrx_word' id='word_1_682' title='bbox 125 2991 275 3030; x_wconf 86' lang='lat' dir='ltr'>colligere,</span> <span class='ocrx_word' id='word_1_683' title='bbox 295 2992 322 3022; x_wconf 86' lang='lat'>&amp;</span> <span class='ocrx_word' id='word_1_684' title='bbox 331 3001 383 3030; x_wconf 89' lang='lat' dir='ltr'>pro</span> <span class='ocrx_word' id='word_1_685' title='bbox 394 2990 540 3029; x_wconf 85' lang='lat' dir='ltr'>explorato</span> <span class='ocrx_word' id='word_1_686' title='bbox 549 2995 726 3028; x_wconf 83' lang='lat' dir='ltr'>compertum</span> <span class='ocrx_word' id='word_1_687' title='bbox 735 2988 846 3018; x_wconf 89' lang='lat' dir='ltr'>habere.</span> <span class='ocrx_word' id='word_1_688' title='bbox 884 2987 990 3016; x_wconf 79' lang='lat' dir='ltr'>Sallust.</span> <span class='ocrx_word' id='word_1_689' title='bbox 1009 2988 1038 3016; x_wconf 89' lang='lat' dir='ltr'>in</span> <span class='ocrx_word' id='word_1_690' title='bbox 1047 2987 1175 3025; x_wconf 71' lang='lat' dir='ltr'>jugurth.</span> <span class='ocrx_word' id='word_1_691' title='bbox 1188 2998 1249 3026; x_wconf 87' lang='lat' dir='ltr'>cap.</span> 
     </span>
     <span class='ocr_line' id='line_1_73' title="bbox 18 3729 19 3748; baseline 0 0"><span class='ocrx_word' id='word_1_692' title='bbox 18 3729 19 3748; x_wconf 68' lang='lat' dir='ltr'>l</span> 
     </span>
     <span class='ocr_line' id='line_1_74' title="bbox 18 3750 19 3767; baseline 0 0"><span class='ocrx_word' id='word_1_693' title='bbox 18 3750 19 3767; x_wconf 80' lang='lat' dir='ltr'>l</span> 
     </span>
     <span class='ocr_line' id='line_1_75' title="bbox 18 3800 19 3814; baseline 0 0"><span class='ocrx_word' id='word_1_694' title='bbox 18 3800 19 3814; x_wconf 81' lang='lat' dir='ltr'>l</span> 
     </span>
    </p>
   </div>
   <div class='ocr_carea' id='block_1_5' title="bbox 35 3025 1253 3712">
    <p class='ocr_par' dir='ltr' id='par_1_18' title="bbox 121 3025 1252 3143">
     <span class='ocr_line' id='line_1_76' title="bbox 125 3025 1252 3067; baseline -0.004 -7"><span class='ocrx_word' id='word_1_695' title='bbox 125 3035 192 3065; x_wconf 80' lang='lat'>108.</span> <span class='ocrx_word' id='word_1_696' title='bbox 203 3036 272 3067; x_wconf 82' lang='lat' dir='ltr'>extr.</span> <span class='ocrx_word' id='word_1_697' title='bbox 293 3030 348 3060; x_wconf 89' lang='lat' dir='ltr'>Sed</span> <span class='ocrx_word' id='word_1_698' title='bbox 356 3039 409 3067; x_wconf 88' lang='lat' dir='ltr'>ego</span> <span class='ocrx_word' id='word_1_699' title='bbox 421 3029 579 3067; x_wconf 86' lang='lat' dir='ltr'>comperior</span> <span class='ocrx_word' id='word_1_700' title='bbox 587 3050 596 3064; x_wconf 72' lang='grc'><em>,</em></span> <span class='ocrx_word' id='word_1_701' title='bbox 619 3027 762 3057; x_wconf 85' lang='lat' dir='ltr'>Bocchum</span> <span class='ocrx_word' id='word_1_702' title='bbox 773 3026 860 3063; x_wconf 83' lang='lat' dir='ltr'>magis</span> <span class='ocrx_word' id='word_1_703' title='bbox 870 3025 972 3054; x_wconf 81' lang='lat' dir='ltr'>Punica</span> <span class='ocrx_word' id='word_1_704' title='bbox 984 3025 1040 3054; x_wconf 85' lang='lat' dir='ltr'>fide</span> <span class='ocrx_word' id='word_1_705' title='bbox 1048 3047 1056 3060; x_wconf 83' lang='lat'>,</span> <span class='ocrx_word' id='word_1_706' title='bbox 1078 3035 1161 3062; x_wconf 87' lang='lat' dir='ltr'>quam</span> <span class='ocrx_word' id='word_1_707' title='bbox 1171 3026 1210 3055; x_wconf 87' lang='lat' dir='ltr'>ob</span> <span class='ocrx_word' id='word_1_708' title='bbox 1220 3036 1252 3056; x_wconf 85' lang='lat' dir='ltr'>ea</span> 
     </span>
     <span class='ocr_line' id='line_1_77' title="bbox 121 3063 1252 3106; baseline -0.004 -8"><span class='ocrx_word' id='word_1_709' title='bbox 121 3074 188 3106; x_wconf 70' lang='lat' dir='ltr'>quae</span> <span class='ocrx_word' id='word_1_710' title='bbox 197 3067 385 3106; x_wconf 69' lang='lat' dir='ltr'>praedicabat,</span> <span class='ocrx_word' id='word_1_711' title='bbox 406 3067 487 3097; x_wconf 84' lang='lat' dir='ltr'>fimul</span> <span class='ocrx_word' id='word_1_712' title='bbox 496 3067 637 3097; x_wconf 88' lang='lat' dir='ltr'>Romanos</span> <span class='ocrx_word' id='word_1_713' title='bbox 648 3067 675 3095; x_wconf 72' lang='lat' dir='ltr'>dc</span> <span class='ocrx_word' id='word_1_714' title='bbox 684 3064 840 3095; x_wconf 88' lang='lat' dir='ltr'>Numidam</span> <span class='ocrx_word' id='word_1_715' title='bbox 848 3063 894 3101; x_wconf 88' lang='lat' dir='ltr'>spe</span> <span class='ocrx_word' id='word_1_716' title='bbox 906 3063 981 3100; x_wconf 67' lang='lat' dir='ltr'>pacis</span> <span class='ocrx_word' id='word_1_717' title='bbox 994 3063 1150 3094; x_wconf 69' lang='lat' dir='ltr'>detinuiss&#39;e.</span> <span class='ocrx_word' id='word_1_718' title='bbox 1179 3064 1252 3100; x_wconf 75' lang='lat' dir='ltr'>Quae</span> 
     </span>
     <span class='ocr_line' id='line_1_78' title="bbox 125 3100 1057 3143; baseline -0.008 -7"><span class='ocrx_word' id='word_1_719' title='bbox 125 3105 211 3136; x_wconf 68' lang='lat' dir='ltr'>lectio</span> <span class='ocrx_word' id='word_1_720' title='bbox 221 3106 308 3136; x_wconf 88' lang='lat' dir='ltr'>hodie</span> <span class='ocrx_word' id='word_1_721' title='bbox 315 3115 426 3143; x_wconf 89' lang='lat' dir='ltr'>quoque</span> <span class='ocrx_word' id='word_1_722' title='bbox 434 3111 531 3135; x_wconf 86' lang='lat' dir='ltr'>manet</span> <span class='ocrx_word' id='word_1_723' title='bbox 539 3105 656 3141; x_wconf 78' lang='lat' dir='ltr'>integra.</span> <span class='ocrx_word' id='word_1_724' title='bbox 695 3100 728 3132; x_wconf 90' lang='lat' dir='ltr'>V.</span> <span class='ocrx_word' id='word_1_725' title='bbox 751 3101 826 3131; x_wconf 80' lang='lat' dir='ltr'>Cort.</span> <span class='ocrx_word' id='word_1_726' title='bbox 841 3103 876 3131; x_wconf 83' lang='lat' dir='ltr'>ad</span> <span class='ocrx_word' id='word_1_727' title='bbox 888 3111 947 3138; x_wconf 83' lang='lat' dir='ltr'>cap.</span> <span class='ocrx_word' id='word_1_728' title='bbox 960 3111 1006 3136; x_wconf 72' lang='lat'>45.</span> <span class='ocrx_word' id='word_1_729' title='bbox 1016 3110 1057 3139; x_wconf 88' lang='lat' dir='ltr'>pr.</span> 
     </span>
    </p>

    <p class='ocr_par' dir='ltr' id='par_1_19' title="bbox 40 3139 1251 3179">
     <span class='ocr_line' id='line_1_79' title="bbox 40 3139 1251 3179; baseline -0.001 -8"><span class='ocrx_word' id='word_1_730' title='bbox 40 3156 50 3171; x_wconf 67' lang='lat' dir='ltr'>r</span> <span class='ocrx_word' id='word_1_731' title='bbox 85 3143 112 3175; x_wconf 75' lang='lat' dir='ltr'>C</span> <span class='ocrx_word' id='word_1_732' title='bbox 121 3153 138 3173; x_wconf 92' lang='lat' dir='ltr'>o</span> <span class='ocrx_word' id='word_1_733' title='bbox 148 3153 315 3173; x_wconf 71' lang='lat' dir='ltr'>MP-sa’rus</span> <span class='ocrx_word' id='word_1_734' title='bbox 325 3165 334 3178; x_wconf 95' lang='lat'>,</span> <span class='ocrx_word' id='word_1_735' title='bbox 355 3153 371 3173; x_wconf 86' lang='lat' dir='ltr'>a</span> <span class='ocrx_word' id='word_1_736' title='bbox 381 3164 390 3179; x_wconf 86' lang='lat'>‚</span> <span class='ocrx_word' id='word_1_737' title='bbox 410 3152 468 3173; x_wconf 87' lang='lat' dir='ltr'>um.</span> <span class='ocrx_word' id='word_1_738' title='bbox 497 3141 668 3179; x_wconf 66' lang='grc' dir='ltr'>[φωςαθὰς]</span> <span class='ocrx_word' id='word_1_739' title='bbox 697 3140 796 3170; x_wconf 88' lang='lat' dir='ltr'>Partic.</span> <span class='ocrx_word' id='word_1_740' title='bbox 825 3146 857 3169; x_wconf 89' lang='lat' dir='ltr'>ut</span> <span class='ocrx_word' id='word_1_741' title='bbox 869 3162 877 3173; x_wconf 85' lang='lat'>,</span> <span class='ocrx_word' id='word_1_742' title='bbox 905 3139 1074 3177; x_wconf 82' lang='lat' dir='ltr'>Compertus</span> <span class='ocrx_word' id='word_1_743' title='bbox 1097 3139 1128 3168; x_wconf 85' lang='lat' dir='ltr'>in</span> <span class='ocrx_word' id='word_1_744' title='bbox 1147 3139 1251 3178; x_wconf 77' lang='lat' dir='ltr'>stupro.</span> 
     </span>
    </p>

    <p class='ocr_par' dir='ltr' id='par_1_20' title="bbox 121 3177 1253 3333">
     <span class='ocr_line' id='line_1_80' title="bbox 125 3177 1253 3219; baseline -0.006 -8"><span class='ocrx_word' id='word_1_745' title='bbox 125 3182 202 3212; x_wconf 84' lang='lat' dir='ltr'>Suet.</span> <span class='ocrx_word' id='word_1_746' title='bbox 213 3181 310 3211; x_wconf 85' lang='lat' dir='ltr'>Tiber.</span> <span class='ocrx_word' id='word_1_747' title='bbox 320 3190 381 3219; x_wconf 84' lang='lat' dir='ltr'>cap.</span> <span class='ocrx_word' id='word_1_748' title='bbox 394 3189 438 3217; x_wconf 76' lang='lat'>³5·</span> <span class='ocrx_word' id='word_1_749' title='bbox 460 3180 554 3219; x_wconf 82' lang='lat' dir='ltr'>Equiti</span> <span class='ocrx_word' id='word_1_750' title='bbox 565 3180 695 3210; x_wconf 82' lang='lat' dir='ltr'>Romano</span> <span class='ocrx_word' id='word_1_751' title='bbox 705 3178 883 3214; x_wconf 77' lang='lat' dir='ltr'>jurisjurandi</span> <span class='ocrx_word' id='word_1_752' title='bbox 901 3177 1014 3215; x_wconf 82' lang='lat' dir='ltr'>gratiam</span> <span class='ocrx_word' id='word_1_753' title='bbox 1028 3177 1110 3213; x_wconf 82' lang='lat' dir='ltr'>feeit,</span> <span class='ocrx_word' id='word_1_754' title='bbox 1132 3185 1165 3207; x_wconf 91' lang='lat' dir='ltr'>ut</span> <span class='ocrx_word' id='word_1_755' title='bbox 1183 3188 1253 3208; x_wconf 81' lang='lat' dir='ltr'>uxo..</span> 
     </span>
     <span class='ocr_line' id='line_1_81' title="bbox 121 3215 1252 3258; baseline -0.004 -8"><span class='ocrx_word' id='word_1_756' title='bbox 121 3220 226 3253; x_wconf 64' lang='lat' dir='ltr'>semin</span> <span class='ocrx_word' id='word_1_757' title='bbox 237 3219 331 3258; x_wconf 90' lang='lat' dir='ltr'>stupro</span> <span class='ocrx_word' id='word_1_758' title='bbox 342 3219 437 3257; x_wconf 88' lang='lat' dir='ltr'>generi</span> <span class='ocrx_word' id='word_1_759' title='bbox 451 3224 625 3257; x_wconf 85' lang='lat' dir='ltr'>compertam</span> <span class='ocrx_word' id='word_1_760' title='bbox 634 3217 789 3246; x_wconf 86' lang='lat' dir='ltr'>dimitteret</span> <span class='ocrx_word' id='word_1_761' title='bbox 798 3237 807 3251; x_wconf 88' lang='lat'>,</span> <span class='ocrx_word' id='word_1_762' title='bbox 828 3223 917 3252; x_wconf 80' lang='lat' dir='ltr'>quam</span> <span class='ocrx_word' id='word_1_763' title='bbox 923 3215 951 3244; x_wconf 85' lang='lat' dir='ltr'>se</span> <span class='ocrx_word' id='word_1_764' title='bbox 962 3221 1105 3252; x_wconf 85' lang='lat' dir='ltr'>nunquam</span> <span class='ocrx_word' id='word_1_765' title='bbox 1123 3216 1252 3254; x_wconf 81' lang='lat' dir='ltr'>repudia-</span> 
     </span>
     <span class='ocr_line' id='line_1_82' title="bbox 122 3254 839 3297; baseline -0.007 -10"><span class='ocrx_word' id='word_1_766' title='bbox 122 3265 221 3287; x_wconf 78' lang='lat' dir='ltr'>turum</span> <span class='ocrx_word' id='word_1_767' title='bbox 229 3264 296 3287; x_wconf 87' lang='lat' dir='ltr'>ante</span> <span class='ocrx_word' id='word_1_768' title='bbox 304 3258 451 3291; x_wconf 82' lang='lat' dir='ltr'>juraverat.</span> <span class='ocrx_word' id='word_1_769' title='bbox 472 3257 490 3286; x_wconf 87' lang='lat' dir='ltr'>i.</span> <span class='ocrx_word' id='word_1_770' title='bbox 506 3268 530 3287; x_wconf 88' lang='lat' dir='ltr'>e.</span> <span class='ocrx_word' id='word_1_771' title='bbox 553 3254 768 3293; x_wconf 88' lang='lat' dir='ltr'>Deprehensam.</span> <span class='ocrx_word' id='word_1_772' title='bbox 833 3291 839 3297; x_wconf 41' lang='grc' dir='ltr'>ι</span> 
     </span>
     <span class='ocr_line' id='line_1_83' title="bbox 123 3286 1249 3333; baseline -0.004 -7"><span class='ocrx_word' id='word_1_773' title='bbox 123 3295 274 3327; x_wconf 83' lang='lat' dir='ltr'>Manifesto</span> <span class='ocrx_word' id='word_1_774' title='bbox 285 3300 555 3333; x_wconf 76' lang='lat' dir='ltr'>compertunratque</span> <span class='ocrx_word' id='word_1_775' title='bbox 565 3292 771 3332; x_wconf 82' lang='lat' dir='ltr'>deprehensum</span> <span class='ocrx_word' id='word_1_776' title='bbox 785 3291 903 3320; x_wconf 68' lang='lat' dir='ltr'>facinus.</span> <span class='ocrx_word' id='word_1_777' title='bbox 942 3286 977 3320; x_wconf 79' lang='lat' dir='ltr'>In</span> <span class='ocrx_word' id='word_1_778' title='bbox 995 3301 1018 3320; x_wconf 90' lang='lat' dir='ltr'>M</span> <span class='ocrx_word' id='word_1_779' title='bbox 1027 3300 1046 3319; x_wconf 85' lang='lat' dir='ltr'>A</span> <span class='ocrx_word' id='word_1_780' title='bbox 1055 3300 1077 3319; x_wconf 84' lang='grc' dir='ltr'><strong>Ν</strong></span> <span class='ocrx_word' id='word_1_781' title='bbox 1085 3297 1097 3319; x_wconf 84' lang='lat'>1</span> <span class='ocrx_word' id='word_1_782' title='bbox 1105 3301 1120 3319; x_wconf 72' lang='grc' dir='ltr'>ι»</span> <span class='ocrx_word' id='word_1_783' title='bbox 1127 3299 1142 3319; x_wconf 71' lang='lat' dir='ltr'>e</span> <span class='ocrx_word' id='word_1_784' title='bbox 1151 3300 1164 3320; x_wconf 91' lang='lat' dir='ltr'>s</span> <span class='ocrx_word' id='word_1_785' title='bbox 1172 3299 1192 3319; x_wconf 77' lang='grc' dir='ltr'>τ</span> <span class='ocrx_word' id='word_1_786' title='bbox 1200 3300 1220 3320; x_wconf 87' lang='lat' dir='ltr'>u</span> <span class='ocrx_word' id='word_1_787' title='bbox 1227 3300 1249 3321; x_wconf 81' lang='lat' dir='ltr'>s.</span> 
     </span>
    </p>

    <p class='ocr_par' dir='ltr' id='par_1_21' title="bbox 35 3327 1253 3410">
     <span class='ocr_line' id='line_1_84' title="bbox 35 3327 1253 3371; baseline -0.004 -7"><span class='ocrx_word' id='word_1_788' title='bbox 35 3355 45 3357; x_wconf 23' lang='grc' dir='ltr'>μ</span> <span class='ocrx_word' id='word_1_789' title='bbox 121 3334 278 3371; x_wconf 78' lang='lat' dir='ltr'>Cognitum</span> <span class='ocrx_word' id='word_1_790' title='bbox 289 3335 315 3363; x_wconf 67' lang='grc' dir='ltr'>ἃ</span> <span class='ocrx_word' id='word_1_791' title='bbox 325 3339 502 3370; x_wconf 83' lang='lat' dir='ltr'>compertum</span> <span class='ocrx_word' id='word_1_792' title='bbox 511 3332 624 3362; x_wconf 82' lang='lat' dir='ltr'>habere.</span> <span class='ocrx_word' id='word_1_793' title='bbox 662 3331 723 3360; x_wconf 87' lang='lat' dir='ltr'>Cic.</span> <span class='ocrx_word' id='word_1_794' title='bbox 738 3339 791 3368; x_wconf 86' lang='lat' dir='ltr'>pro</span> <span class='ocrx_word' id='word_1_795' title='bbox 805 3329 916 3358; x_wconf 83' lang='lat' dir='ltr'>Cluent.</span> <span class='ocrx_word' id='word_1_796' title='bbox 931 3336 993 3365; x_wconf 70' lang='lat'>131.</span> <span class='ocrx_word' id='word_1_797' title='bbox 1026 3327 1106 3358; x_wconf 81' lang='lat' dir='ltr'>Nihil</span> <span class='ocrx_word' id='word_1_798' title='bbox 1117 3327 1190 3366; x_wconf 86' lang='lat' dir='ltr'>ipsos</span> <span class='ocrx_word' id='word_1_799' title='bbox 1204 3329 1253 3359; x_wconf 85' lang='lat' dir='ltr'>ha-</span> 
     </span>
     <span class='ocr_line' id='line_1_85' title="bbox 45 3370 1166 3410; baseline -0.006 -8"><span class='ocrx_word' id='word_1_800' title='bbox 45 3375 47 3380; x_wconf 89' lang='lat'>&#39;</span> <span class='ocrx_word' id='word_1_801' title='bbox 144 3371 232 3401; x_wconf 81' lang='lat' dir='ltr'>buiss&#39;e</span> <span class='ocrx_word' id='word_1_802' title='bbox 242 3371 364 3409; x_wconf 80' lang='lat' dir='ltr'>cogniti,</span> <span class='ocrx_word' id='word_1_803' title='bbox 387 3370 457 3400; x_wconf 87' lang='lat' dir='ltr'>nibil</span> <span class='ocrx_word' id='word_1_804' title='bbox 466 3370 614 3408; x_wconf 86' lang='lat' dir='ltr'>comperti.</span> <span class='ocrx_word' id='word_1_805' title='bbox 864 3403 870 3410; x_wconf 49' lang='grc'><strong><em>.</em></strong></span> <span class='ocrx_word' id='word_1_806' title='bbox 1163 3399 1166 3401; x_wconf 19' lang='grc' dir='ltr'><strong>Α</strong></span> 
     </span>
    </p>

    <p class='ocr_par' dir='ltr' id='par_1_22' title="bbox 38 3403 1248 3483">
     <span class='ocr_line' id='line_1_86' title="bbox 38 3403 1248 3448; baseline -0.004 -8"><span class='ocrx_word' id='word_1_807' title='bbox 38 3420 40 3422; x_wconf 70' lang='grc'>’</span> <span class='ocrx_word' id='word_1_808' title='bbox 123 3406 195 3440; x_wconf 80' lang='lat' dir='ltr'>Fine</span> <span class='ocrx_word' id='word_1_809' title='bbox 209 3415 354 3448; x_wconf 84' lang='lat' dir='ltr'>comperto</span> <span class='ocrx_word' id='word_1_810' title='bbox 364 3408 485 3447; x_wconf 83' lang='lat' dir='ltr'>Augusti.</span> <span class='ocrx_word' id='word_1_811' title='bbox 522 3409 542 3439; x_wconf 90' lang='lat' dir='ltr'>i.</span> <span class='ocrx_word' id='word_1_812' title='bbox 555 3418 579 3438; x_wconf 87' lang='lat' dir='ltr'>e.</span> <span class='ocrx_word' id='word_1_813' title='bbox 597 3406 742 3445; x_wconf 71' lang='lat' dir='ltr'>Perspecta</span> <span class='ocrx_word' id='word_1_814' title='bbox 755 3406 998 3442; x_wconf 83' lang='lat' dir='ltr'>&amp;cognitamorte</span> <span class='ocrx_word' id='word_1_815' title='bbox 1013 3403 1135 3442; x_wconf 83' lang='lat' dir='ltr'>Augusti.</span> <span class='ocrx_word' id='word_1_816' title='bbox 1157 3403 1248 3435; x_wconf 62' lang='lat' dir='ltr'>Tacit.</span> 
     </span>
     <span class='ocr_line' id='line_1_87' title="bbox 146 3448 314 3483; baseline 0 -6"><span class='ocrx_word' id='word_1_817' title='bbox 146 3457 173 3478; x_wconf 83' lang='lat'>2.</span> <span class='ocrx_word' id='word_1_818' title='bbox 185 3448 257 3477; x_wconf 78' lang='lat' dir='ltr'>Arm.</span> <span class='ocrx_word' id='word_1_819' title='bbox 289 3458 314 3483; x_wconf 82' lang='lat'>9.</span> 
     </span>
    </p>

    <p class='ocr_par' dir='ltr' id='par_1_23' title="bbox 123 3457 708 3523">
     <span class='ocr_line' id='line_1_88' title="bbox 123 3457 708 3523; baseline -0.005 -8"><span class='ocrx_word' id='word_1_820' title='bbox 123 3485 230 3522; x_wconf 70' lang='lat' dir='ltr'>injuria</span> <span class='ocrx_word' id='word_1_821' title='bbox 240 3457 392 3523; x_wconf 70' lang='lat' dir='ltr'>coinperta.</span> <span class='ocrx_word' id='word_1_822' title='bbox 415 3484 484 3515; x_wconf 82' lang='lat' dir='ltr'>Stat.</span> <span class='ocrx_word' id='word_1_823' title='bbox 493 3492 520 3513; x_wconf 87' lang='lat'>2.</span> <span class='ocrx_word' id='word_1_824' title='bbox 533 3483 631 3514; x_wconf 81' lang='lat' dir='ltr'>Achill.</span> <span class='ocrx_word' id='word_1_825' title='bbox 643 3488 708 3519; x_wconf 83' lang='lat'>238.</span> 
     </span>
    </p>

    <p class='ocr_par' dir='ltr' id='par_1_24' title="bbox 122 3518 938 3561">
     <span class='ocr_line' id='line_1_89' title="bbox 122 3518 938 3561; baseline -0.009 -8"><span class='ocrx_word' id='word_1_826' title='bbox 122 3522 237 3553; x_wconf 73' lang='lat' dir='ltr'>Utilitas</span> <span class='ocrx_word' id='word_1_827' title='bbox 248 3529 400 3561; x_wconf 73' lang='lat' dir='ltr'>comperta.</span> <span class='ocrx_word' id='word_1_828' title='bbox 422 3522 507 3553; x_wconf 89' lang='lat' dir='ltr'>Ovid.</span> <span class='ocrx_word' id='word_1_829' title='bbox 520 3531 544 3552; x_wconf 89' lang='lat'>1.</span> <span class='ocrx_word' id='word_1_830' title='bbox 558 3522 627 3551; x_wconf 87' lang='lat' dir='ltr'>Fast.</span> <span class='ocrx_word' id='word_1_831' title='bbox 638 3530 702 3558; x_wconf 83' lang='lat'>273.</span> <span class='ocrx_word' id='word_1_832' title='bbox 738 3519 774 3550; x_wconf 89' lang='lat' dir='ltr'>al.</span> <span class='ocrx_word' id='word_1_833' title='bbox 796 3518 938 3555; x_wconf 83' lang='lat' dir='ltr'>Percepta.</span> 
     </span>
    </p>

    <p class='ocr_par' dir='ltr' id='par_1_25' title="bbox 122 3555 1251 3712">
     <span class='ocr_line' id='line_1_90' title="bbox 122 3555 1251 3599; baseline -0.007 -8"><span class='ocrx_word' id='word_1_834' title='bbox 122 3561 233 3598; x_wconf 70' lang='lat' dir='ltr'>Flagitii</span> <span class='ocrx_word' id='word_1_835' title='bbox 243 3567 403 3599; x_wconf 85' lang='lat' dir='ltr'>compertus</span> <span class='ocrx_word' id='word_1_836' title='bbox 413 3561 508 3590; x_wconf 90' lang='lat' dir='ltr'>homo.</span> <span class='ocrx_word' id='word_1_837' title='bbox 548 3559 639 3589; x_wconf 80' lang='lat' dir='ltr'>Tacit.</span> <span class='ocrx_word' id='word_1_838' title='bbox 653 3569 676 3588; x_wconf 80' lang='lat' dir='ltr'>r.</span> <span class='ocrx_word' id='word_1_839' title='bbox 690 3559 759 3588; x_wconf 85' lang='lat' dir='ltr'>Ann.</span> <span class='ocrx_word' id='word_1_840' title='bbox 774 3565 799 3593; x_wconf 86' lang='lat'>3.</span> <span class='ocrx_word' id='word_1_841' title='bbox 831 3556 902 3586; x_wconf 86' lang='lat' dir='ltr'>Nam</span> <span class='ocrx_word' id='word_1_842' title='bbox 919 3555 1015 3585; x_wconf 79' lang='lat' dir='ltr'>&#39;senem</span> <span class='ocrx_word' id='word_1_843' title='bbox 1033 3555 1183 3593; x_wconf 80' lang='lat' dir='ltr'>Augustum</span> <span class='ocrx_word' id='word_1_844' title='bbox 1202 3556 1251 3586; x_wconf 85' lang='lat' dir='ltr'>de..</span> 
     </span>
     <span class='ocr_line' id='line_1_91' title="bbox 141 3593 1250 3635; baseline -0.005 -6"><span class='ocrx_word' id='word_1_845' title='bbox 141 3600 270 3629; x_wconf 77' lang='lat' dir='ltr'>vinxerat</span> <span class='ocrx_word' id='word_1_846' title='bbox 279 3599 370 3635; x_wconf 85' lang='lat' dir='ltr'>adeo,</span> <span class='ocrx_word' id='word_1_847' title='bbox 390 3600 443 3629; x_wconf 74' lang='grc' dir='ltr'><strong>διο.</strong></span> <span class='ocrx_word' id='word_1_848' title='bbox 465 3597 563 3627; x_wconf 89' lang='lat' dir='ltr'>rudem</span> <span class='ocrx_word' id='word_1_849' title='bbox 578 3596 644 3627; x_wconf 82' lang='lat' dir='ltr'>sane</span> <span class='ocrx_word' id='word_1_850' title='bbox 663 3597 799 3626; x_wconf 80' lang='lat' dir='ltr'>bonarum</span> <span class='ocrx_word' id='word_1_851' title='bbox 817 3595 915 3624; x_wconf 82' lang='lat' dir='ltr'>artium</span> <span class='ocrx_word' id='word_1_852' title='bbox 928 3615 937 3629; x_wconf 83' lang='lat'><strong>‚</strong></span> <span class='ocrx_word' id='word_1_853' title='bbox 959 3594 986 3623; x_wconf 74' lang='grc' dir='ltr'>δι</span> <span class='ocrx_word' id='word_1_854' title='bbox 1003 3593 1103 3622; x_wconf 85' lang='lat' dir='ltr'>robore</span> <span class='ocrx_word' id='word_1_855' title='bbox 1124 3596 1250 3632; x_wconf 86' lang='lat' dir='ltr'>corporis</span> 
     </span>
     <span class='ocr_line' id='line_1_92' title="bbox 140 3631 1249 3672; baseline -0.005 -5"><span class='ocrx_word' id='word_1_856' title='bbox 140 3636 243 3667; x_wconf 68' lang='lat' dir='ltr'>stolide</span> <span class='ocrx_word' id='word_1_857' title='bbox 255 3637 393 3672; x_wconf 82' lang='lat' dir='ltr'>ferocem,</span> <span class='ocrx_word' id='word_1_858' title='bbox 411 3636 516 3666; x_wconf 85' lang='lat' dir='ltr'>nullius</span> <span class='ocrx_word' id='word_1_859' title='bbox 529 3644 624 3665; x_wconf 84' lang='lat' dir='ltr'>tamen</span> <span class='ocrx_word' id='word_1_860' title='bbox 632 3634 925 3671; x_wconf 78' lang='lat' dir='ltr'>flagitiicompertum.</span> <span class='ocrx_word' id='word_1_861' title='bbox 965 3641 983 3660; x_wconf 86' lang='grc' dir='ltr'><strong>ι.</strong></span> <span class='ocrx_word' id='word_1_862' title='bbox 993 3640 1018 3660; x_wconf 90' lang='lat' dir='ltr'>e.</span> <span class='ocrx_word' id='word_1_863' title='bbox 1040 3631 1136 3668; x_wconf 78' lang='lat' dir='ltr'>Quem</span> <span class='ocrx_word' id='word_1_864' title='bbox 1153 3639 1249 3662; x_wconf 85' lang='lat' dir='ltr'>tamen</span> 
     </span>
     <span class='ocr_line' id='line_1_93' title="bbox 143 3671 1135 3712; baseline -0.007 -7"><span class='ocrx_word' id='word_1_865' title='bbox 143 3674 260 3712; x_wconf 83' lang='lat' dir='ltr'>aliquod</span> <span class='ocrx_word' id='word_1_866' title='bbox 269 3675 407 3712; x_wconf 72' lang='lat' dir='ltr'>flagitium</span> <span class='ocrx_word' id='word_1_867' title='bbox 416 3672 551 3704; x_wconf 80' lang='lat' dir='ltr'>admififfe</span> <span class='ocrx_word' id='word_1_868' title='bbox 562 3683 619 3702; x_wconf 87' lang='lat' dir='ltr'>non</span> <span class='ocrx_word' id='word_1_869' title='bbox 633 3671 778 3701; x_wconf 88' lang='lat' dir='ltr'>constabat</span> <span class='ocrx_word' id='word_1_870' title='bbox 786 3693 794 3706; x_wconf 89' lang='lat'><strong>‚</strong></span> <span class='ocrx_word' id='word_1_871' title='bbox 818 3680 872 3699; x_wconf 90' lang='lat' dir='ltr'>nec</span> <span class='ocrx_word' id='word_1_872' title='bbox 882 3675 1058 3706; x_wconf 82' lang='lat' dir='ltr'>compertum</span> <span class='ocrx_word' id='word_1_873' title='bbox 1069 3677 1135 3699; x_wconf 83' lang='lat' dir='ltr'>erat.</span> 
     </span>
    </p>
   </div>
   <div class='ocr_carea' id='block_1_6' title="bbox 121 3707 1250 3751">
    <p class='ocr_par' dir='ltr' id='par_1_26' title="bbox 121 3707 1250 3751">
     <span class='ocr_line' id='line_1_94' title="bbox 121 3707 1250 3751; baseline -0.004 -7"><span class='ocrx_word' id='word_1_874' title='bbox 121 3713 221 3751; x_wconf 73' lang='lat' dir='ltr'>Stupri</span> <span class='ocrx_word' id='word_1_875' title='bbox 229 3719 398 3750; x_wconf 87' lang='lat' dir='ltr'>compertus.</span> <span class='ocrx_word' id='word_1_876' title='bbox 429 3712 487 3742; x_wconf 93' lang='lat' dir='ltr'>Liv.</span> <span class='ocrx_word' id='word_1_877' title='bbox 500 3720 545 3741; x_wconf 86' lang='lat'>22.</span> <span class='ocrx_word' id='word_1_878' title='bbox 557 3721 600 3748; x_wconf 78' lang='lat'>57.</span> <span class='ocrx_word' id='word_1_879' title='bbox 622 3710 698 3740; x_wconf 88' lang='lat' dir='ltr'>Tum</span> <span class='ocrx_word' id='word_1_880' title='bbox 708 3709 786 3746; x_wconf 89' lang='lat' dir='ltr'>quod</span> <span class='ocrx_word' id='word_1_881' title='bbox 795 3708 858 3738; x_wconf 91' lang='lat' dir='ltr'>duae</span> <span class='ocrx_word' id='word_1_882' title='bbox 869 3707 988 3737; x_wconf 86' lang='lat' dir='ltr'>Vestales</span> <span class='ocrx_word' id='word_1_883' title='bbox 997 3714 1032 3736; x_wconf 90' lang='lat' dir='ltr'>eo</span> <span class='ocrx_word' id='word_1_884' title='bbox 1044 3710 1119 3737; x_wconf 74' lang='lat' dir='ltr'>anno</span> <span class='ocrx_word' id='word_1_885' title='bbox 1132 3707 1250 3746; x_wconf 77' lang='lat' dir='ltr'>Opimia</span> 
     </span>
    </p>
   </div>
   <div class='ocr_carea' id='block_1_7' title="bbox 0 2245 1251 3978">
    <p class='ocr_par' dir='ltr' id='par_1_27' title="bbox 0 2245 1251 3978">
     <span class='ocr_line' id='line_1_95' title="bbox 0 2245 8 2277; baseline 0 0"><span class='ocrx_word' id='word_1_886' title='bbox 0 2245 8 2277; x_wconf 68' lang='lat' dir='ltr'>l</span> 
     </span>
     <span class='ocr_line' id='line_1_96' title="bbox 0 2283 6 2312; baseline 0 0"><span class='ocrx_word' id='word_1_887' title='bbox 0 2283 6 2312; x_wconf 78' lang='grc' dir='ltr'>Ι</span> 
     </span>
     <span class='ocr_line' id='line_1_97' title="bbox 0 3597 2 3615; baseline 0 0"><span class='ocrx_word' id='word_1_888' title='bbox 0 3597 2 3615; x_wconf 82' lang='lat' dir='ltr'>l</span> 
     </span>
     <span class='ocr_line' id='line_1_98' title="bbox 0 3623 2 3636; baseline 0 0"><span class='ocrx_word' id='word_1_889' title='bbox 0 3623 2 3636; x_wconf 77' lang='lat' dir='ltr'>l</span> 
     </span>
     <span class='ocr_line' id='line_1_99' title="bbox 145 3749 625 3788; baseline -0.004 -8"><span class='ocrx_word' id='word_1_890' title='bbox 145 3757 228 3788; x_wconf 89' lang='lat' dir='ltr'>atque</span> <span class='ocrx_word' id='word_1_891' title='bbox 235 3749 365 3780; x_wconf 70' lang='lat' dir='ltr'>Floronia</span> <span class='ocrx_word' id='word_1_892' title='bbox 373 3751 455 3788; x_wconf 82' lang='lat' dir='ltr'>stupri</span> <span class='ocrx_word' id='word_1_893' title='bbox 467 3756 625 3787; x_wconf 84' lang='lat' dir='ltr'>compertae.</span> 
     </span>
     <span class='ocr_line' id='line_1_100' title="bbox 122 3782 1249 3827; baseline -0.004 -8"><span class='ocrx_word' id='word_1_894' title='bbox 122 3787 308 3827; x_wconf 76' lang='lat' dir='ltr'>Compei-tus,</span> <span class='ocrx_word' id='word_1_895' title='bbox 328 3797 395 3818; x_wconf 89' lang='lat' dir='ltr'>cum</span> <span class='ocrx_word' id='word_1_896' title='bbox 413 3788 555 3817; x_wconf 79' lang='lat' dir='ltr'>infinitivo</span> <span class='ocrx_word' id='word_1_897' title='bbox 574 3785 649 3824; x_wconf 89' lang='lat' dir='ltr'>apud</span> <span class='ocrx_word' id='word_1_898' title='bbox 667 3786 782 3815; x_wconf 89' lang='lat' dir='ltr'>Sueton.</span> <span class='ocrx_word' id='word_1_899' title='bbox 808 3783 918 3821; x_wconf 81' lang='lat' dir='ltr'>August.</span> <span class='ocrx_word' id='word_1_900' title='bbox 940 3789 1002 3821; x_wconf 85' lang='lat' dir='ltr'>cap.</span> <span class='ocrx_word' id='word_1_901' title='bbox 1022 3786 1068 3820; x_wconf 76' lang='lat'>67.</span> <span class='ocrx_word' id='word_1_902' title='bbox 1100 3782 1249 3814; x_wconf 87' lang='lat' dir='ltr'>Proculum</span> 
     </span>
     <span class='ocr_line' id='line_1_101' title="bbox 142 3821 1251 3864; baseline -0.008 -7"><span class='ocrx_word' id='word_1_903' title='bbox 142 3836 182 3857; x_wconf 82' lang='lat' dir='ltr'>&#39;ex</span> <span class='ocrx_word' id='word_1_904' title='bbox 199 3825 394 3864; x_wconf 71' lang='lat' dir='ltr'>acceptissimis</span> <span class='ocrx_word' id='word_1_905' title='bbox 409 3826 516 3856; x_wconf 87' lang='lat' dir='ltr'>libertis</span> <span class='ocrx_word' id='word_1_906' title='bbox 535 3827 607 3855; x_wconf 89' lang='lat' dir='ltr'>mori</span> <span class='ocrx_word' id='word_1_907' title='bbox 625 3824 734 3862; x_wconf 83' lang='lat' dir='ltr'>coegit,</span> <span class='ocrx_word' id='word_1_908' title='bbox 763 3828 939 3859; x_wconf 78' lang='lat' dir='ltr'>compertum</span> <span class='ocrx_word' id='word_1_909' title='bbox 959 3821 1117 3851; x_wconf 79' lang='lat' dir='ltr'>adulterare</span> <span class='ocrx_word' id='word_1_910' title='bbox 1147 3830 1251 3852; x_wconf 76' lang='lat' dir='ltr'>matro-</span> 
     </span>
     <span class='ocr_line' id='line_1_102' title="bbox 123 3871 1248 3940; baseline -0.004 -7"><span class='ocrx_word' id='word_1_911' title='bbox 123 3871 296 3940; x_wconf 42' lang='lat' dir='ltr'>(gisberto,</span> <span class='ocrx_word' id='word_1_912' title='bbox 316 3892 447 3932; x_wconf 66' lang='lat' dir='ltr'>absolute.</span> <span class='ocrx_word' id='word_1_913' title='bbox 488 3901 506 3931; x_wconf 90' lang='lat' dir='ltr'>i.</span> <span class='ocrx_word' id='word_1_914' title='bbox 515 3910 543 3931; x_wconf 82' lang='lat' dir='ltr'>e.</span> <span class='ocrx_word' id='word_1_915' title='bbox 566 3899 663 3938; x_wconf 79' lang='lat' dir='ltr'>Quum</span> <span class='ocrx_word' id='word_1_916' title='bbox 679 3904 856 3936; x_wconf 84' lang='lat' dir='ltr'>compertum</span> <span class='ocrx_word' id='word_1_917' title='bbox 878 3896 953 3927; x_wconf 86' lang='lat' dir='ltr'>esset.</span> <span class='ocrx_word' id='word_1_918' title='bbox 976 3891 1066 3927; x_wconf 86' lang='lat' dir='ltr'>Tacit.</span> <span class='ocrx_word' id='word_1_919' title='bbox 1075 3908 1102 3931; x_wconf 79' lang='lat'>4.</span> <span class='ocrx_word' id='word_1_920' title='bbox 1117 3896 1248 3933; x_wconf 81' lang='lat' dir='ltr'>Ann.63-.</span> 
     </span>
     <span class='ocr_line' id='line_1_103' title="bbox 145 3934 1248 3978; baseline -0.007 -8"><span class='ocrx_word' id='word_1_921' title='bbox 145 3941 246 3977; x_wconf 87' lang='lat' dir='ltr'>Neque</span> <span class='ocrx_word' id='word_1_922' title='bbox 263 3938 331 3969; x_wconf 87' lang='lat' dir='ltr'>dum</span> <span class='ocrx_word' id='word_1_923' title='bbox 354 3945 520 3978; x_wconf 82' lang='lat' dir='ltr'>comperto,</span> <span class='ocrx_word' id='word_1_924' title='bbox 549 3948 618 3975; x_wconf 87' lang='lat' dir='ltr'>quos</span> <span class='ocrx_word' id='word_1_925' title='bbox 645 3937 693 3967; x_wconf 91' lang='lat' dir='ltr'>illa</span> <span class='ocrx_word' id='word_1_926' title='bbox 723 3937 764 3966; x_wconf 90' lang='lat' dir='ltr'>vis</span> <span class='ocrx_word' id='word_1_927' title='bbox 789 3935 956 3974; x_wconf 79' lang='lat' dir='ltr'>perculiffet.</span> <span class='ocrx_word' id='word_1_928' title='bbox 998 3934 1055 3964; x_wconf 90' lang='lat' dir='ltr'>Liv.</span> <span class='ocrx_word' id='word_1_929' title='bbox 1071 3934 1120 3963; x_wconf 91' lang='lat' dir='ltr'>lib.</span> <span class='ocrx_word' id='word_1_930' title='bbox 1138 3944 1182 3970; x_wconf 69' lang='grc' dir='ltr'><strong>μ.</strong></span> <span class='ocrx_word' id='word_1_931' title='bbox 1204 3942 1248 3970; x_wconf 59' lang='grc'><strong>39.</strong></span> 
     </span>
    </p>
   </div>
   <div class='ocr_carea' id='block_1_8' title="bbox 141 3971 1251 4053">
    <p class='ocr_par' dir='ltr' id='par_1_28' title="bbox 141 3971 1251 4053">
     <span class='ocr_line' id='line_1_104' title="bbox 142 3971 1251 4015; baseline -0.007 -6"><span class='ocrx_word' id='word_1_932' title='bbox 142 3977 214 4009; x_wconf 54' lang='lat' dir='ltr'>{nde</span> <span class='ocrx_word' id='word_1_933' title='bbox 222 3978 285 4008; x_wconf 87' lang='lat' dir='ltr'>satis</span> <span class='ocrx_word' id='word_1_934' title='bbox 293 3986 448 4015; x_wconf 83' lang='lat' dir='ltr'>comperto,</span> <span class='ocrx_word' id='word_1_935' title='bbox 461 3977 604 4008; x_wconf 75' lang='lat' dir='ltr'>Eordaeam</span> <span class='ocrx_word' id='word_1_936' title='bbox 616 3976 752 4014; x_wconf 91' lang='lat' dir='ltr'>petituros</span> <span class='ocrx_word' id='word_1_937' title='bbox 766 3973 917 4003; x_wconf 85' lang='lat' dir='ltr'>Romanos.</span> <span class='ocrx_word' id='word_1_938' title='bbox 951 3972 1106 4009; x_wconf 83' lang='lat' dir='ltr'>Jabolenus</span> <span class='ocrx_word' id='word_1_939' title='bbox 1116 3973 1146 4001; x_wconf 91' lang='lat' dir='ltr'>in</span> <span class='ocrx_word' id='word_1_940' title='bbox 1154 3971 1173 4002; x_wconf 88' lang='lat' dir='ltr'>l.</span> <span class='ocrx_word' id='word_1_941' title='bbox 1185 3972 1251 4002; x_wconf 83' lang='lat' dir='ltr'>Pan-</span> 
     </span>
     <span class='ocr_line' id='line_1_105' title="bbox 141 4009 1250 4053; baseline -0.003 -7"><span class='ocrx_word' id='word_1_942' title='bbox 141 4016 246 4047; x_wconf 64' lang='lat' dir='ltr'>tonius.</span> <span class='ocrx_word' id='word_1_943' title='bbox 268 4017 292 4053; x_wconf 73' lang='lat'>§-</span> <span class='ocrx_word' id='word_1_944' title='bbox 306 4016 356 4047; x_wconf 81' lang='lat' dir='ltr'>Pro</span> <span class='ocrx_word' id='word_1_945' title='bbox 366 4015 457 4046; x_wconf 81' lang='lat' dir='ltr'>baered</span> <span class='ocrx_word' id='word_1_946' title='bbox 462 4025 487 4046; x_wconf 85' lang='lat' dir='ltr'>e.</span> <span class='ocrx_word' id='word_1_947' title='bbox 502 4015 538 4046; x_wconf 91' lang='lat' dir='ltr'>D.</span> <span class='ocrx_word' id='word_1_948' title='bbox 547 4015 585 4046; x_wconf 88' lang='lat' dir='ltr'>de</span> <span class='ocrx_word' id='word_1_949' title='bbox 595 4013 763 4053; x_wconf 82' lang='lat' dir='ltr'>acquirenda</span> <span class='ocrx_word' id='word_1_950' title='bbox 773 4012 944 4043; x_wconf 70' lang='lat' dir='ltr'>haereditate.</span> <span class='ocrx_word' id='word_1_951' title='bbox 964 4011 1016 4042; x_wconf 68' lang='lat' dir='ltr'>Pro</span> <span class='ocrx_word' id='word_1_952' title='bbox 1026 4010 1136 4042; x_wconf 73' lang='lat' dir='ltr'>haerede</span> <span class='ocrx_word' id='word_1_953' title='bbox 1142 4009 1250 4048; x_wconf 70' lang='lat' dir='ltr'>gessisse</span> 
     </span>
    </p>
   </div>
   <div class='ocr_carea' id='block_1_9' title="bbox 1693 178 2466 229">
    <p class='ocr_par' dir='ltr' id='par_1_29' title="bbox 1693 178 2466 229">
     <span class='ocr_line' id='line_1_106' title="bbox 1693 178 2466 229; baseline 0.009 -15"><span class='ocrx_word' id='word_1_954' title='bbox 1693 178 1723 214; x_wconf 92' lang='lat' dir='ltr'>C</span> <span class='ocrx_word' id='word_1_955' title='bbox 1820 179 1856 216; x_wconf 85' lang='lat' dir='ltr'>O</span> <span class='ocrx_word' id='word_1_956' title='bbox 1948 178 1988 215; x_wconf 85' lang='grc' dir='ltr'><strong>Μ</strong></span> <span class='ocrx_word' id='word_1_957' title='bbox 2397 193 2466 229; x_wconf 76' lang='grc' dir='ltr'>6ος</span> 
     </span>
    </p>
   </div>
   <div class='ocr_carea' id='block_1_10' title="bbox 1307 259 2486 4089">
    <p class='ocr_par' dir='ltr' id='par_1_30' title="bbox 1365 259 2471 327">
     <span class='ocr_line' id='line_1_107' title="bbox 1365 259 2471 327; baseline 0.007 -39"><span class='ocrx_word' id='word_1_958' title='bbox 1365 260 1452 327; x_wconf 37' lang='lat' dir='ltr'>sigium</span> <span class='ocrx_word' id='word_1_959' title='bbox 1466 260 1591 299; x_wconf 81' lang='lat' dir='ltr'>placuit,</span> <span class='ocrx_word' id='word_1_960' title='bbox 1611 261 1658 299; x_wconf 90' lang='lat' dir='ltr'>qui</span> <span class='ocrx_word' id='word_1_961' title='bbox 1671 261 1812 295; x_wconf 81' lang='lat' dir='ltr'>moriens,</span> <span class='ocrx_word' id='word_1_962' title='bbox 1834 266 1981 299; x_wconf 81' lang='lat' dir='ltr'>comperto</span> <span class='ocrx_word' id='word_1_963' title='bbox 1995 269 2113 290; x_wconf 82' lang='lat' dir='ltr'>matrem</span> <span class='ocrx_word' id='word_1_964' title='bbox 2125 259 2200 291; x_wconf 79' lang='lat' dir='ltr'>suam</span> <span class='ocrx_word' id='word_1_965' title='bbox 2214 261 2367 294; x_wconf 71' lang='lat' dir='ltr'>intestatum</span> <span class='ocrx_word' id='word_1_966' title='bbox 2378 264 2471 296; x_wconf 68' lang='lat' dir='ltr'>deces—</span> 
     </span>
    </p>

    <p class='ocr_par' dir='ltr' id='par_1_31' title="bbox 1367 302 1517 333">
     <span class='ocr_line' id='line_1_108' title="bbox 1367 302 1517 333; baseline 0.007 -7"><span class='ocrx_word' id='word_1_967' title='bbox 1367 302 1392 326; x_wconf 78' lang='lat' dir='ltr'>.1i</span> <span class='ocrx_word' id='word_1_968' title='bbox 1408 310 1422 327; x_wconf 77' lang='lat' dir='ltr'>c</span> <span class='ocrx_word' id='word_1_969' title='bbox 1435 321 1444 333; x_wconf 78' lang='lat'>,</span> <span class='ocrx_word' id='word_1_970' title='bbox 1466 303 1517 329; x_wconf 56' lang='grc' dir='ltr'>ἃς.</span> 
     </span>
    </p>

    <p class='ocr_par' dir='ltr' id='par_1_32' title="bbox 1346 335 1946 373">
     <span class='ocr_line' id='line_1_109' title="bbox 1346 335 1946 373; baseline 0 -9"><span class='ocrx_word' id='word_1_971' title='bbox 1346 335 1484 366; x_wconf 72' lang='lat' dir='ltr'>Nuntiate</span> <span class='ocrx_word' id='word_1_972' title='bbox 1495 343 1646 373; x_wconf 75' lang='lat' dir='ltr'>comperta.</span> <span class='ocrx_word' id='word_1_973' title='bbox 1668 336 1760 367; x_wconf 88' lang='lat' dir='ltr'>Tacit.</span> <span class='ocrx_word' id='word_1_974' title='bbox 1774 345 1801 366; x_wconf 80' lang='lat'>2.</span> <span class='ocrx_word' id='word_1_975' title='bbox 1819 337 1888 365; x_wconf 78' lang='lat' dir='ltr'>Ann.</span> <span class='ocrx_word' id='word_1_976' title='bbox 1906 345 1946 364; x_wconf 87' lang='lat'>12.</span> 
     </span>
    </p>

    <p class='ocr_par' dir='ltr' id='par_1_33' title="bbox 1309 371 2470 488">
     <span class='ocr_line' id='line_1_110' title="bbox 1309 371 2470 439; baseline 0.003 -38"><span class='ocrx_word' id='word_1_977' title='bbox 1309 371 1358 402; x_wconf 92' lang='lat' dir='ltr'>Co</span> <span class='ocrx_word' id='word_1_978' title='bbox 1370 384 1412 439; x_wconf 51' lang='grc' dir='ltr'>»ἰὸν</span> <span class='ocrx_word' id='word_1_979' title='bbox 1424 384 1490 403; x_wconf 58' lang='lat' dir='ltr'>sm*</span> <span class='ocrx_word' id='word_1_980' title='bbox 1502 385 1515 404; x_wconf 74' lang='lat' dir='ltr'>r.</span> <span class='ocrx_word' id='word_1_981' title='bbox 1527 397 1536 409; x_wconf 90' lang='lat'>,</span> <span class='ocrx_word' id='word_1_982' title='bbox 1558 376 1625 405; x_wconf 77' lang='lat' dir='ltr'>Adv.</span> <span class='ocrx_word' id='word_1_983' title='bbox 1647 374 1718 404; x_wconf 81' lang='lat' dir='ltr'>Geli.</span> <span class='ocrx_word' id='word_1_984' title='bbox 1736 385 1760 404; x_wconf 88' lang='lat'>1.</span> <span class='ocrx_word' id='word_1_985' title='bbox 1773 384 1817 404; x_wconf 85' lang='lat'>22.</span> <span class='ocrx_word' id='word_1_986' title='bbox 1840 374 1979 411; x_wconf 77' lang='lat' dir='ltr'>Exquisite</span> <span class='ocrx_word' id='word_1_987' title='bbox 2001 374 2028 403; x_wconf 81' lang='lat'>&amp;</span> <span class='ocrx_word' id='word_1_988' title='bbox 2044 380 2188 412; x_wconf 85' lang='lat' dir='ltr'>comperte</span> <span class='ocrx_word' id='word_1_989' title='bbox 2205 374 2294 410; x_wconf 80' lang='lat' dir='ltr'>Julius</span> <span class='ocrx_word' id='word_1_990' title='bbox 2312 375 2409 406; x_wconf 86' lang='lat' dir='ltr'>Paulus</span> <span class='ocrx_word' id='word_1_991' title='bbox 2429 378 2470 409; x_wconf 79' lang='lat' dir='ltr'>di.</span> 
     </span>
     <span class='ocr_line' id='line_1_111' title="bbox 1347 418 1435 440; baseline 0.011 -1"><span class='ocrx_word' id='word_1_992' title='bbox 1347 419 1379 439; x_wconf 79' lang='lat' dir='ltr'>CC</span> <span class='ocrx_word' id='word_1_993' title='bbox 1402 418 1435 440; x_wconf 47' lang='lat' dir='ltr'>ab</span> 
     </span>
     <span class='ocr_line' id='line_1_112' title="bbox 1348 448 2352 488; baseline 0.003 -11"><span class='ocrx_word' id='word_1_994' title='bbox 1348 449 1479 486; x_wconf 83' lang='lat' dir='ltr'>Compar.</span> <span class='ocrx_word' id='word_1_995' title='bbox 1499 448 1578 479; x_wconf 75' lang='lat' dir='ltr'>idem</span> <span class='ocrx_word' id='word_1_996' title='bbox 1597 459 1619 478; x_wconf 90' lang='lat'>1.</span> <span class='ocrx_word' id='word_1_997' title='bbox 1634 459 1677 479; x_wconf 88' lang='lat'>11.</span> <span class='ocrx_word' id='word_1_998' title='bbox 1700 448 1756 486; x_wconf 91' lang='lat' dir='ltr'>Qui</span> <span class='ocrx_word' id='word_1_999' title='bbox 1768 450 1824 479; x_wconf 86' lang='lat' dir='ltr'>hoc</span> <span class='ocrx_word' id='word_1_1000' title='bbox 1838 450 2008 488; x_wconf 83' lang='lat' dir='ltr'>compertius</span> <span class='ocrx_word' id='word_1_1001' title='bbox 2017 450 2158 479; x_wconf 62' lang='lat' dir='ltr'>memoria*</span> <span class='ocrx_word' id='word_1_1002' title='bbox 2171 449 2352 481; x_wconf 84' lang='lat' dir='ltr'>tradiderunt.</span> 
     </span>
    </p>

    <p class='ocr_par' dir='ltr' id='par_1_34' title="bbox 1311 484 2473 674">
     <span class='ocr_line' id='line_1_113' title="bbox 1311 484 2473 524; baseline 0.003 -10"><span class='ocrx_word' id='word_1_1003' title='bbox 1311 484 1553 519; x_wconf 58' lang='lat' dir='ltr'>Communis,</span> <span class='ocrx_word' id='word_1_1004' title='bbox 1584 488 1614 516; x_wconf 88' lang='lat' dir='ltr'>is.</span> <span class='ocrx_word' id='word_1_1005' title='bbox 1639 497 1676 516; x_wconf 84' lang='lat' dir='ltr'>in.</span> <span class='ocrx_word' id='word_1_1006' title='bbox 1699 490 1725 517; x_wconf 65' lang='grc' dir='ltr'>ἅ</span> <span class='ocrx_word' id='word_1_1007' title='bbox 1747 489 1766 517; x_wconf 84' lang='lat' dir='ltr'>f.</span> <span class='ocrx_word' id='word_1_1008' title='bbox 1806 488 1928 521; x_wconf 81' lang='lat' dir='ltr'>dicitur,</span> <span class='ocrx_word' id='word_1_1009' title='bbox 1965 488 2077 517; x_wconf 56' lang='lat' dir='ltr'>auctore</span> <span class='ocrx_word' id='word_1_1010' title='bbox 2097 487 2174 516; x_wconf 88' lang='lat' dir='ltr'>Festo</span> <span class='ocrx_word' id='word_1_1011' title='bbox 2187 508 2195 521; x_wconf 90' lang='lat'>,</span> <span class='ocrx_word' id='word_1_1012' title='bbox 2235 488 2326 517; x_wconf 79' lang='lat' dir='ltr'>Homo</span> <span class='ocrx_word' id='word_1_1013' title='bbox 2345 490 2391 524; x_wconf 81' lang='lat' dir='ltr'>qui</span> <span class='ocrx_word' id='word_1_1014' title='bbox 2412 490 2473 520; x_wconf 79' lang='lat' dir='ltr'>lon.</span> 
     </span>
     <span class='ocr_line' id='line_1_114' title="bbox 1347 524 2472 565; baseline 0.004 -13"><span class='ocrx_word' id='word_1_1015' title='bbox 1347 524 1390 561; x_wconf 81' lang='lat' dir='ltr'>gis</span> <span class='ocrx_word' id='word_1_1016' title='bbox 1405 526 1442 553; x_wconf 84' lang='lat' dir='ltr'>est</span> <span class='ocrx_word' id='word_1_1017' title='bbox 1464 525 1599 562; x_wconf 81' lang='lat' dir='ltr'>pedibus,</span> <span class='ocrx_word' id='word_1_1018' title='bbox 1621 526 1647 554; x_wconf 77' lang='grc' dir='ltr'>ἃ</span> <span class='ocrx_word' id='word_1_1019' title='bbox 1663 525 1789 561; x_wconf 75' lang='lat' dir='ltr'>genubus</span> <span class='ocrx_word' id='word_1_1020' title='bbox 1810 525 1872 563; x_wconf 73' lang='lat' dir='ltr'>plus</span> <span class='ocrx_word' id='word_1_1021' title='bbox 1887 525 1958 559; x_wconf 74' lang='lat' dir='ltr'>justo</span> <span class='ocrx_word' id='word_1_1022' title='bbox 1974 526 2142 559; x_wconf 68' lang='lat' dir='ltr'>conjunctis.</span> <span class='ocrx_word' id='word_1_1023' title='bbox 2193 524 2316 561; x_wconf 85' lang='lat' dir='ltr'>Nonius,</span> <span class='ocrx_word' id='word_1_1024' title='bbox 2336 527 2472 565; x_wconf 79' lang='lat' dir='ltr'>Comper-</span> 
     </span>
     <span class='ocr_line' id='line_1_115' title="bbox 1347 562 2471 600; baseline 0.004 -10"><span class='ocrx_word' id='word_1_1025' title='bbox 1347 570 1398 590; x_wconf 89' lang='lat' dir='ltr'>nes</span> <span class='ocrx_word' id='word_1_1026' title='bbox 1411 583 1419 595; x_wconf 84' lang='lat'>,</span> <span class='ocrx_word' id='word_1_1027' title='bbox 1442 563 1573 592; x_wconf 80' lang='lat' dir='ltr'>dicuntur</span> <span class='ocrx_word' id='word_1_1028' title='bbox 1594 563 1684 598; x_wconf 79' lang='lat' dir='ltr'>longis</span> <span class='ocrx_word' id='word_1_1029' title='bbox 1708 563 1836 599; x_wconf 83' lang='lat' dir='ltr'>pedibus.</span> <span class='ocrx_word' id='word_1_1030' title='bbox 1878 563 1967 592; x_wconf 86' lang='lat' dir='ltr'>Lucil.</span> <span class='ocrx_word' id='word_1_1031' title='bbox 1987 563 2036 591; x_wconf 85' lang='lat' dir='ltr'>lib.</span> <span class='ocrx_word' id='word_1_1032' title='bbox 2052 572 2093 600; x_wconf 82' lang='lat'>17.</span> <span class='ocrx_word' id='word_1_1033' title='bbox 2110 564 2165 593; x_wconf 78' lang='lat' dir='ltr'>Sat.</span> <span class='ocrx_word' id='word_1_1034' title='bbox 2195 562 2402 600; x_wconf 87' lang='lat' dir='ltr'>Compernem,</span> <span class='ocrx_word' id='word_1_1035' title='bbox 2424 573 2471 595; x_wconf 82' lang='lat' dir='ltr'>aut</span> 
     </span>
     <span class='ocr_line' id='line_1_116' title="bbox 1348 600 2472 639; baseline 0.004 -11"><span class='ocrx_word' id='word_1_1036' title='bbox 1348 608 1442 628; x_wconf 76' lang='lat' dir='ltr'>varani</span> <span class='ocrx_word' id='word_1_1037' title='bbox 1460 600 1539 629; x_wconf 74' lang='lat' dir='ltr'>fuiffe</span> <span class='ocrx_word' id='word_1_1038' title='bbox 1559 600 1768 637; x_wconf 72' lang='lat' dir='ltr'>Amphitryonis</span> <span class='ocrx_word' id='word_1_1039' title='bbox 1785 601 1870 629; x_wconf 66' lang='lat' dir='ltr'>bircam</span> <span class='ocrx_word' id='word_1_1040' title='bbox 1884 623 1891 634; x_wconf 83' lang='lat'>,</span> <span class='ocrx_word' id='word_1_1041' title='bbox 1912 603 1965 630; x_wconf 69' lang='lat' dir='ltr'>&amp;c</span> <span class='ocrx_word' id='word_1_1042' title='bbox 2004 600 2089 630; x_wconf 73' lang='lat' dir='ltr'>Plaur.</span> <span class='ocrx_word' id='word_1_1043' title='bbox 2104 611 2128 631; x_wconf 88' lang='grc' dir='ltr'>ι.</span> <span class='ocrx_word' id='word_1_1044' title='bbox 2148 601 2255 639; x_wconf 78' lang='lat' dir='ltr'>Fragm.</span> <span class='ocrx_word' id='word_1_1045' title='bbox 2269 611 2331 639; x_wconf 77' lang='lat'>²24·</span> <span class='ocrx_word' id='word_1_1046' title='bbox 2353 604 2406 632; x_wconf 76' lang='lat' dir='ltr'>Aut</span> <span class='ocrx_word' id='word_1_1047' title='bbox 2427 614 2472 633; x_wconf 83' lang='lat' dir='ltr'>va-</span> 
     </span>
     <span class='ocr_line' id='line_1_117' title="bbox 1349 638 2109 674; baseline 0.004 -9"><span class='ocrx_word' id='word_1_1048' title='bbox 1349 646 1408 665; x_wconf 84' lang='lat' dir='ltr'>rum</span> <span class='ocrx_word' id='word_1_1049' title='bbox 1421 659 1428 671; x_wconf 85' lang='lat'>,</span> <span class='ocrx_word' id='word_1_1050' title='bbox 1451 647 1497 666; x_wconf 84' lang='lat' dir='ltr'>aut</span> <span class='ocrx_word' id='word_1_1051' title='bbox 1509 638 1638 674; x_wconf 80' lang='lat' dir='ltr'>valgum,</span> <span class='ocrx_word' id='word_1_1052' title='bbox 1664 646 1711 666; x_wconf 78' lang='lat' dir='ltr'>aut</span> <span class='ocrx_word' id='word_1_1053' title='bbox 1725 647 1905 674; x_wconf 76' lang='lat' dir='ltr'>compernem</span> <span class='ocrx_word' id='word_1_1054' title='bbox 1918 660 1925 671; x_wconf 89' lang='lat'>,</span> <span class='ocrx_word' id='word_1_1055' title='bbox 1947 644 1993 667; x_wconf 83' lang='lat' dir='ltr'>aut</span> <span class='ocrx_word' id='word_1_1056' title='bbox 2002 646 2109 674; x_wconf 84' lang='lat' dir='ltr'>petum.</span> 
     </span>
    </p>

    <p class='ocr_par' dir='ltr' id='par_1_35' title="bbox 1309 673 2156 713">
     <span class='ocr_line' id='line_1_118' title="bbox 1309 673 2156 713; baseline 0.005 -11"><span class='ocrx_word' id='word_1_1057' title='bbox 1309 673 1334 703; x_wconf 95' lang='lat' dir='ltr'>C</span> <span class='ocrx_word' id='word_1_1058' title='bbox 1345 684 1390 703; x_wconf 83' lang='lat' dir='ltr'>OM</span> <span class='ocrx_word' id='word_1_1059' title='bbox 1402 685 1437 703; x_wconf 78' lang='lat' dir='ltr'>PF,</span> <span class='ocrx_word' id='word_1_1060' title='bbox 1447 686 1460 703; x_wconf 72' lang='lat' dir='ltr'>a</span> <span class='ocrx_word' id='word_1_1061' title='bbox 1471 685 1483 703; x_wconf 74' lang='lat' dir='ltr'>p</span> <span class='ocrx_word' id='word_1_1062' title='bbox 1494 686 1505 703; x_wconf 76' lang='lat' dir='ltr'>r</span> <span class='ocrx_word' id='word_1_1063' title='bbox 1517 685 1535 704; x_wconf 82' lang='lat' dir='ltr'>T</span> <span class='ocrx_word' id='word_1_1064' title='bbox 1547 685 1564 704; x_wconf 89' lang='lat' dir='ltr'>u</span> <span class='ocrx_word' id='word_1_1065' title='bbox 1577 686 1592 704; x_wconf 87' lang='grc' dir='ltr'>υ</span> <span class='ocrx_word' id='word_1_1066' title='bbox 1603 685 1633 709; x_wconf 77' lang='lat' dir='ltr'>s,</span> <span class='ocrx_word' id='word_1_1067' title='bbox 1654 686 1669 705; x_wconf 89' lang='lat' dir='ltr'>a</span> <span class='ocrx_word' id='word_1_1068' title='bbox 1682 697 1690 709; x_wconf 79' lang='lat'>,</span> <span class='ocrx_word' id='word_1_1069' title='bbox 1705 684 1761 704; x_wconf 81' lang='lat' dir='ltr'>um.</span> <span class='ocrx_word' id='word_1_1070' title='bbox 1788 677 1916 705; x_wconf 77' lang='lat' dir='ltr'>Prudent.</span> <span class='ocrx_word' id='word_1_1071' title='bbox 1933 676 2033 712; x_wconf 83' lang='lat' dir='ltr'>Apoth.</span> <span class='ocrx_word' id='word_1_1072' title='bbox 2055 686 2080 706; x_wconf 86' lang='lat' dir='ltr'>v.</span> <span class='ocrx_word' id='word_1_1073' title='bbox 2093 685 2156 713; x_wconf 79' lang='lat'>271.</span> 
     </span>
    </p>

    <p class='ocr_par' dir='ltr' id='par_1_36' title="bbox 1443 713 2183 751">
     <span class='ocr_line' id='line_1_119' title="bbox 1443 713 2183 751; baseline 0.003 -9"><span class='ocrx_word' id='word_1_1074' title='bbox 1443 713 1475 742; x_wconf 77' lang='lat' dir='ltr'>Et</span> <span class='ocrx_word' id='word_1_1075' title='bbox 1487 719 1720 750; x_wconf 74' lang='lat' dir='ltr'>comperpetuum</span> <span class='ocrx_word' id='word_1_1076' title='bbox 1732 720 1803 742; x_wconf 84' lang='lat' dir='ltr'>retro</span> <span class='ocrx_word' id='word_1_1077' title='bbox 1816 714 1902 750; x_wconf 79' lang='lat' dir='ltr'>patris</span> <span class='ocrx_word' id='word_1_1078' title='bbox 1915 735 1922 746; x_wconf 91' lang='lat'>,</span> <span class='ocrx_word' id='word_1_1079' title='bbox 1943 715 1969 742; x_wconf 67' lang='lat' dir='ltr'>S(</span> <span class='ocrx_word' id='word_1_1080' title='bbox 1987 722 2064 751; x_wconf 77' lang='lat' dir='ltr'>patre</span> <span class='ocrx_word' id='word_1_1081' title='bbox 2077 721 2183 744; x_wconf 81' lang='lat' dir='ltr'>natum.</span> 
     </span>
    </p>

    <p class='ocr_par' dir='ltr' id='par_1_37' title="bbox 1311 750 2172 788">
     <span class='ocr_line' id='line_1_120' title="bbox 1311 750 2172 788; baseline 0.002 -9"><span class='ocrx_word' id='word_1_1082' title='bbox 1311 750 1360 779; x_wconf 89' lang='lat' dir='ltr'>Co</span> <span class='ocrx_word' id='word_1_1083' title='bbox 1372 760 1392 778; x_wconf 84' lang='lat' dir='ltr'>M</span> <span class='ocrx_word' id='word_1_1084' title='bbox 1401 760 1414 777; x_wconf 82' lang='lat' dir='ltr'>r¹</span> <span class='ocrx_word' id='word_1_1085' title='bbox 1425 760 1438 778; x_wconf 70' lang='grc' dir='ltr'><strong><em>η</em></strong></span> <span class='ocrx_word' id='word_1_1086' title='bbox 1448 761 1463 779; x_wconf 74' lang='grc' dir='ltr'><strong>Ρ.</strong></span> <span class='ocrx_word' id='word_1_1087' title='bbox 1473 761 1485 780; x_wconf 89' lang='lat' dir='ltr'>s</span> <span class='ocrx_word' id='word_1_1088' title='bbox 1496 761 1509 779; x_wconf 74' lang='lat' dir='ltr'>r.</span> <span class='ocrx_word' id='word_1_1089' title='bbox 1523 773 1531 785; x_wconf 85' lang='lat'><strong>‚</strong></span> <span class='ocrx_word' id='word_1_1090' title='bbox 1557 761 1607 788; x_wconf 88' lang='lat' dir='ltr'>pro</span> <span class='ocrx_word' id='word_1_1091' title='bbox 1623 751 1778 788; x_wconf 77' lang='lat' dir='ltr'>Compesce</span> <span class='ocrx_word' id='word_1_1092' title='bbox 1789 752 1921 780; x_wconf 72' lang='lat' dir='ltr'>dixerunt</span> <span class='ocrx_word' id='word_1_1093' title='bbox 1932 752 2046 787; x_wconf 85' lang='lat' dir='ltr'>antiqui.</span> <span class='ocrx_word' id='word_1_1094' title='bbox 2072 752 2172 781; x_wconf 82' lang='lat' dir='ltr'>Festus.</span> 
     </span>
    </p>

    <p class='ocr_par' dir='ltr' id='par_1_38' title="bbox 1310 785 2468 892">
     <span class='ocr_line' id='line_1_121' title="bbox 1310 785 2468 827; baseline 0.006 -11"><span class='ocrx_word' id='word_1_1095' title='bbox 1310 787 1360 816; x_wconf 91' lang='lat' dir='ltr'>Co</span> <span class='ocrx_word' id='word_1_1096' title='bbox 1371 797 1474 823; x_wconf 73' lang='lat' dir='ltr'>Mprzs,</span> <span class='ocrx_word' id='word_1_1097' title='bbox 1497 789 1566 817; x_wconf 68' lang='lat' dir='ltr'>edis.</span> <span class='ocrx_word' id='word_1_1098' title='bbox 1588 788 1606 817; x_wconf 89' lang='lat' dir='ltr'>f.</span> <span class='ocrx_word' id='word_1_1099' title='bbox 1630 785 1728 823; x_wconf 57' lang='lat' dir='ltr'>[aih.</span> <span class='ocrx_word' id='word_1_1100' title='bbox 1750 785 1895 824; x_wconf 60' lang='grc' dir='ltr'>ππδὶιωέκη]</span> <span class='ocrx_word' id='word_1_1101' title='bbox 1916 789 2132 819; x_wconf 82' lang='lat' dir='ltr'>lnstruiuentum</span> <span class='ocrx_word' id='word_1_1102' title='bbox 2141 800 2196 827; x_wconf 88' lang='lat' dir='ltr'>quo</span> <span class='ocrx_word' id='word_1_1103' title='bbox 2208 790 2294 827; x_wconf 84' lang='lat' dir='ltr'>pedes</span> <span class='ocrx_word' id='word_1_1104' title='bbox 2315 791 2414 822; x_wconf 80' lang='lat' dir='ltr'>vinciri</span> <span class='ocrx_word' id='word_1_1105' title='bbox 2434 802 2468 824; x_wconf 85' lang='lat' dir='ltr'>ac</span> 
     </span>
     <span class='ocr_line' id='line_1_122' title="bbox 1346 826 1929 892; baseline 0 -38"><span class='ocrx_word' id='word_1_1106' title='bbox 1346 826 1446 855; x_wconf 81' lang='lat' dir='ltr'>irretiri</span> <span class='ocrx_word' id='word_1_1107' title='bbox 1458 827 1554 856; x_wconf 87' lang='lat' dir='ltr'>solent.</span> <span class='ocrx_word' id='word_1_1108' title='bbox 1579 826 1663 855; x_wconf 84' lang='lat' dir='ltr'>Plaut.</span> <span class='ocrx_word' id='word_1_1109' title='bbox 1677 826 1756 864; x_wconf 84' lang='lat' dir='ltr'>Capt.</span> <span class='ocrx_word' id='word_1_1110' title='bbox 1771 835 1795 863; x_wconf 81' lang='lat'>3.</span> <span class='ocrx_word' id='word_1_1111' title='bbox 1810 836 1834 861; x_wconf 76' lang='grc' dir='ltr'>ς.</span> <span class='ocrx_word' id='word_1_1112' title='bbox 1845 831 1888 892; x_wconf 55' lang='lat'>63.</span> <span class='ocrx_word' id='word_1_1113' title='bbox 1922 864 1929 870; x_wconf 49' lang='grc'>.</span> 
     </span>
    </p>

    <p class='ocr_par' dir='ltr' id='par_1_39' title="bbox 1324 871 2470 1086">
     <span class='ocr_line' id='line_1_123' title="bbox 1816 871 1958 893; baseline 0 0"><span class='ocrx_word' id='word_1_1114' title='bbox 1816 879 1853 884; x_wconf 94' lang='grc'><strong>-</strong></span> <span class='ocrx_word' id='word_1_1115' title='bbox 1884 871 1958 893; x_wconf 77' lang='lat' dir='ltr'>uerte</span> 
     </span>
     <span class='ocr_line' id='line_1_124' title="bbox 1347 886 2470 969; baseline 0.005 -40"><span class='ocrx_word' id='word_1_1116' title='bbox 1347 936 1388 969; x_wconf 68' lang='lat' dir='ltr'>Ph</span> <span class='ocrx_word' id='word_1_1117' title='bbox 1427 900 1483 929; x_wconf 82' lang='lat' dir='ltr'>Ubi</span> <span class='ocrx_word' id='word_1_1118' title='bbox 1496 899 1663 939; x_wconf 86' lang='lat' dir='ltr'>ponderosas</span> <span class='ocrx_word' id='word_1_1119' title='bbox 1676 923 1685 937; x_wconf 86' lang='lat'>,</span> <span class='ocrx_word' id='word_1_1120' title='bbox 1706 899 1803 930; x_wconf 70' lang='lat' dir='ltr'>crassas</span> <span class='ocrx_word' id='word_1_1121' title='bbox 1820 903 1912 940; x_wconf 82' lang='lat' dir='ltr'>capiat</span> <span class='ocrx_word' id='word_1_1122' title='bbox 1931 886 2093 940; x_wconf 80' lang='lat' dir='ltr'>coinpedes.</span> <span class='ocrx_word' id='word_1_1123' title='bbox 2175 903 2246 934; x_wconf 80' lang='lat' dir='ltr'>lbid.</span> <span class='ocrx_word' id='word_1_1124' title='bbox 2261 913 2285 939; x_wconf 86' lang='lat'>5.</span> <span class='ocrx_word' id='word_1_1125' title='bbox 2298 915 2323 940; x_wconf 82' lang='lat'>4.</span> <span class='ocrx_word' id='word_1_1126' title='bbox 2337 914 2382 943; x_wconf 83' lang='lat'>30.</span> <span class='ocrx_word' id='word_1_1127' title='bbox 2402 905 2470 938; x_wconf 84' lang='lat' dir='ltr'>Ter.</span> 
     </span>
     <span class='ocr_line' id='line_1_125' title="bbox 1391 947 1598 968; baseline 0.005 -1"><span class='ocrx_word' id='word_1_1128' title='bbox 1391 947 1459 967; x_wconf 89' lang='lat' dir='ltr'>orm.</span> <span class='ocrx_word' id='word_1_1129' title='bbox 1472 948 1498 967; x_wconf 80' lang='lat'>2.</span> <span class='ocrx_word' id='word_1_1130' title='bbox 1520 950 1566 968; x_wconf 90' lang='lat'>1.1</span> <span class='ocrx_word' id='word_1_1131' title='bbox 1593 962 1598 967; x_wconf 94' lang='lat'>.</span> 
     </span>
     <span class='ocr_line' id='line_1_126' title="bbox 1429 949 2470 1019; baseline 0.006 -14"><span class='ocrx_word' id='word_1_1132' title='bbox 1429 949 1597 1006; x_wconf 49' lang='lat' dir='ltr'>Molendum</span> <span class='ocrx_word' id='word_1_1133' title='bbox 1614 976 1699 1014; x_wconf 78' lang='lat' dir='ltr'>usque</span> <span class='ocrx_word' id='word_1_1134' title='bbox 1718 977 1746 1005; x_wconf 89' lang='lat' dir='ltr'>in</span> <span class='ocrx_word' id='word_1_1135' title='bbox 1769 976 1902 1014; x_wconf 76' lang='lat' dir='ltr'>pistrinO,</span> <span class='ocrx_word' id='word_1_1136' title='bbox 1923 976 2115 1014; x_wconf 79' lang='lat' dir='ltr'>vapulandum</span> <span class='ocrx_word' id='word_1_1137' title='bbox 2127 999 2135 1012; x_wconf 90' lang='lat'>,</span> <span class='ocrx_word' id='word_1_1138' title='bbox 2157 978 2293 1009; x_wconf 56' lang='lat' dir='ltr'>habendae</span> <span class='ocrx_word' id='word_1_1139' title='bbox 2307 983 2470 1019; x_wconf 89' lang='lat' dir='ltr'>compedes.</span> 
     </span>
     <span class='ocr_line' id='line_1_127' title="bbox 1324 1013 2470 1082; baseline 0.005 -39"><span class='ocrx_word' id='word_1_1140' title='bbox 1324 1048 1326 1058; x_wconf 48' lang='grc' dir='ltr'>Ι</span> <span class='ocrx_word' id='word_1_1141' title='bbox 1348 1013 1461 1082; x_wconf 46' lang='lat' dir='ltr'>gargnana</span> <span class='ocrx_word' id='word_1_1142' title='bbox 1471 1014 1566 1044; x_wconf 79' lang='lat' dir='ltr'>ferreae</span> <span class='ocrx_word' id='word_1_1143' title='bbox 1576 1014 1654 1050; x_wconf 83' lang='lat' dir='ltr'>sunt,</span> <span class='ocrx_word' id='word_1_1144' title='bbox 1676 1014 1836 1052; x_wconf 88' lang='lat' dir='ltr'>Compedes</span> <span class='ocrx_word' id='word_1_1145' title='bbox 1847 1014 1966 1051; x_wconf 79' lang='lat' dir='ltr'>ligneae,</span> <span class='ocrx_word' id='word_1_1146' title='bbox 1987 1016 2062 1053; x_wconf 79' lang='lat' dir='ltr'>apud</span> <span class='ocrx_word' id='word_1_1147' title='bbox 2071 1015 2156 1045; x_wconf 82' lang='lat' dir='ltr'>Plaut.</span> <span class='ocrx_word' id='word_1_1148' title='bbox 2171 1017 2249 1046; x_wconf 77' lang='lat' dir='ltr'>Men.</span> <span class='ocrx_word' id='word_1_1149' title='bbox 2265 1026 2288 1047; x_wconf 89' lang='lat'>1.</span> <span class='ocrx_word' id='word_1_1150' title='bbox 2303 1027 2326 1047; x_wconf 84' lang='lat'>1.</span> <span class='ocrx_word' id='word_1_1151' title='bbox 2343 1029 2368 1054; x_wconf 84' lang='grc'>9.</span> <span class='ocrx_word' id='word_1_1152' title='bbox 2383 1030 2470 1057; x_wconf 87' lang='lat' dir='ltr'>quum</span> 
     </span>
     <span class='ocr_line' id='line_1_128' title="bbox 1363 1058 1465 1086; baseline -0.01 -4"><span class='ocrx_word' id='word_1_1153' title='bbox 1363 1062 1402 1082; x_wconf 81' lang='lat' dir='ltr'>cri</span> <span class='ocrx_word' id='word_1_1154' title='bbox 1424 1058 1465 1086; x_wconf 74' lang='lat' dir='ltr'>rt,</span> 
     </span>
    </p>

    <p class='ocr_par' dir='ltr' id='par_1_40' title="bbox 1346 1089 2477 1279">
     <span class='ocr_line' id='line_1_129' title="bbox 1441 1089 2475 1130; baseline 0.006 -11"><span class='ocrx_word' id='word_1_1155' title='bbox 1441 1089 1517 1120; x_wconf 88' lang='lat' dir='ltr'>Tum</span> <span class='ocrx_word' id='word_1_1156' title='bbox 1529 1089 1684 1127; x_wconf 87' lang='lat' dir='ltr'>compediti</span> <span class='ocrx_word' id='word_1_1157' title='bbox 1695 1091 1807 1126; x_wconf 78' lang='lat' dir='ltr'>januam</span> <span class='ocrx_word' id='word_1_1158' title='bbox 1820 1089 1887 1119; x_wconf 88' lang='lat' dir='ltr'>lima</span> <span class='ocrx_word' id='word_1_1159' title='bbox 1897 1095 2053 1127; x_wconf 83' lang='lat' dir='ltr'>proterunt.</span> <span class='ocrx_word' id='word_1_1160' title='bbox 2131 1090 2197 1120; x_wconf 89' lang='lat' dir='ltr'>Non</span> <span class='ocrx_word' id='word_1_1161' title='bbox 2212 1093 2289 1122; x_wconf 82' lang='lat' dir='ltr'>enim</span> <span class='ocrx_word' id='word_1_1162' title='bbox 2305 1093 2334 1122; x_wconf 92' lang='lat' dir='ltr'>id</span> <span class='ocrx_word' id='word_1_1163' title='bbox 2344 1093 2380 1122; x_wconf 86' lang='lat' dir='ltr'>de</span> <span class='ocrx_word' id='word_1_1164' title='bbox 2390 1095 2475 1130; x_wconf 81' lang='lat' dir='ltr'>janua</span> 
     </span>
     <span class='ocr_line' id='line_1_130' title="bbox 1346 1126 2475 1166; baseline 0.004 -8"><span class='ocrx_word' id='word_1_1165' title='bbox 1346 1127 1527 1165; x_wconf 79' lang='lat' dir='ltr'>velergastuli</span> <span class='ocrx_word' id='word_1_1166' title='bbox 1539 1150 1547 1162; x_wconf 79' lang='lat'>,</span> <span class='ocrx_word' id='word_1_1167' title='bbox 1568 1127 1613 1157; x_wconf 87' lang='lat' dir='ltr'>vel</span> <span class='ocrx_word' id='word_1_1168' title='bbox 1623 1129 1759 1164; x_wconf 85' lang='lat' dir='ltr'>carceris,</span> <span class='ocrx_word' id='word_1_1169' title='bbox 1780 1134 1811 1157; x_wconf 91' lang='lat' dir='ltr'>ut</span> <span class='ocrx_word' id='word_1_1170' title='bbox 1823 1127 1959 1166; x_wconf 88' lang='lat' dir='ltr'>quispiam</span> <span class='ocrx_word' id='word_1_1171' title='bbox 1973 1129 2060 1165; x_wconf 85' lang='lat' dir='ltr'>prima</span> <span class='ocrx_word' id='word_1_1172' title='bbox 2070 1126 2162 1165; x_wconf 85' lang='lat' dir='ltr'>specie</span> <span class='ocrx_word' id='word_1_1173' title='bbox 2174 1136 2304 1166; x_wconf 87' lang='lat' dir='ltr'>putaret,</span> <span class='ocrx_word' id='word_1_1174' title='bbox 2327 1132 2405 1163; x_wconf 81' lang='lat' dir='ltr'>dicit.</span> <span class='ocrx_word' id='word_1_1175' title='bbox 2427 1133 2475 1162; x_wconf 84' lang='lat' dir='ltr'>sed</span> 
     </span>
     <span class='ocr_line' id='line_1_131' title="bbox 1346 1165 2472 1206; baseline 0.003 -11"><span class='ocrx_word' id='word_1_1176' title='bbox 1346 1166 1386 1195; x_wconf 71' lang='lat' dir='ltr'>ide</span> <span class='ocrx_word' id='word_1_1177' title='bbox 1405 1166 1577 1204; x_wconf 85' lang='lat' dir='ltr'>compedum</span> <span class='ocrx_word' id='word_1_1178' title='bbox 1595 1165 1728 1202; x_wconf 88' lang='lat' dir='ltr'>claustro,</span> <span class='ocrx_word' id='word_1_1179' title='bbox 1749 1172 1780 1196; x_wconf 90' lang='lat' dir='ltr'>ut</span> <span class='ocrx_word' id='word_1_1180' title='bbox 1804 1166 1872 1195; x_wconf 87' lang='lat' dir='ltr'>inde</span> <span class='ocrx_word' id='word_1_1181' title='bbox 1895 1166 1983 1203; x_wconf 84' lang='lat' dir='ltr'>pedes</span> <span class='ocrx_word' id='word_1_1182' title='bbox 2004 1167 2137 1195; x_wconf 80' lang='lat' dir='ltr'>eximant.</span> <span class='ocrx_word' id='word_1_1183' title='bbox 2180 1167 2238 1196; x_wconf 80' lang='lat' dir='ltr'>illic</span> <span class='ocrx_word' id='word_1_1184' title='bbox 2250 1178 2360 1206; x_wconf 82' lang='lat' dir='ltr'>quoque</span> <span class='ocrx_word' id='word_1_1185' title='bbox 2376 1170 2472 1200; x_wconf 81' lang='lat' dir='ltr'>clavus</span> 
     </span>
     <span class='ocr_line' id='line_1_132' title="bbox 1346 1203 2477 1241; baseline 0.002 -8"><span class='ocrx_word' id='word_1_1186' title='bbox 1346 1210 1431 1239; x_wconf 77' lang='lat' dir='ltr'>erat,</span> <span class='ocrx_word' id='word_1_1187' title='bbox 1455 1214 1511 1240; x_wconf 88' lang='lat' dir='ltr'>quo</span> <span class='ocrx_word' id='word_1_1188' title='bbox 1521 1204 1743 1239; x_wconf 80' lang='lat' dir='ltr'>claudebantur,</span> <span class='ocrx_word' id='word_1_1189' title='bbox 1769 1213 1853 1241; x_wconf 84' lang='lat' dir='ltr'>quem</span> <span class='ocrx_word' id='word_1_1190' title='bbox 1868 1204 1938 1233; x_wconf 90' lang='lat' dir='ltr'>dicit</span> <span class='ocrx_word' id='word_1_1191' title='bbox 1960 1203 2054 1241; x_wconf 81' lang='lat' dir='ltr'>lapide</span> <span class='ocrx_word' id='word_1_1192' title='bbox 2073 1205 2214 1234; x_wconf 86' lang='lat' dir='ltr'>interdum</span> <span class='ocrx_word' id='word_1_1193' title='bbox 2238 1208 2341 1236; x_wconf 76' lang='lat' dir='ltr'>excuti.</span> <span class='ocrx_word' id='word_1_1194' title='bbox 2365 1207 2477 1238; x_wconf 86' lang='lat' dir='ltr'>Turne.</span> 
     </span>
     <span class='ocr_line' id='line_1_133' title="bbox 1348 1241 2206 1279; baseline 0 -8"><span class='ocrx_word' id='word_1_1195' title='bbox 1348 1242 1410 1271; x_wconf 80' lang='lat' dir='ltr'>bus.</span> <span class='ocrx_word' id='word_1_1196' title='bbox 1434 1241 1544 1271; x_wconf 82' lang='lat' dir='ltr'>Salmas.</span> <span class='ocrx_word' id='word_1_1197' title='bbox 1559 1251 1593 1271; x_wconf 84' lang='lat' dir='ltr'>ex</span> <span class='ocrx_word' id='word_1_1198' title='bbox 1606 1241 1666 1272; x_wconf 74' lang='lat' dir='ltr'>Mff.</span> <span class='ocrx_word' id='word_1_1199' title='bbox 1689 1244 1778 1271; x_wconf 90' lang='lat' dir='ltr'>Anum</span> <span class='ocrx_word' id='word_1_1200' title='bbox 1790 1241 1858 1278; x_wconf 84' lang='lat' dir='ltr'>legit</span> <span class='ocrx_word' id='word_1_1201' title='bbox 1867 1264 1876 1277; x_wconf 89' lang='lat'>‚</span> <span class='ocrx_word' id='word_1_1202' title='bbox 1897 1243 1924 1271; x_wconf 65' lang='grc' dir='ltr'><strong>δι.</strong></span> <span class='ocrx_word' id='word_1_1203' title='bbox 1935 1242 1970 1272; x_wconf 88' lang='lat' dir='ltr'>de</span> <span class='ocrx_word' id='word_1_1204' title='bbox 1981 1241 2070 1271; x_wconf 81' lang='lat' dir='ltr'>Anulo</span> <span class='ocrx_word' id='word_1_1205' title='bbox 2080 1243 2206 1279; x_wconf 80' lang='lat' dir='ltr'>exponit.</span> 
     </span>
    </p>

    <p class='ocr_par' dir='ltr' id='par_1_41' title="bbox 1350 1279 2473 1355">
     <span class='ocr_line' id='line_1_134' title="bbox 1350 1279 2473 1322; baseline 0.004 -13"><span class='ocrx_word' id='word_1_1206' title='bbox 1350 1280 1510 1318; x_wconf 84' lang='lat' dir='ltr'>Compedes</span> <span class='ocrx_word' id='word_1_1207' title='bbox 1519 1280 1653 1317; x_wconf 84' lang='lat' dir='ltr'>corporis.</span> <span class='ocrx_word' id='word_1_1208' title='bbox 1694 1280 1752 1310; x_wconf 91' lang='lat' dir='ltr'>Cic.</span> <span class='ocrx_word' id='word_1_1209' title='bbox 1769 1289 1791 1309; x_wconf 86' lang='lat'>1.</span> <span class='ocrx_word' id='word_1_1210' title='bbox 1803 1279 1884 1310; x_wconf 86' lang='lat' dir='ltr'>Tusc.</span> <span class='ocrx_word' id='word_1_1211' title='bbox 1898 1287 1943 1316; x_wconf 64' lang='lat'>75.</span> <span class='ocrx_word' id='word_1_1212' title='bbox 1965 1279 2037 1309; x_wconf 87' lang='lat' dir='ltr'>Nam</span> <span class='ocrx_word' id='word_1_1213' title='bbox 2050 1280 2096 1316; x_wconf 87' lang='lat' dir='ltr'>qui</span> <span class='ocrx_word' id='word_1_1214' title='bbox 2111 1280 2140 1308; x_wconf 91' lang='lat' dir='ltr'>in</span> <span class='ocrx_word' id='word_1_1215' title='bbox 2148 1281 2336 1318; x_wconf 82' lang='lat' dir='ltr'>compedibus</span> <span class='ocrx_word' id='word_1_1216' title='bbox 2346 1284 2473 1322; x_wconf 80' lang='lat' dir='ltr'>corporis</span> 
     </span>
     <span class='ocr_line' id='line_1_135' title="bbox 1368 1315 2347 1355; baseline 0.002 -8"><span class='ocrx_word' id='word_1_1217' title='bbox 1368 1317 1616 1355; x_wconf 69' lang='lat' dir='ltr'>semperfuerunt,</span> <span class='ocrx_word' id='word_1_1218' title='bbox 1639 1318 1722 1347; x_wconf 89' lang='lat' dir='ltr'>etiam</span> <span class='ocrx_word' id='word_1_1219' title='bbox 1734 1327 1819 1355; x_wconf 87' lang='lat' dir='ltr'>quum</span> <span class='ocrx_word' id='word_1_1220' title='bbox 1830 1315 1912 1347; x_wconf 89' lang='lat' dir='ltr'>soluti</span> <span class='ocrx_word' id='word_1_1221' title='bbox 1930 1318 1992 1347; x_wconf 90' lang='lat' dir='ltr'>sunt</span> <span class='ocrx_word' id='word_1_1222' title='bbox 2004 1339 2012 1353; x_wconf 85' lang='lat'><strong>‚</strong></span> <span class='ocrx_word' id='word_1_1223' title='bbox 2032 1318 2347 1354; x_wconf 72' lang='lat' dir='ltr'>tardiusingrediuntur.</span> 
     </span>
    </p>

    <p class='ocr_par' dir='ltr' id='par_1_42' title="bbox 1351 1356 2480 1470">
     <span class='ocr_line' id='line_1_136' title="bbox 1351 1356 2478 1393; baseline 0.003 -8"><span class='ocrx_word' id='word_1_1224' title='bbox 1351 1356 1446 1386; x_wconf 80' lang='lat' dir='ltr'>Aureae</span> <span class='ocrx_word' id='word_1_1225' title='bbox 1455 1356 1616 1393; x_wconf 85' lang='lat' dir='ltr'>compedes.</span> <span class='ocrx_word' id='word_1_1226' title='bbox 1658 1356 1734 1386; x_wconf 88' lang='lat' dir='ltr'>Curt.</span> <span class='ocrx_word' id='word_1_1227' title='bbox 1749 1367 1772 1390; x_wconf 84' lang='grc' dir='ltr'>ς.</span> <span class='ocrx_word' id='word_1_1228' title='bbox 1789 1365 1830 1385; x_wconf 87' lang='lat'>12.</span> <span class='ocrx_word' id='word_1_1229' title='bbox 1844 1362 1913 1386; x_wconf 77' lang='lat' dir='ltr'>extr.</span> <span class='ocrx_word' id='word_1_1230' title='bbox 1938 1356 1980 1385; x_wconf 90' lang='lat' dir='ltr'>Ne</span> <span class='ocrx_word' id='word_1_1231' title='bbox 1993 1362 2085 1384; x_wconf 83' lang='lat' dir='ltr'>tamen</span> <span class='ocrx_word' id='word_1_1232' title='bbox 2102 1356 2191 1384; x_wconf 83' lang='lat' dir='ltr'>honos</span> <span class='ocrx_word' id='word_1_1233' title='bbox 2210 1358 2266 1393; x_wconf 67' lang='lat' dir='ltr'>regi</span> <span class='ocrx_word' id='word_1_1234' title='bbox 2282 1368 2340 1386; x_wconf 88' lang='lat' dir='ltr'>non</span> <span class='ocrx_word' id='word_1_1235' title='bbox 2363 1358 2478 1389; x_wconf 75' lang='lat' dir='ltr'>habere-</span> 
     </span>
     <span class='ocr_line' id='line_1_137' title="bbox 1371 1393 2480 1432; baseline 0.005 -9"><span class='ocrx_word' id='word_1_1236' title='bbox 1371 1401 1432 1429; x_wconf 91' lang='lat' dir='ltr'>tur,</span> <span class='ocrx_word' id='word_1_1237' title='bbox 1453 1396 1542 1423; x_wconf 81' lang='lat' dir='ltr'>aureis</span> <span class='ocrx_word' id='word_1_1238' title='bbox 1552 1395 1738 1431; x_wconf 84' lang='lat' dir='ltr'>compedibus</span> <span class='ocrx_word' id='word_1_1239' title='bbox 1756 1393 1871 1423; x_wconf 83' lang='lat' dir='ltr'>Darium</span> <span class='ocrx_word' id='word_1_1240' title='bbox 1887 1394 2025 1423; x_wconf 87' lang='lat' dir='ltr'>vinciunt.</span> <span class='ocrx_word' id='word_1_1241' title='bbox 2066 1393 2263 1432; x_wconf 77' lang='lat' dir='ltr'>metaphorice</span> <span class='ocrx_word' id='word_1_1242' title='bbox 2279 1397 2367 1426; x_wconf 80' lang='lat' dir='ltr'>etiam</span> <span class='ocrx_word' id='word_1_1243' title='bbox 2380 1397 2480 1430; x_wconf 76' lang='lat' dir='ltr'>Aureae.</span> 
     </span>
     <span class='ocr_line' id='line_1_138' title="bbox 1369 1431 2215 1470; baseline 0.001 -9"><span class='ocrx_word' id='word_1_1244' title='bbox 1369 1433 1524 1470; x_wconf 78' lang='lat' dir='ltr'>compedes</span> <span class='ocrx_word' id='word_1_1245' title='bbox 1533 1432 1595 1461; x_wconf 86' lang='lat' dir='ltr'>sunt</span> <span class='ocrx_word' id='word_1_1246' title='bbox 1606 1432 1766 1470; x_wconf 81' lang='lat' dir='ltr'>Splendidae</span> <span class='ocrx_word' id='word_1_1247' title='bbox 1774 1431 1916 1461; x_wconf 82' lang='lat' dir='ltr'>molestiae.</span> <span class='ocrx_word' id='word_1_1248' title='bbox 1955 1431 1987 1462; x_wconf 85' lang='lat' dir='ltr'>V.</span> <span class='ocrx_word' id='word_1_1249' title='bbox 2009 1431 2094 1469; x_wconf 74' lang='lat' dir='ltr'>Adag.</span> <span class='ocrx_word' id='word_1_1250' title='bbox 2104 1431 2215 1462; x_wconf 83' lang='lat' dir='ltr'>Erasmi.</span> 
     </span>
    </p>

    <p class='ocr_par' dir='ltr' id='par_1_43' title="bbox 1349 1469 1894 1508">
     <span class='ocr_line' id='line_1_139' title="bbox 1349 1469 1894 1508; baseline 0 -9"><span class='ocrx_word' id='word_1_1251' title='bbox 1349 1469 1450 1499; x_wconf 70' lang='lat' dir='ltr'>Crass-&lt;e</span> <span class='ocrx_word' id='word_1_1252' title='bbox 1462 1469 1625 1508; x_wconf 86' lang='lat' dir='ltr'>compedes.</span> <span class='ocrx_word' id='word_1_1253' title='bbox 1664 1469 1697 1499; x_wconf 85' lang='lat' dir='ltr'>In</span> <span class='ocrx_word' id='word_1_1254' title='bbox 1718 1479 1760 1499; x_wconf 74' lang='lat' dir='ltr'>ca</span> <span class='ocrx_word' id='word_1_1255' title='bbox 1770 1479 1789 1498; x_wconf 82' lang='lat' dir='ltr'>A</span> <span class='ocrx_word' id='word_1_1256' title='bbox 1800 1479 1812 1499; x_wconf 91' lang='lat' dir='ltr'>s</span> <span class='ocrx_word' id='word_1_1257' title='bbox 1821 1479 1833 1499; x_wconf 88' lang='lat' dir='ltr'>s</span> <span class='ocrx_word' id='word_1_1258' title='bbox 1846 1479 1894 1499; x_wconf 84' lang='lat' dir='ltr'>us.</span> 
     </span>
    </p>

    <p class='ocr_par' dir='ltr' id='par_1_44' title="bbox 1350 1506 2167 1546">
     <span class='ocr_line' id='line_1_140' title="bbox 1350 1506 2167 1546; baseline 0.001 -9"><span class='ocrx_word' id='word_1_1259' title='bbox 1350 1507 1480 1540; x_wconf 87' lang='lat' dir='ltr'>Decenni</span> <span class='ocrx_word' id='word_1_1260' title='bbox 1491 1508 1630 1546; x_wconf 87' lang='lat' dir='ltr'>compede</span> <span class='ocrx_word' id='word_1_1261' title='bbox 1640 1507 1780 1538; x_wconf 88' lang='lat' dir='ltr'>lubricum</span> <span class='ocrx_word' id='word_1_1262' title='bbox 1792 1514 1862 1537; x_wconf 85' lang='lat' dir='ltr'>crus.</span> <span class='ocrx_word' id='word_1_1263' title='bbox 1885 1506 2007 1537; x_wconf 79' lang='lat' dir='ltr'>Martial.</span> <span class='ocrx_word' id='word_1_1264' title='bbox 2019 1506 2068 1537; x_wconf 90' lang='lat' dir='ltr'>lib.</span> <span class='ocrx_word' id='word_1_1265' title='bbox 2080 1517 2108 1545; x_wconf 79' lang='lat'>9.</span> <span class='ocrx_word' id='word_1_1266' title='bbox 2123 1511 2167 1542; x_wconf 75' lang='lat'>58.</span> 
     </span>
    </p>

    <p class='ocr_par' dir='ltr' id='par_1_45' title="bbox 1447 1545 2026 1576">
     <span class='ocr_line' id='line_1_141' title="bbox 1447 1545 2026 1576; baseline -0.002 -1"><span class='ocrx_word' id='word_1_1267' title='bbox 1447 1545 1508 1575; x_wconf 90' lang='lat' dir='ltr'>Nec</span> <span class='ocrx_word' id='word_1_1268' title='bbox 1523 1555 1585 1575; x_wconf 89' lang='lat' dir='ltr'>crus</span> <span class='ocrx_word' id='word_1_1269' title='bbox 1595 1556 1659 1575; x_wconf 89' lang='lat' dir='ltr'>corn</span> <span class='ocrx_word' id='word_1_1270' title='bbox 1669 1547 1734 1576; x_wconf 63' lang='lat' dir='ltr'>3cde</span> <span class='ocrx_word' id='word_1_1271' title='bbox 1745 1545 1885 1574; x_wconf 89' lang='lat' dir='ltr'>lubricum</span> <span class='ocrx_word' id='word_1_1272' title='bbox 1895 1546 2026 1574; x_wconf 84' lang='lat' dir='ltr'>decenni.</span> 
     </span>
    </p>

    <p class='ocr_par' dir='ltr' id='par_1_46' title="bbox 1351 1557 2078 1622">
     <span class='ocr_line' id='line_1_142' title="bbox 1351 1557 2078 1622; baseline -0.003 -8"><span class='ocrx_word' id='word_1_1273' title='bbox 1351 1580 1428 1614; x_wconf 82' lang='lat' dir='ltr'>Dura</span> <span class='ocrx_word' id='word_1_1274' title='bbox 1436 1583 1575 1622; x_wconf 86' lang='lat' dir='ltr'>compede</span> <span class='ocrx_word' id='word_1_1275' title='bbox 1582 1557 1805 1621; x_wconf 60' lang='lat' dir='ltr'>petuliuserura.</span> <span class='ocrx_word' id='word_1_1276' title='bbox 1827 1583 1894 1613; x_wconf 82' lang='lat' dir='ltr'>Hor.</span> <span class='ocrx_word' id='word_1_1277' title='bbox 1908 1595 1934 1614; x_wconf 81' lang='lat'>4.</span> <span class='ocrx_word' id='word_1_1278' title='bbox 1949 1583 2037 1621; x_wconf 84' lang='lat' dir='ltr'>Epod.</span> <span class='ocrx_word' id='word_1_1279' title='bbox 2050 1593 2078 1618; x_wconf 77' lang='lat'>4.</span> 
     </span>
    </p>

    <p class='ocr_par' dir='ltr' id='par_1_47' title="bbox 1350 1619 2476 1697">
     <span class='ocr_line' id='line_1_143' title="bbox 1350 1619 2476 1659; baseline 0.004 -7"><span class='ocrx_word' id='word_1_1280' title='bbox 1350 1619 1470 1652; x_wconf 58' lang='lat' dir='ltr'>exoluta</span> <span class='ocrx_word' id='word_1_1281' title='bbox 1481 1622 1618 1659; x_wconf 83' lang='lat' dir='ltr'>compede</span> <span class='ocrx_word' id='word_1_1282' title='bbox 1627 1622 1770 1651; x_wconf 85' lang='lat' dir='ltr'>Saturnus.</span> <span class='ocrx_word' id='word_1_1283' title='bbox 1810 1622 1829 1650; x_wconf 78' lang='lat' dir='ltr'>i.</span> <span class='ocrx_word' id='word_1_1284' title='bbox 1840 1631 1864 1650; x_wconf 88' lang='lat' dir='ltr'>e.</span> <span class='ocrx_word' id='word_1_1285' title='bbox 1888 1620 1969 1651; x_wconf 86' lang='lat' dir='ltr'>Liber</span> <span class='ocrx_word' id='word_1_1286' title='bbox 1982 1624 2007 1650; x_wconf 69' lang='grc' dir='ltr'>ὅ(</span> <span class='ocrx_word' id='word_1_1287' title='bbox 2018 1628 2122 1651; x_wconf 80' lang='lat' dir='ltr'>vacuus</span> <span class='ocrx_word' id='word_1_1288' title='bbox 2131 1622 2264 1653; x_wconf 82' lang='lat' dir='ltr'>omnibus</span> <span class='ocrx_word' id='word_1_1289' title='bbox 2270 1622 2352 1654; x_wconf 82' lang='lat' dir='ltr'>curis.</span> <span class='ocrx_word' id='word_1_1290' title='bbox 2373 1623 2476 1656; x_wconf 66' lang='lat' dir='ltr'>Stati.</span> 
     </span>
     <span class='ocr_line' id='line_1_144' title="bbox 1371 1659 2184 1697; baseline 0 -8"><span class='ocrx_word' id='word_1_1291' title='bbox 1371 1660 1438 1689; x_wconf 76' lang='lat' dir='ltr'>silv.</span> <span class='ocrx_word' id='word_1_1292' title='bbox 1455 1663 1480 1689; x_wconf 91' lang='lat'>6.</span> <span class='ocrx_word' id='word_1_1293' title='bbox 1491 1671 1519 1696; x_wconf 90' lang='lat'>4.</span> <span class='ocrx_word' id='word_1_1294' title='bbox 1541 1661 1590 1690; x_wconf 86' lang='lat' dir='ltr'>Per</span> <span class='ocrx_word' id='word_1_1295' title='bbox 1605 1660 1756 1690; x_wconf 84' lang='lat' dir='ltr'>Saturnum</span> <span class='ocrx_word' id='word_1_1296' title='bbox 1766 1681 1774 1693; x_wconf 93' lang='lat'>,</span> <span class='ocrx_word' id='word_1_1297' title='bbox 1794 1659 1928 1697; x_wconf 84' lang='lat' dir='ltr'>intelligit</span> <span class='ocrx_word' id='word_1_1298' title='bbox 1939 1659 2012 1689; x_wconf 84' lang='lat' dir='ltr'>Festa</span> <span class='ocrx_word' id='word_1_1299' title='bbox 2022 1659 2184 1690; x_wconf 69' lang='lat' dir='ltr'>Saturnalia.</span> 
     </span>
    </p>

    <p class='ocr_par' dir='ltr' id='par_1_48' title="bbox 1348 1697 2481 1773">
     <span class='ocr_line' id='line_1_145' title="bbox 1348 1697 2481 1738; baseline 0.003 -11"><span class='ocrx_word' id='word_1_1300' title='bbox 1348 1697 1432 1727; x_wconf 81' lang='lat' dir='ltr'>Grata</span> <span class='ocrx_word' id='word_1_1301' title='bbox 1443 1699 1552 1728; x_wconf 71' lang='lat' dir='ltr'>vincius</span> <span class='ocrx_word' id='word_1_1302' title='bbox 1563 1698 1711 1735; x_wconf 89' lang='lat' dir='ltr'>compede.</span> <span class='ocrx_word' id='word_1_1303' title='bbox 1755 1697 1819 1727; x_wconf 86' lang='lat' dir='ltr'>Hor.</span> <span class='ocrx_word' id='word_1_1304' title='bbox 1833 1709 1858 1733; x_wconf 81' lang='lat'>4.</span> <span class='ocrx_word' id='word_1_1305' title='bbox 1873 1698 1963 1726; x_wconf 88' lang='lat' dir='ltr'>Carm.</span> <span class='ocrx_word' id='word_1_1306' title='bbox 1975 1707 2020 1734; x_wconf 70' lang='lat'>11.</span> <span class='ocrx_word' id='word_1_1307' title='bbox 2034 1707 2077 1734; x_wconf 89' lang='lat'>14.</span> <span class='ocrx_word' id='word_1_1308' title='bbox 2105 1697 2158 1727; x_wconf 77' lang='lat' dir='ltr'>Per</span> <span class='ocrx_word' id='word_1_1309' title='bbox 2176 1699 2346 1737; x_wconf 85' lang='lat' dir='ltr'>compedem</span> <span class='ocrx_word' id='word_1_1310' title='bbox 2369 1700 2481 1738; x_wconf 69' lang='lat' dir='ltr'>ample.</span> 
     </span>
     <span class='ocr_line' id='line_1_146' title="bbox 1371 1734 2012 1773; baseline -0.002 -8"><span class='ocrx_word' id='word_1_1311' title='bbox 1371 1746 1423 1765; x_wconf 77' lang='lat' dir='ltr'>xus</span> <span class='ocrx_word' id='word_1_1312' title='bbox 1437 1736 1570 1773; x_wconf 82' lang='lat' dir='ltr'>intelligit</span> <span class='ocrx_word' id='word_1_1313' title='bbox 1584 1757 1592 1772; x_wconf 87' lang='lat'>,</span> <span class='ocrx_word' id='word_1_1314' title='bbox 1611 1736 1655 1765; x_wconf 89' lang='lat' dir='ltr'>vel</span> <span class='ocrx_word' id='word_1_1315' title='bbox 1666 1735 1760 1773; x_wconf 78' lang='lat' dir='ltr'>potius</span> <span class='ocrx_word' id='word_1_1316' title='bbox 1775 1737 1881 1765; x_wconf 70' lang='lat' dir='ltr'>fimoris</span> <span class='ocrx_word' id='word_1_1317' title='bbox 1893 1734 2012 1764; x_wconf 77' lang='lat' dir='ltr'>vincula.</span> 
     </span>
    </p>

    <p class='ocr_par' dir='ltr' id='par_1_49' title="bbox 1350 1772 2478 1814">
     <span class='ocr_line' id='line_1_147' title="bbox 1350 1772 2478 1814; baseline 0.003 -11"><span class='ocrx_word' id='word_1_1318' title='bbox 1350 1773 1446 1804; x_wconf 84' lang='lat' dir='ltr'>Nivali</span> <span class='ocrx_word' id='word_1_1319' title='bbox 1455 1774 1595 1811; x_wconf 84' lang='lat' dir='ltr'>compede</span> <span class='ocrx_word' id='word_1_1320' title='bbox 1602 1774 1711 1803; x_wconf 66' lang='lat' dir='ltr'>vinctus</span> <span class='ocrx_word' id='word_1_1321' title='bbox 1724 1773 1841 1802; x_wconf 85' lang='lat' dir='ltr'>Hebrus.</span> <span class='ocrx_word' id='word_1_1322' title='bbox 1872 1774 1889 1803; x_wconf 92' lang='lat' dir='ltr'>i.</span> <span class='ocrx_word' id='word_1_1323' title='bbox 1899 1784 1927 1803; x_wconf 87' lang='lat' dir='ltr'>e.</span> <span class='ocrx_word' id='word_1_1324' title='bbox 1950 1773 2078 1803; x_wconf 64' lang='lat' dir='ltr'>Asttietus</span> <span class='ocrx_word' id='word_1_1325' title='bbox 2088 1772 2185 1811; x_wconf 86' lang='lat' dir='ltr'>glacie.</span> <span class='ocrx_word' id='word_1_1326' title='bbox 2208 1774 2276 1805; x_wconf 85' lang='lat' dir='ltr'>Hor.</span> <span class='ocrx_word' id='word_1_1327' title='bbox 2289 1785 2315 1808; x_wconf 73' lang='grc' dir='ltr'><strong>ι.</strong></span> <span class='ocrx_word' id='word_1_1328' title='bbox 2326 1775 2408 1814; x_wconf 81' lang='lat' dir='ltr'>Epist.</span> <span class='ocrx_word' id='word_1_1329' title='bbox 2421 1784 2478 1814; x_wconf 79' lang='lat'>3.3.</span> 
     </span>
    </p>

    <p class='ocr_par' dir='ltr' id='par_1_50' title="bbox 1350 1810 2049 1849">
     <span class='ocr_line' id='line_1_148' title="bbox 1350 1810 2049 1849; baseline 0 -8"><span class='ocrx_word' id='word_1_1330' title='bbox 1350 1811 1450 1841; x_wconf 80' lang='lat' dir='ltr'>Valida</span> <span class='ocrx_word' id='word_1_1331' title='bbox 1460 1812 1600 1849; x_wconf 88' lang='lat' dir='ltr'>compede</span> <span class='ocrx_word' id='word_1_1332' title='bbox 1611 1812 1728 1841; x_wconf 62' lang='lat' dir='ltr'>Vindius.</span> <span class='ocrx_word' id='word_1_1333' title='bbox 1752 1810 1848 1842; x_wconf 81' lang='lat' dir='ltr'>Tibul.</span> <span class='ocrx_word' id='word_1_1334' title='bbox 1858 1811 1906 1841; x_wconf 88' lang='lat' dir='ltr'>lib.</span> <span class='ocrx_word' id='word_1_1335' title='bbox 1918 1820 1945 1840; x_wconf 82' lang='lat'>2.</span> <span class='ocrx_word' id='word_1_1336' title='bbox 1962 1815 1987 1840; x_wconf 92' lang='lat'>6.</span> <span class='ocrx_word' id='word_1_1337' title='bbox 2003 1821 2049 1847; x_wconf 78' lang='lat'>25.</span> 
     </span>
    </p>

    <p class='ocr_par' dir='ltr' id='par_1_51' title="bbox 1350 1850 2026 1888">
     <span class='ocr_line' id='line_1_149' title="bbox 1350 1850 2026 1888; baseline 0 -9"><span class='ocrx_word' id='word_1_1338' title='bbox 1350 1850 1672 1888; x_wconf 81' lang='lat' dir='ltr'>Impingerecompedes</span> <span class='ocrx_word' id='word_1_1339' title='bbox 1681 1850 1773 1878; x_wconf 81' lang='lat' dir='ltr'>alicui.</span> <span class='ocrx_word' id='word_1_1340' title='bbox 1800 1850 1830 1878; x_wconf 86' lang='lat' dir='ltr'>V.</span> <span class='ocrx_word' id='word_1_1341' title='bbox 1852 1860 1861 1878; x_wconf 88' lang='lat'>1</span> <span class='ocrx_word' id='word_1_1342' title='bbox 1870 1859 1930 1878; x_wconf 76' lang='lat' dir='ltr'>MPi</span> <span class='ocrx_word' id='word_1_1343' title='bbox 1940 1858 1960 1877; x_wconf 83' lang='grc' dir='ltr'><strong>Ν</strong></span> <span class='ocrx_word' id='word_1_1344' title='bbox 1970 1859 1989 1878; x_wconf 72' lang='lat' dir='ltr'>c-</span> <span class='ocrx_word' id='word_1_1345' title='bbox 1999 1858 2026 1879; x_wconf 94' lang='lat' dir='ltr'>o.</span> 
     </span>
    </p>

    <p class='ocr_par' dir='ltr' id='par_1_52' title="bbox 1351 1886 2191 1926">
     <span class='ocr_line' id='line_1_150' title="bbox 1351 1886 2191 1926; baseline 0 -8"><span class='ocrx_word' id='word_1_1346' title='bbox 1351 1888 1462 1919; x_wconf 68' lang='lat' dir='ltr'>Tenere</span> <span class='ocrx_word' id='word_1_1347' title='bbox 1473 1888 1595 1925; x_wconf 77' lang='lat' dir='ltr'>aliquem</span> <span class='ocrx_word' id='word_1_1348' title='bbox 1609 1889 1638 1918; x_wconf 92' lang='lat' dir='ltr'>in</span> <span class='ocrx_word' id='word_1_1349' title='bbox 1650 1886 1845 1925; x_wconf 88' lang='lat' dir='ltr'>compedibus.</span> <span class='ocrx_word' id='word_1_1350' title='bbox 1868 1887 1935 1916; x_wconf 83' lang='lat' dir='ltr'>Hor.</span> <span class='ocrx_word' id='word_1_1351' title='bbox 1951 1897 1972 1916; x_wconf 91' lang='lat'>1.</span> <span class='ocrx_word' id='word_1_1352' title='bbox 1985 1887 2069 1925; x_wconf 77' lang='lat' dir='ltr'>Epist.</span> <span class='ocrx_word' id='word_1_1353' title='bbox 2083 1890 2127 1918; x_wconf 51' lang='lat'>1¹6.</span> <span class='ocrx_word' id='word_1_1354' title='bbox 2145 1896 2191 1926; x_wconf 74' lang='lat'>77.</span> 
     </span>
    </p>

    <p class='ocr_par' dir='ltr' id='par_1_53' title="bbox 1740 1925 2018 1959">
     <span class='ocr_line' id='line_1_151' title="bbox 1740 1925 2018 1959; baseline 0.004 -5"><span class='ocrx_word' id='word_1_1355' title='bbox 1740 1938 1778 1946; x_wconf 84' lang='lat'>·—-</span> <span class='ocrx_word' id='word_1_1356' title='bbox 1789 1925 1820 1954; x_wconf 82' lang='lat' dir='ltr'>in</span> <span class='ocrx_word' id='word_1_1357' title='bbox 1831 1925 1949 1955; x_wconf 85' lang='lat' dir='ltr'>manicis</span> <span class='ocrx_word' id='word_1_1358' title='bbox 1958 1943 1968 1959; x_wconf 43' lang='grc' dir='ltr'>ν,</span> <span class='ocrx_word' id='word_1_1359' title='bbox 1991 1927 2018 1955; x_wconf 76' lang='lat' dir='ltr'>Sc</span> 
     </span>
    </p>

    <p class='ocr_par' dir='ltr' id='par_1_54' title="bbox 1433 1961 2060 2001">
     <span class='ocr_line' id='line_1_152' title="bbox 1433 1961 2060 2001; baseline -0.002 -8"><span class='ocrx_word' id='word_1_1360' title='bbox 1433 1963 1624 2001; x_wconf 86' lang='lat' dir='ltr'>Compedibus</span> <span class='ocrx_word' id='word_1_1361' title='bbox 1635 1961 1706 1993; x_wconf 79' lang='lat' dir='ltr'>saevo</span> <span class='ocrx_word' id='word_1_1362' title='bbox 1719 1967 1748 1993; x_wconf 81' lang='lat' dir='ltr'>te</span> <span class='ocrx_word' id='word_1_1363' title='bbox 1757 1962 1806 1992; x_wconf 92' lang='lat' dir='ltr'>sub</span> <span class='ocrx_word' id='word_1_1364' title='bbox 1817 1964 1933 1993; x_wconf 86' lang='lat' dir='ltr'>custode</span> <span class='ocrx_word' id='word_1_1365' title='bbox 1945 1963 2060 1993; x_wconf 88' lang='lat' dir='ltr'>tenebo.</span> 
     </span>
    </p>

    <p class='ocr_par' dir='ltr' id='par_1_55' title="bbox 1351 1999 2149 2038">
     <span class='ocr_line' id='line_1_153' title="bbox 1351 1999 2149 2038; baseline -0.003 -6"><span class='ocrx_word' id='word_1_1366' title='bbox 1351 1999 1395 2032; x_wconf 68' lang='lat' dir='ltr'>Ex</span> <span class='ocrx_word' id='word_1_1367' title='bbox 1403 2002 1589 2038; x_wconf 83' lang='lat' dir='ltr'>compedibus</span> <span class='ocrx_word' id='word_1_1368' title='bbox 1602 2007 1685 2038; x_wconf 86' lang='lat' dir='ltr'>atque</span> <span class='ocrx_word' id='word_1_1369' title='bbox 1693 2001 1838 2038; x_wconf 78' lang='lat' dir='ltr'>ergastulo.</span> <span class='ocrx_word' id='word_1_1370' title='bbox 1862 2002 1920 2031; x_wconf 89' lang='lat' dir='ltr'>Cic.</span> <span class='ocrx_word' id='word_1_1371' title='bbox 1936 2011 1986 2038; x_wconf 88' lang='lat' dir='ltr'>pro</span> <span class='ocrx_word' id='word_1_1372' title='bbox 1999 2001 2091 2031; x_wconf 66' lang='lat' dir='ltr'>Rabi&#39;r.</span> <span class='ocrx_word' id='word_1_1373' title='bbox 2103 2009 2149 2031; x_wconf 87' lang='lat'>20.</span> 
     </span>
    </p>

    <p class='ocr_par' dir='ltr' id='par_1_56' title="bbox 1349 2039 2486 2184">
     <span class='ocr_line' id='line_1_154' title="bbox 1349 2039 2480 2078; baseline 0.003 -8"><span class='ocrx_word' id='word_1_1374' title='bbox 1349 2040 1531 2077; x_wconf 79' lang='lat' dir='ltr'>Compedes,</span> <span class='ocrx_word' id='word_1_1375' title='bbox 1553 2049 1611 2068; x_wconf 89' lang='lat' dir='ltr'>non</span> <span class='ocrx_word' id='word_1_1376' title='bbox 1622 2049 1638 2068; x_wconf 86' lang='lat' dir='ltr'>a</span> <span class='ocrx_word' id='word_1_1377' title='bbox 1656 2039 1775 2068; x_wconf 81' lang='lat' dir='ltr'>Pedibus</span> <span class='ocrx_word' id='word_1_1378' title='bbox 1783 2039 1863 2068; x_wconf 68' lang='lat' dir='ltr'>dictae</span> <span class='ocrx_word' id='word_1_1379' title='bbox 1874 2061 1883 2074; x_wconf 81' lang='lat'>,</span> <span class='ocrx_word' id='word_1_1380' title='bbox 1901 2039 1950 2068; x_wconf 87' lang='lat' dir='ltr'>sed</span> <span class='ocrx_word' id='word_1_1381' title='bbox 1960 2039 1994 2068; x_wconf 87' lang='lat' dir='ltr'>ab</span> <span class='ocrx_word' id='word_1_1382' title='bbox 2008 2039 2230 2077; x_wconf 64' lang='lat' dir='ltr'>[mpedimentm</span> <span class='ocrx_word' id='word_1_1383' title='bbox 2251 2040 2344 2078; x_wconf 84' lang='lat' dir='ltr'>inquit</span> <span class='ocrx_word' id='word_1_1384' title='bbox 2357 2041 2480 2074; x_wconf 84' lang='lat' dir='ltr'>Nonius..</span> 
     </span>
     <span class='ocr_line' id='line_1_155' title="bbox 1371 2076 2483 2117; baseline 0.004 -10"><span class='ocrx_word' id='word_1_1385' title='bbox 1371 2078 1446 2107; x_wconf 88' lang='lat' dir='ltr'>Varr.</span> <span class='ocrx_word' id='word_1_1386' title='bbox 1469 2077 1653 2112; x_wconf 72' lang='lat' dir='ltr'>Prometheo,</span> <span class='ocrx_word' id='word_1_1387' title='bbox 1674 2076 1723 2106; x_wconf 77' lang='lat' dir='ltr'>lib.</span> <span class='ocrx_word' id='word_1_1388' title='bbox 1739 2087 1761 2106; x_wconf 91' lang='lat'>1.</span> <span class='ocrx_word' id='word_1_1389' title='bbox 1785 2076 1843 2114; x_wconf 88' lang='lat' dir='ltr'>Ego</span> <span class='ocrx_word' id='word_1_1390' title='bbox 1863 2077 1962 2107; x_wconf 83' lang='lat' dir='ltr'>infelix</span> <span class='ocrx_word' id='word_1_1391' title='bbox 1981 2086 2038 2106; x_wconf 91' lang='lat' dir='ltr'>non</span> <span class='ocrx_word' id='word_1_1392' title='bbox 2050 2086 2150 2117; x_wconf 73' lang='lat' dir='ltr'>queam</span> <span class='ocrx_word' id='word_1_1393' title='bbox 2170 2077 2227 2106; x_wconf 87' lang='lat' dir='ltr'>vim</span> <span class='ocrx_word' id='word_1_1394' title='bbox 2238 2079 2421 2116; x_wconf 77' lang='lat' dir='ltr'>propulsare,</span> <span class='ocrx_word' id='word_1_1395' title='bbox 2442 2090 2483 2111; x_wconf 45' lang='lat' dir='ltr'>at*</span> 
     </span>
     <span class='ocr_line' id='line_1_156' title="bbox 1367 2114 2486 2184; baseline 0.001 -40"><span class='ocrx_word' id='word_1_1396' title='bbox 1367 2126 1425 2184; x_wconf 60' lang='lat' dir='ltr'>qfeulp</span> <span class='ocrx_word' id='word_1_1397' title='bbox 1436 2116 1584 2145; x_wconf 85' lang='lat' dir='ltr'>inimicum</span> <span class='ocrx_word' id='word_1_1398' title='bbox 1596 2124 1671 2145; x_wconf 87' lang='lat' dir='ltr'>unco</span> <span class='ocrx_word' id='word_1_1399' title='bbox 1684 2115 1874 2153; x_wconf 77' lang='lat' dir='ltr'>nequicquam</span> <span class='ocrx_word' id='word_1_1400' title='bbox 1885 2114 1955 2153; x_wconf 84' lang='lat' dir='ltr'>saepe</span> <span class='ocrx_word' id='word_1_1401' title='bbox 1963 2122 2057 2144; x_wconf 83' lang='lat' dir='ltr'>aeratas</span> <span class='ocrx_word' id='word_1_1402' title='bbox 2068 2124 2167 2144; x_wconf 87' lang='lat' dir='ltr'>manus</span> <span class='ocrx_word' id='word_1_1403' title='bbox 2177 2117 2331 2154; x_wconf 84' lang='lat' dir='ltr'>compedes</span> <span class='ocrx_word' id='word_1_1404' title='bbox 2340 2127 2429 2147; x_wconf 88' lang='lat' dir='ltr'>conor</span> <span class='ocrx_word' id='word_1_1405' title='bbox 2440 2129 2486 2148; x_wconf 92' lang='lat' dir='ltr'>re.</span> 
     </span>
    </p>

    <p class='ocr_par' dir='ltr' id='par_1_57' title="bbox 1423 2163 1477 2184">
     <span class='ocr_line' id='line_1_157' title="bbox 1423 2163 1477 2184; baseline 0.019 -1"><span class='ocrx_word' id='word_1_1406' title='bbox 1423 2163 1477 2184; x_wconf 82' lang='lat' dir='ltr'>ere.</span> 
     </span>
    </p>

    <p class='ocr_par' dir='ltr' id='par_1_58' title="bbox 1348 2187 2485 2336">
     <span class='ocr_line' id='line_1_158' title="bbox 1348 2187 2485 2230; baseline 0.002 -8"><span class='ocrx_word' id='word_1_1407' title='bbox 1348 2191 1532 2230; x_wconf 70' lang='lat' dir='ltr'>Compedes,</span> <span class='ocrx_word' id='word_1_1408' title='bbox 1551 2190 1646 2221; x_wconf 87' lang='lat' dir='ltr'>Fasces</span> <span class='ocrx_word' id='word_1_1409' title='bbox 1653 2188 1781 2220; x_wconf 83' lang='lat' dir='ltr'>laureati.</span> <span class='ocrx_word' id='word_1_1410' title='bbox 1812 2187 1941 2228; x_wconf 78' lang='lat' dir='ltr'>Metaph.</span> <span class='ocrx_word' id='word_1_1411' title='bbox 1955 2200 2007 2228; x_wconf 85' lang='lat' dir='ltr'>pro</span> <span class='ocrx_word' id='word_1_1412' title='bbox 2018 2190 2232 2228; x_wconf 76' lang='lat' dir='ltr'>impedimenta.</span> <span class='ocrx_word' id='word_1_1413' title='bbox 2274 2191 2332 2222; x_wconf 87' lang='lat' dir='ltr'>Cic.</span> <span class='ocrx_word' id='word_1_1414' title='bbox 2345 2198 2370 2227; x_wconf 82' lang='lat'>8.</span> <span class='ocrx_word' id='word_1_1415' title='bbox 2384 2194 2437 2223; x_wconf 84' lang='lat' dir='ltr'>Att.</span> <span class='ocrx_word' id='word_1_1416' title='bbox 2451 2203 2485 2225; x_wconf 80' lang='lat'>2.</span> 
     </span>
     <span class='ocr_line' id='line_1_159' title="bbox 1372 2228 2485 2268; baseline 0.001 -9"><span class='ocrx_word' id='word_1_1417' title='bbox 1372 2230 1547 2267; x_wconf 76' lang='lat' dir='ltr'>Agejamhas</span> <span class='ocrx_word' id='word_1_1418' title='bbox 1556 2229 1726 2267; x_wconf 72' lang='lat' dir='ltr'>compedes,</span> <span class='ocrx_word' id='word_1_1419' title='bbox 1746 2228 1831 2258; x_wconf 88' lang='lat' dir='ltr'>fasces</span> <span class='ocrx_word' id='word_1_1420' title='bbox 1842 2229 1956 2266; x_wconf 86' lang='lat' dir='ltr'>inquam</span> <span class='ocrx_word' id='word_1_1421' title='bbox 1977 2228 2029 2258; x_wconf 80' lang='lat' dir='ltr'>hos</span> <span class='ocrx_word' id='word_1_1422' title='bbox 2048 2228 2187 2258; x_wconf 76' lang='lat' dir='ltr'>laureatos</span> <span class='ocrx_word' id='word_1_1423' title='bbox 2203 2229 2310 2260; x_wconf 80' lang='lat' dir='ltr'>ecferre</span> <span class='ocrx_word' id='word_1_1424' title='bbox 2325 2240 2362 2260; x_wconf 79' lang='lat' dir='ltr'>ex</span> <span class='ocrx_word' id='word_1_1425' title='bbox 2385 2231 2485 2268; x_wconf 64' lang='lat' dir='ltr'>ltalia,</span> 
     </span>
     <span class='ocr_line' id='line_1_160' title="bbox 1368 2266 2484 2307; baseline 0.003 -10"><span class='ocrx_word' id='word_1_1426' title='bbox 1368 2278 1454 2305; x_wconf 77' lang='lat' dir='ltr'>quam</span> <span class='ocrx_word' id='word_1_1427' title='bbox 1476 2267 1626 2297; x_wconf 86' lang='lat' dir='ltr'>molestum</span> <span class='ocrx_word' id='word_1_1428' title='bbox 1642 2266 1704 2296; x_wconf 75' lang='lat' dir='ltr'>est?</span> <span class='ocrx_word' id='word_1_1429' title='bbox 1727 2266 1855 2302; x_wconf 80' lang='lat' dir='ltr'>cherre,</span> <span class='ocrx_word' id='word_1_1430' title='bbox 1875 2266 1982 2297; x_wconf 81' lang='lat' dir='ltr'>vetusta</span> <span class='ocrx_word' id='word_1_1431' title='bbox 2002 2266 2042 2296; x_wconf 78' lang='lat' dir='ltr'>est</span> <span class='ocrx_word' id='word_1_1432' title='bbox 2059 2266 2278 2305; x_wconf 80' lang='lat' dir='ltr'>orthographia,</span> <span class='ocrx_word' id='word_1_1433' title='bbox 2300 2278 2352 2307; x_wconf 87' lang='lat' dir='ltr'>pro</span> <span class='ocrx_word' id='word_1_1434' title='bbox 2366 2269 2484 2301; x_wconf 80' lang='lat' dir='ltr'>Efferre.</span> 
     </span>
     <span class='ocr_line' id='line_1_161' title="bbox 1372 2304 1848 2336; baseline -0.004 0"><span class='ocrx_word' id='word_1_1435' title='bbox 1372 2306 1514 2336; x_wconf 77' lang='lat' dir='ltr'>Excusum</span> <span class='ocrx_word' id='word_1_1436' title='bbox 1524 2312 1618 2335; x_wconf 81' lang='lat' dir='ltr'>tamen</span> <span class='ocrx_word' id='word_1_1437' title='bbox 1635 2304 1721 2334; x_wconf 78' lang='lat' dir='ltr'>lrodie</span> <span class='ocrx_word' id='word_1_1438' title='bbox 1734 2304 1848 2334; x_wconf 79' lang='lat' dir='ltr'>Efferre.</span> 
     </span>
    </p>

    <p class='ocr_par' dir='ltr' id='par_1_59' title="bbox 1346 2338 2481 2456">
     <span class='ocr_line' id='line_1_162' title="bbox 1346 2338 2479 2383; baseline 0.002 -9"><span class='ocrx_word' id='word_1_1439' title='bbox 1346 2342 1529 2382; x_wconf 78' lang='lat' dir='ltr'>Compedes,</span> <span class='ocrx_word' id='word_1_1440' title='bbox 1550 2344 1634 2372; x_wconf 88' lang='lat' dir='ltr'>etiam</span> <span class='ocrx_word' id='word_1_1441' title='bbox 1643 2342 1802 2373; x_wconf 87' lang='lat' dir='ltr'>Gestamina</span> <span class='ocrx_word' id='word_1_1442' title='bbox 1811 2338 1974 2380; x_wconf 60' lang='lat' dir='ltr'>muliebria,</span> <span class='ocrx_word' id='word_1_1443' title='bbox 1988 2341 2140 2372; x_wconf 85' lang='lat' dir='ltr'>Periscelia.</span> <span class='ocrx_word' id='word_1_1444' title='bbox 2162 2341 2233 2373; x_wconf 87' lang='lat' dir='ltr'>Plin.</span> <span class='ocrx_word' id='word_1_1445' title='bbox 2244 2342 2294 2373; x_wconf 86' lang='lat' dir='ltr'>lib.</span> <span class='ocrx_word' id='word_1_1446' title='bbox 2305 2353 2349 2381; x_wconf 79' lang='lat'>3³-</span> <span class='ocrx_word' id='word_1_1447' title='bbox 2363 2355 2423 2383; x_wconf 89' lang='lat' dir='ltr'>cap.</span> <span class='ocrx_word' id='word_1_1448' title='bbox 2434 2356 2479 2376; x_wconf 83' lang='lat'>12.</span> 
     </span>
     <span class='ocr_line' id='line_1_163' title="bbox 1368 2379 2481 2421; baseline 0.001 -9"><span class='ocrx_word' id='word_1_1449' title='bbox 1368 2384 1518 2420; x_wconf 81' lang='lat' dir='ltr'>Argentum</span> <span class='ocrx_word' id='word_1_1450' title='bbox 1529 2381 1653 2411; x_wconf 87' lang='lat' dir='ltr'>succedit</span> <span class='ocrx_word' id='word_1_1451' title='bbox 1668 2390 1703 2409; x_wconf 83' lang='lat' dir='ltr'>ex</span> <span class='ocrx_word' id='word_1_1452' title='bbox 1720 2388 1749 2410; x_wconf 87' lang='lat' dir='ltr'>re</span> <span class='ocrx_word' id='word_1_1453' title='bbox 1769 2379 1921 2416; x_wconf 81' lang='lat' dir='ltr'>aliquando</span> <span class='ocrx_word' id='word_1_1454' title='bbox 1936 2382 1962 2410; x_wconf 72' lang='grc' dir='ltr'>ἀ</span> <span class='ocrx_word' id='word_1_1455' title='bbox 1980 2389 2067 2415; x_wconf 83' lang='lat' dir='ltr'>auro,</span> <span class='ocrx_word' id='word_1_1456' title='bbox 2087 2379 2158 2409; x_wconf 79' lang='lat' dir='ltr'>luxu</span> <span class='ocrx_word' id='word_1_1457' title='bbox 2176 2381 2344 2411; x_wconf 85' lang='lat' dir='ltr'>feminarum</span> <span class='ocrx_word' id='word_1_1458' title='bbox 2366 2384 2456 2421; x_wconf 88' lang='lat' dir='ltr'>plebis</span> <span class='ocrx_word' id='word_1_1459' title='bbox 2467 2404 2481 2420; x_wconf 71' lang='lat'><strong><em>‚</em></strong></span> 
     </span>
     <span class='ocr_line' id='line_1_164' title="bbox 1364 2417 2480 2456; baseline 0.002 -6"><span class='ocrx_word' id='word_1_1460' title='bbox 1364 2420 1523 2456; x_wconf 77' lang='lat' dir='ltr'>compedes</span> <span class='ocrx_word' id='word_1_1461' title='bbox 1535 2419 1582 2448; x_wconf 84' lang='lat' dir='ltr'>sibi</span> <span class='ocrx_word' id='word_1_1462' title='bbox 1593 2428 1628 2448; x_wconf 82' lang='lat' dir='ltr'>ex</span> <span class='ocrx_word' id='word_1_1463' title='bbox 1642 2428 1676 2448; x_wconf 91' lang='lat' dir='ltr'>eo</span> <span class='ocrx_word' id='word_1_1464' title='bbox 1688 2418 1850 2448; x_wconf 82' lang='lat' dir='ltr'>facientium</span> <span class='ocrx_word' id='word_1_1465' title='bbox 1859 2439 1867 2453; x_wconf 92' lang='lat'>,</span> <span class='ocrx_word' id='word_1_1466' title='bbox 1889 2417 2084 2455; x_wconf 79' lang='lat' dir='ltr'>quasinduere</span> <span class='ocrx_word' id='word_1_1467' title='bbox 2095 2428 2190 2448; x_wconf 86' lang='lat' dir='ltr'>aureas</span> <span class='ocrx_word' id='word_1_1468' title='bbox 2211 2429 2274 2449; x_wconf 88' lang='lat' dir='ltr'>mos</span> <span class='ocrx_word' id='word_1_1469' title='bbox 2291 2421 2380 2450; x_wconf 74' lang='lat' dir='ltr'>tritior</span> <span class='ocrx_word' id='word_1_1470' title='bbox 2392 2428 2480 2452; x_wconf 82' lang='lat' dir='ltr'>vetat.</span> 
     </span>
    </p>

    <p class='ocr_par' dir='ltr' id='par_1_60' title="bbox 1311 2455 1988 2496">
     <span class='ocr_line' id='line_1_165' title="bbox 1311 2455 1988 2496; baseline -0.004 -8"><span class='ocrx_word' id='word_1_1471' title='bbox 1311 2493 1317 2496; x_wconf 53' lang='lat'>.</span> <span class='ocrx_word' id='word_1_1472' title='bbox 1371 2459 1402 2488; x_wconf 94' lang='lat' dir='ltr'>V.</span> <span class='ocrx_word' id='word_1_1473' title='bbox 1426 2458 1528 2488; x_wconf 86' lang='lat' dir='ltr'>Ferrar.</span> <span class='ocrx_word' id='word_1_1474' title='bbox 1547 2456 1670 2487; x_wconf 69' lang='lat' dir='ltr'>Analedt.</span> <span class='ocrx_word' id='word_1_1475' title='bbox 1681 2456 1716 2485; x_wconf 89' lang='lat' dir='ltr'>de</span> <span class='ocrx_word' id='word_1_1476' title='bbox 1725 2456 1768 2486; x_wconf 88' lang='lat' dir='ltr'>Re</span> <span class='ocrx_word' id='word_1_1477' title='bbox 1781 2455 1850 2485; x_wconf 86' lang='lat' dir='ltr'>Vest.</span> <span class='ocrx_word' id='word_1_1478' title='bbox 1870 2464 1988 2493; x_wconf 59' lang='lat' dir='ltr'>capax.</span> 
     </span>
    </p>

    <p class='ocr_par' dir='ltr' id='par_1_61' title="bbox 1307 2493 2480 2572">
     <span class='ocr_line' id='line_1_166' title="bbox 1307 2493 2480 2535; baseline 0.003 -9"><span class='ocrx_word' id='word_1_1479' title='bbox 1307 2495 1360 2527; x_wconf 83' lang='lat' dir='ltr'>&#39;Co</span> <span class='ocrx_word' id='word_1_1480' title='bbox 1372 2508 1392 2525; x_wconf 91' lang='lat' dir='ltr'>M</span> <span class='ocrx_word' id='word_1_1481' title='bbox 1402 2506 1415 2525; x_wconf 67' lang='grc' dir='ltr'>ι’</span> <span class='ocrx_word' id='word_1_1482' title='bbox 1424 2497 1439 2526; x_wconf 79' lang='grc' dir='ltr'>ἔ</span> <span class='ocrx_word' id='word_1_1483' title='bbox 1450 2506 1468 2525; x_wconf 84' lang='lat' dir='ltr'>n</span> <span class='ocrx_word' id='word_1_1484' title='bbox 1478 2506 1498 2525; x_wconf 85' lang='lat' dir='ltr'>A</span> <span class='ocrx_word' id='word_1_1485' title='bbox 1509 2517 1518 2531; x_wconf 85' lang='lat'>‚</span> <span class='ocrx_word' id='word_1_1486' title='bbox 1537 2505 1571 2525; x_wconf 66' lang='grc' dir='ltr'><strong>τε.</strong></span> <span class='ocrx_word' id='word_1_1487' title='bbox 1593 2494 1614 2525; x_wconf 92' lang='lat' dir='ltr'>f.</span> <span class='ocrx_word' id='word_1_1488' title='bbox 1635 2494 1714 2524; x_wconf 82' lang='lat' dir='ltr'>Idem</span> <span class='ocrx_word' id='word_1_1489' title='bbox 1728 2494 1804 2531; x_wconf 87' lang='lat' dir='ltr'>quod</span> <span class='ocrx_word' id='word_1_1490' title='bbox 1813 2493 1947 2532; x_wconf 83' lang='lat' dir='ltr'>Compes.</span> <span class='ocrx_word' id='word_1_1491' title='bbox 1986 2493 2064 2524; x_wconf 89' lang='lat' dir='ltr'>Varr.</span> <span class='ocrx_word' id='word_1_1492' title='bbox 2084 2493 2160 2532; x_wconf 90' lang='lat' dir='ltr'>apud</span> <span class='ocrx_word' id='word_1_1493' title='bbox 2171 2493 2300 2525; x_wconf 87' lang='lat' dir='ltr'>Nonium</span> <span class='ocrx_word' id='word_1_1494' title='bbox 2313 2506 2337 2526; x_wconf 88' lang='lat'>1.</span> <span class='ocrx_word' id='word_1_1495' title='bbox 2349 2506 2412 2535; x_wconf 82' lang='lat'>113.</span> <span class='ocrx_word' id='word_1_1496' title='bbox 2434 2497 2480 2528; x_wconf 80' lang='lat' dir='ltr'>Li-</span> 
     </span>
     <span class='ocr_line' id='line_1_167' title="bbox 1348 2531 1789 2572; baseline -0.009 -8"><span class='ocrx_word' id='word_1_1497' title='bbox 1348 2545 1401 2565; x_wconf 86' lang='lat' dir='ltr'>nea</span> <span class='ocrx_word' id='word_1_1498' title='bbox 1413 2534 1560 2572; x_wconf 78' lang='lat' dir='ltr'>compeda.</span> <span class='ocrx_word' id='word_1_1499' title='bbox 1582 2532 1613 2562; x_wconf 83' lang='lat' dir='ltr'>V.</span> <span class='ocrx_word' id='word_1_1500' title='bbox 1635 2532 1674 2561; x_wconf 92' lang='lat' dir='ltr'>ibi</span> <span class='ocrx_word' id='word_1_1501' title='bbox 1688 2531 1789 2570; x_wconf 86' lang='lat' dir='ltr'>Scalig.</span> 
     </span>
    </p>

    <p class='ocr_par' dir='ltr' id='par_1_62' title="bbox 1308 2566 2486 2687">
     <span class='ocr_line' id='line_1_168' title="bbox 1308 2566 2479 2607; baseline 0.001 -4"><span class='ocrx_word' id='word_1_1502' title='bbox 1308 2573 1391 2603; x_wconf 72' lang='lat' dir='ltr'>&#39;CoM</span> <span class='ocrx_word' id='word_1_1503' title='bbox 1403 2573 1441 2601; x_wconf 67' lang='lat' dir='ltr'>ri}</span> <span class='ocrx_word' id='word_1_1504' title='bbox 1452 2581 1513 2601; x_wconf 83' lang='lat' dir='ltr'>oro</span> <span class='ocrx_word' id='word_1_1505' title='bbox 1524 2593 1532 2606; x_wconf 90' lang='lat'>,</span> <span class='ocrx_word' id='word_1_1506' title='bbox 1553 2570 1592 2600; x_wconf 73' lang='lat' dir='ltr'>ivi</span> <span class='ocrx_word' id='word_1_1507' title='bbox 1603 2592 1611 2606; x_wconf 88' lang='lat'>,</span> <span class='ocrx_word' id='word_1_1508' title='bbox 1632 2570 1705 2600; x_wconf 84' lang='lat' dir='ltr'>‘itum</span> <span class='ocrx_word' id='word_1_1509' title='bbox 1716 2592 1724 2606; x_wconf 95' lang='lat'>,</span> <span class='ocrx_word' id='word_1_1510' title='bbox 1746 2566 1875 2606; x_wconf 51' lang='lat' dir='ltr'>[mdiu]</span> <span class='ocrx_word' id='word_1_1511' title='bbox 1893 2571 1945 2598; x_wconf 68' lang='lat' dir='ltr'>ire.</span> <span class='ocrx_word' id='word_1_1512' title='bbox 1966 2568 2054 2599; x_wconf 87' lang='lat' dir='ltr'>Pedes</span> <span class='ocrx_word' id='word_1_1513' title='bbox 2070 2568 2175 2607; x_wconf 89' lang='lat' dir='ltr'>ligare,</span> <span class='ocrx_word' id='word_1_1514' title='bbox 2195 2571 2222 2600; x_wconf 88' lang='lat'>&amp;</span> <span class='ocrx_word' id='word_1_1515' title='bbox 2235 2572 2351 2603; x_wconf 88' lang='lat' dir='ltr'>vincire.</span> <span class='ocrx_word' id='word_1_1516' title='bbox 2392 2573 2479 2604; x_wconf 84' lang='lat' dir='ltr'>Varro</span> 
     </span>
     <span class='ocr_line' id='line_1_169' title="bbox 1351 2607 2486 2647; baseline -0.002 -7"><span class='ocrx_word' id='word_1_1517' title='bbox 1351 2609 1538 2644; x_wconf 83' lang='lat' dir='ltr'>Flextabulis,</span> <span class='ocrx_word' id='word_1_1518' title='bbox 1561 2608 1653 2638; x_wconf 89' lang='lat' dir='ltr'>Domo</span> <span class='ocrx_word' id='word_1_1519' title='bbox 1672 2618 1707 2638; x_wconf 91' lang='lat' dir='ltr'>eo</span> <span class='ocrx_word' id='word_1_1520' title='bbox 1728 2609 1803 2637; x_wconf 91' lang='lat' dir='ltr'>intro</span> <span class='ocrx_word' id='word_1_1521' title='bbox 1815 2628 1824 2642; x_wconf 85' lang='lat'>,</span> <span class='ocrx_word' id='word_1_1522' title='bbox 1846 2609 1872 2637; x_wconf 72' lang='grc' dir='ltr'>δι</span> <span class='ocrx_word' id='word_1_1523' title='bbox 1885 2607 1973 2645; x_wconf 84' lang='lat' dir='ltr'>pedes</span> <span class='ocrx_word' id='word_1_1524' title='bbox 1994 2608 2119 2645; x_wconf 84' lang='lat' dir='ltr'>corrigiis</span> <span class='ocrx_word' id='word_1_1525' title='bbox 2134 2609 2295 2645; x_wconf 84' lang='lat' dir='ltr'>compedio.</span> <span class='ocrx_word' id='word_1_1526' title='bbox 2336 2611 2370 2641; x_wconf 90' lang='lat' dir='ltr'>Et</span> <span class='ocrx_word' id='word_1_1527' title='bbox 2388 2613 2486 2647; x_wconf 54' lang='lat' dir='ltr'>Augu-</span> 
     </span>
     <span class='ocr_line' id='line_1_170' title="bbox 1349 2642 2459 2687; baseline 0.001 -9"><span class='ocrx_word' id='word_1_1528' title='bbox 1349 2649 1412 2679; x_wconf 85' lang='lat' dir='ltr'>stin.</span> <span class='ocrx_word' id='word_1_1529' title='bbox 1425 2648 1507 2686; x_wconf 86' lang='lat' dir='ltr'>Epist.</span> <span class='ocrx_word' id='word_1_1530' title='bbox 1524 2656 1567 2683; x_wconf 80' lang='lat'>39.</span> <span class='ocrx_word' id='word_1_1531' title='bbox 1590 2646 1692 2676; x_wconf 85' lang='lat' dir='ltr'>Timeo</span> <span class='ocrx_word' id='word_1_1532' title='bbox 1704 2667 1713 2683; x_wconf 89' lang='lat'>‚</span> <span class='ocrx_word' id='word_1_1533' title='bbox 1734 2652 1764 2675; x_wconf 88' lang='lat' dir='ltr'>te</span> <span class='ocrx_word' id='word_1_1534' title='bbox 1774 2645 1857 2675; x_wconf 87' lang='lat' dir='ltr'>rebus</span> <span class='ocrx_word' id='word_1_1535' title='bbox 1869 2644 2034 2675; x_wconf 87' lang='lat' dir='ltr'>mortalibus</span> <span class='ocrx_word' id='word_1_1536' title='bbox 2045 2646 2275 2683; x_wconf 69' lang='lat' dir='ltr'>perniciosissime</span> <span class='ocrx_word' id='word_1_1537' title='bbox 2291 2642 2459 2687; x_wconf 68' lang='lat' dir='ltr'>compedffi.</span> 
     </span>
    </p>

    <p class='ocr_par' dir='ltr' id='par_1_63' title="bbox 1307 2679 2485 2869">
     <span class='ocr_line' id='line_1_171' title="bbox 1307 2679 2485 2723; baseline 0.001 -6"><span class='ocrx_word' id='word_1_1538' title='bbox 1307 2686 1413 2718; x_wconf 62' lang='lat' dir='ltr'>Com&gt;</span> <span class='ocrx_word' id='word_1_1539' title='bbox 1425 2689 1583 2720; x_wconf 73' lang='lat' dir='ltr'>epirus,</span> <span class='ocrx_word' id='word_1_1540' title='bbox 1603 2694 1619 2714; x_wconf 88' lang='lat' dir='ltr'>a</span> <span class='ocrx_word' id='word_1_1541' title='bbox 1631 2706 1640 2720; x_wconf 90' lang='lat'><em>‚</em></span> <span class='ocrx_word' id='word_1_1542' title='bbox 1661 2694 1718 2714; x_wconf 89' lang='lat' dir='ltr'>um.</span> <span class='ocrx_word' id='word_1_1543' title='bbox 1740 2679 1888 2721; x_wconf 41' lang='lat' dir='ltr'>[molius]</span> <span class='ocrx_word' id='word_1_1544' title='bbox 1918 2683 2016 2713; x_wconf 83' lang='lat' dir='ltr'>Partic.</span> <span class='ocrx_word' id='word_1_1545' title='bbox 2056 2684 2131 2713; x_wconf 84' lang='lat' dir='ltr'>Hinc</span> <span class='ocrx_word' id='word_1_1546' title='bbox 2151 2683 2311 2723; x_wconf 87' lang='lat' dir='ltr'>Compediti</span> <span class='ocrx_word' id='word_1_1547' title='bbox 2328 2686 2394 2717; x_wconf 82' lang='lat' dir='ltr'>servi</span> <span class='ocrx_word' id='word_1_1548' title='bbox 2415 2688 2485 2718; x_wconf 72' lang='lat' dir='ltr'>sunt:</span> 
     </span>
     <span class='ocr_line' id='line_1_172' title="bbox 1349 2721 2483 2763; baseline 0.001 -8"><span class='ocrx_word' id='word_1_1549' title='bbox 1349 2724 1425 2763; x_wconf 88' lang='lat' dir='ltr'>apud</span> <span class='ocrx_word' id='word_1_1550' title='bbox 1437 2723 1523 2753; x_wconf 84' lang='lat' dir='ltr'>Plaut.</span> <span class='ocrx_word' id='word_1_1551' title='bbox 1538 2722 1618 2761; x_wconf 91' lang='lat' dir='ltr'>Capt.</span> <span class='ocrx_word' id='word_1_1552' title='bbox 1630 2733 1655 2758; x_wconf 80' lang='grc' dir='ltr'><strong>ς.</strong></span> <span class='ocrx_word' id='word_1_1553' title='bbox 1672 2732 1695 2753; x_wconf 90' lang='lat'>1.</span> <span class='ocrx_word' id='word_1_1554' title='bbox 1708 2731 1754 2758; x_wconf 82' lang='lat'>24.</span> <span class='ocrx_word' id='word_1_1555' title='bbox 1788 2722 1819 2751; x_wconf 79' lang='lat' dir='ltr'>ln</span> <span class='ocrx_word' id='word_1_1556' title='bbox 1838 2721 2008 2759; x_wconf 77' lang='lat' dir='ltr'>lapidicinas</span> <span class='ocrx_word' id='word_1_1557' title='bbox 2027 2722 2222 2759; x_wconf 86' lang='lat' dir='ltr'>compeditum</span> <span class='ocrx_word' id='word_1_1558' title='bbox 2240 2725 2367 2755; x_wconf 89' lang='lat' dir='ltr'>condidi.</span> <span class='ocrx_word' id='word_1_1559' title='bbox 2409 2725 2483 2756; x_wconf 79' lang='lat' dir='ltr'>Cato</span> 
     </span>
     <span class='ocr_line' id='line_1_173' title="bbox 1344 2759 2480 2801; baseline 0 -8"><span class='ocrx_word' id='word_1_1560' title='bbox 1344 2773 1410 2800; x_wconf 77' lang='lat' dir='ltr'>cap.</span> <span class='ocrx_word' id='word_1_1561' title='bbox 1428 2767 1472 2798; x_wconf 82' lang='grc' dir='ltr'>ςό.</span> <span class='ocrx_word' id='word_1_1562' title='bbox 1493 2761 1672 2799; x_wconf 86' lang='lat' dir='ltr'>Compeditis</span> <span class='ocrx_word' id='word_1_1563' title='bbox 1683 2783 1690 2796; x_wconf 85' lang='lat'><strong>‚</strong></span> <span class='ocrx_word' id='word_1_1564' title='bbox 1708 2770 1761 2799; x_wconf 84' lang='lat' dir='ltr'>per</span> <span class='ocrx_word' id='word_1_1565' title='bbox 1769 2759 1895 2799; x_wconf 82' lang='lat' dir='ltr'>hiemem</span> <span class='ocrx_word' id='word_1_1566' title='bbox 1907 2760 1988 2798; x_wconf 88' lang='lat' dir='ltr'>panis</span> <span class='ocrx_word' id='word_1_1567' title='bbox 2003 2761 2100 2797; x_wconf 88' lang='lat' dir='ltr'>pondo</span> <span class='ocrx_word' id='word_1_1568' title='bbox 2117 2770 2198 2790; x_wconf 87' lang='lat'>1111.</span> <span class='ocrx_word' id='word_1_1569' title='bbox 2218 2761 2315 2792; x_wconf 85' lang='lat' dir='ltr'>Senec.</span> <span class='ocrx_word' id='word_1_1570' title='bbox 2328 2764 2364 2793; x_wconf 92' lang='lat' dir='ltr'>de</span> <span class='ocrx_word' id='word_1_1571' title='bbox 2373 2763 2480 2801; x_wconf 79' lang='lat' dir='ltr'>Tranq.</span> 
     </span>
     <span class='ocr_line' id='line_1_174' title="bbox 1349 2798 2481 2840; baseline 0.001 -9"><span class='ocrx_word' id='word_1_1572' title='bbox 1349 2802 1443 2831; x_wconf 82' lang='lat' dir='ltr'>Anim.</span> <span class='ocrx_word' id='word_1_1573' title='bbox 1459 2809 1522 2837; x_wconf 85' lang='lat' dir='ltr'>cap.</span> <span class='ocrx_word' id='word_1_1574' title='bbox 1536 2809 1578 2829; x_wconf 87' lang='grc' dir='ltr'>ιο,</span> <span class='ocrx_word' id='word_1_1575' title='bbox 1601 2799 1702 2837; x_wconf 76' lang='lat' dir='ltr'>Cogita</span> <span class='ocrx_word' id='word_1_1576' title='bbox 1713 2820 1722 2835; x_wconf 92' lang='lat'>,</span> <span class='ocrx_word' id='word_1_1577' title='bbox 1743 2798 1922 2835; x_wconf 85' lang='lat' dir='ltr'>compeditos</span> <span class='ocrx_word' id='word_1_1578' title='bbox 1932 2798 2024 2835; x_wconf 84' lang='lat' dir='ltr'>primo</span> <span class='ocrx_word' id='word_1_1579' title='bbox 2038 2806 2110 2836; x_wconf 86' lang='lat' dir='ltr'>aegre</span> <span class='ocrx_word' id='word_1_1580' title='bbox 2131 2798 2202 2828; x_wconf 85' lang='lat' dir='ltr'>ferre</span> <span class='ocrx_word' id='word_1_1581' title='bbox 2216 2808 2300 2830; x_wconf 83' lang='lat' dir='ltr'>onera</span> <span class='ocrx_word' id='word_1_1582' title='bbox 2312 2803 2338 2831; x_wconf 75' lang='grc' dir='ltr'><strong>ἃ</strong></span> <span class='ocrx_word' id='word_1_1583' title='bbox 2358 2803 2481 2840; x_wconf 86' lang='lat' dir='ltr'>impedi-</span> 
     </span>
     <span class='ocr_line' id='line_1_175' title="bbox 1347 2846 1586 2869; baseline -0.013 0"><span class='ocrx_word' id='word_1_1584' title='bbox 1347 2846 1444 2869; x_wconf 89' lang='lat' dir='ltr'>menta</span> <span class='ocrx_word' id='word_1_1585' title='bbox 1464 2846 1586 2867; x_wconf 83' lang='lat' dir='ltr'>crurum.</span> 
     </span>
    </p>

    <p class='ocr_par' dir='ltr' id='par_1_64' title="bbox 1310 2873 2474 2915">
     <span class='ocr_line' id='line_1_176' title="bbox 1310 2873 2474 2915; baseline 0 -8"><span class='ocrx_word' id='word_1_1586' title='bbox 1310 2912 1313 2915; x_wconf 52' lang='lat'>.</span> <span class='ocrx_word' id='word_1_1587' title='bbox 1348 2877 1506 2907; x_wconf 77' lang='lat' dir='ltr'>criminum</span> <span class='ocrx_word' id='word_1_1588' title='bbox 1516 2874 1681 2913; x_wconf 86' lang='lat' dir='ltr'>compediti.</span> <span class='ocrx_word' id='word_1_1589' title='bbox 1702 2874 1721 2903; x_wconf 88' lang='lat' dir='ltr'>i.</span> <span class='ocrx_word' id='word_1_1590' title='bbox 1732 2883 1758 2904; x_wconf 89' lang='lat' dir='ltr'>e.</span> <span class='ocrx_word' id='word_1_1591' title='bbox 1777 2873 1855 2904; x_wconf 85' lang='lat' dir='ltr'>Servi</span> <span class='ocrx_word' id='word_1_1592' title='bbox 1867 2879 2058 2912; x_wconf 83' lang='lat' dir='ltr'>peccatorum.</span> <span class='ocrx_word' id='word_1_1593' title='bbox 2079 2873 2135 2904; x_wconf 91' lang='lat' dir='ltr'>Pet.</span> <span class='ocrx_word' id='word_1_1594' title='bbox 2150 2874 2335 2913; x_wconf 78' lang='lat' dir='ltr'>chrysologus</span> <span class='ocrx_word' id='word_1_1595' title='bbox 2347 2877 2434 2906; x_wconf 84' lang='lat' dir='ltr'>Serm.</span> <span class='ocrx_word' id='word_1_1596' title='bbox 2446 2888 2474 2913; x_wconf 83' lang='lat'>5.</span> 
     </span>
    </p>

    <p class='ocr_par' dir='ltr' id='par_1_65' title="bbox 1307 2911 2479 2989">
     <span class='ocr_line' id='line_1_177' title="bbox 1307 2911 2479 2950; baseline 0 -5"><span class='ocrx_word' id='word_1_1597' title='bbox 1307 2916 1513 2946; x_wconf 63' lang='lat' dir='ltr'>Comi-seo</span> <span class='ocrx_word' id='word_1_1598' title='bbox 1524 2935 1532 2949; x_wconf 90' lang='lat'>‚</span> <span class='ocrx_word' id='word_1_1599' title='bbox 1553 2914 1602 2949; x_wconf 88' lang='lat' dir='ltr'>ui,</span> <span class='ocrx_word' id='word_1_1600' title='bbox 1623 2914 1679 2943; x_wconf 69' lang='lat' dir='ltr'>ere.</span> <span class='ocrx_word' id='word_1_1601' title='bbox 1700 2912 1756 2948; x_wconf 85' lang='lat' dir='ltr'>est,</span> <span class='ocrx_word' id='word_1_1602' title='bbox 1772 2913 1864 2950; x_wconf 85' lang='lat' dir='ltr'>inquit</span> <span class='ocrx_word' id='word_1_1603' title='bbox 1875 2911 1987 2948; x_wconf 84' lang='lat' dir='ltr'>Festus,</span> <span class='ocrx_word' id='word_1_1604' title='bbox 2007 2912 2069 2941; x_wconf 90' lang='lat' dir='ltr'>Una</span> <span class='ocrx_word' id='word_1_1605' title='bbox 2087 2912 2218 2950; x_wconf 87' lang='lat' dir='ltr'>pascere,</span> <span class='ocrx_word' id='word_1_1606' title='bbox 2240 2915 2266 2943; x_wconf 74' lang='grc' dir='ltr'>ἃ</span> <span class='ocrx_word' id='word_1_1607' title='bbox 2287 2915 2317 2943; x_wconf 89' lang='lat' dir='ltr'>in</span> <span class='ocrx_word' id='word_1_1608' title='bbox 2338 2925 2394 2944; x_wconf 90' lang='lat' dir='ltr'>uno</span> <span class='ocrx_word' id='word_1_1609' title='bbox 2410 2916 2479 2946; x_wconf 67' lang='lat' dir='ltr'>loco</span> 
     </span>
     <span class='ocr_line' id='line_1_178' title="bbox 1348 2949 2202 2989; baseline -0.002 -6"><span class='ocrx_word' id='word_1_1610' title='bbox 1348 2962 1381 2983; x_wconf 87' lang='lat' dir='ltr'>ac</span> <span class='ocrx_word' id='word_1_1611' title='bbox 1390 2953 1466 2982; x_wconf 78' lang='lat' dir='ltr'>velut</span> <span class='ocrx_word' id='word_1_1612' title='bbox 1478 2953 1506 2981; x_wconf 90' lang='lat' dir='ltr'>in</span> <span class='ocrx_word' id='word_1_1613' title='bbox 1519 2952 1621 2981; x_wconf 87' lang='lat' dir='ltr'>eodem</span> <span class='ocrx_word' id='word_1_1614' title='bbox 1628 2950 1733 2989; x_wconf 61' lang='lat' dir='ltr'>&gt;pascuo</span> <span class='ocrx_word' id='word_1_1615' title='bbox 1744 2951 1900 2980; x_wconf 83' lang='lat' dir='ltr'>continere.</span> <span class='ocrx_word' id='word_1_1616' title='bbox 1940 2949 1972 2979; x_wconf 93' lang='lat' dir='ltr'>V.</span> <span class='ocrx_word' id='word_1_1617' title='bbox 1994 2959 2012 2979; x_wconf 92' lang='lat' dir='ltr'>c</span> <span class='ocrx_word' id='word_1_1618' title='bbox 2020 2959 2066 2979; x_wconf 87' lang='lat' dir='ltr'>OM</span> <span class='ocrx_word' id='word_1_1619' title='bbox 2076 2959 2090 2979; x_wconf 76' lang='grc' dir='ltr'>Ρ</span> <span class='ocrx_word' id='word_1_1620' title='bbox 2099 2961 2118 2979; x_wconf 82' lang='lat' dir='ltr'>A</span> <span class='ocrx_word' id='word_1_1621' title='bbox 2128 2961 2140 2980; x_wconf 90' lang='lat' dir='ltr'>s</span> <span class='ocrx_word' id='word_1_1622' title='bbox 2149 2960 2167 2980; x_wconf 92' lang='lat' dir='ltr'>c</span> <span class='ocrx_word' id='word_1_1623' title='bbox 2175 2961 2202 2981; x_wconf 91' lang='lat' dir='ltr'>o.</span> 
     </span>
    </p>

    <p class='ocr_par' dir='ltr' id='par_1_66' title="bbox 1350 2988 2476 3103">
     <span class='ocr_line' id='line_1_179' title="bbox 1350 2988 2476 3029; baseline -0.001 -8"><span class='ocrx_word' id='word_1_1624' title='bbox 1350 2991 1537 3029; x_wconf 86' lang='lat' dir='ltr'>Compescere</span> <span class='ocrx_word' id='word_1_1625' title='bbox 1547 3011 1556 3025; x_wconf 88' lang='lat'><strong>‚</strong></span> <span class='ocrx_word' id='word_1_1626' title='bbox 1578 2988 1705 3025; x_wconf 60' lang='grc' dir='ltr'><strong>[ο-υςὲὸλω,</strong></span> <span class='ocrx_word' id='word_1_1627' title='bbox 1716 2989 1837 3024; x_wconf 59' lang='grc' dir='ltr'>συνλςφω]</span> <span class='ocrx_word' id='word_1_1628' title='bbox 1859 2988 2005 3021; x_wconf 84' lang='lat' dir='ltr'>Coercere,</span> <span class='ocrx_word' id='word_1_1629' title='bbox 2028 2988 2102 3025; x_wconf 82' lang='lat' dir='ltr'>quasi</span> <span class='ocrx_word' id='word_1_1630' title='bbox 2111 2989 2182 3018; x_wconf 83' lang='lat' dir='ltr'>intra</span> <span class='ocrx_word' id='word_1_1631' title='bbox 2192 2989 2292 3026; x_wconf 79' lang='lat' dir='ltr'>pascua</span> <span class='ocrx_word' id='word_1_1632' title='bbox 2305 2991 2452 3021; x_wconf 85' lang='lat' dir='ltr'>continere</span> <span class='ocrx_word' id='word_1_1633' title='bbox 2462 3012 2476 3027; x_wconf 73' lang='lat'><strong>‚</strong></span> 
     </span>
     <span class='ocr_line' id='line_1_180' title="bbox 1366 3024 2476 3066; baseline 0.001 -8"><span class='ocrx_word' id='word_1_1634' title='bbox 1366 3027 1697 3066; x_wconf 78' lang='lat' dir='ltr'>necvagaripermittere.</span> <span class='ocrx_word' id='word_1_1635' title='bbox 1736 3026 1789 3056; x_wconf 93' lang='lat' dir='ltr'>Cui</span> <span class='ocrx_word' id='word_1_1636' title='bbox 1814 3026 1968 3064; x_wconf 86' lang='lat' dir='ltr'>opponitur</span> <span class='ocrx_word' id='word_1_1637' title='bbox 1980 3024 2129 3063; x_wconf 71' lang='lat' dir='ltr'>Dffpesco,</span> <span class='ocrx_word' id='word_1_1638' title='bbox 2151 3035 2201 3063; x_wconf 86' lang='lat' dir='ltr'>pro</span> <span class='ocrx_word' id='word_1_1639' title='bbox 2222 3027 2340 3063; x_wconf 79' lang='lat' dir='ltr'>Gregem</span> <span class='ocrx_word' id='word_1_1640' title='bbox 2358 3028 2476 3060; x_wconf 85' lang='lat' dir='ltr'>diduco.</span> 
     </span>
     <span class='ocr_line' id='line_1_181' title="bbox 1365 3063 2417 3103; baseline 0 -7"><span class='ocrx_word' id='word_1_1641' title='bbox 1365 3066 1437 3097; x_wconf 89' lang='lat' dir='ltr'>Plin.</span> <span class='ocrx_word' id='word_1_1642' title='bbox 1454 3066 1500 3095; x_wconf 84' lang='lat' dir='ltr'>lib.</span> <span class='ocrx_word' id='word_1_1643' title='bbox 1519 3075 1561 3102; x_wconf 84' lang='lat'>14.</span> <span class='ocrx_word' id='word_1_1644' title='bbox 1572 3075 1632 3103; x_wconf 86' lang='lat' dir='ltr'>cap.</span> <span class='ocrx_word' id='word_1_1645' title='bbox 1646 3075 1692 3095; x_wconf 65' lang='grc' dir='ltr'><strong>ιο.</strong></span> <span class='ocrx_word' id='word_1_1646' title='bbox 1715 3064 1735 3094; x_wconf 83' lang='grc' dir='ltr'>Ε</span> <span class='ocrx_word' id='word_1_1647' title='bbox 1747 3064 1855 3094; x_wconf 90' lang='lat' dir='ltr'>diverso</span> <span class='ocrx_word' id='word_1_1648' title='bbox 1867 3063 1982 3101; x_wconf 85' lang='lat' dir='ltr'>crapula</span> <span class='ocrx_word' id='word_1_1649' title='bbox 1993 3064 2133 3102; x_wconf 87' lang='lat' dir='ltr'>compesci</span> <span class='ocrx_word' id='word_1_1650' title='bbox 2146 3065 2284 3095; x_wconf 85' lang='lat' dir='ltr'>feritatem</span> <span class='ocrx_word' id='word_1_1651' title='bbox 2292 3067 2417 3096; x_wconf 90' lang='lat' dir='ltr'>nimiam.</span> 
     </span>
    </p>

    <p class='ocr_par' dir='ltr' id='par_1_67' title="bbox 1346 3102 2051 3141">
     <span class='ocr_line' id='line_1_182' title="bbox 1346 3102 2051 3141; baseline -0.004 -7"><span class='ocrx_word' id='word_1_1652' title='bbox 1346 3102 1392 3135; x_wconf 86' lang='lat' dir='ltr'>Ira</span> <span class='ocrx_word' id='word_1_1653' title='bbox 1405 3103 1726 3141; x_wconf 63' lang='lat' dir='ltr'>leonu-m&#39;compescitur.</span> <span class='ocrx_word' id='word_1_1654' title='bbox 1748 3102 1836 3132; x_wconf 87' lang='lat' dir='ltr'>Ovid.</span> <span class='ocrx_word' id='word_1_1655' title='bbox 1851 3112 1878 3136; x_wconf 77' lang='lat'>4.</span> <span class='ocrx_word' id='word_1_1656' title='bbox 1895 3102 2011 3131; x_wconf 82' lang='lat' dir='ltr'>Trist-6.</span> <span class='ocrx_word' id='word_1_1657' title='bbox 2027 3112 2051 3137; x_wconf 88' lang='grc' dir='ltr'>ς.</span> 
     </span>
    </p>

    <p class='ocr_par' dir='ltr' id='par_1_68' title="bbox 1346 3139 2475 3210">
     <span class='ocr_line' id='line_1_183' title="bbox 1346 3139 2475 3210; baseline 0 -37"><span class='ocrx_word' id='word_1_1658' title='bbox 1346 3143 1478 3210; x_wconf 51' lang='grc' dir='ltr'>Δὲίςυεῐη</span> <span class='ocrx_word' id='word_1_1659' title='bbox 1492 3152 1558 3172; x_wconf 89' lang='lat' dir='ltr'>auro</span> <span class='ocrx_word' id='word_1_1660' title='bbox 1568 3141 1747 3179; x_wconf 87' lang='lat' dir='ltr'>compescere</span> <span class='ocrx_word' id='word_1_1661' title='bbox 1758 3162 1767 3178; x_wconf 90' lang='lat'>‚</span> <span class='ocrx_word' id='word_1_1662' title='bbox 1787 3139 1936 3170; x_wconf 74' lang='lat' dir='ltr'>Prohibere</span> <span class='ocrx_word' id='word_1_1663' title='bbox 1949 3139 2116 3169; x_wconf 86' lang='lat' dir='ltr'>muneribus</span> <span class='ocrx_word' id='word_1_1664' title='bbox 2132 3139 2167 3170; x_wconf 82' lang='lat' dir='ltr'>ab</span> <span class='ocrx_word' id='word_1_1665' title='bbox 2182 3140 2320 3173; x_wconf 82' lang='lat' dir='ltr'>instituto.</span> <span class='ocrx_word' id='word_1_1666' title='bbox 2344 3141 2432 3173; x_wconf 86' lang='lat' dir='ltr'>Valet.</span> <span class='ocrx_word' id='word_1_1667' title='bbox 2446 3152 2475 3173; x_wconf 55' lang='lat'>1„</span> 
     </span>
    </p>

    <p class='ocr_par' dir='ltr' id='par_1_69' title="bbox 1391 3186 1713 3215">
     <span class='ocr_line' id='line_1_184' title="bbox 1391 3186 1713 3215; baseline -0.003 -5"><span class='ocrx_word' id='word_1_1668' title='bbox 1391 3190 1471 3210; x_wconf 71' lang='lat' dir='ltr'>rron.</span> <span class='ocrx_word' id='word_1_1669' title='bbox 1508 3186 1551 3215; x_wconf 77' lang='lat'>38.</span> <span class='ocrx_word' id='word_1_1670' title='bbox 1711 3191 1713 3194; x_wconf 59' lang='lat'><em>⁴</em></span> 
     </span>
    </p>

    <p class='ocr_par' dir='ltr' id='par_1_70' title="bbox 1350 3189 2118 3257">
     <span class='ocr_line' id='line_1_185' title="bbox 1350 3189 2118 3257; baseline -0.007 -8"><span class='ocrx_word' id='word_1_1671' title='bbox 1350 3192 1480 3257; x_wconf 52' lang='lat' dir='ltr'>Aliqbuem</span> <span class='ocrx_word' id='word_1_1672' title='bbox 1489 3189 1670 3256; x_wconf 54' lang='lat' dir='ltr'>{onipescere</span> <span class='ocrx_word' id='word_1_1673' title='bbox 1680 3217 1795 3246; x_wconf 88' lang='lat' dir='ltr'>catenis.</span> <span class='ocrx_word' id='word_1_1674' title='bbox 1817 3215 1902 3246; x_wconf 85' lang='lat' dir='ltr'>ovid.</span> <span class='ocrx_word' id='word_1_1675' title='bbox 1915 3224 1960 3245; x_wconf 86' lang='lat'>20.</span> <span class='ocrx_word' id='word_1_1676' title='bbox 1973 3215 2057 3253; x_wconf 79' lang='lat' dir='ltr'>Epist.</span> <span class='ocrx_word' id='word_1_1677' title='bbox 2072 3221 2118 3250; x_wconf 74' lang='grc' dir='ltr'><strong>ες.</strong></span> 
     </span>
    </p>

    <p class='ocr_par' dir='ltr' id='par_1_71' title="bbox 1346 3253 2197 3295">
     <span class='ocr_line' id='line_1_186' title="bbox 1346 3253 2197 3295; baseline -0.005 -7"><span class='ocrx_word' id='word_1_1678' title='bbox 1346 3256 1664 3295; x_wconf 68' lang='lat' dir='ltr'>‘Aliquem‘compescere</span> <span class='ocrx_word' id='word_1_1679' title='bbox 1678 3253 1877 3292; x_wconf 85' lang='lat' dir='ltr'>compedibus.</span> <span class='ocrx_word' id='word_1_1680' title='bbox 1900 3253 1985 3284; x_wconf 78' lang='lat' dir='ltr'>ovid.</span> <span class='ocrx_word' id='word_1_1681' title='bbox 1996 3263 2042 3283; x_wconf 70' lang='grc' dir='ltr'><strong>ιο.</strong></span> <span class='ocrx_word' id='word_1_1682' title='bbox 2056 3253 2138 3290; x_wconf 84' lang='lat' dir='ltr'>Epist.</span> <span class='ocrx_word' id='word_1_1683' title='bbox 2146 3256 2197 3290; x_wconf 83' lang='grc' dir='ltr'><strong>“8ς.</strong></span> 
     </span>
    </p>

    <p class='ocr_par' dir='ltr' id='par_1_72' title="bbox 1348 3291 2113 3333">
     <span class='ocr_line' id='line_1_187' title="bbox 1348 3291 2113 3333; baseline -0.007 -8"><span class='ocrx_word' id='word_1_1684' title='bbox 1348 3295 1477 3332; x_wconf 80' lang='lat' dir='ltr'>Aliquem</span> <span class='ocrx_word' id='word_1_1685' title='bbox 1492 3295 1586 3333; x_wconf 84' lang='lat' dir='ltr'>poenis</span> <span class='ocrx_word' id='word_1_1686' title='bbox 1597 3292 1782 3331; x_wconf 86' lang='lat' dir='ltr'>compescere.</span> <span class='ocrx_word' id='word_1_1687' title='bbox 1804 3291 1874 3321; x_wconf 83' lang='lat' dir='ltr'>Hor.</span> <span class='ocrx_word' id='word_1_1688' title='bbox 1892 3302 1914 3321; x_wconf 89' lang='lat'>1.</span> <span class='ocrx_word' id='word_1_1689' title='bbox 1929 3292 2013 3321; x_wconf 82' lang='lat' dir='ltr'>Serm.</span> <span class='ocrx_word' id='word_1_1690' title='bbox 2025 3295 2051 3325; x_wconf 81' lang='lat'>8.</span> <span class='ocrx_word' id='word_1_1691' title='bbox 2068 3300 2113 3328; x_wconf 84' lang='lat'>31.</span> 
     </span>
    </p>

    <p class='ocr_par' dir='ltr' id='par_1_73' title="bbox 1347 3329 2232 3396">
     <span class='ocr_line' id='line_1_188' title="bbox 1347 3329 2232 3396; baseline -0.006 -33"><span class='ocrx_word' id='word_1_1692' title='bbox 1347 3334 1482 3363; x_wconf 83' lang='lat' dir='ltr'>Animum</span> <span class='ocrx_word' id='word_1_1693' title='bbox 1493 3331 1670 3370; x_wconf 87' lang='lat' dir='ltr'>compescere</span> <span class='ocrx_word' id='word_1_1694' title='bbox 1677 3331 1766 3360; x_wconf 74' lang='lat' dir='ltr'>&#39;frenis</span> <span class='ocrx_word' id='word_1_1695' title='bbox 1777 3351 1785 3365; x_wconf 87' lang='lat'>‚</span> <span class='ocrx_word' id='word_1_1696' title='bbox 1807 3337 1914 3359; x_wconf 84' lang='lat' dir='ltr'>catena.</span> <span class='ocrx_word' id='word_1_1697' title='bbox 1937 3329 2004 3358; x_wconf 90' lang='lat' dir='ltr'>Hor.</span> <span class='ocrx_word' id='word_1_1698' title='bbox 2018 3338 2040 3358; x_wconf 92' lang='lat'>1.</span> <span class='ocrx_word' id='word_1_1699' title='bbox 2054 3329 2138 3396; x_wconf 61' lang='lat' dir='ltr'>Epist.</span> <span class='ocrx_word' id='word_1_1700' title='bbox 2147 3338 2173 3359; x_wconf 85' lang='lat'>2.</span> <span class='ocrx_word' id='word_1_1701' title='bbox 2187 3332 2232 3366; x_wconf 67' lang='lat'>6³.</span> 
     </span>
    </p>

    <p class='ocr_par' dir='ltr' id='par_1_74' title="bbox 1343 3367 2472 3410">
     <span class='ocr_line' id='line_1_189' title="bbox 1343 3367 2472 3410; baseline -0.001 -9"><span class='ocrx_word' id='word_1_1702' title='bbox 1343 3370 1468 3410; x_wconf 82' lang='lat' dir='ltr'>&#39;Culpam</span> <span class='ocrx_word' id='word_1_1703' title='bbox 1475 3370 1559 3404; x_wconf 82' lang='lat' dir='ltr'>ferro,</span> <span class='ocrx_word' id='word_1_1704' title='bbox 1570 3369 1678 3400; x_wconf 78' lang='lat' dir='ltr'>Malum</span> <span class='ocrx_word' id='word_1_1705' title='bbox 1689 3369 1769 3398; x_wconf 90' lang='lat' dir='ltr'>ulcus</span> <span class='ocrx_word' id='word_1_1706' title='bbox 1777 3367 2022 3405; x_wconf 81' lang='lat' dir='ltr'>resecare.Virg.de</span> <span class='ocrx_word' id='word_1_1707' title='bbox 2033 3367 2076 3396; x_wconf 91' lang='lat' dir='ltr'>ovi</span> <span class='ocrx_word' id='word_1_1708' title='bbox 2099 3377 2131 3396; x_wconf 86' lang='lat' dir='ltr'>us</span> <span class='ocrx_word' id='word_1_1709' title='bbox 2139 3367 2472 3408; x_wconf 70' lang='lat' dir='ltr'>loquens,3.&#39;Georg.468.</span> 
     </span>
    </p>

    <p class='ocr_par' dir='ltr' id='par_1_75' title="bbox 1441 3404 2147 3445">
     <span class='ocr_line' id='line_1_190' title="bbox 1441 3404 2147 3445; baseline -0.007 -7"><span class='ocrx_word' id='word_1_1710' title='bbox 1441 3408 1584 3438; x_wconf 87' lang='lat' dir='ltr'>Continuo</span> <span class='ocrx_word' id='word_1_1711' title='bbox 1596 3407 1707 3445; x_wconf 80' lang='lat' dir='ltr'>culpam</span> <span class='ocrx_word' id='word_1_1712' title='bbox 1717 3405 1964 3443; x_wconf 73' lang='lat' dir='ltr'>ferro&#39;compesce:</span> <span class='ocrx_word' id='word_1_1713' title='bbox 1986 3404 2147 3442; x_wconf 80' lang='lat' dir='ltr'>priusquam</span> 
     </span>
    </p>

    <p class='ocr_par' dir='ltr' id='par_1_76' title="bbox 1440 3442 2109 3484">
     <span class='ocr_line' id='line_1_191' title="bbox 1440 3442 2109 3484; baseline -0.007 -8"><span class='ocrx_word' id='word_1_1714' title='bbox 1440 3446 1506 3476; x_wconf 83' lang='lat' dir='ltr'>Dira</span> <span class='ocrx_word' id='word_1_1715' title='bbox 1521 3456 1572 3484; x_wconf 84' lang='lat' dir='ltr'>per</span> <span class='ocrx_word' id='word_1_1716' title='bbox 1585 3446 1731 3474; x_wconf 83' lang='lat' dir='ltr'>incautum</span> <span class='ocrx_word' id='word_1_1717' title='bbox 1743 3443 1852 3481; x_wconf 86' lang='lat' dir='ltr'>ser-pant</span> <span class='ocrx_word' id='word_1_1718' title='bbox 1861 3443 1991 3481; x_wconf 84' lang='lat' dir='ltr'>contagia</span> <span class='ocrx_word' id='word_1_1719' title='bbox 2002 3442 2109 3480; x_wconf 82' lang='lat' dir='ltr'>vulgus.</span> 
     </span>
    </p>

    <p class='ocr_par' dir='ltr' id='par_1_77' title="bbox 1342 3483 1808 3518">
     <span class='ocr_line' id='line_1_192' title="bbox 1342 3483 1808 3518; baseline -0.011 -3"><span class='ocrx_word' id='word_1_1720' title='bbox 1342 3485 1443 3516; x_wconf 76' lang='lat' dir='ltr'>Coras.</span> <span class='ocrx_word' id='word_1_1721' title='bbox 1465 3484 1550 3514; x_wconf 74' lang='lat' dir='ltr'>Ovid.</span> <span class='ocrx_word' id='word_1_1722' title='bbox 1564 3483 1643 3513; x_wconf 89' lang='lat' dir='ltr'>Rem.</span> <span class='ocrx_word' id='word_1_1723' title='bbox 1657 3484 1749 3512; x_wconf 84' lang='lat' dir='ltr'>Amor.</span> <span class='ocrx_word' id='word_1_1724' title='bbox 1762 3485 1808 3518; x_wconf 88' lang='lat'>⁶9·</span> 
     </span>
    </p>

    <p class='ocr_par' dir='ltr' id='par_1_78' title="bbox 1344 3520 1875 3559">
     <span class='ocr_line' id='line_1_193' title="bbox 1344 3520 1875 3559; baseline -0.011 -6"><span class='ocrx_word' id='word_1_1725' title='bbox 1344 3523 1463 3553; x_wconf 86' lang='lat' dir='ltr'>Damna.</span> <span class='ocrx_word' id='word_1_1726' title='bbox 1486 3523 1552 3551; x_wconf 87' lang='lat' dir='ltr'>Stat.</span> <span class='ocrx_word' id='word_1_1727' title='bbox 1567 3530 1591 3557; x_wconf 86' lang='lat'>3.</span> <span class='ocrx_word' id='word_1_1728' title='bbox 1607 3520 1672 3550; x_wconf 80' lang='lat' dir='ltr'>silv.</span> <span class='ocrx_word' id='word_1_1729' title='bbox 1685 3529 1708 3556; x_wconf 84' lang='lat'>3.</span> <span class='ocrx_word' id='word_1_1730' title='bbox 1726 3530 1772 3554; x_wconf 78' lang='lat'>4¹.</span> <span class='ocrx_word' id='word_1_1731' title='bbox 1873 3556 1875 3559; x_wconf 26' lang='grc' dir='ltr'><strong><em>ι</em></strong></span> 
     </span>
    </p>

    <p class='ocr_par' dir='ltr' id='par_1_79' title="bbox 1344 3557 1899 3597">
     <span class='ocr_line' id='line_1_194' title="bbox 1344 3557 1899 3597; baseline -0.009 -6"><span class='ocrx_word' id='word_1_1732' title='bbox 1344 3560 1479 3591; x_wconf 77' lang='lat' dir='ltr'>Dextram</span> <span class='ocrx_word' id='word_1_1733' title='bbox 1489 3560 1614 3597; x_wconf 82' lang='lat' dir='ltr'>impiam.</span> <span class='ocrx_word' id='word_1_1734' title='bbox 1637 3559 1702 3588; x_wconf 89' lang='lat' dir='ltr'>Sen.</span> <span class='ocrx_word' id='word_1_1735' title='bbox 1713 3558 1794 3587; x_wconf 84' lang='lat' dir='ltr'>Herc.</span> <span class='ocrx_word' id='word_1_1736' title='bbox 1807 3557 1861 3586; x_wconf 76' lang='lat' dir='ltr'>sur.</span> <span class='ocrx_word' id='word_1_1737' title='bbox 1873 3560 1899 3587; x_wconf 90' lang='lat'>6.</span> 
     </span>
    </p>

    <p class='ocr_par' dir='ltr' id='par_1_80' title="bbox 1345 3594 2181 3636">
     <span class='ocr_line' id='line_1_195' title="bbox 1345 3594 2181 3636; baseline -0.005 -7"><span class='ocrx_word' id='word_1_1738' title='bbox 1345 3599 1456 3636; x_wconf 82' lang='lat' dir='ltr'>Equum</span> <span class='ocrx_word' id='word_1_1739' title='bbox 1468 3597 1588 3627; x_wconf 86' lang='lat' dir='ltr'>celerem</span> <span class='ocrx_word' id='word_1_1740' title='bbox 1598 3597 1672 3626; x_wconf 66' lang='lat' dir='ltr'>arc‘to</span> <span class='ocrx_word' id='word_1_1741' title='bbox 1682 3595 1772 3624; x_wconf 84' lang='lat' dir='ltr'>freno.</span> <span class='ocrx_word' id='word_1_1742' title='bbox 1793 3595 1889 3634; x_wconf 79' lang='lat' dir='ltr'>Tibul.</span> <span class='ocrx_word' id='word_1_1743' title='bbox 1903 3594 1952 3624; x_wconf 86' lang='lat' dir='ltr'>lib.</span> <span class='ocrx_word' id='word_1_1744' title='bbox 1965 3604 1992 3630; x_wconf 90' lang='lat'>4.</span> <span class='ocrx_word' id='word_1_1745' title='bbox 2007 3604 2032 3624; x_wconf 82' lang='lat' dir='ltr'>r.</span> <span class='ocrx_word' id='word_1_1746' title='bbox 2046 3600 2092 3630; x_wconf 74' lang='lat' dir='ltr'>or.</span> <span class='ocrx_word' id='word_1_1747' title='bbox 2172 3622 2181 3631; x_wconf 23' lang='grc' dir='ltr'>Γ</span> 
     </span>
    </p>

    <p class='ocr_par' dir='ltr' id='par_1_81' title="bbox 1345 3631 2378 3672">
     <span class='ocr_line' id='line_1_196' title="bbox 1345 3631 2378 3672; baseline -0.002 -5"><span class='ocrx_word' id='word_1_1748' title='bbox 1345 3637 1471 3667; x_wconf 85' lang='lat' dir='ltr'>Famem.</span> <span class='ocrx_word' id='word_1_1749' title='bbox 1512 3635 1576 3664; x_wconf 91' lang='lat' dir='ltr'>Sen.</span> <span class='ocrx_word' id='word_1_1750' title='bbox 1589 3633 1706 3672; x_wconf 83' lang='lat' dir='ltr'>Hippoi.</span> <span class='ocrx_word' id='word_1_1751' title='bbox 1721 3643 1747 3669; x_wconf 76' lang='grc'><strong>4.</strong></span> <span class='ocrx_word' id='word_1_1752' title='bbox 1769 3632 1884 3662; x_wconf 76' lang='lat' dir='ltr'>Excussa</span> <span class='ocrx_word' id='word_1_1753' title='bbox 1896 3633 1967 3662; x_wconf 74' lang='lat' dir='ltr'>silvis</span> <span class='ocrx_word' id='word_1_1754' title='bbox 1975 3643 2060 3671; x_wconf 90' lang='lat' dir='ltr'>poma</span> <span class='ocrx_word' id='word_1_1755' title='bbox 2071 3631 2256 3670; x_wconf 77' lang='lat' dir='ltr'>compescunt</span> <span class='ocrx_word' id='word_1_1756' title='bbox 2264 3632 2378 3665; x_wconf 81' lang='lat' dir='ltr'>famem.</span> 
     </span>
    </p>

    <p class='ocr_par' dir='ltr' id='par_1_82' title="bbox 1344 3671 2118 3709">
     <span class='ocr_line' id='line_1_197' title="bbox 1344 3671 2118 3709; baseline -0.008 -4"><span class='ocrx_word' id='word_1_1757' title='bbox 1344 3672 1548 3705; x_wconf 77' lang='lat' dir='ltr'>Fastusinsanae</span> <span class='ocrx_word' id='word_1_1758' title='bbox 1556 3672 1669 3701; x_wconf 86' lang='lat' dir='ltr'>Veneris</span> <span class='ocrx_word' id='word_1_1759' title='bbox 1685 3681 1772 3700; x_wconf 85' lang='lat' dir='ltr'>merc.</span> <span class='ocrx_word' id='word_1_1760' title='bbox 1795 3671 1916 3709; x_wconf 88' lang='lat' dir='ltr'>Propert.</span> <span class='ocrx_word' id='word_1_1761' title='bbox 1934 3671 1980 3699; x_wconf 89' lang='lat' dir='ltr'>lib.</span> <span class='ocrx_word' id='word_1_1762' title='bbox 1995 3681 2019 3707; x_wconf 85' lang='lat'>3.</span> <span class='ocrx_word' id='word_1_1763' title='bbox 2035 3680 2077 3707; x_wconf 84' lang='lat'>17.</span> <span class='ocrx_word' id='word_1_1764' title='bbox 2092 3680 2118 3707; x_wconf 89' lang='lat'>3.</span> 
     </span>
    </p>

    <p class='ocr_par' dir='ltr' id='par_1_83' title="bbox 1345 3709 2473 3782">
     <span class='ocr_line' id='line_1_198' title="bbox 1345 3709 2473 3748; baseline 0 -6"><span class='ocrx_word' id='word_1_1765' title='bbox 1345 3713 1501 3743; x_wconf 74' lang='lat' dir='ltr'>Flammam</span> <span class='ocrx_word' id='word_1_1766' title='bbox 1511 3720 1589 3739; x_wconf 81' lang='lat' dir='ltr'>mero</span> <span class='ocrx_word' id='word_1_1767' title='bbox 1598 3709 1788 3747; x_wconf 84' lang='lat' dir='ltr'>compescere.</span> <span class='ocrx_word' id='word_1_1768' title='bbox 1817 3709 1839 3738; x_wconf 89' lang='lat' dir='ltr'>i.</span> <span class='ocrx_word' id='word_1_1769' title='bbox 1849 3719 1874 3738; x_wconf 89' lang='lat' dir='ltr'>e.</span> <span class='ocrx_word' id='word_1_1770' title='bbox 1897 3709 2035 3739; x_wconf 82' lang='lat' dir='ltr'>Ebrietate</span> <span class='ocrx_word' id='word_1_1771' title='bbox 2045 3717 2176 3740; x_wconf 81' lang='lat' dir='ltr'>venerem</span> <span class='ocrx_word' id='word_1_1772' title='bbox 2188 3710 2362 3748; x_wconf 83' lang='lat' dir='ltr'>extinguere.</span> <span class='ocrx_word' id='word_1_1773' title='bbox 2384 3711 2473 3742; x_wconf 65' lang='lat' dir='ltr'>Ovia.</span> 
     </span>
     <span class='ocr_line' id='line_1_199' title="bbox 1369 3750 1585 3782; baseline -0.019 -2"><span class='ocrx_word' id='word_1_1774' title='bbox 1369 3755 1412 3780; x_wconf 83' lang='lat'>16.</span> <span class='ocrx_word' id='word_1_1775' title='bbox 1425 3750 1445 3779; x_wconf 77' lang='lat' dir='ltr'>E</span> <span class='ocrx_word' id='word_1_1776' title='bbox 1468 3750 1508 3777; x_wconf 80' lang='lat' dir='ltr'>ist.</span> <span class='ocrx_word' id='word_1_1777' title='bbox 1521 3757 1585 3782; x_wconf 83' lang='lat'>229.</span> 
     </span>
    </p>

    <p class='ocr_par' dir='ltr' id='par_1_84' title="bbox 1346 3760 2040 3823">
     <span class='ocr_line' id='line_1_200' title="bbox 1346 3760 2040 3823; baseline -0.006 -5"><span class='ocrx_word' id='word_1_1778' title='bbox 1346 3760 1486 3819; x_wconf 62' lang='lat' dir='ltr'>Flmnniiis</span> <span class='ocrx_word' id='word_1_1779' title='bbox 1499 3786 1620 3820; x_wconf 82' lang='lat' dir='ltr'>amoris,</span> <span class='ocrx_word' id='word_1_1780' title='bbox 1639 3784 1781 3821; x_wconf 73' lang='lat' dir='ltr'>nefasque.</span> <span class='ocrx_word' id='word_1_1781' title='bbox 1804 3784 1868 3814; x_wconf 90' lang='lat' dir='ltr'>Sen.</span> <span class='ocrx_word' id='word_1_1782' title='bbox 1882 3783 1999 3823; x_wconf 81' lang='lat' dir='ltr'>Hippoi.</span> <span class='ocrx_word' id='word_1_1783' title='bbox 2013 3793 2040 3814; x_wconf 86' lang='lat'>2.</span> 
     </span>
    </p>

    <p class='ocr_par' dir='ltr' id='par_1_85' title="bbox 1345 3819 2468 3861">
     <span class='ocr_line' id='line_1_201' title="bbox 1345 3819 2468 3861; baseline -0.003 -6"><span class='ocrx_word' id='word_1_1784' title='bbox 1345 3823 1459 3857; x_wconf 58' lang='lat' dir='ltr'>⁴{ludius</span> <span class='ocrx_word' id='word_1_1785' title='bbox 1470 3823 1647 3861; x_wconf 88' lang='lat' dir='ltr'>compescere</span> <span class='ocrx_word' id='word_1_1786' title='bbox 1655 3823 1759 3851; x_wconf 81' lang='lat' dir='ltr'>dicitur</span> <span class='ocrx_word' id='word_1_1787' title='bbox 1769 3822 1918 3860; x_wconf 84' lang='lat' dir='ltr'>Neptunus</span> <span class='ocrx_word' id='word_1_1788' title='bbox 1928 3845 1936 3858; x_wconf 91' lang='lat'><strong>‚</strong></span> <span class='ocrx_word' id='word_1_1789' title='bbox 1958 3824 1984 3852; x_wconf 67' lang='grc' dir='ltr'>ἃ</span> <span class='ocrx_word' id='word_1_1790' title='bbox 1994 3822 2033 3852; x_wconf 88' lang='lat' dir='ltr'>dii</span> <span class='ocrx_word' id='word_1_1791' title='bbox 2044 3823 2154 3854; x_wconf 75' lang='lat' dir='ltr'>marini.</span> <span class='ocrx_word' id='word_1_1792' title='bbox 2169 3823 2260 3854; x_wconf 82' lang='lat' dir='ltr'>&#39;Ovid.</span> <span class='ocrx_word' id='word_1_1793' title='bbox 2274 3833 2298 3854; x_wconf 86' lang='lat'>1.</span> <span class='ocrx_word' id='word_1_1794' title='bbox 2307 3819 2468 3860; x_wconf 66' lang='lat' dir='ltr'>Trist.2.8‘72</span> 
     </span>
    </p>

    <p class='ocr_par' dir='ltr' id='par_1_86' title="bbox 1347 3860 2003 3899">
     <span class='ocr_line' id='line_1_202' title="bbox 1347 3860 2003 3899; baseline -0.003 -7"><span class='ocrx_word' id='word_1_1795' title='bbox 1347 3863 1478 3894; x_wconf 86' lang='lat' dir='ltr'>Fluvium</span> <span class='ocrx_word' id='word_1_1796' title='bbox 1491 3863 1557 3899; x_wconf 71' lang='lat' dir='ltr'>ripis</span> <span class='ocrx_word' id='word_1_1797' title='bbox 1569 3860 1755 3899; x_wconf 82' lang='lat' dir='ltr'>compescere.</span> <span class='ocrx_word' id='word_1_1798' title='bbox 1778 3860 1825 3890; x_wconf 84' lang='lat' dir='ltr'>Sil.</span> <span class='ocrx_word' id='word_1_1799' title='bbox 1838 3860 1888 3889; x_wconf 81' lang='lat' dir='ltr'>lib.</span> <span class='ocrx_word' id='word_1_1800' title='bbox 1905 3869 1928 3895; x_wconf 77' lang='lat'>3.</span> <span class='ocrx_word' id='word_1_1801' title='bbox 1938 3870 2003 3896; x_wconf 51' lang='lat'>¹599.</span> 
     </span>
    </p>

    <p class='ocr_par' dir='ltr' id='par_1_87' title="bbox 1347 3897 2469 3935">
     <span class='ocr_line' id='line_1_203' title="bbox 1347 3897 2469 3935; baseline -0.003 -4"><span class='ocrx_word' id='word_1_1802' title='bbox 1347 3900 1472 3932; x_wconf 87' lang='lat' dir='ltr'>Frondes</span> <span class='ocrx_word' id='word_1_1803' title='bbox 1484 3901 1546 3929; x_wconf 82' lang='lat' dir='ltr'>vere</span> <span class='ocrx_word' id='word_1_1804' title='bbox 1558 3909 1633 3928; x_wconf 89' lang='lat' dir='ltr'>novo</span> <span class='ocrx_word' id='word_1_1805' title='bbox 1643 3897 1832 3935; x_wconf 86' lang='lat' dir='ltr'>compescere,</span> <span class='ocrx_word' id='word_1_1806' title='bbox 1845 3898 1999 3935; x_wconf 82' lang='lat' dir='ltr'>Remorari,</span> <span class='ocrx_word' id='word_1_1807' title='bbox 2008 3899 2156 3930; x_wconf 85' lang='lat' dir='ltr'>retardare.</span> <span class='ocrx_word' id='word_1_1808' title='bbox 2169 3898 2288 3930; x_wconf 81' lang='lat' dir='ltr'>Valer.6.</span> <span class='ocrx_word' id='word_1_1809' title='bbox 2299 3900 2469 3935; x_wconf 68' lang='lat' dir='ltr'>Argon.306.</span> 
     </span>
    </p>

    <p class='ocr_par' dir='ltr' id='par_1_88' title="bbox 1347 3936 1984 3974">
     <span class='ocr_line' id='line_1_204' title="bbox 1347 3936 1984 3974; baseline -0.003 -6"><span class='ocrx_word' id='word_1_1810' title='bbox 1347 3939 1452 3974; x_wconf 76' lang='lat' dir='ltr'>Fugam</span> <span class='ocrx_word' id='word_1_1811' title='bbox 1467 3937 1592 3973; x_wconf 85' lang='lat' dir='ltr'>alicujus.</span> <span class='ocrx_word' id='word_1_1812' title='bbox 1616 3936 1760 3966; x_wconf 65' lang='lat' dir='ltr'>Claudsde</span> <span class='ocrx_word' id='word_1_1813' title='bbox 1768 3936 1835 3966; x_wconf 78' lang='lat' dir='ltr'>Bell.</span> <span class='ocrx_word' id='word_1_1814' title='bbox 1849 3936 1910 3967; x_wconf 89' lang='lat' dir='ltr'>Get.</span> <span class='ocrx_word' id='word_1_1815' title='bbox 1921 3945 1984 3972; x_wconf 67' lang='grc' dir='ltr'>υς.</span> 
     </span>
    </p>

    <p class='ocr_par' dir='ltr' id='par_1_89' title="bbox 1348 3974 2053 4012">
     <span class='ocr_line' id='line_1_205' title="bbox 1348 3974 2053 4012; baseline -0.003 -6"><span class='ocrx_word' id='word_1_1816' title='bbox 1348 3977 1475 4007; x_wconf 87' lang='lat' dir='ltr'>Furores.</span> <span class='ocrx_word' id='word_1_1817' title='bbox 1498 3976 1584 4005; x_wconf 77' lang='lat' dir='ltr'>Ov&#39;id.</span> <span class='ocrx_word' id='word_1_1818' title='bbox 1601 3986 1624 4010; x_wconf 80' lang='grc' dir='ltr'>ς.</span> <span class='ocrx_word' id='word_1_1819' title='bbox 1643 3974 1724 4004; x_wconf 83' lang='lat' dir='ltr'>Trist.</span> <span class='ocrx_word' id='word_1_1820' title='bbox 1739 3978 1822 4012; x_wconf 80' lang='lat'>6.45.</span> <span class='ocrx_word' id='word_1_1821' title='bbox 1855 3975 1892 4005; x_wconf 85' lang='lat' dir='ltr'>al.</span> <span class='ocrx_word' id='word_1_1822' title='bbox 1913 3974 2053 4005; x_wconf 85' lang='lat' dir='ltr'>Timores.</span> 
     </span>
    </p>

    <p class='ocr_par' dir='ltr' id='par_1_90' title="bbox 1348 4009 2469 4081">
     <span class='ocr_line' id='line_1_206' title="bbox 1348 4009 2469 4081; baseline -0.006 -35"><span class='ocrx_word' id='word_1_1823' title='bbox 1348 4012 1644 4051; x_wconf 76' lang='lat' dir='ltr'>Gaudiacompescere</span> <span class='ocrx_word' id='word_1_1824' title='bbox 1652 4013 1790 4050; x_wconf 76' lang='lat' dir='ltr'>lacrymis.</span> <span class='ocrx_word' id='word_1_1825' title='bbox 1798 4012 1911 4081; x_wconf 52' lang='lat' dir='ltr'>glauci.</span> <span class='ocrx_word' id='word_1_1826' title='bbox 1926 4022 1951 4042; x_wconf 82' lang='lat'>2.</span> <span class='ocrx_word' id='word_1_1827' title='bbox 1964 4015 1994 4043; x_wconf 89' lang='lat' dir='ltr'>in</span> <span class='ocrx_word' id='word_1_1828' title='bbox 2002 4013 2116 4050; x_wconf 83' lang='lat' dir='ltr'>Eutrop.</span> <span class='ocrx_word' id='word_1_1829' title='bbox 2133 4021 2195 4046; x_wconf 78' lang='lat'>144·</span> <span class='ocrx_word' id='word_1_1830' title='bbox 2217 4011 2252 4041; x_wconf 78' lang='lat' dir='ltr'>al.</span> <span class='ocrx_word' id='word_1_1831' title='bbox 2271 4009 2469 4078; x_wconf 48' lang='lat' dir='ltr'>Conffensare.</span> 
     </span>
    </p>

    <p class='ocr_par' dir='ltr' id='par_1_91' title="bbox 1836 4057 2472 4089">
     <span class='ocr_line' id='line_1_207' title="bbox 1836 4057 2472 4089; baseline -0.019 0"><span class='ocrx_word' id='word_1_1832' title='bbox 1836 4060 1856 4089; x_wconf 67' lang='grc' dir='ltr'>ἓ</span> <span class='ocrx_word' id='word_1_1833' title='bbox 1865 4060 1881 4089; x_wconf 77' lang='lat' dir='ltr'>g</span> <span class='ocrx_word' id='word_1_1834' title='bbox 1890 4060 1907 4088; x_wconf 78' lang='lat' dir='ltr'>g</span> <span class='ocrx_word' id='word_1_1835' title='bbox 1927 4059 1940 4087; x_wconf 77' lang='lat'>3</span> <span class='ocrx_word' id='word_1_1836' title='bbox 2360 4057 2472 4083; x_wconf 65' lang='lat' dir='ltr'>emittis„</span> 
     </span>
    </p>
   </div>
  </div>
 </body>
</html>
