<?xml version="1.0" encoding="UTF-8"?>
<!DOCTYPE html PUBLIC "-//W3C//DTD XHTML 1.0 Transitional//EN"
    "http://www.w3.org/TR/xhtml1/DTD/xhtml1-transitional.dtd">
<html xmlns="http://www.w3.org/1999/xhtml" xml:lang="en" lang="en">
 <head>
  <title>
</title>
<meta http-equiv="Content-Type" content="text/html;charset=utf-8" />
  <meta name='ocr-system' content='tesseract 3.04.00' />
  <meta name='ocr-capabilities' content='ocr_page ocr_carea ocr_par ocr_line ocrx_word'/>
</head>
<body>
  <div class='ocr_page' id='page_1' title='image "./robertistephanil01esti_0698.png"; bbox 0 0 2604 4222; ppageno 0'>
   <div class='ocr_carea' id='block_1_1' title="bbox 127 122 893 185">
    <p class='ocr_par' dir='ltr' id='par_1_1' title="bbox 127 122 893 185">
     <span class='ocr_line' id='line_1_1' title="bbox 127 122 893 185; baseline -0.029 -6"><span class='ocrx_word' id='word_1_1' title='bbox 127 146 204 185; x_wconf 79' lang='lat'>624</span> <span class='ocrx_word' id='word_1_2' title='bbox 601 131 631 165; x_wconf 91' lang='lat' dir='ltr'>C</span> <span class='ocrx_word' id='word_1_3' title='bbox 727 127 762 162; x_wconf 88' lang='grc' dir='ltr'>Ο</span> <span class='ocrx_word' id='word_1_4' title='bbox 857 122 893 158; x_wconf 89' lang='grc' dir='ltr'>Ν</span> 
     </span>
    </p>
   </div>
   <div class='ocr_carea' id='block_1_2' title="bbox 162 198 1275 404">
    <p class='ocr_par' dir='ltr' id='par_1_2' title="bbox 162 198 1275 404">
     <span class='ocr_line' id='line_1_2' title="bbox 162 198 1272 257; baseline -0.026 -6"><span class='ocrx_word' id='word_1_5' title='bbox 162 221 337 257; x_wconf 84' lang='lat' dir='ltr'>Concrepare</span> <span class='ocrx_word' id='word_1_6' title='bbox 351 216 447 255; x_wconf 82' lang='lat' dir='ltr'>gladiis</span> <span class='ocrx_word' id='word_1_7' title='bbox 459 214 494 244; x_wconf 86' lang='lat' dir='ltr'>ad</span> <span class='ocrx_word' id='word_1_8' title='bbox 507 213 590 243; x_wconf 87' lang='lat' dir='ltr'>scuta.</span> <span class='ocrx_word' id='word_1_9' title='bbox 630 211 687 240; x_wconf 80' lang='lat' dir='ltr'>Liv.</span> <span class='ocrx_word' id='word_1_10' title='bbox 702 215 746 241; x_wconf 78' lang='lat'>²8.</span> <span class='ocrx_word' id='word_1_11' title='bbox 760 217 804 242; x_wconf 85' lang='lat'>29-</span> <span class='ocrx_word' id='word_1_12' title='bbox 837 203 998 245; x_wconf 78' lang='lat' dir='ltr'>Exercitus,</span> <span class='ocrx_word' id='word_1_13' title='bbox 1019 198 1065 237; x_wconf 91' lang='lat' dir='ltr'>qui</span> <span class='ocrx_word' id='word_1_14' title='bbox 1084 202 1187 228; x_wconf 84' lang='lat' dir='ltr'>corona</span> <span class='ocrx_word' id='word_1_15' title='bbox 1205 199 1272 224; x_wconf 83' lang='lat' dir='ltr'>con-</span> 
     </span>
     <span class='ocr_line' id='line_1_3' title="bbox 183 245 981 287; baseline -0.025 1"><span class='ocrx_word' id='word_1_16' title='bbox 183 259 293 287; x_wconf 86' lang='lat' dir='ltr'>cionem</span> <span class='ocrx_word' id='word_1_17' title='bbox 305 254 528 285; x_wconf 77' lang='lat' dir='ltr'>circumdederat</span> <span class='ocrx_word' id='word_1_18' title='bbox 541 273 548 284; x_wconf 81' lang='lat'>,</span> <span class='ocrx_word' id='word_1_19' title='bbox 572 249 669 287; x_wconf 81' lang='lat' dir='ltr'>gladiis</span> <span class='ocrx_word' id='word_1_20' title='bbox 679 247 713 276; x_wconf 90' lang='lat' dir='ltr'>ad</span> <span class='ocrx_word' id='word_1_21' title='bbox 724 246 796 275; x_wconf 88' lang='lat' dir='ltr'>scuta</span> <span class='ocrx_word' id='word_1_22' title='bbox 807 245 981 278; x_wconf 83' lang='lat' dir='ltr'>concrepuit.</span> 
     </span>
     <span class='ocr_line' id='line_1_4' title="bbox 165 285 770 330; baseline -0.025 -4"><span class='ocrx_word' id='word_1_23' title='bbox 165 296 266 326; x_wconf 81' lang='lat' dir='ltr'>manus</span> <span class='ocrx_word' id='word_1_24' title='bbox 275 301 472 330; x_wconf 79' lang='lat' dir='ltr'>concrepuere.</span> <span class='ocrx_word' id='word_1_25' title='bbox 493 288 577 319; x_wconf 90' lang='lat' dir='ltr'>Ovid.</span> <span class='ocrx_word' id='word_1_26' title='bbox 590 296 613 323; x_wconf 91' lang='lat'>3.</span> <span class='ocrx_word' id='word_1_27' title='bbox 631 285 694 328; x_wconf 38' lang='lat' dir='ltr'>Fae..</span> <span class='ocrx_word' id='word_1_28' title='bbox 707 290 770 319; x_wconf 86' lang='lat'>740.</span> 
     </span>
     <span class='ocr_line' id='line_1_5' title="bbox 167 316 918 369; baseline -0.028 -5"><span class='ocrx_word' id='word_1_29' title='bbox 167 333 343 369; x_wconf 79' lang='lat' dir='ltr'>Concrepare</span> <span class='ocrx_word' id='word_1_30' title='bbox 358 350 367 366; x_wconf 93' lang='lat'>‚</span> <span class='ocrx_word' id='word_1_31' title='bbox 388 329 478 358; x_wconf 65' lang='lat' dir='ltr'>aetive</span> <span class='ocrx_word' id='word_1_32' title='bbox 490 326 616 365; x_wconf 81' lang='lat' dir='ltr'>politum.</span> <span class='ocrx_word' id='word_1_33' title='bbox 638 321 720 352; x_wconf 90' lang='lat' dir='ltr'>Ov1d.</span> <span class='ocrx_word' id='word_1_34' title='bbox 737 331 760 355; x_wconf 87' lang='grc' dir='ltr'>ς.</span> <span class='ocrx_word' id='word_1_35' title='bbox 773 316 841 348; x_wconf 80' lang='lat' dir='ltr'>Fast.</span> <span class='ocrx_word' id='word_1_36' title='bbox 854 323 918 350; x_wconf 80' lang='lat'>441.</span> 
     </span>
     <span class='ocr_line' id='line_1_6' title="bbox 259 344 1275 404; baseline -0.028 -4"><span class='ocrx_word' id='word_1_37' title='bbox 259 365 362 399; x_wconf 79' lang='lat' dir='ltr'>Rursus</span> <span class='ocrx_word' id='word_1_38' title='bbox 370 376 469 404; x_wconf 87' lang='lat' dir='ltr'>aquarn</span> <span class='ocrx_word' id='word_1_39' title='bbox 479 363 584 400; x_wconf 81' lang='lat' dir='ltr'>tangit,</span> <span class='ocrx_word' id='word_1_40' title='bbox 604 358 796 394; x_wconf 77' lang='lat' dir='ltr'>Temesaeaque</span> <span class='ocrx_word' id='word_1_41' title='bbox 806 355 957 390; x_wconf 86' lang='lat' dir='ltr'>concrepat</span> <span class='ocrx_word' id='word_1_42' title='bbox 969 358 1031 380; x_wconf 81' lang='lat' dir='ltr'>aera.</span> <span class='ocrx_word' id='word_1_43' title='bbox 1113 344 1196 376; x_wconf 91' lang='lat' dir='ltr'>Conf.</span> <span class='ocrx_word' id='word_1_44' title='bbox 1208 352 1275 383; x_wconf 84' lang='lat' dir='ltr'>pau-</span> 
     </span>
    </p>
   </div>
   <div class='ocr_carea' id='block_1_3' title="bbox 132 401 1082 513">
    <p class='ocr_par' dir='ltr' id='par_1_3' title="bbox 132 401 1082 513">
     <span class='ocr_line' id='line_1_7' title="bbox 188 401 714 445; baseline -0.027 -7"><span class='ocrx_word' id='word_1_45' title='bbox 188 408 216 437; x_wconf 85' lang='lat' dir='ltr'>lo</span> <span class='ocrx_word' id='word_1_46' title='bbox 227 407 307 445; x_wconf 88' lang='lat' dir='ltr'>supra</span> <span class='ocrx_word' id='word_1_47' title='bbox 317 406 489 442; x_wconf 88' lang='lat' dir='ltr'>Concrepare</span> <span class='ocrx_word' id='word_1_48' title='bbox 500 401 610 438; x_wconf 85' lang='lat' dir='ltr'>digitos.</span> <span class='ocrx_word' id='word_1_49' title='bbox 710 432 714 438; x_wconf 40' lang='grc' dir='ltr'>Ι</span> 
     </span>
     <span class='ocr_line' id='line_1_8' title="bbox 132 432 781 476; baseline -0.028 0"><span class='ocrx_word' id='word_1_50' title='bbox 132 446 413 476; x_wconf 71' lang='grc' dir='ltr'>(ἶοΝςιιιιΡΑτιο</span> <span class='ocrx_word' id='word_1_51' title='bbox 424 463 432 476; x_wconf 84' lang='grc'><em>,</em></span> <span class='ocrx_word' id='word_1_52' title='bbox 453 440 522 470; x_wconf 72' lang='lat' dir='ltr'>onis.</span> <span class='ocrx_word' id='word_1_53' title='bbox 543 435 561 466; x_wconf 91' lang='lat' dir='ltr'>f.</span> <span class='ocrx_word' id='word_1_54' title='bbox 584 433 683 466; x_wconf 81' lang='lat' dir='ltr'>Arnob.</span> <span class='ocrx_word' id='word_1_55' title='bbox 697 432 781 461; x_wconf 82' lang='lat' dir='ltr'>lib.2.</span> 
     </span>
     <span class='ocr_line' id='line_1_9' title="bbox 134 461 1082 513; baseline -0.027 1"><span class='ocrx_word' id='word_1_56' title='bbox 134 484 156 513; x_wconf 93' lang='lat' dir='ltr'>C</span> <span class='ocrx_word' id='word_1_57' title='bbox 167 493 183 513; x_wconf 92' lang='lat'><em>0</em></span> <span class='ocrx_word' id='word_1_58' title='bbox 195 493 213 512; x_wconf 85' lang='lat' dir='ltr'>N</span> <span class='ocrx_word' id='word_1_59' title='bbox 224 493 241 512; x_wconf 94' lang='lat' dir='ltr'>c</span> <span class='ocrx_word' id='word_1_60' title='bbox 251 492 265 511; x_wconf 68' lang='lat' dir='ltr'>ir</span> <span class='ocrx_word' id='word_1_61' title='bbox 275 491 289 511; x_wconf 65' lang='grc' dir='ltr'>ιζ</span> <span class='ocrx_word' id='word_1_62' title='bbox 298 491 311 510; x_wconf 80' lang='lat' dir='ltr'>i&gt;</span> <span class='ocrx_word' id='word_1_63' title='bbox 321 491 365 510; x_wconf 81' lang='lat' dir='ltr'>AR</span> <span class='ocrx_word' id='word_1_64' title='bbox 374 490 384 508; x_wconf 88' lang='lat'>1</span> <span class='ocrx_word' id='word_1_65' title='bbox 393 489 411 508; x_wconf 88' lang='lat' dir='ltr'>u</span> <span class='ocrx_word' id='word_1_66' title='bbox 421 489 433 508; x_wconf 92' lang='lat' dir='ltr'>s</span> <span class='ocrx_word' id='word_1_67' title='bbox 447 499 455 512; x_wconf 98' lang='lat'>,</span> <span class='ocrx_word' id='word_1_68' title='bbox 475 487 490 506; x_wconf 90' lang='lat' dir='ltr'>a</span> <span class='ocrx_word' id='word_1_69' title='bbox 500 495 509 509; x_wconf 67' lang='lat'>.</span> <span class='ocrx_word' id='word_1_70' title='bbox 528 483 587 505; x_wconf 87' lang='lat' dir='ltr'>um.</span> <span class='ocrx_word' id='word_1_71' title='bbox 609 472 694 502; x_wconf 85' lang='lat' dir='ltr'>Plaut.</span> <span class='ocrx_word' id='word_1_72' title='bbox 707 467 804 498; x_wconf 84' lang='lat' dir='ltr'>Bacch.</span> <span class='ocrx_word' id='word_1_73' title='bbox 816 463 923 503; x_wconf 81' lang='lat' dir='ltr'>suppos.</span> <span class='ocrx_word' id='word_1_74' title='bbox 936 461 1007 501; x_wconf 91' lang='lat' dir='ltr'>prol.</span> <span class='ocrx_word' id='word_1_75' title='bbox 1018 470 1043 490; x_wconf 87' lang='lat' dir='ltr'>v.</span> <span class='ocrx_word' id='word_1_76' title='bbox 1057 467 1082 496; x_wconf 79' lang='lat'>3.</span> 
     </span>
    </p>
   </div>
   <div class='ocr_carea' id='block_1_4' title="bbox 135 508 1277 738">
    <p class='ocr_par' dir='ltr' id='par_1_4' title="bbox 135 508 1277 738">
     <span class='ocr_line' id='line_1_10' title="bbox 135 508 1158 551; baseline -0.026 0"><span class='ocrx_word' id='word_1_77' title='bbox 135 521 159 550; x_wconf 94' lang='lat' dir='ltr'>C</span> <span class='ocrx_word' id='word_1_78' title='bbox 167 531 184 549; x_wconf 93' lang='lat' dir='ltr'>o</span> <span class='ocrx_word' id='word_1_79' title='bbox 194 530 212 549; x_wconf 86' lang='grc' dir='ltr'>Ν</span> <span class='ocrx_word' id='word_1_80' title='bbox 223 530 240 549; x_wconf 89' lang='lat' dir='ltr'>c</span> <span class='ocrx_word' id='word_1_81' title='bbox 251 530 266 548; x_wconf 71' lang='lat' dir='ltr'>a</span> <span class='ocrx_word' id='word_1_82' title='bbox 275 529 289 548; x_wconf 75' lang='lat' dir='ltr'>R</span> <span class='ocrx_word' id='word_1_83' title='bbox 299 529 312 547; x_wconf 81' lang='lat' dir='ltr'>i&gt;</span> <span class='ocrx_word' id='word_1_84' title='bbox 320 529 329 546; x_wconf 91' lang='lat'>1</span> <span class='ocrx_word' id='word_1_85' title='bbox 338 527 381 546; x_wconf 78' lang='lat' dir='ltr'>To</span> <span class='ocrx_word' id='word_1_86' title='bbox 392 538 400 551; x_wconf 78' lang='grc'><em>,</em></span> <span class='ocrx_word' id='word_1_87' title='bbox 416 519 469 545; x_wconf 71' lang='lat' dir='ltr'>z‘ire.</span> <span class='ocrx_word' id='word_1_88' title='bbox 490 514 625 548; x_wconf 82' lang='lat' dir='ltr'>frequent.</span> <span class='ocrx_word' id='word_1_89' title='bbox 647 508 775 538; x_wconf 90' lang='lat' dir='ltr'>Prudent.</span> <span class='ocrx_word' id='word_1_90' title='bbox 923 537 930 547; x_wconf 52' lang='grc' dir='ltr'><em>Ι</em></span> <span class='ocrx_word' id='word_1_91' title='bbox 1151 529 1158 540; x_wconf 53' lang='grc' dir='ltr'><strong><em>Ι</em></strong></span> 
     </span>
     <span class='ocr_line' id='line_1_11' title="bbox 136 530 1276 589; baseline -0.028 0"><span class='ocrx_word' id='word_1_92' title='bbox 136 557 158 588; x_wconf 88' lang='lat' dir='ltr'>C</span> <span class='ocrx_word' id='word_1_93' title='bbox 168 568 184 587; x_wconf 94' lang='lat' dir='ltr'>o</span> <span class='ocrx_word' id='word_1_94' title='bbox 194 568 212 586; x_wconf 86' lang='lat' dir='ltr'>N</span> <span class='ocrx_word' id='word_1_95' title='bbox 222 568 239 586; x_wconf 92' lang='lat' dir='ltr'>c</span> <span class='ocrx_word' id='word_1_96' title='bbox 251 567 265 586; x_wconf 74' lang='lat' dir='ltr'>a</span> <span class='ocrx_word' id='word_1_97' title='bbox 275 566 288 586; x_wconf 70' lang='grc' dir='ltr'>ις</span> <span class='ocrx_word' id='word_1_98' title='bbox 297 566 308 586; x_wconf 89' lang='lat' dir='ltr'>s</span> <span class='ocrx_word' id='word_1_99' title='bbox 318 565 334 584; x_wconf 83' lang='lat' dir='ltr'>c</span> <span class='ocrx_word' id='word_1_100' title='bbox 343 565 359 583; x_wconf 92' lang='lat'><em>0</em></span> <span class='ocrx_word' id='word_1_101' title='bbox 369 576 377 589; x_wconf 90' lang='lat'>,</span> <span class='ocrx_word' id='word_1_102' title='bbox 398 552 470 582; x_wconf 71' lang='lat' dir='ltr'>crevi</span> <span class='ocrx_word' id='word_1_103' title='bbox 481 573 489 586; x_wconf 90' lang='lat'>‚</span> <span class='ocrx_word' id='word_1_104' title='bbox 510 552 616 579; x_wconf 76' lang='lat' dir='ltr'>cretum</span> <span class='ocrx_word' id='word_1_105' title='bbox 628 569 636 582; x_wconf 83' lang='grc'>,</span> <span class='ocrx_word' id='word_1_106' title='bbox 670 534 857 581; x_wconf 56' lang='grc' dir='ltr'>[ἐπτσωὸἳῶαμι</span> <span class='ocrx_word' id='word_1_107' title='bbox 865 561 877 582; x_wconf 26' lang='lat' dir='ltr'>,U</span> <span class='ocrx_word' id='word_1_108' title='bbox 898 548 1025 582; x_wconf 44' lang='grc' dir='ltr'>πήγνυμαι</span> <span class='ocrx_word' id='word_1_109' title='bbox 1035 557 1044 571; x_wconf 82' lang='lat'><strong>‚</strong></span> <span class='ocrx_word' id='word_1_110' title='bbox 1058 573 1063 578; x_wconf 34' lang='lat'>¹</span> <span class='ocrx_word' id='word_1_111' title='bbox 1077 530 1276 575; x_wconf 59' lang='grc' dir='ltr'>σνμπηγιυρψ]</span> 
     </span>
     <span class='ocr_line' id='line_1_12' title="bbox 155 571 1276 627; baseline -0.027 -1"><span class='ocrx_word' id='word_1_112' title='bbox 155 597 227 625; x_wconf 67' lang='lat' dir='ltr'>‘ere</span> <span class='ocrx_word' id='word_1_113' title='bbox 250 604 264 624; x_wconf 85' lang='lat' dir='ltr'>a</span> <span class='ocrx_word' id='word_1_114' title='bbox 277 593 372 623; x_wconf 87' lang='lat' dir='ltr'>Cresco</span> <span class='ocrx_word' id='word_1_115' title='bbox 384 589 578 627; x_wconf 78' lang='lat' dir='ltr'>componitur3</span> <span class='ocrx_word' id='word_1_116' title='bbox 601 580 850 615; x_wconf 82' lang='lat' dir='ltr'>&amp;Simulcrescere</span> <span class='ocrx_word' id='word_1_117' title='bbox 861 577 1008 614; x_wconf 83' lang='lat' dir='ltr'>lignihcat:</span> <span class='ocrx_word' id='word_1_118' title='bbox 1029 571 1178 608; x_wconf 88' lang='lat' dir='ltr'>aliquando</span> <span class='ocrx_word' id='word_1_119' title='bbox 1192 576 1276 599; x_wconf 89' lang='lat' dir='ltr'>etiam</span> 
     </span>
     <span class='ocr_line' id='line_1_13' title="bbox 172 612 1277 668; baseline -0.026 -5"><span class='ocrx_word' id='word_1_120' title='bbox 172 632 312 668; x_wconf 89' lang='lat' dir='ltr'>Conjungi</span> <span class='ocrx_word' id='word_1_121' title='bbox 333 632 358 659; x_wconf 73' lang='grc' dir='ltr'><strong>ἃ</strong></span> <span class='ocrx_word' id='word_1_122' title='bbox 372 625 563 661; x_wconf 76' lang='lat' dir='ltr'>conglutinari.</span> <span class='ocrx_word' id='word_1_123' title='bbox 603 623 660 651; x_wconf 89' lang='lat' dir='ltr'>Cic.</span> <span class='ocrx_word' id='word_1_124' title='bbox 673 630 698 649; x_wconf 88' lang='lat'>2.</span> <span class='ocrx_word' id='word_1_125' title='bbox 713 620 747 648; x_wconf 88' lang='lat' dir='ltr'>de</span> <span class='ocrx_word' id='word_1_126' title='bbox 759 618 820 647; x_wconf 90' lang='lat' dir='ltr'>Nat.</span> <span class='ocrx_word' id='word_1_127' title='bbox 834 616 917 645; x_wconf 90' lang='lat' dir='ltr'>Deor.</span> <span class='ocrx_word' id='word_1_128' title='bbox 933 619 976 643; x_wconf 83' lang='lat'>26.</span> <span class='ocrx_word' id='word_1_129' title='bbox 1007 612 1077 648; x_wconf 81' lang='lat' dir='ltr'>Qua:</span> <span class='ocrx_word' id='word_1_130' title='bbox 1096 617 1188 645; x_wconf 89' lang='lat' dir='ltr'>neque</span> <span class='ocrx_word' id='word_1_131' title='bbox 1211 615 1277 636; x_wconf 88' lang='lat' dir='ltr'>con-</span> 
     </span>
     <span class='ocr_line' id='line_1_14' title="bbox 171 651 1241 708; baseline -0.026 -8"><span class='ocrx_word' id='word_1_132' title='bbox 171 670 300 708; x_wconf 81' lang='lat' dir='ltr'>glaciaret</span> <span class='ocrx_word' id='word_1_133' title='bbox 310 662 454 703; x_wconf 79' lang='lat' dir='ltr'>frigoribus</span> <span class='ocrx_word' id='word_1_134' title='bbox 465 687 473 699; x_wconf 90' lang='lat'>,</span> <span class='ocrx_word' id='word_1_135' title='bbox 494 670 584 699; x_wconf 89' lang='lat' dir='ltr'>neque</span> <span class='ocrx_word' id='word_1_136' title='bbox 596 661 660 689; x_wconf 88' lang='lat' dir='ltr'>nive</span> <span class='ocrx_word' id='word_1_137' title='bbox 668 680 675 693; x_wconf 88' lang='lat'><em>‚</em></span> <span class='ocrx_word' id='word_1_138' title='bbox 696 657 848 695; x_wconf 84' lang='lat' dir='ltr'>pruinaque</span> <span class='ocrx_word' id='word_1_139' title='bbox 859 651 1055 682; x_wconf 78' lang='lat' dir='ltr'>concresceret.</span> <span class='ocrx_word' id='word_1_140' title='bbox 1235 682 1241 688; x_wconf 91' lang='lat'>.</span> 
     </span>
     <span class='ocr_line' id='line_1_15' title="bbox 171 682 1277 738; baseline -0.024 -1"><span class='ocrx_word' id='word_1_141' title='bbox 171 707 330 738; x_wconf 86' lang='lat' dir='ltr'>lnduratum</span> <span class='ocrx_word' id='word_1_142' title='bbox 338 706 363 734; x_wconf 71' lang='grc' dir='ltr'>ἃ</span> <span class='ocrx_word' id='word_1_143' title='bbox 373 708 533 732; x_wconf 86' lang='lat' dir='ltr'>concretum</span> <span class='ocrx_word' id='word_1_144' title='bbox 541 699 595 728; x_wconf 87' lang='lat' dir='ltr'>alta</span> <span class='ocrx_word' id='word_1_145' title='bbox 604 697 699 734; x_wconf 80' lang='lat' dir='ltr'>glacie.</span> <span class='ocrx_word' id='word_1_146' title='bbox 720 694 775 723; x_wconf 89' lang='lat' dir='ltr'>Liv.</span> <span class='ocrx_word' id='word_1_147' title='bbox 789 702 833 721; x_wconf 84' lang='lat'>21.</span> <span class='ocrx_word' id='word_1_148' title='bbox 846 695 889 726; x_wconf 87' lang='lat'>36.</span> <span class='ocrx_word' id='word_1_149' title='bbox 900 690 935 719; x_wconf 89' lang='lat' dir='ltr'>Ut</span> <span class='ocrx_word' id='word_1_150' title='bbox 948 690 1079 727; x_wconf 83' lang='lat' dir='ltr'>pleraque</span> <span class='ocrx_word' id='word_1_151' title='bbox 1089 683 1167 715; x_wconf 82' lang='lat' dir='ltr'>velut</span> <span class='ocrx_word' id='word_1_152' title='bbox 1175 682 1277 721; x_wconf 81' lang='lat' dir='ltr'>pedica</span> 
     </span>
    </p>
   </div>
   <div class='ocr_carea' id='block_1_5' title="bbox 170 728 1277 1377">
    <p class='ocr_par' dir='ltr' id='par_1_5' title="bbox 170 728 1277 1377">
     <span class='ocr_line' id='line_1_16' title="bbox 191 728 1213 782; baseline -0.025 -8"><span class='ocrx_word' id='word_1_153' title='bbox 191 751 269 782; x_wconf 85' lang='lat' dir='ltr'>capta</span> <span class='ocrx_word' id='word_1_154' title='bbox 280 742 461 774; x_wconf 71' lang='lat' dir='ltr'>inhaererent,</span> <span class='ocrx_word' id='word_1_155' title='bbox 482 738 607 767; x_wconf 86' lang='lat' dir='ltr'>indurata</span> <span class='ocrx_word' id='word_1_156' title='bbox 622 737 646 764; x_wconf 72' lang='grc' dir='ltr'>δι</span> <span class='ocrx_word' id='word_1_157' title='bbox 656 734 708 762; x_wconf 84' lang='lat' dir='ltr'>alta</span> <span class='ocrx_word' id='word_1_158' title='bbox 720 728 957 772; x_wconf 36' lang='lat' dir='ltr'>concreta-glacie.</span> <span class='ocrx_word' id='word_1_159' title='bbox 987 764 992 769; x_wconf 36' lang='lat'>¹</span> <span class='ocrx_word' id='word_1_160' title='bbox 1207 757 1213 763; x_wconf 37' lang='grc' dir='ltr'>ι</span> 
     </span>
     <span class='ocr_line' id='line_1_17' title="bbox 173 756 1276 812; baseline -0.024 0"><span class='ocrx_word' id='word_1_161' title='bbox 173 779 374 811; x_wconf 81' lang='lat' dir='ltr'>concrescendi</span> <span class='ocrx_word' id='word_1_162' title='bbox 384 779 424 807; x_wconf 88' lang='lat' dir='ltr'>vis</span> <span class='ocrx_word' id='word_1_163' title='bbox 439 779 464 806; x_wconf 68' lang='grc'>62</span> <span class='ocrx_word' id='word_1_164' title='bbox 475 773 619 812; x_wconf 77' lang='lat' dir='ltr'>Liquendi,</span> <span class='ocrx_word' id='word_1_165' title='bbox 640 770 783 801; x_wconf 83' lang='lat' dir='ltr'>contraria.</span> <span class='ocrx_word' id='word_1_166' title='bbox 824 766 881 795; x_wconf 85' lang='lat' dir='ltr'>Cic.</span> <span class='ocrx_word' id='word_1_167' title='bbox 896 765 931 794; x_wconf 86' lang='lat' dir='ltr'>de</span> <span class='ocrx_word' id='word_1_168' title='bbox 942 761 1063 803; x_wconf 55' lang='lat' dir='ltr'>Univers3</span> <span class='ocrx_word' id='word_1_169' title='bbox 1074 769 1119 803; x_wconf 83' lang='lat'>4.²·</span> <span class='ocrx_word' id='word_1_170' title='bbox 1141 759 1196 803; x_wconf 72' lang='lat' dir='ltr'>Has</span> <span class='ocrx_word' id='word_1_171' title='bbox 1206 756 1276 794; x_wconf 85' lang='lat' dir='ltr'>ipsas</span> 
     </span>
     <span class='ocr_line' id='line_1_18' title="bbox 190 798 1277 850; baseline -0.024 -2"><span class='ocrx_word' id='word_1_172' title='bbox 190 818 242 847; x_wconf 81' lang='lat' dir='ltr'>effe</span> <span class='ocrx_word' id='word_1_173' title='bbox 251 818 375 847; x_wconf 83' lang='lat' dir='ltr'>omniurn</span> <span class='ocrx_word' id='word_1_174' title='bbox 385 815 477 844; x_wconf 74' lang='lat' dir='ltr'>causas</span> <span class='ocrx_word' id='word_1_175' title='bbox 485 836 492 847; x_wconf 83' lang='grc'>,</span> <span class='ocrx_word' id='word_1_176' title='bbox 513 821 574 850; x_wconf 84' lang='lat' dir='ltr'>quae</span> <span class='ocrx_word' id='word_1_177' title='bbox 585 812 640 840; x_wconf 90' lang='lat' dir='ltr'>vim</span> <span class='ocrx_word' id='word_1_178' title='bbox 651 808 769 837; x_wconf 75' lang='lat' dir='ltr'>habeant</span> <span class='ocrx_word' id='word_1_179' title='bbox 779 803 966 841; x_wconf 84' lang='lat' dir='ltr'>refrigerandi,</span> <span class='ocrx_word' id='word_1_180' title='bbox 987 798 1168 840; x_wconf 71' lang='lat' dir='ltr'>caleiaciendi</span> <span class='ocrx_word' id='word_1_181' title='bbox 1180 818 1187 830; x_wconf 84' lang='lat'>,</span> <span class='ocrx_word' id='word_1_182' title='bbox 1210 805 1277 839; x_wconf 81' lang='lat' dir='ltr'>con-</span> 
     </span>
     <span class='ocr_line' id='line_1_19' title="bbox 194 833 1276 889; baseline -0.022 -3"><span class='ocrx_word' id='word_1_183' title='bbox 194 855 334 885; x_wconf 87' lang='lat' dir='ltr'>crescendi</span> <span class='ocrx_word' id='word_1_184' title='bbox 346 876 354 888; x_wconf 83' lang='lat'>,</span> <span class='ocrx_word' id='word_1_185' title='bbox 375 851 508 889; x_wconf 86' lang='lat' dir='ltr'>liquendi.</span> <span class='ocrx_word' id='word_1_186' title='bbox 530 850 559 879; x_wconf 86' lang='lat' dir='ltr'>ln</span> <span class='ocrx_word' id='word_1_187' title='bbox 578 847 722 877; x_wconf 74' lang='lat' dir='ltr'>novissime</span> <span class='ocrx_word' id='word_1_188' title='bbox 733 842 836 873; x_wconf 60' lang='lat' dir='ltr'>excutis</span> <span class='ocrx_word' id='word_1_189' title='bbox 848 841 885 871; x_wconf 86' lang='lat' dir='ltr'>est</span> <span class='ocrx_word' id='word_1_190' title='bbox 894 863 903 876; x_wconf 85' lang='lat'>,</span> <span class='ocrx_word' id='word_1_191' title='bbox 925 839 987 869; x_wconf 90' lang='lat' dir='ltr'>Vim</span> <span class='ocrx_word' id='word_1_192' title='bbox 999 837 1116 867; x_wconf 79' lang='lat' dir='ltr'>habeant</span> <span class='ocrx_word' id='word_1_193' title='bbox 1128 835 1238 871; x_wconf 87' lang='lat' dir='ltr'>frigoris</span> <span class='ocrx_word' id='word_1_194' title='bbox 1251 833 1276 862; x_wconf 86' lang='lat'>&amp;</span> 
     </span>
     <span class='ocr_line' id='line_1_20' title="bbox 190 885 1228 927; baseline -0.022 -4"><span class='ocrx_word' id='word_1_195' title='bbox 190 894 303 927; x_wconf 85' lang='lat' dir='ltr'>caloris,</span> <span class='ocrx_word' id='word_1_196' title='bbox 324 890 529 922; x_wconf 81' lang='lat' dir='ltr'>concretionis,</span> <span class='ocrx_word' id='word_1_197' title='bbox 551 885 708 922; x_wconf 71' lang='lat' dir='ltr'>&amp;liquoris</span> <span class='ocrx_word' id='word_1_198' title='bbox 923 916 929 922; x_wconf 42' lang='grc' dir='ltr'>Ι</span> <span class='ocrx_word' id='word_1_199' title='bbox 1222 909 1228 915; x_wconf 41' lang='grc' dir='ltr'>ι</span> 
     </span>
     <span class='ocr_line' id='line_1_21' title="bbox 172 913 1273 961; baseline -0.023 0"><span class='ocrx_word' id='word_1_200' title='bbox 172 929 357 961; x_wconf 87' lang='lat' dir='ltr'>Concrescunt</span> <span class='ocrx_word' id='word_1_201' title='bbox 370 928 462 957; x_wconf 79' lang='lat' dir='ltr'>subitae</span> <span class='ocrx_word' id='word_1_202' title='bbox 473 924 591 955; x_wconf 88' lang='lat' dir='ltr'>currenti</span> <span class='ocrx_word' id='word_1_203' title='bbox 607 924 634 951; x_wconf 93' lang='lat' dir='ltr'>in</span> <span class='ocrx_word' id='word_1_204' title='bbox 646 921 760 950; x_wconf 82' lang='lat' dir='ltr'>flumine</span> <span class='ocrx_word' id='word_1_205' title='bbox 769 917 872 948; x_wconf 65' lang='lat' dir='ltr'>crustae.</span> <span class='ocrx_word' id='word_1_206' title='bbox 898 914 968 951; x_wconf 78' lang='lat' dir='ltr'>Virg.</span> <span class='ocrx_word' id='word_1_207' title='bbox 984 923 1007 949; x_wconf 77' lang='lat'>3.</span> <span class='ocrx_word' id='word_1_208' title='bbox 1023 913 1198 957; x_wconf 55' lang='lat' dir='ltr'>Ceorg3360.</span> <span class='ocrx_word' id='word_1_209' title='bbox 1222 916 1273 938; x_wconf 86' lang='lat' dir='ltr'>i.e.</span> 
     </span>
     <span class='ocr_line' id='line_1_22' title="bbox 190 951 1195 1004; baseline -0.022 -6"><span class='ocrx_word' id='word_1_210' title='bbox 190 970 269 1004; x_wconf 79' lang='lat' dir='ltr'>Aquae</span> <span class='ocrx_word' id='word_1_211' title='bbox 282 965 475 1002; x_wconf 79' lang='lat' dir='ltr'>congelascunt</span> <span class='ocrx_word' id='word_1_212' title='bbox 489 964 614 992; x_wconf 80' lang='lat' dir='ltr'>fluentes.</span> <span class='ocrx_word' id='word_1_213' title='bbox 636 959 753 989; x_wconf 90' lang='lat' dir='ltr'>Servius.</span> <span class='ocrx_word' id='word_1_214' title='bbox 777 956 816 986; x_wconf 86' lang='lat' dir='ltr'>De</span> <span class='ocrx_word' id='word_1_215' title='bbox 831 953 929 992; x_wconf 85' lang='lat' dir='ltr'>frigida</span> <span class='ocrx_word' id='word_1_216' title='bbox 941 951 1058 989; x_wconf 85' lang='lat' dir='ltr'>Scytliiae</span> <span class='ocrx_word' id='word_1_217' title='bbox 1074 957 1195 985; x_wconf 82' lang='lat' dir='ltr'>regione.</span> 
     </span>
     <span class='ocr_line' id='line_1_23' title="bbox 170 996 867 1042; baseline -0.024 -5"><span class='ocrx_word' id='word_1_218' title='bbox 170 1005 264 1036; x_wconf 85' lang='lat' dir='ltr'>Putres</span> <span class='ocrx_word' id='word_1_219' title='bbox 274 1005 350 1042; x_wconf 88' lang='lat' dir='ltr'>fungi</span> <span class='ocrx_word' id='word_1_220' title='bbox 361 1001 549 1033; x_wconf 88' lang='lat' dir='ltr'>concrescunt.</span> <span class='ocrx_word' id='word_1_221' title='bbox 571 999 642 1035; x_wconf 87' lang='lat' dir='ltr'>Virg.</span> <span class='ocrx_word' id='word_1_222' title='bbox 658 1007 678 1026; x_wconf 91' lang='lat'>1.</span> <span class='ocrx_word' id='word_1_223' title='bbox 695 996 791 1029; x_wconf 59' lang='lat' dir='ltr'>Georg.</span> <span class='ocrx_word' id='word_1_224' title='bbox 806 1002 867 1037; x_wconf 45' lang='grc' dir='ltr'>ἔοι.</span> 
     </span>
     <span class='ocr_line' id='line_1_24' title="bbox 452 1030 920 1074; baseline -0.026 -5"><span class='ocrx_word' id='word_1_225' title='bbox 452 1055 486 1059; x_wconf 95' lang='lat'>—</span> <span class='ocrx_word' id='word_1_226' title='bbox 495 1038 560 1068; x_wconf 86' lang='lat' dir='ltr'>testa</span> <span class='ocrx_word' id='word_1_227' title='bbox 574 1044 659 1074; x_wconf 89' lang='lat' dir='ltr'>quum</span> <span class='ocrx_word' id='word_1_228' title='bbox 670 1034 782 1063; x_wconf 83' lang='lat' dir='ltr'>ardente</span> <span class='ocrx_word' id='word_1_229' title='bbox 794 1030 920 1059; x_wconf 70' lang='lat' dir='ltr'>viderent</span> 
     </span>
     <span class='ocr_line' id='line_1_25' title="bbox 298 1058 1275 1110; baseline -0.023 -1"><span class='ocrx_word' id='word_1_230' title='bbox 298 1077 451 1110; x_wconf 85' lang='lat' dir='ltr'>Scintillare</span> <span class='ocrx_word' id='word_1_231' title='bbox 465 1076 576 1107; x_wconf 83' lang='lat' dir='ltr'>oleum..</span> <span class='ocrx_word' id='word_1_232' title='bbox 598 1075 623 1103; x_wconf 74' lang='grc' dir='ltr'>δι</span> <span class='ocrx_word' id='word_1_233' title='bbox 640 1079 731 1109; x_wconf 84' lang='lat' dir='ltr'>putres</span> <span class='ocrx_word' id='word_1_234' title='bbox 749 1067 924 1099; x_wconf 79' lang='lat' dir='ltr'>concrescere</span> <span class='ocrx_word' id='word_1_235' title='bbox 943 1064 1050 1100; x_wconf 84' lang='lat' dir='ltr'>fungos.</span> <span class='ocrx_word' id='word_1_236' title='bbox 1131 1060 1204 1090; x_wconf 89' lang='lat' dir='ltr'>Nam</span> <span class='ocrx_word' id='word_1_237' title='bbox 1223 1058 1275 1094; x_wconf 89' lang='lat' dir='ltr'>(ut</span> 
     </span>
     <span class='ocr_line' id='line_1_26' title="bbox 190 1097 1274 1152; baseline -0.023 -3"><span class='ocrx_word' id='word_1_238' title='bbox 190 1119 257 1148; x_wconf 92' lang='lat' dir='ltr'>dicit</span> <span class='ocrx_word' id='word_1_239' title='bbox 267 1117 394 1151; x_wconf 85' lang='lat' dir='ltr'>Plinius)</span> <span class='ocrx_word' id='word_1_240' title='bbox 415 1124 498 1152; x_wconf 88' lang='lat' dir='ltr'>quum</span> <span class='ocrx_word' id='word_1_241' title='bbox 509 1123 553 1142; x_wconf 90' lang='lat' dir='ltr'>aer</span> <span class='ocrx_word' id='word_1_242' title='bbox 565 1110 696 1141; x_wconf 88' lang='lat' dir='ltr'>humidus</span> <span class='ocrx_word' id='word_1_243' title='bbox 712 1107 764 1136; x_wconf 76' lang='lat' dir='ltr'>effe</span> <span class='ocrx_word' id='word_1_244' title='bbox 775 1105 892 1142; x_wconf 76' lang='lat' dir='ltr'>coeperit</span> <span class='ocrx_word' id='word_1_245' title='bbox 904 1126 912 1139; x_wconf 82' lang='lat'><strong><em>,</em></strong></span> <span class='ocrx_word' id='word_1_246' title='bbox 926 1101 1025 1147; x_wconf 41' lang='lat' dir='ltr'>&#39;favilla</span> <span class='ocrx_word' id='word_1_247' title='bbox 1044 1109 1103 1138; x_wconf 85' lang='lat' dir='ltr'>quae</span> <span class='ocrx_word' id='word_1_248' title='bbox 1117 1108 1181 1127; x_wconf 89' lang='lat' dir='ltr'>cum</span> <span class='ocrx_word' id='word_1_249' title='bbox 1197 1097 1274 1125; x_wconf 89' lang='lat' dir='ltr'>sumo</span> 
     </span>
     <span class='ocr_line' id='line_1_27' title="bbox 189 1134 1274 1192; baseline -0.021 -6"><span class='ocrx_word' id='word_1_250' title='bbox 189 1156 258 1186; x_wconf 89' lang='lat' dir='ltr'>solet</span> <span class='ocrx_word' id='word_1_251' title='bbox 267 1155 358 1192; x_wconf 82' lang='lat' dir='ltr'>egredi</span> <span class='ocrx_word' id='word_1_252' title='bbox 371 1175 378 1189; x_wconf 86' lang='lat'><em>‚</em></span> <span class='ocrx_word' id='word_1_253' title='bbox 401 1152 538 1190; x_wconf 89' lang='lat' dir='ltr'>prohibita</span> <span class='ocrx_word' id='word_1_254' title='bbox 548 1150 618 1179; x_wconf 83' lang='lat' dir='ltr'>aeris</span> <span class='ocrx_word' id='word_1_255' title='bbox 629 1146 760 1177; x_wconf 80' lang='lat' dir='ltr'>craflitate</span> <span class='ocrx_word' id='word_1_256' title='bbox 777 1145 806 1172; x_wconf 87' lang='lat' dir='ltr'>in</span> <span class='ocrx_word' id='word_1_257' title='bbox 826 1143 947 1171; x_wconf 88' lang='lat' dir='ltr'>lucernis</span> <span class='ocrx_word' id='word_1_258' title='bbox 959 1140 1077 1184; x_wconf 71' lang='lat' dir='ltr'>residet,</span> <span class='ocrx_word' id='word_1_259' title='bbox 1099 1138 1125 1167; x_wconf 91' lang='lat'>&amp;</span> <span class='ocrx_word' id='word_1_260' title='bbox 1145 1134 1274 1172; x_wconf 81' lang='lat' dir='ltr'>quasdam</span> 
     </span>
     <span class='ocr_line' id='line_1_28' title="bbox 187 1177 1193 1229; baseline -0.021 -6"><span class='ocrx_word' id='word_1_261' title='bbox 187 1193 263 1222; x_wconf 90' lang='lat' dir='ltr'>velut</span> <span class='ocrx_word' id='word_1_262' title='bbox 273 1193 421 1229; x_wconf 80' lang='lat' dir='ltr'>fungorum</span> <span class='ocrx_word' id='word_1_263' title='bbox 435 1189 557 1218; x_wconf 83' lang='lat' dir='ltr'>imitatur</span> <span class='ocrx_word' id='word_1_264' title='bbox 567 1186 706 1221; x_wconf 80' lang='lat' dir='ltr'>imagines.</span> <span class='ocrx_word' id='word_1_265' title='bbox 725 1182 843 1212; x_wconf 87' lang='lat' dir='ltr'>Servius.</span> <span class='ocrx_word' id='word_1_266' title='bbox 873 1179 903 1208; x_wconf 89' lang='lat' dir='ltr'>V.</span> <span class='ocrx_word' id='word_1_267' title='bbox 927 1178 995 1208; x_wconf 88' lang='lat' dir='ltr'>Plin.</span> <span class='ocrx_word' id='word_1_268' title='bbox 1009 1177 1056 1207; x_wconf 91' lang='lat' dir='ltr'>lib.</span> <span class='ocrx_word' id='word_1_269' title='bbox 1071 1181 1112 1210; x_wconf 84' lang='lat'>18.</span> <span class='ocrx_word' id='word_1_270' title='bbox 1123 1179 1193 1204; x_wconf 78' lang='lat' dir='ltr'>extr.</span> 
     </span>
     <span class='ocr_line' id='line_1_29' title="bbox 170 1217 976 1262; baseline -0.021 -1"><span class='ocrx_word' id='word_1_271' title='bbox 170 1231 275 1262; x_wconf 84' lang='lat' dir='ltr'>Imbres</span> <span class='ocrx_word' id='word_1_272' title='bbox 286 1227 467 1259; x_wconf 88' lang='lat' dir='ltr'>concrescunt</span> <span class='ocrx_word' id='word_1_273' title='bbox 477 1227 565 1255; x_wconf 88' lang='lat' dir='ltr'>ventis</span> <span class='ocrx_word' id='word_1_274' title='bbox 574 1223 678 1261; x_wconf 86' lang='lat' dir='ltr'>gelidis.</span> <span class='ocrx_word' id='word_1_275' title='bbox 701 1220 781 1249; x_wconf 90' lang='lat' dir='ltr'>Ovid.</span> <span class='ocrx_word' id='word_1_276' title='bbox 793 1230 818 1252; x_wconf 78' lang='lat' dir='ltr'>o.</span> <span class='ocrx_word' id='word_1_277' title='bbox 833 1217 900 1247; x_wconf 82' lang='lat' dir='ltr'>Met.</span> <span class='ocrx_word' id='word_1_278' title='bbox 913 1225 976 1260; x_wconf 58' lang='grc' dir='ltr'>προ.</span> 
     </span>
     <span class='ocr_line' id='line_1_30' title="bbox 261 1256 1038 1303; baseline -0.022 -6"><span class='ocrx_word' id='word_1_279' title='bbox 261 1267 352 1303; x_wconf 88' lang='lat' dir='ltr'>thue</span> <span class='ocrx_word' id='word_1_280' title='bbox 361 1266 452 1295; x_wconf 85' lang='lat' dir='ltr'>ferunt</span> <span class='ocrx_word' id='word_1_281' title='bbox 462 1264 560 1293; x_wconf 87' lang='lat' dir='ltr'>imbres</span> <span class='ocrx_word' id='word_1_282' title='bbox 570 1261 668 1299; x_wconf 83' lang='lat' dir='ltr'>gelidis</span> <span class='ocrx_word' id='word_1_283' title='bbox 678 1256 852 1298; x_wconf 72' lang='lat' dir='ltr'>concrescere</span> <span class='ocrx_word' id='word_1_284' title='bbox 860 1261 949 1284; x_wconf 89' lang='lat' dir='ltr'>ventis</span> <span class='ocrx_word' id='word_1_285' title='bbox 964 1274 972 1289; x_wconf 78' lang='lat'>.,</span> <span class='ocrx_word' id='word_1_286' title='bbox 1032 1289 1038 1296; x_wconf 47' lang='lat'><strong>·</strong></span> 
     </span>
     <span class='ocr_line' id='line_1_31' title="bbox 262 1290 1049 1335; baseline -0.019 -1"><span class='ocrx_word' id='word_1_287' title='bbox 262 1305 329 1335; x_wconf 89' lang='lat' dir='ltr'>Inde</span> <span class='ocrx_word' id='word_1_288' title='bbox 342 1305 418 1332; x_wconf 88' lang='lat' dir='ltr'>nives</span> <span class='ocrx_word' id='word_1_289' title='bbox 428 1302 493 1331; x_wconf 81' lang='lat' dir='ltr'>fieri.</span> <span class='ocrx_word' id='word_1_290' title='bbox 574 1301 590 1328; x_wconf 94' lang='lat' dir='ltr'>i.</span> <span class='ocrx_word' id='word_1_291' title='bbox 606 1309 629 1328; x_wconf 90' lang='lat' dir='ltr'>e.</span> <span class='ocrx_word' id='word_1_292' title='bbox 651 1297 682 1327; x_wconf 90' lang='lat' dir='ltr'>In</span> <span class='ocrx_word' id='word_1_293' title='bbox 692 1305 778 1326; x_wconf 85' lang='lat' dir='ltr'>unuin</span> <span class='ocrx_word' id='word_1_294' title='bbox 792 1303 853 1330; x_wconf 86' lang='lat' dir='ltr'>cogi</span> <span class='ocrx_word' id='word_1_295' title='bbox 866 1314 874 1328; x_wconf 91' lang='lat'>,</span> <span class='ocrx_word' id='word_1_296' title='bbox 896 1293 922 1322; x_wconf 77' lang='grc' dir='ltr'>δι</span> <span class='ocrx_word' id='word_1_297' title='bbox 932 1290 1049 1321; x_wconf 85' lang='lat' dir='ltr'>densari.</span> 
     </span>
     <span class='ocr_line' id='line_1_32' title="bbox 171 1333 865 1377; baseline -0.022 -4"><span class='ocrx_word' id='word_1_298' title='bbox 171 1344 250 1374; x_wconf 72' lang='lat' dir='ltr'>Mare</span> <span class='ocrx_word' id='word_1_299' title='bbox 261 1341 412 1372; x_wconf 86' lang='lat' dir='ltr'>concrescit</span> <span class='ocrx_word' id='word_1_300' title='bbox 422 1340 516 1377; x_wconf 87' lang='lat' dir='ltr'>glacie.</span> <span class='ocrx_word' id='word_1_301' title='bbox 538 1337 619 1367; x_wconf 87' lang='lat' dir='ltr'>Ovid.</span> <span class='ocrx_word' id='word_1_302' title='bbox 631 1345 655 1371; x_wconf 87' lang='lat'>3.</span> <span class='ocrx_word' id='word_1_303' title='bbox 673 1333 753 1369; x_wconf 78' lang='lat' dir='ltr'>Trjst.</span> <span class='ocrx_word' id='word_1_304' title='bbox 769 1341 808 1360; x_wconf 85' lang='lat'>12.</span> <span class='ocrx_word' id='word_1_305' title='bbox 821 1341 865 1365; x_wconf 83' lang='lat'>29.</span> 
     </span>
    </p>
   </div>
   <div class='ocr_carea' id='block_1_6' title="bbox 170 1371 1272 1450">
    <p class='ocr_par' dir='ltr' id='par_1_6' title="bbox 170 1371 1272 1450">
     <span class='ocr_line' id='line_1_33' title="bbox 170 1371 871 1411; baseline -0.021 0"><span class='ocrx_word' id='word_1_306' title='bbox 170 1381 266 1411; x_wconf 88' lang='lat' dir='ltr'>Nubes</span> <span class='ocrx_word' id='word_1_307' title='bbox 277 1377 457 1409; x_wconf 86' lang='lat' dir='ltr'>concrescunt</span> <span class='ocrx_word' id='word_1_308' title='bbox 468 1377 495 1405; x_wconf 92' lang='lat' dir='ltr'>in</span> <span class='ocrx_word' id='word_1_309' title='bbox 506 1375 570 1405; x_wconf 89' lang='lat' dir='ltr'>alto.</span> <span class='ocrx_word' id='word_1_310' title='bbox 593 1374 698 1403; x_wconf 90' lang='lat' dir='ltr'>Lucret.</span> <span class='ocrx_word' id='word_1_311' title='bbox 710 1371 757 1399; x_wconf 89' lang='lat' dir='ltr'>lib.</span> <span class='ocrx_word' id='word_1_312' title='bbox 769 1380 795 1404; x_wconf 90' lang='grc'>4.</span> <span class='ocrx_word' id='word_1_313' title='bbox 811 1377 871 1405; x_wconf 81' lang='lat'><em>¹³7-</em></span> 
     </span>
     <span class='ocr_line' id='line_1_34' title="bbox 170 1399 1272 1450; baseline -0.018 -2"><span class='ocrx_word' id='word_1_314' title='bbox 170 1418 272 1448; x_wconf 79' lang='lat' dir='ltr'>Mundi</span> <span class='ocrx_word' id='word_1_315' title='bbox 300 1416 372 1446; x_wconf 87' lang='lat' dir='ltr'>orbis</span> <span class='ocrx_word' id='word_1_316' title='bbox 403 1414 542 1444; x_wconf 84' lang='lat' dir='ltr'>concrevit</span> <span class='ocrx_word' id='word_1_317' title='bbox 567 1412 663 1450; x_wconf 89' lang='lat' dir='ltr'>primis</span> <span class='ocrx_word' id='word_1_318' title='bbox 691 1406 847 1438; x_wconf 86' lang='lat' dir='ltr'>seminibus.</span> <span class='ocrx_word' id='word_1_319' title='bbox 888 1405 906 1434; x_wconf 91' lang='lat' dir='ltr'>i.</span> <span class='ocrx_word' id='word_1_320' title='bbox 919 1414 943 1434; x_wconf 92' lang='lat' dir='ltr'>e.</span> <span class='ocrx_word' id='word_1_321' title='bbox 955 1403 1092 1448; x_wconf 39' lang='lat' dir='ltr'>&#39;Qu-atuor</span> <span class='ocrx_word' id='word_1_322' title='bbox 1115 1399 1272 1431; x_wconf 84' lang='lat' dir='ltr'>elementis.</span> 
     </span>
    </p>
   </div>
   <div class='ocr_carea' id='block_1_7' title="bbox 169 1442 1274 1789">
    <p class='ocr_par' dir='ltr' id='par_1_7' title="bbox 169 1442 1274 1789">
     <span class='ocr_line' id='line_1_35' title="bbox 190 1442 976 1493; baseline -0.02 -8"><span class='ocrx_word' id='word_1_323' title='bbox 190 1457 262 1493; x_wconf 89' lang='lat' dir='ltr'>Virg.</span> <span class='ocrx_word' id='word_1_324' title='bbox 276 1459 301 1483; x_wconf 88' lang='grc'>6.</span> <span class='ocrx_word' id='word_1_325' title='bbox 318 1454 373 1484; x_wconf 88' lang='lat' dir='ltr'>Ecl.</span> <span class='ocrx_word' id='word_1_326' title='bbox 387 1462 430 1490; x_wconf 80' lang='lat'>35.</span> <span class='ocrx_word' id='word_1_327' title='bbox 621 1446 744 1476; x_wconf 85' lang='lat' dir='ltr'>-uthis</span> <span class='ocrx_word' id='word_1_328' title='bbox 755 1442 867 1474; x_wconf 83' lang='lat' dir='ltr'>exordia</span> <span class='ocrx_word' id='word_1_329' title='bbox 880 1442 976 1480; x_wconf 90' lang='lat' dir='ltr'>primis</span> 
     </span>
     <span class='ocr_line' id='line_1_36' title="bbox 263 1475 1274 1527; baseline -0.017 -6"><span class='ocrx_word' id='word_1_330' title='bbox 263 1492 364 1522; x_wconf 89' lang='lat' dir='ltr'>Omnia</span> <span class='ocrx_word' id='word_1_331' title='bbox 375 1513 383 1526; x_wconf 79' lang='lat'>,</span> <span class='ocrx_word' id='word_1_332' title='bbox 404 1488 493 1527; x_wconf 85' lang='lat' dir='ltr'>&amp;ipse</span> <span class='ocrx_word' id='word_1_333' title='bbox 505 1493 580 1516; x_wconf 85' lang='lat' dir='ltr'>tener</span> <span class='ocrx_word' id='word_1_334' title='bbox 591 1486 690 1516; x_wconf 89' lang='lat' dir='ltr'>mundi</span> <span class='ocrx_word' id='word_1_335' title='bbox 700 1481 870 1514; x_wconf 85' lang='lat' dir='ltr'>concreverit</span> <span class='ocrx_word' id='word_1_336' title='bbox 885 1480 969 1510; x_wconf 88' lang='lat' dir='ltr'>orbis.</span> <span class='ocrx_word' id='word_1_337' title='bbox 1051 1479 1069 1508; x_wconf 92' lang='lat' dir='ltr'>i.</span> <span class='ocrx_word' id='word_1_338' title='bbox 1087 1487 1112 1508; x_wconf 88' lang='lat' dir='ltr'>e.</span> <span class='ocrx_word' id='word_1_339' title='bbox 1134 1475 1274 1507; x_wconf 56' lang='lat' dir='ltr'>Colleetus</span> 
     </span>
     <span class='ocr_line' id='line_1_37' title="bbox 189 1522 904 1561; baseline -0.021 -1"><span class='ocrx_word' id='word_1_340' title='bbox 189 1532 214 1561; x_wconf 73' lang='grc' dir='ltr'>ἀ</span> <span class='ocrx_word' id='word_1_341' title='bbox 225 1530 386 1559; x_wconf 86' lang='lat' dir='ltr'>informatus</span> <span class='ocrx_word' id='word_1_342' title='bbox 395 1528 433 1557; x_wconf 87' lang='lat' dir='ltr'>sit.</span> <span class='ocrx_word' id='word_1_343' title='bbox 454 1525 571 1556; x_wconf 89' lang='lat' dir='ltr'>Servius.</span> <span class='ocrx_word' id='word_1_344' title='bbox 900 1522 904 1527; x_wconf 86' lang='lat'><em>&#39;</em></span> 
     </span>
     <span class='ocr_line' id='line_1_38' title="bbox 170 1554 1064 1598; baseline -0.019 1"><span class='ocrx_word' id='word_1_345' title='bbox 170 1568 275 1598; x_wconf 89' lang='lat' dir='ltr'>Radice</span> <span class='ocrx_word' id='word_1_346' title='bbox 287 1572 415 1596; x_wconf 88' lang='lat' dir='ltr'>concreta</span> <span class='ocrx_word' id='word_1_347' title='bbox 426 1563 547 1594; x_wconf 83' lang='lat' dir='ltr'>tenacius</span> <span class='ocrx_word' id='word_1_348' title='bbox 560 1563 672 1591; x_wconf 77' lang='lat' dir='ltr'>haerere.</span> <span class='ocrx_word' id='word_1_349' title='bbox 692 1558 787 1588; x_wconf 82' lang='lat' dir='ltr'>Claud.</span> <span class='ocrx_word' id='word_1_350' title='bbox 801 1560 826 1586; x_wconf 94' lang='lat'>6.</span> <span class='ocrx_word' id='word_1_351' title='bbox 842 1554 922 1586; x_wconf 88' lang='lat' dir='ltr'>Cons.</span> <span class='ocrx_word' id='word_1_352' title='bbox 934 1554 1009 1584; x_wconf 88' lang='lat' dir='ltr'>Hon.</span> <span class='ocrx_word' id='word_1_353' title='bbox 1019 1561 1064 1591; x_wconf 85' lang='lat'>77.</span> 
     </span>
     <span class='ocr_line' id='line_1_39' title="bbox 261 1593 852 1634; baseline -0.02 1"><span class='ocrx_word' id='word_1_354' title='bbox 261 1605 316 1634; x_wconf 83' lang='lat' dir='ltr'>Hic</span> <span class='ocrx_word' id='word_1_355' title='bbox 326 1605 376 1634; x_wconf 92' lang='lat' dir='ltr'>tibi</span> <span class='ocrx_word' id='word_1_356' title='bbox 389 1608 519 1633; x_wconf 90' lang='lat' dir='ltr'>concreta</span> <span class='ocrx_word' id='word_1_357' title='bbox 531 1600 623 1629; x_wconf 86' lang='lat' dir='ltr'>radice</span> <span class='ocrx_word' id='word_1_358' title='bbox 633 1599 756 1627; x_wconf 87' lang='lat' dir='ltr'>tenacius</span> <span class='ocrx_word' id='word_1_359' title='bbox 769 1593 852 1624; x_wconf 81' lang='lat' dir='ltr'>haesit.</span> 
     </span>
     <span class='ocr_line' id='line_1_40' title="bbox 169 1634 1137 1681; baseline -0.02 -7"><span class='ocrx_word' id='word_1_360' title='bbox 169 1643 284 1681; x_wconf 87' lang='lat' dir='ltr'>Sanguis</span> <span class='ocrx_word' id='word_1_361' title='bbox 295 1641 437 1672; x_wconf 89' lang='lat' dir='ltr'>concrevit</span> <span class='ocrx_word' id='word_1_362' title='bbox 445 1640 551 1676; x_wconf 88' lang='lat' dir='ltr'>frigore.</span> <span class='ocrx_word' id='word_1_363' title='bbox 576 1637 647 1674; x_wconf 86' lang='lat' dir='ltr'>Virg.</span> <span class='ocrx_word' id='word_1_364' title='bbox 661 1645 703 1664; x_wconf 85' lang='lat'>12.</span> <span class='ocrx_word' id='word_1_365' title='bbox 715 1634 775 1665; x_wconf 81' lang='lat' dir='ltr'>AEn.</span> <span class='ocrx_word' id='word_1_366' title='bbox 787 1643 850 1668; x_wconf 80' lang='lat'>905.</span> <span class='ocrx_word' id='word_1_367' title='bbox 1134 1659 1137 1661; x_wconf 19' lang='grc' dir='ltr'><strong>Α</strong></span> 
     </span>
     <span class='ocr_line' id='line_1_41' title="bbox 261 1662 1273 1713; baseline -0.018 -3"><span class='ocrx_word' id='word_1_368' title='bbox 261 1680 357 1709; x_wconf 90' lang='lat' dir='ltr'>Genua</span> <span class='ocrx_word' id='word_1_369' title='bbox 367 1676 460 1708; x_wconf 86' lang='lat' dir='ltr'>labant</span> <span class='ocrx_word' id='word_1_370' title='bbox 476 1698 484 1711; x_wconf 87' lang='lat'><strong>‚</strong></span> <span class='ocrx_word' id='word_1_371' title='bbox 507 1675 614 1713; x_wconf 84' lang='lat' dir='ltr'>gelidus</span> <span class='ocrx_word' id='word_1_372' title='bbox 623 1672 764 1703; x_wconf 88' lang='lat' dir='ltr'>concrevit</span> <span class='ocrx_word' id='word_1_373' title='bbox 776 1671 875 1708; x_wconf 83' lang='lat' dir='ltr'>frigore</span> <span class='ocrx_word' id='word_1_374' title='bbox 886 1668 1003 1706; x_wconf 83' lang='lat' dir='ltr'>sanguis.</span> <span class='ocrx_word' id='word_1_375' title='bbox 1119 1662 1162 1694; x_wconf 92' lang='lat' dir='ltr'>De</span> <span class='ocrx_word' id='word_1_376' title='bbox 1176 1663 1273 1694; x_wconf 80' lang='lat' dir='ltr'>Turno</span> 
     </span>
     <span class='ocr_line' id='line_1_42' title="bbox 187 1708 840 1755; baseline -0.017 -7"><span class='ocrx_word' id='word_1_377' title='bbox 187 1718 317 1755; x_wconf 88' lang='lat' dir='ltr'>loquitur.</span> <span class='ocrx_word' id='word_1_378' title='bbox 338 1717 355 1746; x_wconf 89' lang='lat' dir='ltr'>i.</span> <span class='ocrx_word' id='word_1_379' title='bbox 368 1726 392 1746; x_wconf 90' lang='lat' dir='ltr'>e.</span> <span class='ocrx_word' id='word_1_380' title='bbox 413 1714 577 1752; x_wconf 79' lang='lat' dir='ltr'>coagulatus</span> <span class='ocrx_word' id='word_1_381' title='bbox 589 1712 626 1741; x_wconf 85' lang='lat' dir='ltr'>est</span> <span class='ocrx_word' id='word_1_382' title='bbox 635 1713 659 1741; x_wconf 67' lang='lat' dir='ltr'>Sc</span> <span class='ocrx_word' id='word_1_383' title='bbox 670 1708 840 1746; x_wconf 87' lang='lat' dir='ltr'>congelatus.</span> 
     </span>
     <span class='ocr_line' id='line_1_43' title="bbox 169 1747 841 1789; baseline -0.018 -3"><span class='ocrx_word' id='word_1_384' title='bbox 169 1755 255 1786; x_wconf 80' lang='lat' dir='ltr'>Terra</span> <span class='ocrx_word' id='word_1_385' title='bbox 267 1753 418 1785; x_wconf 89' lang='lat' dir='ltr'>concrescit</span> <span class='ocrx_word' id='word_1_386' title='bbox 429 1753 540 1789; x_wconf 84' lang='lat' dir='ltr'>frigore.</span> <span class='ocrx_word' id='word_1_387' title='bbox 563 1750 668 1779; x_wconf 90' lang='lat' dir='ltr'>Lucret.</span> <span class='ocrx_word' id='word_1_388' title='bbox 683 1747 732 1777; x_wconf 87' lang='lat' dir='ltr'>lib.</span> <span class='ocrx_word' id='word_1_389' title='bbox 741 1751 766 1776; x_wconf 90' lang='grc'>6.</span> <span class='ocrx_word' id='word_1_390' title='bbox 778 1752 841 1781; x_wconf 63' lang='lat'>84&lt;-</span> 
     </span>
    </p>
   </div>
   <div class='ocr_carea' id='block_1_8' title="bbox 137 1773 1283 3953">
    <p class='ocr_par' dir='ltr' id='par_1_8' title="bbox 169 1773 1274 1898">
     <span class='ocr_line' id='line_1_44' title="bbox 169 1773 1272 1824; baseline -0.018 0"><span class='ocrx_word' id='word_1_391' title='bbox 169 1793 242 1824; x_wconf 85' lang='lat' dir='ltr'>Illud</span> <span class='ocrx_word' id='word_1_392' title='bbox 253 1793 389 1822; x_wconf 81' lang='lat' dir='ltr'>funestum</span> <span class='ocrx_word' id='word_1_393' title='bbox 398 1789 542 1820; x_wconf 86' lang='lat' dir='ltr'>animalex</span> <span class='ocrx_word' id='word_1_394' title='bbox 550 1787 660 1817; x_wconf 77' lang='lat' dir='ltr'>nefariis</span> <span class='ocrx_word' id='word_1_395' title='bbox 679 1786 790 1822; x_wconf 83' lang='lat' dir='ltr'>stupris,</span> <span class='ocrx_word' id='word_1_396' title='bbox 811 1793 846 1813; x_wconf 79' lang='lat' dir='ltr'>ex</span> <span class='ocrx_word' id='word_1_397' title='bbox 865 1782 940 1812; x_wconf 81' lang='lat' dir='ltr'>civili</span> <span class='ocrx_word' id='word_1_398' title='bbox 957 1788 1070 1813; x_wconf 85' lang='lat' dir='ltr'>cruore,</span> <span class='ocrx_word' id='word_1_399' title='bbox 1092 1786 1127 1807; x_wconf 83' lang='lat' dir='ltr'>ex</span> <span class='ocrx_word' id='word_1_400' title='bbox 1144 1773 1272 1806; x_wconf 87' lang='lat' dir='ltr'>omnium</span> 
     </span>
     <span class='ocr_line' id='line_1_45' title="bbox 189 1814 1274 1867; baseline -0.018 -6"><span class='ocrx_word' id='word_1_401' title='bbox 189 1831 321 1860; x_wconf 89' lang='lat' dir='ltr'>scelerum</span> <span class='ocrx_word' id='word_1_402' title='bbox 343 1827 550 1867; x_wconf 79' lang='lat' dir='ltr'>importunitate</span> <span class='ocrx_word' id='word_1_403' title='bbox 570 1827 596 1856; x_wconf 68' lang='grc' dir='ltr'>ἃ.</span> <span class='ocrx_word' id='word_1_404' title='bbox 615 1824 781 1862; x_wconf 83' lang='lat' dir='ltr'>flagitiorum</span> <span class='ocrx_word' id='word_1_405' title='bbox 800 1821 964 1859; x_wconf 88' lang='lat' dir='ltr'>impunitate</span> <span class='ocrx_word' id='word_1_406' title='bbox 977 1823 1147 1848; x_wconf 86' lang='lat' dir='ltr'>concretum.</span> <span class='ocrx_word' id='word_1_407' title='bbox 1169 1814 1227 1844; x_wconf 92' lang='lat' dir='ltr'>Cic.</span> <span class='ocrx_word' id='word_1_408' title='bbox 1243 1815 1274 1843; x_wconf 88' lang='lat' dir='ltr'>in</span> 
     </span>
     <span class='ocr_line' id='line_1_46' title="bbox 188 1866 510 1898; baseline -0.016 0"><span class='ocrx_word' id='word_1_409' title='bbox 188 1867 276 1898; x_wconf 90' lang='lat' dir='ltr'>Pison.</span> <span class='ocrx_word' id='word_1_410' title='bbox 289 1877 334 1897; x_wconf 82' lang='lat'>21.</span> <span class='ocrx_word' id='word_1_411' title='bbox 357 1866 510 1897; x_wconf 84' lang='lat' dir='ltr'>Translate.</span> 
     </span>
    </p>

    <p class='ocr_par' dir='ltr' id='par_1_9' title="bbox 171 1897 1207 1942">
     <span class='ocr_line' id='line_1_47' title="bbox 171 1897 1207 1942; baseline -0.016 -6"><span class='ocrx_word' id='word_1_412' title='bbox 171 1905 316 1936; x_wconf 63' lang='lat' dir='ltr'>cont-resse</span> <span class='ocrx_word' id='word_1_413' title='bbox 326 1927 335 1940; x_wconf 90' lang='lat'>‚</span> <span class='ocrx_word' id='word_1_414' title='bbox 355 1914 406 1942; x_wconf 87' lang='lat' dir='ltr'>pro</span> <span class='ocrx_word' id='word_1_415' title='bbox 415 1899 595 1934; x_wconf 79' lang='lat' dir='ltr'>Concrevisse.</span> <span class='ocrx_word' id='word_1_416' title='bbox 616 1898 701 1935; x_wconf 64' lang='lat' dir='ltr'>Ovid.</span> <span class='ocrx_word' id='word_1_417' title='bbox 715 1902 739 1927; x_wconf 96' lang='grc'>6.</span> <span class='ocrx_word' id='word_1_418' title='bbox 754 1897 822 1927; x_wconf 82' lang='lat' dir='ltr'>Met.</span> <span class='ocrx_word' id='word_1_419' title='bbox 834 1898 899 1932; x_wconf 77' lang='lat'>416.</span> <span class='ocrx_word' id='word_1_420' title='bbox 1201 1927 1207 1934; x_wconf 31' lang='grc' dir='ltr'>ι</span> 
     </span>
    </p>

    <p class='ocr_par' dir='ltr' id='par_1_10' title="bbox 137 1927 1274 2016">
     <span class='ocr_line' id='line_1_48' title="bbox 137 1927 1274 1978; baseline -0.011 -9"><span class='ocrx_word' id='word_1_421' title='bbox 137 1946 182 1977; x_wconf 81' lang='lat' dir='ltr'>Co</span> <span class='ocrx_word' id='word_1_422' title='bbox 191 1954 210 1973; x_wconf 74' lang='lat' dir='ltr'>N</span> <span class='ocrx_word' id='word_1_423' title='bbox 219 1946 282 1973; x_wconf 62' lang='lat' dir='ltr'>CR}</span> <span class='ocrx_word' id='word_1_424' title='bbox 291 1952 310 1972; x_wconf 70' lang='lat' dir='ltr'>&#39;r</span> <span class='ocrx_word' id='word_1_425' title='bbox 319 1952 358 1972; x_wconf 81' lang='lat' dir='ltr'>us</span> <span class='ocrx_word' id='word_1_426' title='bbox 372 1964 380 1978; x_wconf 80' lang='lat'>‚</span> <span class='ocrx_word' id='word_1_427' title='bbox 406 1951 422 1971; x_wconf 83' lang='lat' dir='ltr'>a</span> <span class='ocrx_word' id='word_1_428' title='bbox 436 1963 444 1976; x_wconf 82' lang='lat'>‚</span> <span class='ocrx_word' id='word_1_429' title='bbox 473 1949 529 1970; x_wconf 81' lang='lat' dir='ltr'>um.</span> <span class='ocrx_word' id='word_1_430' title='bbox 561 1934 736 1974; x_wconf 59' lang='lat' dir='ltr'>[ca-vptmnnyaif</span> <span class='ocrx_word' id='word_1_431' title='bbox 747 1957 756 1972; x_wconf 89' lang='lat'>,</span> <span class='ocrx_word' id='word_1_432' title='bbox 776 1930 990 1970; x_wconf 49' lang='grc' dir='ltr'>συμπεπηγμὲὖῶ</span> <span class='ocrx_word' id='word_1_433' title='bbox 1003 1931 1018 1966; x_wconf 87' lang='grc'>]</span> <span class='ocrx_word' id='word_1_434' title='bbox 1046 1929 1145 1960; x_wconf 68' lang='lat' dir='ltr'>partic.</span> <span class='ocrx_word' id='word_1_435' title='bbox 1175 1927 1234 1957; x_wconf 70' lang='lat' dir='ltr'>Cle.</span> <span class='ocrx_word' id='word_1_436' title='bbox 1249 1935 1274 1956; x_wconf 78' lang='lat'>1.</span> 
     </span>
     <span class='ocr_line' id='line_1_49' title="bbox 173 1977 743 2016; baseline -0.016 -5"><span class='ocrx_word' id='word_1_437' title='bbox 173 1981 252 2011; x_wconf 91' lang='lat' dir='ltr'>Tusc.</span> <span class='ocrx_word' id='word_1_438' title='bbox 263 1990 307 2016; x_wconf 84' lang='lat'>4²·</span> <span class='ocrx_word' id='word_1_439' title='bbox 329 1977 433 2009; x_wconf 81' lang='lat' dir='ltr'>Craffus</span> <span class='ocrx_word' id='word_1_440' title='bbox 441 1978 487 2008; x_wconf 90' lang='lat' dir='ltr'>hic</span> <span class='ocrx_word' id='word_1_441' title='bbox 501 1979 526 2007; x_wconf 72' lang='grc' dir='ltr'><strong>ἃ</strong></span> <span class='ocrx_word' id='word_1_442' title='bbox 535 1981 681 2006; x_wconf 88' lang='lat' dir='ltr'>concretus</span> <span class='ocrx_word' id='word_1_443' title='bbox 690 1983 743 2003; x_wconf 88' lang='lat' dir='ltr'>aer.</span> 
     </span>
    </p>

    <p class='ocr_par' dir='ltr' id='par_1_11' title="bbox 174 2005 1062 2051">
     <span class='ocr_line' id='line_1_50' title="bbox 174 2005 1062 2051; baseline -0.016 -2"><span class='ocrx_word' id='word_1_444' title='bbox 174 2021 225 2049; x_wconf 84' lang='lat' dir='ltr'>Aer</span> <span class='ocrx_word' id='word_1_445' title='bbox 237 2024 379 2048; x_wconf 89' lang='lat' dir='ltr'>concretus</span> <span class='ocrx_word' id='word_1_446' title='bbox 392 2017 421 2046; x_wconf 90' lang='lat' dir='ltr'>in</span> <span class='ocrx_word' id='word_1_447' title='bbox 431 2015 534 2046; x_wconf 90' lang='lat' dir='ltr'>nubem</span> <span class='ocrx_word' id='word_1_448' title='bbox 543 2014 658 2051; x_wconf 85' lang='lat' dir='ltr'>cogitur.</span> <span class='ocrx_word' id='word_1_449' title='bbox 680 2012 738 2041; x_wconf 87' lang='lat' dir='ltr'>Cic.</span> <span class='ocrx_word' id='word_1_450' title='bbox 750 2019 776 2040; x_wconf 79' lang='lat'>2.</span> <span class='ocrx_word' id='word_1_451' title='bbox 786 2009 822 2039; x_wconf 89' lang='lat' dir='ltr'>de</span> <span class='ocrx_word' id='word_1_452' title='bbox 832 2008 896 2039; x_wconf 86' lang='lat' dir='ltr'>Nat.</span> <span class='ocrx_word' id='word_1_453' title='bbox 905 2005 988 2037; x_wconf 80' lang='lat' dir='ltr'>Dect.</span> <span class='ocrx_word' id='word_1_454' title='bbox 1001 2014 1062 2035; x_wconf 77' lang='lat'>10².</span> 
     </span>
    </p>

    <p class='ocr_par' dir='ltr' id='par_1_12' title="bbox 174 2039 1276 2207">
     <span class='ocr_line' id='line_1_51' title="bbox 174 2039 1276 2090; baseline -0.016 -3"><span class='ocrx_word' id='word_1_455' title='bbox 174 2057 277 2088; x_wconf 84' lang='lat' dir='ltr'>Caelum</span> <span class='ocrx_word' id='word_1_456' title='bbox 288 2055 401 2085; x_wconf 75' lang='lat' dir='ltr'>crassum</span> <span class='ocrx_word' id='word_1_457' title='bbox 412 2060 492 2090; x_wconf 86' lang='lat' dir='ltr'>atque</span> <span class='ocrx_word' id='word_1_458' title='bbox 503 2057 661 2082; x_wconf 87' lang='lat' dir='ltr'>concretum</span> <span class='ocrx_word' id='word_1_459' title='bbox 675 2072 680 2079; x_wconf 97' lang='lat'>.</span> <span class='ocrx_word' id='word_1_460' title='bbox 705 2050 731 2079; x_wconf 75' lang='grc' dir='ltr'>δι</span> <span class='ocrx_word' id='word_1_461' title='bbox 745 2049 794 2078; x_wconf 84' lang='lat' dir='ltr'>Aer</span> <span class='ocrx_word' id='word_1_462' title='bbox 808 2056 893 2085; x_wconf 86' lang='lat' dir='ltr'>purus</span> <span class='ocrx_word' id='word_1_463' title='bbox 911 2047 937 2075; x_wconf 74' lang='grc' dir='ltr'>ἃ</span> <span class='ocrx_word' id='word_1_464' title='bbox 957 2044 1047 2074; x_wconf 91' lang='lat' dir='ltr'>tenuis</span> <span class='ocrx_word' id='word_1_465' title='bbox 1062 2042 1139 2073; x_wconf 86' lang='lat' dir='ltr'>velut</span> <span class='ocrx_word' id='word_1_466' title='bbox 1149 2039 1276 2080; x_wconf 86' lang='lat' dir='ltr'>opposita</span> 
     </span>
     <span class='ocr_line' id='line_1_52' title="bbox 193 2079 1276 2132; baseline -0.016 -8"><span class='ocrx_word' id='word_1_467' title='bbox 193 2095 272 2132; x_wconf 88' lang='lat' dir='ltr'>ponit</span> <span class='ocrx_word' id='word_1_468' title='bbox 291 2093 348 2122; x_wconf 86' lang='lat' dir='ltr'>Cic.</span> <span class='ocrx_word' id='word_1_469' title='bbox 359 2102 384 2121; x_wconf 89' lang='lat'>2.</span> <span class='ocrx_word' id='word_1_470' title='bbox 393 2092 429 2120; x_wconf 91' lang='lat' dir='ltr'>de</span> <span class='ocrx_word' id='word_1_471' title='bbox 441 2092 502 2121; x_wconf 88' lang='lat' dir='ltr'>Nat.</span> <span class='ocrx_word' id='word_1_472' title='bbox 516 2090 595 2119; x_wconf 89' lang='lat' dir='ltr'>Deor.</span> <span class='ocrx_word' id='word_1_473' title='bbox 609 2097 653 2123; x_wconf 77' lang='lat'>4²·</span> <span class='ocrx_word' id='word_1_474' title='bbox 675 2082 786 2117; x_wconf 82' lang='lat' dir='ltr'>Etenim</span> <span class='ocrx_word' id='word_1_475' title='bbox 796 2085 861 2114; x_wconf 88' lang='lat' dir='ltr'>licet</span> <span class='ocrx_word' id='word_1_476' title='bbox 872 2084 964 2113; x_wconf 83' lang='lat' dir='ltr'>videre</span> <span class='ocrx_word' id='word_1_477' title='bbox 975 2082 1099 2111; x_wconf 84' lang='lat' dir='ltr'>acutiora</span> <span class='ocrx_word' id='word_1_478' title='bbox 1112 2080 1232 2117; x_wconf 82' lang='lat' dir='ltr'>ingenia,</span> <span class='ocrx_word' id='word_1_479' title='bbox 1250 2079 1276 2107; x_wconf 82' lang='lat'>&amp;</span> 
     </span>
     <span class='ocr_line' id='line_1_53' title="bbox 193 2115 1276 2166; baseline -0.016 -5"><span class='ocrx_word' id='word_1_480' title='bbox 193 2132 227 2161; x_wconf 86' lang='lat' dir='ltr'>ad</span> <span class='ocrx_word' id='word_1_481' title='bbox 239 2129 447 2166; x_wconf 87' lang='lat' dir='ltr'>intelligendum</span> <span class='ocrx_word' id='word_1_482' title='bbox 457 2127 561 2166; x_wconf 88' lang='lat' dir='ltr'>aptiora</span> <span class='ocrx_word' id='word_1_483' title='bbox 570 2135 677 2160; x_wconf 87' lang='lat' dir='ltr'>eorum,</span> <span class='ocrx_word' id='word_1_484' title='bbox 688 2125 735 2161; x_wconf 89' lang='lat' dir='ltr'>qui</span> <span class='ocrx_word' id='word_1_485' title='bbox 741 2130 823 2152; x_wconf 90' lang='lat' dir='ltr'>terras</span> <span class='ocrx_word' id='word_1_486' title='bbox 835 2120 959 2151; x_wconf 81' lang='lat' dir='ltr'>incolant</span> <span class='ocrx_word' id='word_1_487' title='bbox 970 2129 1024 2154; x_wconf 78' lang='lat' dir='ltr'>eas,</span> <span class='ocrx_word' id='word_1_488' title='bbox 1037 2119 1066 2148; x_wconf 92' lang='lat' dir='ltr'>in</span> <span class='ocrx_word' id='word_1_489' title='bbox 1076 2118 1175 2155; x_wconf 90' lang='lat' dir='ltr'>quibus</span> <span class='ocrx_word' id='word_1_490' title='bbox 1187 2126 1232 2146; x_wconf 86' lang='lat' dir='ltr'>aer</span> <span class='ocrx_word' id='word_1_491' title='bbox 1244 2115 1276 2144; x_wconf 91' lang='lat' dir='ltr'>sit</span> 
     </span>
     <span class='ocr_line' id='line_1_54' title="bbox 195 2157 1254 2207; baseline -0.014 -9"><span class='ocrx_word' id='word_1_492' title='bbox 195 2178 278 2207; x_wconf 88' lang='lat' dir='ltr'>purus</span> <span class='ocrx_word' id='word_1_493' title='bbox 287 2177 318 2196; x_wconf 90' lang='lat' dir='ltr'>ac</span> <span class='ocrx_word' id='word_1_494' title='bbox 326 2168 415 2196; x_wconf 85' lang='lat' dir='ltr'>tenuis</span> <span class='ocrx_word' id='word_1_495' title='bbox 426 2188 434 2200; x_wconf 84' lang='grc'><em>,</em></span> <span class='ocrx_word' id='word_1_496' title='bbox 455 2175 536 2203; x_wconf 88' lang='lat' dir='ltr'>quam</span> <span class='ocrx_word' id='word_1_497' title='bbox 547 2163 656 2193; x_wconf 91' lang='lat' dir='ltr'>illorum</span> <span class='ocrx_word' id='word_1_498' title='bbox 665 2163 712 2199; x_wconf 89' lang='lat' dir='ltr'>qui</span> <span class='ocrx_word' id='word_1_499' title='bbox 721 2167 831 2191; x_wconf 91' lang='lat' dir='ltr'>utantur</span> <span class='ocrx_word' id='word_1_500' title='bbox 842 2158 926 2189; x_wconf 78' lang='lat' dir='ltr'>crasso</span> <span class='ocrx_word' id='word_1_501' title='bbox 938 2157 1005 2186; x_wconf 86' lang='lat' dir='ltr'>caelo</span> <span class='ocrx_word' id='word_1_502' title='bbox 1017 2162 1099 2194; x_wconf 88' lang='lat' dir='ltr'>atque</span> <span class='ocrx_word' id='word_1_503' title='bbox 1111 2160 1254 2186; x_wconf 85' lang='lat' dir='ltr'>concreto.</span> 
     </span>
    </p>

    <p class='ocr_par' dir='ltr' id='par_1_13' title="bbox 177 2197 971 2243">
     <span class='ocr_line' id='line_1_55' title="bbox 177 2197 971 2243; baseline -0.014 -7"><span class='ocrx_word' id='word_1_504' title='bbox 177 2206 279 2237; x_wconf 71' lang='lat' dir='ltr'>Cielum</span> <span class='ocrx_word' id='word_1_505' title='bbox 293 2205 395 2243; x_wconf 85' lang='lat' dir='ltr'>pingue</span> <span class='ocrx_word' id='word_1_506' title='bbox 407 2206 432 2234; x_wconf 67' lang='grc' dir='ltr'>ὅ(</span> <span class='ocrx_word' id='word_1_507' title='bbox 446 2209 614 2232; x_wconf 82' lang='lat' dir='ltr'>concretum.</span> <span class='ocrx_word' id='word_1_508' title='bbox 636 2199 693 2229; x_wconf 89' lang='lat' dir='ltr'>Cic.</span> <span class='ocrx_word' id='word_1_509' title='bbox 712 2209 735 2228; x_wconf 94' lang='lat'>1.</span> <span class='ocrx_word' id='word_1_510' title='bbox 753 2199 788 2228; x_wconf 90' lang='lat' dir='ltr'>de</span> <span class='ocrx_word' id='word_1_511' title='bbox 804 2197 893 2226; x_wconf 90' lang='lat' dir='ltr'>Divin.</span> <span class='ocrx_word' id='word_1_512' title='bbox 909 2204 971 2232; x_wconf 80' lang='lat'>130.</span> 
     </span>
    </p>

    <p class='ocr_par' dir='ltr' id='par_1_14' title="bbox 176 2235 889 2281">
     <span class='ocr_line' id='line_1_56' title="bbox 176 2235 889 2281; baseline -0.014 -8"><span class='ocrx_word' id='word_1_513' title='bbox 176 2244 298 2281; x_wconf 83' lang='lat' dir='ltr'>Corpora</span> <span class='ocrx_word' id='word_1_514' title='bbox 310 2249 416 2271; x_wconf 85' lang='lat' dir='ltr'>terrena</span> <span class='ocrx_word' id='word_1_515' title='bbox 424 2246 614 2276; x_wconf 80' lang='lat' dir='ltr'>concretaque.</span> <span class='ocrx_word' id='word_1_516' title='bbox 637 2238 693 2266; x_wconf 89' lang='lat' dir='ltr'>Cic.</span> <span class='ocrx_word' id='word_1_517' title='bbox 715 2246 737 2265; x_wconf 88' lang='lat'>1.</span> <span class='ocrx_word' id='word_1_518' title='bbox 750 2235 832 2266; x_wconf 89' lang='lat' dir='ltr'>Tusc.</span> <span class='ocrx_word' id='word_1_519' title='bbox 844 2243 889 2269; x_wconf 81' lang='grc'>47.</span> 
     </span>
    </p>

    <p class='ocr_par' dir='ltr' id='par_1_15' title="bbox 176 2270 1068 2318">
     <span class='ocr_line' id='line_1_57' title="bbox 176 2270 1068 2318; baseline -0.015 -8"><span class='ocrx_word' id='word_1_520' title='bbox 176 2282 281 2318; x_wconf 86' lang='lat' dir='ltr'>Corpus</span> <span class='ocrx_word' id='word_1_521' title='bbox 290 2286 448 2308; x_wconf 89' lang='lat' dir='ltr'>concretum</span> <span class='ocrx_word' id='word_1_522' title='bbox 459 2288 494 2307; x_wconf 81' lang='lat' dir='ltr'>ex</span> <span class='ocrx_word' id='word_1_523' title='bbox 506 2276 661 2307; x_wconf 84' lang='lat' dir='ltr'>elementis.</span> <span class='ocrx_word' id='word_1_524' title='bbox 684 2274 741 2304; x_wconf 90' lang='lat' dir='ltr'>Cic.</span> <span class='ocrx_word' id='word_1_525' title='bbox 758 2282 781 2309; x_wconf 86' lang='lat'>3.</span> <span class='ocrx_word' id='word_1_526' title='bbox 797 2273 833 2301; x_wconf 92' lang='lat' dir='ltr'>de</span> <span class='ocrx_word' id='word_1_527' title='bbox 844 2272 906 2302; x_wconf 90' lang='lat' dir='ltr'>Nat.</span> <span class='ocrx_word' id='word_1_528' title='bbox 923 2270 1006 2300; x_wconf 87' lang='lat' dir='ltr'>Deor.</span> <span class='ocrx_word' id='word_1_529' title='bbox 1024 2277 1068 2304; x_wconf 63' lang='grc' dir='ltr'>ιο.</span> 
     </span>
    </p>

    <p class='ocr_par' dir='ltr' id='par_1_16' title="bbox 175 2304 1280 2429">
     <span class='ocr_line' id='line_1_58' title="bbox 175 2304 1278 2349; baseline -0.014 -1"><span class='ocrx_word' id='word_1_530' title='bbox 175 2319 261 2349; x_wconf 90' lang='lat' dir='ltr'>Dolor</span> <span class='ocrx_word' id='word_1_531' title='bbox 270 2323 412 2347; x_wconf 89' lang='lat' dir='ltr'>concretus</span> <span class='ocrx_word' id='word_1_532' title='bbox 423 2321 534 2345; x_wconf 76' lang='lat' dir='ltr'>vocatur</span> <span class='ocrx_word' id='word_1_533' title='bbox 545 2314 579 2343; x_wconf 87' lang='lat' dir='ltr'>ab</span> <span class='ocrx_word' id='word_1_534' title='bbox 591 2313 694 2342; x_wconf 86' lang='lat' dir='ltr'>Ovidio</span> <span class='ocrx_word' id='word_1_535' title='bbox 708 2334 716 2346; x_wconf 84' lang='grc'>,</span> <span class='ocrx_word' id='word_1_536' title='bbox 737 2311 801 2348; x_wconf 83' lang='lat' dir='ltr'>Quo</span> <span class='ocrx_word' id='word_1_537' title='bbox 818 2311 854 2339; x_wconf 85' lang='lat' dir='ltr'>ita</span> <span class='ocrx_word' id='word_1_538' title='bbox 865 2304 1079 2346; x_wconf 84' lang='lat' dir='ltr'>obstupescimus</span> <span class='ocrx_word' id='word_1_539' title='bbox 1088 2326 1097 2342; x_wconf 79' lang='lat'>‚</span> <span class='ocrx_word' id='word_1_540' title='bbox 1120 2309 1151 2335; x_wconf 89' lang='lat' dir='ltr'>ut</span> <span class='ocrx_word' id='word_1_541' title='bbox 1168 2313 1220 2334; x_wconf 86' lang='lat' dir='ltr'>nec</span> <span class='ocrx_word' id='word_1_542' title='bbox 1231 2312 1278 2342; x_wconf 86' lang='lat' dir='ltr'>ge-</span> 
     </span>
     <span class='ocr_line' id='line_1_59' title="bbox 193 2343 1280 2388; baseline -0.014 -3"><span class='ocrx_word' id='word_1_543' title='bbox 193 2357 291 2386; x_wconf 88' lang='lat' dir='ltr'>mitum</span> <span class='ocrx_word' id='word_1_544' title='bbox 305 2354 409 2388; x_wconf 88' lang='lat' dir='ltr'>edere&#39;‚</span> <span class='ocrx_word' id='word_1_545' title='bbox 430 2363 482 2382; x_wconf 90' lang='lat' dir='ltr'>nec</span> <span class='ocrx_word' id='word_1_546' title='bbox 493 2351 625 2388; x_wconf 86' lang='lat' dir='ltr'>lacrymas</span> <span class='ocrx_word' id='word_1_547' title='bbox 637 2351 766 2379; x_wconf 84' lang='lat' dir='ltr'>emittere</span> <span class='ocrx_word' id='word_1_548' title='bbox 783 2355 933 2384; x_wconf 82' lang='lat' dir='ltr'>queamus,</span> <span class='ocrx_word' id='word_1_549' title='bbox 954 2352 1084 2381; x_wconf 88' lang='lat' dir='ltr'>tanquam</span> <span class='ocrx_word' id='word_1_550' title='bbox 1102 2343 1214 2372; x_wconf 90' lang='lat' dir='ltr'>horrore</span> <span class='ocrx_word' id='word_1_551' title='bbox 1238 2343 1280 2371; x_wconf 91' lang='lat' dir='ltr'>ni-</span> 
     </span>
     <span class='ocr_line' id='line_1_60' title="bbox 197 2384 981 2429; baseline -0.013 -6"><span class='ocrx_word' id='word_1_552' title='bbox 197 2395 253 2423; x_wconf 90' lang='lat' dir='ltr'>mio</span> <span class='ocrx_word' id='word_1_553' title='bbox 265 2391 418 2429; x_wconf 81' lang='lat' dir='ltr'>congelatas</span> <span class='ocrx_word' id='word_1_554' title='bbox 430 2392 455 2420; x_wconf 86' lang='lat'>&amp;</span> <span class='ocrx_word' id='word_1_555' title='bbox 464 2396 621 2423; x_wconf 86' lang='lat' dir='ltr'>concretas,</span> <span class='ocrx_word' id='word_1_556' title='bbox 641 2387 690 2416; x_wconf 88' lang='lat' dir='ltr'>lib.</span> <span class='ocrx_word' id='word_1_557' title='bbox 700 2396 726 2416; x_wconf 79' lang='lat'>2.</span> <span class='ocrx_word' id='word_1_558' title='bbox 738 2386 772 2415; x_wconf 90' lang='lat' dir='ltr'>de</span> <span class='ocrx_word' id='word_1_559' title='bbox 789 2384 865 2414; x_wconf 79' lang='lat' dir='ltr'>Pont.</span> <span class='ocrx_word' id='word_1_560' title='bbox 881 2393 923 2413; x_wconf 91' lang='lat'>11.</span> <span class='ocrx_word' id='word_1_561' title='bbox 940 2392 981 2413; x_wconf 89' lang='lat'>10.</span> 
     </span>
    </p>

    <p class='ocr_par' dir='ltr' id='par_1_17' title="bbox 178 2414 1278 2461">
     <span class='ocr_line' id='line_1_61' title="bbox 178 2414 1278 2461; baseline -0.014 0"><span class='ocrx_word' id='word_1_562' title='bbox 178 2431 281 2461; x_wconf 88' lang='lat' dir='ltr'>Lumen</span> <span class='ocrx_word' id='word_1_563' title='bbox 293 2430 374 2459; x_wconf 84' lang='lat' dir='ltr'>Lunae</span> <span class='ocrx_word' id='word_1_564' title='bbox 388 2434 556 2458; x_wconf 87' lang='lat' dir='ltr'>concretum.</span> <span class='ocrx_word' id='word_1_565' title='bbox 569 2426 656 2456; x_wconf 85' lang='lat' dir='ltr'>Cic.i.</span> <span class='ocrx_word' id='word_1_566' title='bbox 671 2425 706 2454; x_wconf 90' lang='lat' dir='ltr'>de</span> <span class='ocrx_word' id='word_1_567' title='bbox 722 2423 811 2453; x_wconf 89' lang='lat' dir='ltr'>Divin.</span> <span class='ocrx_word' id='word_1_568' title='bbox 820 2428 861 2457; x_wconf 85' lang='lat'>18.</span> <span class='ocrx_word' id='word_1_569' title='bbox 872 2431 906 2451; x_wconf 82' lang='lat' dir='ltr'>ex</span> <span class='ocrx_word' id='word_1_570' title='bbox 918 2421 999 2450; x_wconf 59' lang='lat' dir='ltr'>liba.</span> <span class='ocrx_word' id='word_1_571' title='bbox 1011 2419 1046 2450; x_wconf 89' lang='lat' dir='ltr'>de</span> <span class='ocrx_word' id='word_1_572' title='bbox 1058 2417 1209 2449; x_wconf 89' lang='lat' dir='ltr'>Consulatu</span> <span class='ocrx_word' id='word_1_573' title='bbox 1220 2414 1278 2447; x_wconf 89' lang='lat' dir='ltr'>suo.</span> 
     </span>
    </p>

    <p class='ocr_par' dir='ltr' id='par_1_18' title="bbox 255 2459 932 2504">
     <span class='ocr_line' id='line_1_62' title="bbox 255 2459 932 2504; baseline -0.012 -8"><span class='ocrx_word' id='word_1_574' title='bbox 255 2468 351 2504; x_wconf 87' lang='lat' dir='ltr'>Quum</span> <span class='ocrx_word' id='word_1_575' title='bbox 360 2465 458 2495; x_wconf 87' lang='lat' dir='ltr'>claram</span> <span class='ocrx_word' id='word_1_576' title='bbox 467 2464 586 2504; x_wconf 88' lang='lat' dir='ltr'>speciem</span> <span class='ocrx_word' id='word_1_577' title='bbox 596 2471 727 2493; x_wconf 86' lang='lat' dir='ltr'>concreto</span> <span class='ocrx_word' id='word_1_578' title='bbox 738 2461 843 2490; x_wconf 89' lang='lat' dir='ltr'>lumine</span> <span class='ocrx_word' id='word_1_579' title='bbox 856 2459 932 2489; x_wconf 86' lang='lat' dir='ltr'>Luna</span> 
     </span>
    </p>

    <p class='ocr_par' dir='ltr' id='par_1_19' title="bbox 195 2492 1281 2610">
     <span class='ocr_line' id='line_1_63' title="bbox 257 2492 1280 2536; baseline -0.013 -2"><span class='ocrx_word' id='word_1_580' title='bbox 257 2504 385 2536; x_wconf 82' lang='lat' dir='ltr'>Abdidit.</span> <span class='ocrx_word' id='word_1_581' title='bbox 398 2505 449 2532; x_wconf 73' lang='grc' dir='ltr'>διε.</span> <span class='ocrx_word' id='word_1_582' title='bbox 551 2502 568 2530; x_wconf 92' lang='lat' dir='ltr'>i.</span> <span class='ocrx_word' id='word_1_583' title='bbox 583 2511 608 2530; x_wconf 90' lang='lat' dir='ltr'>e.</span> <span class='ocrx_word' id='word_1_584' title='bbox 630 2500 788 2530; x_wconf 68' lang='lat' dir='ltr'>Contracto.</span> <span class='ocrx_word' id='word_1_585' title='bbox 825 2497 930 2534; x_wconf 88' lang='lat' dir='ltr'>[Forte</span> <span class='ocrx_word' id='word_1_586' title='bbox 949 2495 1097 2532; x_wconf 81' lang='lat' dir='ltr'>Completo</span> <span class='ocrx_word' id='word_1_587' title='bbox 1117 2492 1280 2531; x_wconf 77' lang='lat' dir='ltr'>legendum.</span> 
     </span>
     <span class='ocr_line' id='line_1_64' title="bbox 195 2530 1281 2579; baseline -0.013 -7"><span class='ocrx_word' id='word_1_588' title='bbox 195 2541 326 2579; x_wconf 76' lang='lat' dir='ltr'>intelligit</span> <span class='ocrx_word' id='word_1_589' title='bbox 340 2541 413 2570; x_wconf 86' lang='lat' dir='ltr'>enim</span> <span class='ocrx_word' id='word_1_590' title='bbox 425 2540 507 2569; x_wconf 85' lang='lat' dir='ltr'>Lunae</span> <span class='ocrx_word' id='word_1_591' title='bbox 516 2538 629 2575; x_wconf 81' lang='lat' dir='ltr'>eclipsin</span> <span class='ocrx_word' id='word_1_592' title='bbox 639 2560 647 2571; x_wconf 82' lang='lat'>,</span> <span class='ocrx_word' id='word_1_593' title='bbox 668 2547 727 2575; x_wconf 81' lang='lat' dir='ltr'>quae</span> <span class='ocrx_word' id='word_1_594' title='bbox 743 2536 847 2573; x_wconf 87' lang='lat' dir='ltr'>semper</span> <span class='ocrx_word' id='word_1_595' title='bbox 860 2536 889 2564; x_wconf 90' lang='lat' dir='ltr'>in</span> <span class='ocrx_word' id='word_1_596' title='bbox 906 2533 1061 2563; x_wconf 82' lang='lat' dir='ltr'>Plenilunio</span> <span class='ocrx_word' id='word_1_597' title='bbox 1075 2532 1184 2561; x_wconf 88' lang='lat' dir='ltr'>accidit.</span> <span class='ocrx_word' id='word_1_598' title='bbox 1224 2530 1281 2560; x_wconf 87' lang='lat' dir='ltr'>Nifi</span> 
     </span>
     <span class='ocr_line' id='line_1_65' title="bbox 195 2571 1242 2610; baseline -0.011 -1"><span class='ocrx_word' id='word_1_599' title='bbox 195 2580 294 2609; x_wconf 89' lang='lat' dir='ltr'>eodem</span> <span class='ocrx_word' id='word_1_600' title='bbox 308 2577 384 2608; x_wconf 86' lang='lat' dir='ltr'>sensu</span> <span class='ocrx_word' id='word_1_601' title='bbox 396 2579 422 2607; x_wconf 73' lang='grc' dir='ltr'>δι</span> <span class='ocrx_word' id='word_1_602' title='bbox 436 2576 603 2606; x_wconf 86' lang='lat' dir='ltr'>Concretum</span> <span class='ocrx_word' id='word_1_603' title='bbox 613 2575 714 2604; x_wconf 89' lang='lat' dir='ltr'>dicitur</span> <span class='ocrx_word' id='word_1_604' title='bbox 722 2595 730 2610; x_wconf 85' lang='lat'>‚</span> <span class='ocrx_word' id='word_1_605' title='bbox 751 2574 797 2603; x_wconf 90' lang='lat' dir='ltr'>ubi</span> <span class='ocrx_word' id='word_1_606' title='bbox 813 2581 915 2602; x_wconf 87' lang='lat' dir='ltr'>cornua</span> <span class='ocrx_word' id='word_1_607' title='bbox 926 2571 1059 2600; x_wconf 90' lang='lat' dir='ltr'>nimirum</span> <span class='ocrx_word' id='word_1_608' title='bbox 1070 2571 1129 2605; x_wconf 76' lang='lat' dir='ltr'>ejus</span> <span class='ocrx_word' id='word_1_609' title='bbox 1140 2571 1242 2599; x_wconf 80' lang='lat' dir='ltr'>coiere.</span> 
     </span>
    </p>

    <p class='ocr_par' dir='ltr' id='par_1_20' title="bbox 178 2609 1107 2648">
     <span class='ocr_line' id='line_1_66' title="bbox 178 2609 1107 2648; baseline -0.013 0"><span class='ocrx_word' id='word_1_610' title='bbox 178 2617 279 2647; x_wconf 74' lang='lat' dir='ltr'>mimus</span> <span class='ocrx_word' id='word_1_611' title='bbox 287 2616 405 2646; x_wconf 89' lang='lat' dir='ltr'>breviter</span> <span class='ocrx_word' id='word_1_612' title='bbox 416 2621 559 2644; x_wconf 87' lang='lat' dir='ltr'>concretus</span> <span class='ocrx_word' id='word_1_613' title='bbox 569 2615 598 2642; x_wconf 89' lang='lat' dir='ltr'>in</span> <span class='ocrx_word' id='word_1_614' title='bbox 608 2620 680 2642; x_wconf 84' lang='lat' dir='ltr'>artus</span> <span class='ocrx_word' id='word_1_615' title='bbox 693 2612 762 2641; x_wconf 86' lang='lat' dir='ltr'>suos.</span> <span class='ocrx_word' id='word_1_616' title='bbox 783 2611 904 2648; x_wconf 85' lang='lat' dir='ltr'>Propert.</span> <span class='ocrx_word' id='word_1_617' title='bbox 920 2609 967 2638; x_wconf 91' lang='lat' dir='ltr'>lib.</span> <span class='ocrx_word' id='word_1_618' title='bbox 983 2619 1009 2644; x_wconf 87' lang='lat'>4.</span> <span class='ocrx_word' id='word_1_619' title='bbox 1023 2618 1048 2643; x_wconf 88' lang='lat'>9.</span> <span class='ocrx_word' id='word_1_620' title='bbox 1064 2617 1107 2644; x_wconf 88' lang='lat'>15.</span> 
     </span>
    </p>

    <p class='ocr_par' dir='ltr' id='par_1_21' title="bbox 269 2649 1278 2726">
     <span class='ocr_line' id='line_1_67' title="bbox 269 2649 977 2689; baseline -0.01 -6"><span class='ocrx_word' id='word_1_621' title='bbox 269 2655 371 2684; x_wconf 84' lang='lat' dir='ltr'>Mimus</span> <span class='ocrx_word' id='word_1_622' title='bbox 388 2651 479 2689; x_wconf 83' lang='lat' dir='ltr'>&amp;ipse</span> <span class='ocrx_word' id='word_1_623' title='bbox 492 2651 553 2680; x_wconf 90' lang='lat' dir='ltr'>suos</span> <span class='ocrx_word' id='word_1_624' title='bbox 562 2649 679 2679; x_wconf 88' lang='lat' dir='ltr'>breviter</span> <span class='ocrx_word' id='word_1_625' title='bbox 694 2654 837 2678; x_wconf 87' lang='lat' dir='ltr'>concretus</span> <span class='ocrx_word' id='word_1_626' title='bbox 846 2649 874 2676; x_wconf 90' lang='lat' dir='ltr'>in</span> <span class='ocrx_word' id='word_1_627' title='bbox 885 2653 959 2677; x_wconf 90' lang='lat' dir='ltr'>artus</span> <span class='ocrx_word' id='word_1_628' title='bbox 968 2668 977 2682; x_wconf 91' lang='lat'>,</span> 
     </span>
     <span class='ocr_line' id='line_1_68' title="bbox 306 2681 1278 2726; baseline -0.009 -7"><span class='ocrx_word' id='word_1_629' title='bbox 306 2690 430 2726; x_wconf 69' lang='lat' dir='ltr'>Jac&#39;tabat</span> <span class='ocrx_word' id='word_1_630' title='bbox 439 2696 547 2718; x_wconf 89' lang='lat' dir='ltr'>truncas</span> <span class='ocrx_word' id='word_1_631' title='bbox 559 2688 593 2717; x_wconf 90' lang='lat' dir='ltr'>ad</span> <span class='ocrx_word' id='word_1_632' title='bbox 605 2697 670 2717; x_wconf 89' lang='lat' dir='ltr'>cava</span> <span class='ocrx_word' id='word_1_633' title='bbox 681 2687 754 2715; x_wconf 83' lang='lat' dir='ltr'>buxa</span> <span class='ocrx_word' id='word_1_634' title='bbox 767 2695 873 2715; x_wconf 88' lang='lat' dir='ltr'>manus.</span> <span class='ocrx_word' id='word_1_635' title='bbox 937 2683 1049 2714; x_wconf 70' lang='lat' dir='ltr'>Refflus</span> <span class='ocrx_word' id='word_1_636' title='bbox 1060 2682 1156 2712; x_wconf 88' lang='lat' dir='ltr'>Nanus</span> <span class='ocrx_word' id='word_1_637' title='bbox 1170 2681 1278 2719; x_wconf 87' lang='lat' dir='ltr'>legitur.</span> 
     </span>
    </p>

    <p class='ocr_par' dir='ltr' id='par_1_22' title="bbox 178 2720 1241 2800">
     <span class='ocr_line' id='line_1_69' title="bbox 179 2720 1241 2763; baseline -0.008 -6"><span class='ocrx_word' id='word_1_638' title='bbox 179 2729 225 2759; x_wconf 86' lang='lat' dir='ltr'>Vis</span> <span class='ocrx_word' id='word_1_639' title='bbox 239 2734 387 2758; x_wconf 70' lang='lat' dir='ltr'>exterrens</span> <span class='ocrx_word' id='word_1_640' title='bbox 397 2726 559 2763; x_wconf 81' lang='lat' dir='ltr'>mortalique</span> <span class='ocrx_word' id='word_1_641' title='bbox 569 2731 665 2754; x_wconf 86' lang='lat' dir='ltr'>natura</span> <span class='ocrx_word' id='word_1_642' title='bbox 678 2726 703 2754; x_wconf 69' lang='grc' dir='ltr'>ἃ</span> <span class='ocrx_word' id='word_1_643' title='bbox 715 2724 817 2753; x_wconf 85' lang='lat' dir='ltr'>caduca</span> <span class='ocrx_word' id='word_1_644' title='bbox 829 2729 966 2752; x_wconf 85' lang='lat' dir='ltr'>concreta.</span> <span class='ocrx_word' id='word_1_645' title='bbox 990 2720 1048 2749; x_wconf 85' lang='lat' dir='ltr'>Cic.</span> <span class='ocrx_word' id='word_1_646' title='bbox 1063 2730 1085 2749; x_wconf 94' lang='lat'>1.</span> <span class='ocrx_word' id='word_1_647' title='bbox 1099 2720 1180 2749; x_wconf 85' lang='lat' dir='ltr'>Tusc.</span> <span class='ocrx_word' id='word_1_648' title='bbox 1195 2725 1241 2749; x_wconf 65' lang='grc' dir='ltr'>οι.</span> 
     </span>
     <span class='ocr_line' id='line_1_70' title="bbox 178 2758 1072 2800; baseline -0.011 -4"><span class='ocrx_word' id='word_1_649' title='bbox 178 2767 330 2796; x_wconf 76' lang='lat' dir='ltr'>Concretas</span> <span class='ocrx_word' id='word_1_650' title='bbox 340 2788 347 2799; x_wconf 85' lang='lat'><strong>‚</strong></span> <span class='ocrx_word' id='word_1_651' title='bbox 369 2765 556 2799; x_wconf 64' lang='lat' dir='ltr'>anumstus,</span> <span class='ocrx_word' id='word_1_652' title='bbox 577 2758 791 2800; x_wconf 83' lang='lat' dir='ltr'>conglutinatus.</span> <span class='ocrx_word' id='word_1_653' title='bbox 814 2761 884 2797; x_wconf 89' lang='lat' dir='ltr'>Virg.</span> <span class='ocrx_word' id='word_1_654' title='bbox 896 2764 922 2789; x_wconf 92' lang='lat'>6.</span> <span class='ocrx_word' id='word_1_655' title='bbox 937 2759 998 2789; x_wconf 82' lang='lat' dir='ltr'>AEn.</span> <span class='ocrx_word' id='word_1_656' title='bbox 1009 2763 1072 2794; x_wconf 83' lang='lat'>738.</span> 
     </span>
    </p>

    <p class='ocr_par' dir='ltr' id='par_1_23' title="bbox 197 2794 1280 2909">
     <span class='ocr_line' id='line_1_71' title="bbox 257 2794 1280 2833; baseline -0.008 -1"><span class='ocrx_word' id='word_1_657' title='bbox 257 2803 345 2833; x_wconf 83' lang='lat' dir='ltr'>Multa</span> <span class='ocrx_word' id='word_1_658' title='bbox 359 2803 406 2831; x_wconf 89' lang='lat' dir='ltr'>diu</span> <span class='ocrx_word' id='word_1_659' title='bbox 418 2807 546 2831; x_wconf 87' lang='lat' dir='ltr'>concreta</span> <span class='ocrx_word' id='word_1_660' title='bbox 555 2800 645 2829; x_wconf 90' lang='lat' dir='ltr'>modis</span> <span class='ocrx_word' id='word_1_661' title='bbox 657 2796 806 2828; x_wconf 88' lang='lat' dir='ltr'>inolescere</span> <span class='ocrx_word' id='word_1_662' title='bbox 817 2798 901 2828; x_wconf 85' lang='lat' dir='ltr'>miris.</span> <span class='ocrx_word' id='word_1_663' title='bbox 984 2796 1051 2825; x_wconf 91' lang='lat' dir='ltr'>Plin.</span> <span class='ocrx_word' id='word_1_664' title='bbox 1060 2794 1158 2830; x_wconf 90' lang='lat' dir='ltr'>lib.i7.</span> <span class='ocrx_word' id='word_1_665' title='bbox 1168 2802 1280 2832; x_wconf 62' lang='lat' dir='ltr'>capax.</span> 
     </span>
     <span class='ocr_line' id='line_1_72' title="bbox 197 2831 1279 2908; baseline -0.009 -38"><span class='ocrx_word' id='word_1_666' title='bbox 197 2840 499 2908; x_wconf 39' lang='grc' dir='ltr'>ἓᾏυῧςηγετοὲοιῗετεῐί</span> <span class='ocrx_word' id='word_1_667' title='bbox 519 2837 630 2874; x_wconf 87' lang='lat' dir='ltr'>(nodi)</span> <span class='ocrx_word' id='word_1_668' title='bbox 650 2837 777 2867; x_wconf 87' lang='lat' dir='ltr'>ademere</span> <span class='ocrx_word' id='word_1_669' title='bbox 795 2834 934 2866; x_wconf 76' lang='lat' dir='ltr'>transitum</span> <span class='ocrx_word' id='word_1_670' title='bbox 947 2856 955 2870; x_wconf 88' lang='lat'>‚</span> <span class='ocrx_word' id='word_1_671' title='bbox 974 2831 1126 2871; x_wconf 77' lang='lat' dir='ltr'>repercussa</span> <span class='ocrx_word' id='word_1_672' title='bbox 1148 2833 1279 2869; x_wconf 86' lang='lat' dir='ltr'>erumpit.</span> 
     </span>
     <span class='ocr_line' id='line_1_73' title="bbox 218 2885 454 2909; baseline -0.013 0"><span class='ocrx_word' id='word_1_673' title='bbox 218 2889 233 2909; x_wconf 92' lang='lat' dir='ltr'>e</span> <span class='ocrx_word' id='word_1_674' title='bbox 266 2885 311 2908; x_wconf 89' lang='lat' dir='ltr'>itis</span> <span class='ocrx_word' id='word_1_675' title='bbox 323 2887 367 2906; x_wconf 89' lang='lat' dir='ltr'>me</span> <span class='ocrx_word' id='word_1_676' title='bbox 391 2887 406 2906; x_wconf 91' lang='lat' dir='ltr'>u</span> <span class='ocrx_word' id='word_1_677' title='bbox 431 2886 454 2906; x_wconf 88' lang='lat' dir='ltr'>a.</span> 
     </span>
    </p>

    <p class='ocr_par' dir='ltr' id='par_1_24' title="bbox 179 2904 1282 2991">
     <span class='ocr_line' id='line_1_74' title="bbox 179 2904 1282 2947; baseline -0.009 -1"><span class='ocrx_word' id='word_1_678' title='bbox 179 2916 330 2945; x_wconf 89' lang='lat' dir='ltr'>Concretus</span> <span class='ocrx_word' id='word_1_679' title='bbox 341 2917 366 2944; x_wconf 73' lang='grc' dir='ltr'><strong>ἃ</strong></span> <span class='ocrx_word' id='word_1_680' title='bbox 378 2914 503 2943; x_wconf 78' lang='lat' dir='ltr'>coalitus.</span> <span class='ocrx_word' id='word_1_681' title='bbox 541 2911 611 2942; x_wconf 82' lang='lat' dir='ltr'>Geli.</span> <span class='ocrx_word' id='word_1_682' title='bbox 623 2910 670 2941; x_wconf 89' lang='lat' dir='ltr'>lib.</span> <span class='ocrx_word' id='word_1_683' title='bbox 685 2919 727 2940; x_wconf 73' lang='lat' dir='ltr'>ra.</span> <span class='ocrx_word' id='word_1_684' title='bbox 739 2919 798 2947; x_wconf 87' lang='lat' dir='ltr'>cap.</span> <span class='ocrx_word' id='word_1_685' title='bbox 814 2919 836 2938; x_wconf 89' lang='lat'>1.</span> <span class='ocrx_word' id='word_1_686' title='bbox 859 2909 945 2945; x_wconf 85' lang='lat' dir='ltr'>Cujus</span> <span class='ocrx_word' id='word_1_687' title='bbox 955 2909 984 2938; x_wconf 92' lang='lat' dir='ltr'>in</span> <span class='ocrx_word' id='word_1_688' title='bbox 996 2916 1111 2946; x_wconf 75' lang='lat' dir='ltr'>corpore</span> <span class='ocrx_word' id='word_1_689' title='bbox 1122 2928 1131 2942; x_wconf 89' lang='lat'>,</span> <span class='ocrx_word' id='word_1_690' title='bbox 1152 2904 1282 2944; x_wconf 84' lang='lat' dir='ltr'>cujusque</span> 
     </span>
     <span class='ocr_line' id='line_1_75' title="bbox 197 2947 851 2991; baseline -0.012 -8"><span class='ocrx_word' id='word_1_691' title='bbox 197 2963 230 2983; x_wconf 84' lang='lat' dir='ltr'>ex</span> <span class='ocrx_word' id='word_1_692' title='bbox 242 2953 371 2991; x_wconf 86' lang='lat' dir='ltr'>sanguine</span> <span class='ocrx_word' id='word_1_693' title='bbox 385 2959 530 2981; x_wconf 85' lang='lat' dir='ltr'>concretus</span> <span class='ocrx_word' id='word_1_694' title='bbox 539 2951 624 2979; x_wconf 84' lang='lat' dir='ltr'>hoino</span> <span class='ocrx_word' id='word_1_695' title='bbox 636 2951 661 2978; x_wconf 72' lang='grc' dir='ltr'>ἃ</span> <span class='ocrx_word' id='word_1_696' title='bbox 672 2947 789 2978; x_wconf 85' lang='lat' dir='ltr'>coalitus</span> <span class='ocrx_word' id='word_1_697' title='bbox 800 2947 851 2976; x_wconf 80' lang='lat' dir='ltr'>sit?</span> 
     </span>
    </p>

    <p class='ocr_par' dir='ltr' id='par_1_25' title="bbox 180 2984 792 3028">
     <span class='ocr_line' id='line_1_76' title="bbox 180 2984 792 3028; baseline -0.011 -8"><span class='ocrx_word' id='word_1_698' title='bbox 180 2992 252 3028; x_wconf 75' lang='lat' dir='ltr'>Aqua</span> <span class='ocrx_word' id='word_1_699' title='bbox 261 2991 360 3028; x_wconf 78' lang='lat' dir='ltr'>frigore</span> <span class='ocrx_word' id='word_1_700' title='bbox 372 2997 506 3018; x_wconf 81' lang='lat' dir='ltr'>concreta.</span> <span class='ocrx_word' id='word_1_701' title='bbox 529 2986 650 3017; x_wconf 82' lang='lat' dir='ltr'>Martial.</span> <span class='ocrx_word' id='word_1_702' title='bbox 663 2984 712 3015; x_wconf 83' lang='lat' dir='ltr'>lib.</span> <span class='ocrx_word' id='word_1_703' title='bbox 726 2995 753 3020; x_wconf 84' lang='grc'>4.</span> <span class='ocrx_word' id='word_1_704' title='bbox 769 2993 792 3020; x_wconf 85' lang='lat'>3.</span> 
     </span>
    </p>

    <p class='ocr_par' dir='ltr' id='par_1_26' title="bbox 259 3024 787 3064">
     <span class='ocr_line' id='line_1_77' title="bbox 259 3024 787 3064; baseline -0.011 -7"><span class='ocrx_word' id='word_1_705' title='bbox 259 3028 405 3057; x_wconf 85' lang='lat' dir='ltr'>Concretas</span> <span class='ocrx_word' id='word_1_706' title='bbox 417 3028 493 3064; x_wconf 83' lang='lat' dir='ltr'>pigro</span> <span class='ocrx_word' id='word_1_707' title='bbox 505 3025 604 3063; x_wconf 85' lang='lat' dir='ltr'>frigore</span> <span class='ocrx_word' id='word_1_708' title='bbox 616 3024 687 3053; x_wconf 83' lang='lat' dir='ltr'>ridet</span> <span class='ocrx_word' id='word_1_709' title='bbox 696 3031 787 3057; x_wconf 86' lang='lat' dir='ltr'>aquas.</span> 
     </span>
    </p>

    <p class='ocr_par' dir='ltr' id='par_1_27' title="bbox 182 3060 871 3100">
     <span class='ocr_line' id='line_1_78' title="bbox 182 3060 871 3100; baseline -0.012 -5"><span class='ocrx_word' id='word_1_710' title='bbox 182 3065 265 3095; x_wconf 84' lang='lat' dir='ltr'>Barba</span> <span class='ocrx_word' id='word_1_711' title='bbox 276 3072 402 3094; x_wconf 87' lang='lat' dir='ltr'>concreta</span> <span class='ocrx_word' id='word_1_712' title='bbox 410 3064 546 3100; x_wconf 78' lang='lat' dir='ltr'>sanguine.</span> <span class='ocrx_word' id='word_1_713' title='bbox 569 3061 652 3091; x_wconf 87' lang='lat' dir='ltr'>Ovid.</span> <span class='ocrx_word' id='word_1_714' title='bbox 667 3071 708 3096; x_wconf 79' lang='lat'>¹4-</span> <span class='ocrx_word' id='word_1_715' title='bbox 723 3060 792 3089; x_wconf 80' lang='lat' dir='ltr'>Met.</span> <span class='ocrx_word' id='word_1_716' title='bbox 807 3067 871 3088; x_wconf 83' lang='lat'>201.</span> 
     </span>
    </p>

    <p class='ocr_par' dir='ltr' id='par_1_28' title="bbox 182 3097 848 3139">
     <span class='ocr_line' id='line_1_79' title="bbox 182 3097 848 3139; baseline -0.011 -7"><span class='ocrx_word' id='word_1_717' title='bbox 182 3103 276 3132; x_wconf 86' lang='lat' dir='ltr'>Crines</span> <span class='ocrx_word' id='word_1_718' title='bbox 286 3103 414 3139; x_wconf 88' lang='lat' dir='ltr'>sanguine</span> <span class='ocrx_word' id='word_1_719' title='bbox 428 3101 556 3130; x_wconf 81' lang='lat' dir='ltr'>concreti.</span> <span class='ocrx_word' id='word_1_720' title='bbox 579 3100 650 3137; x_wconf 82' lang='lat' dir='ltr'>Virg.</span> <span class='ocrx_word' id='word_1_721' title='bbox 662 3108 688 3128; x_wconf 80' lang='lat'>2.</span> <span class='ocrx_word' id='word_1_722' title='bbox 707 3097 768 3127; x_wconf 77' lang='lat' dir='ltr'>AEn.</span> <span class='ocrx_word' id='word_1_723' title='bbox 785 3104 848 3132; x_wconf 87' lang='lat'>277.</span> 
     </span>
    </p>

    <p class='ocr_par' dir='ltr' id='par_1_29' title="bbox 182 3135 862 3177">
     <span class='ocr_line' id='line_1_80' title="bbox 182 3135 862 3177; baseline -0.01 -8"><span class='ocrx_word' id='word_1_724' title='bbox 182 3139 290 3177; x_wconf 79' lang='lat' dir='ltr'>Frigora</span> <span class='ocrx_word' id='word_1_725' title='bbox 300 3146 426 3168; x_wconf 80' lang='lat' dir='ltr'>concreta</span> <span class='ocrx_word' id='word_1_726' title='bbox 438 3139 542 3177; x_wconf 89' lang='lat' dir='ltr'>pruina.</span> <span class='ocrx_word' id='word_1_727' title='bbox 564 3137 638 3172; x_wconf 84' lang='lat' dir='ltr'>Virg.</span> <span class='ocrx_word' id='word_1_728' title='bbox 649 3145 674 3166; x_wconf 84' lang='lat'>2.</span> <span class='ocrx_word' id='word_1_729' title='bbox 687 3135 787 3171; x_wconf 88' lang='lat' dir='ltr'>Georg.</span> <span class='ocrx_word' id='word_1_730' title='bbox 800 3137 862 3170; x_wconf 84' lang='lat'>37⁶-</span> 
     </span>
    </p>

    <p class='ocr_par' dir='ltr' id='par_1_30' title="bbox 182 3167 1144 3211">
     <span class='ocr_line' id='line_1_81' title="bbox 182 3167 1144 3211; baseline -0.008 -4"><span class='ocrx_word' id='word_1_731' title='bbox 182 3177 267 3207; x_wconf 84' lang='lat' dir='ltr'>Labes</span> <span class='ocrx_word' id='word_1_732' title='bbox 277 3184 420 3211; x_wconf 62' lang='lat' dir='ltr'>concreta,</span> <span class='ocrx_word' id='word_1_733' title='bbox 446 3175 718 3205; x_wconf 76' lang='lat' dir='ltr'>Affixa&amp;inhaerens.</span> <span class='ocrx_word' id='word_1_734' title='bbox 739 3172 849 3209; x_wconf 85' lang='lat' dir='ltr'>Virg.6.</span> <span class='ocrx_word' id='word_1_735' title='bbox 864 3170 925 3200; x_wconf 79' lang='lat' dir='ltr'>AEn.</span> <span class='ocrx_word' id='word_1_736' title='bbox 941 3172 1005 3207; x_wconf 82' lang='grc'>746.</span> <span class='ocrx_word' id='word_1_737' title='bbox 1026 3167 1144 3200; x_wconf 81' lang='lat' dir='ltr'>Servius.</span> 
     </span>
    </p>

    <p class='ocr_par' dir='ltr' id='par_1_31' title="bbox 182 3212 730 3250">
     <span class='ocr_line' id='line_1_82' title="bbox 182 3212 730 3250; baseline -0.007 -6"><span class='ocrx_word' id='word_1_738' title='bbox 182 3214 236 3244; x_wconf 84' lang='lat' dir='ltr'>Lac</span> <span class='ocrx_word' id='word_1_739' title='bbox 247 3223 413 3244; x_wconf 82' lang='lat' dir='ltr'>concretum.</span> <span class='ocrx_word' id='word_1_740' title='bbox 435 3213 505 3250; x_wconf 84' lang='lat' dir='ltr'>Virg.</span> <span class='ocrx_word' id='word_1_741' title='bbox 519 3222 543 3247; x_wconf 62' lang='grc' dir='ltr'>ι.</span> <span class='ocrx_word' id='word_1_742' title='bbox 557 3212 656 3248; x_wconf 90' lang='lat' dir='ltr'>Georg.</span> <span class='ocrx_word' id='word_1_743' title='bbox 666 3214 730 3247; x_wconf 85' lang='lat'>463.</span> 
     </span>
    </p>

    <p class='ocr_par' dir='ltr' id='par_1_32' title="bbox 183 3250 662 3286">
     <span class='ocr_line' id='line_1_83' title="bbox 183 3250 662 3286; baseline -0.008 -5"><span class='ocrx_word' id='word_1_744' title='bbox 183 3252 238 3280; x_wconf 85' lang='lat' dir='ltr'>Nix</span> <span class='ocrx_word' id='word_1_745' title='bbox 249 3259 382 3281; x_wconf 79' lang='lat' dir='ltr'>concreta.</span> <span class='ocrx_word' id='word_1_746' title='bbox 405 3251 507 3280; x_wconf 68' lang='lat' dir='ltr'>Lucret.</span> <span class='ocrx_word' id='word_1_747' title='bbox 522 3250 570 3279; x_wconf 91' lang='lat' dir='ltr'>lib.</span> <span class='ocrx_word' id='word_1_748' title='bbox 582 3259 605 3286; x_wconf 87' lang='lat'>3.</span> <span class='ocrx_word' id='word_1_749' title='bbox 617 3258 662 3278; x_wconf 88' lang='lat'>20.</span> 
     </span>
    </p>

    <p class='ocr_par' dir='ltr' id='par_1_33' title="bbox 183 3286 769 3321">
     <span class='ocr_line' id='line_1_84' title="bbox 183 3286 769 3321; baseline -0.009 -3"><span class='ocrx_word' id='word_1_750' title='bbox 183 3289 280 3318; x_wconf 87' lang='lat' dir='ltr'>Semen</span> <span class='ocrx_word' id='word_1_751' title='bbox 291 3290 452 3318; x_wconf 66' lang='lat' dir='ltr'>concretius.</span> <span class='ocrx_word' id='word_1_752' title='bbox 474 3287 578 3317; x_wconf 81' lang='lat' dir='ltr'>Lucret.</span> <span class='ocrx_word' id='word_1_753' title='bbox 592 3286 639 3316; x_wconf 91' lang='lat' dir='ltr'>lib.</span> <span class='ocrx_word' id='word_1_754' title='bbox 649 3297 676 3321; x_wconf 84' lang='grc'>4.</span> <span class='ocrx_word' id='word_1_755' title='bbox 690 3292 769 3321; x_wconf 78' lang='lat'>1237.</span> 
     </span>
    </p>

    <p class='ocr_par' dir='ltr' id='par_1_34' title="bbox 183 3319 1021 3362">
     <span class='ocr_line' id='line_1_85' title="bbox 183 3319 1021 3362; baseline -0.01 -7"><span class='ocrx_word' id='word_1_756' title='bbox 183 3326 311 3362; x_wconf 87' lang='lat' dir='ltr'>Squalore</span> <span class='ocrx_word' id='word_1_757' title='bbox 323 3326 430 3355; x_wconf 88' lang='lat' dir='ltr'>diutino</span> <span class='ocrx_word' id='word_1_758' title='bbox 441 3330 566 3354; x_wconf 87' lang='lat' dir='ltr'>concreta</span> <span class='ocrx_word' id='word_1_759' title='bbox 574 3324 666 3353; x_wconf 85' lang='lat' dir='ltr'>facies.</span> <span class='ocrx_word' id='word_1_760' title='bbox 686 3321 805 3359; x_wconf 79' lang='lat' dir='ltr'>Quintil.</span> <span class='ocrx_word' id='word_1_761' title='bbox 819 3319 942 3350; x_wconf 89' lang='lat' dir='ltr'>Declam.</span> <span class='ocrx_word' id='word_1_762' title='bbox 958 3323 984 3352; x_wconf 88' lang='lat'>8.</span> <span class='ocrx_word' id='word_1_763' title='bbox 995 3321 1021 3352; x_wconf 83' lang='lat'>8.</span> 
     </span>
    </p>

    <p class='ocr_par' dir='ltr' id='par_1_35' title="bbox 185 3353 1283 3471">
     <span class='ocr_line' id='line_1_86' title="bbox 185 3353 1283 3400; baseline -0.01 -8"><span class='ocrx_word' id='word_1_764' title='bbox 185 3363 268 3392; x_wconf 79' lang='lat' dir='ltr'>Zonae</span> <span class='ocrx_word' id='word_1_765' title='bbox 277 3363 361 3400; x_wconf 83' lang='lat' dir='ltr'>glacie</span> <span class='ocrx_word' id='word_1_766' title='bbox 370 3370 510 3391; x_wconf 69' lang='lat' dir='ltr'>concretae.</span> <span class='ocrx_word' id='word_1_767' title='bbox 551 3361 622 3399; x_wconf 88' lang='lat' dir='ltr'>Virg.</span> <span class='ocrx_word' id='word_1_768' title='bbox 637 3370 660 3390; x_wconf 93' lang='lat'>1.</span> <span class='ocrx_word' id='word_1_769' title='bbox 672 3360 772 3397; x_wconf 82' lang='lat' dir='ltr'>Georg.</span> <span class='ocrx_word' id='word_1_770' title='bbox 787 3362 849 3395; x_wconf 82' lang='lat'>²3⁶·</span> <span class='ocrx_word' id='word_1_771' title='bbox 882 3357 923 3387; x_wconf 91' lang='lat' dir='ltr'>De</span> <span class='ocrx_word' id='word_1_772' title='bbox 943 3353 1159 3393; x_wconf 88' lang='lat' dir='ltr'>Septentrionali</span> <span class='ocrx_word' id='word_1_773' title='bbox 1174 3355 1199 3385; x_wconf 73' lang='grc' dir='ltr'>ἀ</span> <span class='ocrx_word' id='word_1_774' title='bbox 1218 3354 1283 3385; x_wconf 88' lang='lat' dir='ltr'>Bru.</span> 
     </span>
     <span class='ocr_line' id='line_1_87' title="bbox 204 3400 546 3437; baseline -0.003 -8"><span class='ocrx_word' id='word_1_775' title='bbox 204 3400 265 3429; x_wconf 82' lang='lat' dir='ltr'>mali</span> <span class='ocrx_word' id='word_1_776' title='bbox 278 3401 410 3437; x_wconf 84' lang='lat' dir='ltr'>parallelis</span> <span class='ocrx_word' id='word_1_777' title='bbox 420 3400 546 3436; x_wconf 88' lang='lat' dir='ltr'>loquitur.</span> 
     </span>
     <span class='ocr_line' id='line_1_88' title="bbox 186 3429 1124 3471; baseline -0.01 -4"><span class='ocrx_word' id='word_1_778' title='bbox 186 3437 349 3466; x_wconf 77' lang='lat' dir='ltr'>concretum</span> <span class='ocrx_word' id='word_1_779' title='bbox 363 3440 388 3466; x_wconf 85' lang='lat'>&amp;</span> <span class='ocrx_word' id='word_1_780' title='bbox 400 3437 555 3466; x_wconf 79' lang='lat' dir='ltr'>Resolutum</span> <span class='ocrx_word' id='word_1_781' title='bbox 568 3458 576 3471; x_wconf 93' lang='lat'>‚</span> <span class='ocrx_word' id='word_1_782' title='bbox 597 3433 740 3464; x_wconf 83' lang='lat' dir='ltr'>contraria.</span> <span class='ocrx_word' id='word_1_783' title='bbox 761 3432 858 3462; x_wconf 86' lang='lat' dir='ltr'>Claud.</span> <span class='ocrx_word' id='word_1_784' title='bbox 873 3432 907 3461; x_wconf 92' lang='lat' dir='ltr'>de</span> <span class='ocrx_word' id='word_1_785' title='bbox 919 3429 1050 3468; x_wconf 79' lang='lat' dir='ltr'>Crystallo</span> <span class='ocrx_word' id='word_1_786' title='bbox 1062 3438 1088 3465; x_wconf 91' lang='lat'>7.</span> <span class='ocrx_word' id='word_1_787' title='bbox 1098 3434 1124 3462; x_wconf 84' lang='lat'>8.</span> 
     </span>
    </p>

    <p class='ocr_par' dir='ltr' id='par_1_36' title="bbox 148 3466 1280 3618">
     <span class='ocr_line' id='line_1_89' title="bbox 148 3466 1280 3509; baseline -0.007 -6"><span class='ocrx_word' id='word_1_788' title='bbox 148 3475 170 3505; x_wconf 92' lang='lat' dir='ltr'>C</span> <span class='ocrx_word' id='word_1_789' title='bbox 179 3485 194 3503; x_wconf 93' lang='grc' dir='ltr'>ο</span> <span class='ocrx_word' id='word_1_790' title='bbox 204 3483 222 3502; x_wconf 89' lang='grc' dir='ltr'>Ν</span> <span class='ocrx_word' id='word_1_791' title='bbox 232 3484 271 3503; x_wconf 76' lang='lat' dir='ltr'>ca</span> <span class='ocrx_word' id='word_1_792' title='bbox 280 3477 294 3502; x_wconf 68' lang='lat' dir='ltr'>t</span> <span class='ocrx_word' id='word_1_793' title='bbox 304 3484 322 3502; x_wconf 76' lang='lat' dir='ltr'>&#39;r</span> <span class='ocrx_word' id='word_1_794' title='bbox 334 3484 350 3502; x_wconf 88' lang='lat' dir='ltr'>u</span> <span class='ocrx_word' id='word_1_795' title='bbox 360 3486 379 3503; x_wconf 75' lang='grc' dir='ltr'><strong><em>Μ</em></strong></span> <span class='ocrx_word' id='word_1_796' title='bbox 391 3495 398 3508; x_wconf 87' lang='lat'>‚</span> <span class='ocrx_word' id='word_1_797' title='bbox 419 3475 436 3503; x_wconf 93' lang='lat' dir='ltr'>i.</span> <span class='ocrx_word' id='word_1_798' title='bbox 459 3484 484 3503; x_wconf 91' lang='lat' dir='ltr'>n.</span> <span class='ocrx_word' id='word_1_799' title='bbox 499 3469 692 3509; x_wconf 63' lang='grc' dir='ltr'>[συμπιπηῃὲς]</span> <span class='ocrx_word' id='word_1_800' title='bbox 715 3471 902 3506; x_wconf 66' lang='lat' dir='ltr'>Coniunctum</span> <span class='ocrx_word' id='word_1_801' title='bbox 914 3470 939 3498; x_wconf 75' lang='lat' dir='ltr'>Se</span> <span class='ocrx_word' id='word_1_802' title='bbox 951 3467 1180 3505; x_wconf 85' lang='lat' dir='ltr'>conglutinatum.</span> <span class='ocrx_word' id='word_1_803' title='bbox 1193 3466 1280 3496; x_wconf 88' lang='lat' dir='ltr'>Cic.1.</span> 
     </span>
     <span class='ocr_line' id='line_1_90' title="bbox 186 3502 1206 3547; baseline -0.008 -7"><span class='ocrx_word' id='word_1_804' title='bbox 186 3513 222 3540; x_wconf 89' lang='lat' dir='ltr'>de</span> <span class='ocrx_word' id='word_1_805' title='bbox 233 3511 293 3540; x_wconf 76' lang='lat' dir='ltr'>Nat.</span> <span class='ocrx_word' id='word_1_806' title='bbox 308 3512 386 3540; x_wconf 87' lang='lat' dir='ltr'>Deor.</span> <span class='ocrx_word' id='word_1_807' title='bbox 397 3520 440 3546; x_wconf 85' lang='grc' dir='ltr'>7ς.</span> <span class='ocrx_word' id='word_1_808' title='bbox 462 3512 530 3547; x_wconf 84' lang='lat' dir='ltr'>Quae</span> <span class='ocrx_word' id='word_1_809' title='bbox 542 3510 579 3539; x_wconf 90' lang='lat' dir='ltr'>nil</span> <span class='ocrx_word' id='word_1_810' title='bbox 589 3509 710 3538; x_wconf 79' lang='lat' dir='ltr'>concreti</span> <span class='ocrx_word' id='word_1_811' title='bbox 722 3508 818 3537; x_wconf 84' lang='lat' dir='ltr'>habeat</span> <span class='ocrx_word' id='word_1_812' title='bbox 830 3530 838 3542; x_wconf 89' lang='lat'>‚</span> <span class='ocrx_word' id='word_1_813' title='bbox 857 3506 898 3536; x_wconf 90' lang='lat' dir='ltr'>nil</span> <span class='ocrx_word' id='word_1_814' title='bbox 907 3505 1005 3540; x_wconf 83' lang='lat' dir='ltr'>solidi,</span> <span class='ocrx_word' id='word_1_815' title='bbox 1027 3504 1067 3534; x_wconf 83' lang='lat' dir='ltr'>nil</span> <span class='ocrx_word' id='word_1_816' title='bbox 1081 3502 1206 3541; x_wconf 77' lang='lat' dir='ltr'>exprelsi.</span> 
     </span>
     <span class='ocr_line' id='line_1_91' title="bbox 185 3545 880 3592; baseline -0.006 -14"><span class='ocrx_word' id='word_1_817' title='bbox 185 3549 382 3592; x_wconf 31' lang='lat' dir='ltr'>C&#39;ontretuin&amp;</span> <span class='ocrx_word' id='word_1_818' title='bbox 393 3558 564 3585; x_wconf 79' lang='lat' dir='ltr'>corporeum.</span> <span class='ocrx_word' id='word_1_819' title='bbox 586 3548 642 3575; x_wconf 81' lang='lat' dir='ltr'>Cic,</span> <span class='ocrx_word' id='word_1_820' title='bbox 654 3547 688 3574; x_wconf 90' lang='lat' dir='ltr'>de</span> <span class='ocrx_word' id='word_1_821' title='bbox 701 3545 819 3575; x_wconf 87' lang='lat' dir='ltr'>Univers.</span> <span class='ocrx_word' id='word_1_822' title='bbox 835 3553 880 3581; x_wconf 79' lang='lat'>23.</span> 
     </span>
     <span class='ocr_line' id='line_1_92' title="bbox 185 3585 430 3618; baseline -0.012 -3"><span class='ocrx_word' id='word_1_823' title='bbox 185 3595 328 3618; x_wconf 62' lang='grc' dir='ltr'>σνγκοικμι.</span> <span class='ocrx_word' id='word_1_824' title='bbox 352 3585 383 3613; x_wconf 92' lang='grc' dir='ltr'>Η.</span> <span class='ocrx_word' id='word_1_825' title='bbox 394 3586 430 3613; x_wconf 85' lang='lat' dir='ltr'>St.</span> 
     </span>
    </p>

    <p class='ocr_par' dir='ltr' id='par_1_37' title="bbox 184 3619 800 3651">
     <span class='ocr_line' id='line_1_93' title="bbox 184 3619 800 3651; baseline -0.006 0"><span class='ocrx_word' id='word_1_826' title='bbox 184 3623 488 3651; x_wconf 64' lang='lat' dir='ltr'>Satumssoeoncretum.</span> <span class='ocrx_word' id='word_1_827' title='bbox 511 3621 568 3649; x_wconf 80' lang='lat' dir='ltr'>Cic,</span> <span class='ocrx_word' id='word_1_828' title='bbox 584 3619 697 3650; x_wconf 71' lang='lat' dir='ltr'>1.Tusc.</span> <span class='ocrx_word' id='word_1_829' title='bbox 707 3623 752 3648; x_wconf 88' lang='lat'>⁶0.</span> <span class='ocrx_word' id='word_1_830' title='bbox 795 3624 800 3630; x_wconf 87' lang='lat'><strong><em>&#39;</em></strong></span> 
     </span>
    </p>

    <p class='ocr_par' dir='ltr' id='par_1_38' title="bbox 184 3655 861 3693">
     <span class='ocr_line' id='line_1_94' title="bbox 184 3655 861 3693; baseline -0.006 -5"><span class='ocrx_word' id='word_1_831' title='bbox 184 3659 252 3688; x_wconf 79' lang='lat' dir='ltr'>Orta</span> <span class='ocrx_word' id='word_1_832' title='bbox 262 3680 270 3692; x_wconf 80' lang='grc'>.</span> <span class='ocrx_word' id='word_1_833' title='bbox 291 3666 414 3693; x_wconf 76' lang='lat' dir='ltr'>generata</span> <span class='ocrx_word' id='word_1_834' title='bbox 429 3680 437 3692; x_wconf 80' lang='lat'><em>‚</em></span> <span class='ocrx_word' id='word_1_835' title='bbox 457 3666 590 3687; x_wconf 75' lang='lat' dir='ltr'>concreta.</span> <span class='ocrx_word' id='word_1_836' title='bbox 613 3657 669 3686; x_wconf 71' lang='lat' dir='ltr'>Cic.</span> <span class='ocrx_word' id='word_1_837' title='bbox 684 3668 707 3691; x_wconf 82' lang='grc' dir='ltr'>ς.</span> <span class='ocrx_word' id='word_1_838' title='bbox 722 3655 801 3686; x_wconf 70' lang='grc' dir='ltr'>Τυίὶ.</span> <span class='ocrx_word' id='word_1_839' title='bbox 816 3659 861 3691; x_wconf 81' lang='lat'>69.</span> 
     </span>
    </p>

    <p class='ocr_par' dir='ltr' id='par_1_39' title="bbox 183 3689 1283 3770">
     <span class='ocr_line' id='line_1_95' title="bbox 183 3689 1283 3729; baseline -0.006 -3"><span class='ocrx_word' id='word_1_840' title='bbox 183 3695 262 3726; x_wconf 87' lang='lat' dir='ltr'>Nihil</span> <span class='ocrx_word' id='word_1_841' title='bbox 282 3696 319 3723; x_wconf 78' lang='lat' dir='ltr'>cst</span> <span class='ocrx_word' id='word_1_842' title='bbox 336 3696 430 3724; x_wconf 83' lang='lat' dir='ltr'>animis</span> <span class='ocrx_word' id='word_1_843' title='bbox 443 3696 584 3724; x_wconf 77' lang='lat' dir='ltr'>admistum</span> <span class='ocrx_word' id='word_1_844' title='bbox 595 3717 604 3729; x_wconf 73' lang='lat'>‚</span> <span class='ocrx_word' id='word_1_845' title='bbox 625 3694 695 3723; x_wconf 88' lang='lat' dir='ltr'>nihil</span> <span class='ocrx_word' id='word_1_846' title='bbox 711 3699 871 3722; x_wconf 83' lang='lat' dir='ltr'>concretum</span> <span class='ocrx_word' id='word_1_847' title='bbox 883 3714 891 3727; x_wconf 83' lang='lat'><strong>‚</strong></span> <span class='ocrx_word' id='word_1_848' title='bbox 911 3690 983 3721; x_wconf 86' lang='lat' dir='ltr'>nihil</span> <span class='ocrx_word' id='word_1_849' title='bbox 1006 3690 1168 3729; x_wconf 77' lang='lat' dir='ltr'>copulatum</span> <span class='ocrx_word' id='word_1_850' title='bbox 1182 3711 1190 3725; x_wconf 94' lang='lat'>,</span> <span class='ocrx_word' id='word_1_851' title='bbox 1211 3689 1283 3720; x_wconf 88' lang='lat' dir='ltr'>nihil</span> 
     </span>
     <span class='ocr_line' id='line_1_96' title="bbox 203 3731 913 3770; baseline -0.004 -8"><span class='ocrx_word' id='word_1_852' title='bbox 203 3739 422 3770; x_wconf 79' lang='lat' dir='ltr'>coagmentatum</span> <span class='ocrx_word' id='word_1_853' title='bbox 432 3753 439 3765; x_wconf 82' lang='grc'>.,</span> <span class='ocrx_word' id='word_1_854' title='bbox 460 3732 526 3760; x_wconf 87' lang='lat' dir='ltr'>nihil</span> <span class='ocrx_word' id='word_1_855' title='bbox 538 3731 648 3768; x_wconf 77' lang='lat' dir='ltr'>duplex.</span> <span class='ocrx_word' id='word_1_856' title='bbox 670 3732 727 3760; x_wconf 82' lang='lat' dir='ltr'>Cic.</span> <span class='ocrx_word' id='word_1_857' title='bbox 740 3742 761 3760; x_wconf 91' lang='lat' dir='ltr'>i.</span> <span class='ocrx_word' id='word_1_858' title='bbox 775 3732 853 3761; x_wconf 65' lang='lat' dir='ltr'>&#39;susa</span> <span class='ocrx_word' id='word_1_859' title='bbox 869 3738 913 3766; x_wconf 86' lang='lat'>71.</span> 
     </span>
    </p>

    <p class='ocr_par' dir='ltr' id='par_1_40' title="bbox 147 3769 777 3802">
     <span class='ocr_line' id='line_1_97' title="bbox 147 3769 777 3802; baseline -0.013 -2"><span class='ocrx_word' id='word_1_860' title='bbox 147 3773 389 3802; x_wconf 74' lang='lat' dir='ltr'>CoNciiiiscaN</span> <span class='ocrx_word' id='word_1_861' title='bbox 402 3779 464 3796; x_wconf 78' lang='lat' dir='ltr'>TlA</span> <span class='ocrx_word' id='word_1_862' title='bbox 478 3790 485 3802; x_wconf 87' lang='lat'>,</span> <span class='ocrx_word' id='word_1_863' title='bbox 506 3779 534 3796; x_wconf 79' lang='lat' dir='ltr'>ae.</span> <span class='ocrx_word' id='word_1_864' title='bbox 559 3770 576 3797; x_wconf 82' lang='lat' dir='ltr'>f.</span> <span class='ocrx_word' id='word_1_865' title='bbox 599 3769 700 3798; x_wconf 81' lang='lat' dir='ltr'>Vitruv.</span> <span class='ocrx_word' id='word_1_866' title='bbox 713 3775 737 3801; x_wconf 73' lang='lat' dir='ltr'>g,</span> <span class='ocrx_word' id='word_1_867' title='bbox 753 3777 777 3802; x_wconf 77' lang='lat'>3,</span> 
     </span>
    </p>

    <p class='ocr_par' dir='ltr' id='par_1_41' title="bbox 147 3800 1283 3915">
     <span class='ocr_line' id='line_1_98' title="bbox 147 3800 1282 3839; baseline -0.005 -3"><span class='ocrx_word' id='word_1_868' title='bbox 147 3808 168 3839; x_wconf 91' lang='lat' dir='ltr'>C</span> <span class='ocrx_word' id='word_1_869' title='bbox 179 3821 195 3838; x_wconf 78' lang='grc' dir='ltr'><em>ω</em></span> <span class='ocrx_word' id='word_1_870' title='bbox 206 3818 224 3836; x_wconf 98' lang='grc' dir='ltr'>Ν</span> <span class='ocrx_word' id='word_1_871' title='bbox 234 3818 250 3836; x_wconf 85' lang='lat' dir='ltr'>c</span> <span class='ocrx_word' id='word_1_872' title='bbox 261 3816 276 3834; x_wconf 78' lang='lat' dir='ltr'>R</span> <span class='ocrx_word' id='word_1_873' title='bbox 287 3817 299 3835; x_wconf 83' lang='lat' dir='ltr'>ii</span> <span class='ocrx_word' id='word_1_874' title='bbox 311 3816 344 3834; x_wconf 87' lang='lat' dir='ltr'>·i·i</span> <span class='ocrx_word' id='word_1_875' title='bbox 355 3816 371 3833; x_wconf 93' lang='lat' dir='ltr'>o</span> <span class='ocrx_word' id='word_1_876' title='bbox 383 3827 390 3836; x_wconf 76' lang='grc'>,</span> <span class='ocrx_word' id='word_1_877' title='bbox 412 3806 479 3833; x_wconf 76' lang='lat' dir='ltr'>onis.</span> <span class='ocrx_word' id='word_1_878' title='bbox 502 3806 517 3832; x_wconf 80' lang='lat' dir='ltr'>f.</span> <span class='ocrx_word' id='word_1_879' title='bbox 540 3803 700 3839; x_wconf 65' lang='grc' dir='ltr'>[σόκπτιξκ]</span> <span class='ocrx_word' id='word_1_880' title='bbox 718 3806 775 3834; x_wconf 78' lang='lat' dir='ltr'>Cic.</span> <span class='ocrx_word' id='word_1_881' title='bbox 796 3815 818 3833; x_wconf 91' lang='lat'>1.</span> <span class='ocrx_word' id='word_1_882' title='bbox 837 3805 872 3832; x_wconf 88' lang='lat' dir='ltr'>de</span> <span class='ocrx_word' id='word_1_883' title='bbox 888 3803 950 3833; x_wconf 84' lang='lat' dir='ltr'>Nat.</span> <span class='ocrx_word' id='word_1_884' title='bbox 961 3802 1042 3832; x_wconf 84' lang='lat' dir='ltr'>Deor.</span> <span class='ocrx_word' id='word_1_885' title='bbox 1056 3811 1099 3837; x_wconf 87' lang='lat'>71.</span> <span class='ocrx_word' id='word_1_886' title='bbox 1120 3801 1199 3832; x_wconf 84' lang='lat' dir='ltr'>Idem</span> <span class='ocrx_word' id='word_1_887' title='bbox 1216 3800 1282 3832; x_wconf 86' lang='lat' dir='ltr'>facit</span> 
     </span>
     <span class='ocr_line' id='line_1_99' title="bbox 183 3840 1222 3883; baseline -0.007 -9"><span class='ocrx_word' id='word_1_888' title='bbox 183 3847 210 3874; x_wconf 92' lang='lat' dir='ltr'>in</span> <span class='ocrx_word' id='word_1_889' title='bbox 220 3851 313 3873; x_wconf 79' lang='lat' dir='ltr'>natura</span> <span class='ocrx_word' id='word_1_890' title='bbox 326 3844 438 3883; x_wconf 82' lang='lat' dir='ltr'>deorum</span> <span class='ocrx_word' id='word_1_891' title='bbox 452 3864 458 3873; x_wconf 81' lang='lat'>.</span> <span class='ocrx_word' id='word_1_892' title='bbox 479 3842 543 3869; x_wconf 85' lang='lat' dir='ltr'>dum</span> <span class='ocrx_word' id='word_1_893' title='bbox 552 3843 754 3870; x_wconf 76' lang='lat' dir='ltr'>individuorum</span> <span class='ocrx_word' id='word_1_894' title='bbox 767 3851 912 3878; x_wconf 86' lang='lat' dir='ltr'>corporum</span> <span class='ocrx_word' id='word_1_895' title='bbox 922 3841 1131 3869; x_wconf 84' lang='lat' dir='ltr'>concretionem</span> <span class='ocrx_word' id='word_1_896' title='bbox 1145 3840 1222 3876; x_wconf 87' lang='lat' dir='ltr'>fugit.</span> 
     </span>
     <span class='ocr_line' id='line_1_100' title="bbox 182 3877 1283 3915; baseline -0.005 -5"><span class='ocrx_word' id='word_1_897' title='bbox 182 3881 307 3913; x_wconf 83' lang='lat' dir='ltr'>Mortalis</span> <span class='ocrx_word' id='word_1_898' title='bbox 318 3888 467 3909; x_wconf 76' lang='lat' dir='ltr'>concretio.</span> <span class='ocrx_word' id='word_1_899' title='bbox 506 3878 560 3906; x_wconf 67' lang='lat' dir='ltr'>Cic,</span> <span class='ocrx_word' id='word_1_900' title='bbox 579 3879 689 3906; x_wconf 72' lang='lat' dir='ltr'>i.&#39;l&#39;usc.</span> <span class='ocrx_word' id='word_1_901' title='bbox 703 3882 745 3907; x_wconf 81' lang='lat'>66.</span> <span class='ocrx_word' id='word_1_902' title='bbox 769 3880 846 3907; x_wconf 76' lang='lat' dir='ltr'>Mens</span> <span class='ocrx_word' id='word_1_903' title='bbox 867 3878 1003 3915; x_wconf 75' lang='lat' dir='ltr'>segregata</span> <span class='ocrx_word' id='word_1_904' title='bbox 1018 3877 1051 3906; x_wconf 82' lang='lat' dir='ltr'>ab</span> <span class='ocrx_word' id='word_1_905' title='bbox 1069 3878 1148 3906; x_wconf 81' lang='lat' dir='ltr'>omni</span> <span class='ocrx_word' id='word_1_906' title='bbox 1169 3883 1283 3906; x_wconf 82' lang='lat' dir='ltr'>concre-</span> 
     </span>
    </p>

    <p class='ocr_par' dir='ltr' id='par_1_42' title="bbox 199 3915 899 3953">
     <span class='ocr_line' id='line_1_101' title="bbox 199 3915 899 3953; baseline -0.007 -5"><span class='ocrx_word' id='word_1_907' title='bbox 199 3921 274 3949; x_wconf 84' lang='lat' dir='ltr'>tione</span> <span class='ocrx_word' id='word_1_908' title='bbox 283 3918 400 3947; x_wconf 62' lang='lat' dir='ltr'>mortali.</span> <span class='ocrx_word' id='word_1_909' title='bbox 429 3917 456 3945; x_wconf 79' lang='lat' dir='ltr'>h.</span> <span class='ocrx_word' id='word_1_910' title='bbox 472 3923 495 3944; x_wconf 90' lang='lat' dir='ltr'>e.</span> <span class='ocrx_word' id='word_1_911' title='bbox 517 3915 612 3944; x_wconf 70' lang='lat' dir='ltr'>Anima</span> <span class='ocrx_word' id='word_1_912' title='bbox 621 3915 741 3952; x_wconf 57' lang='lat' dir='ltr'>sejuncta</span> <span class='ocrx_word' id='word_1_913' title='bbox 751 3924 766 3944; x_wconf 83' lang='lat' dir='ltr'>a</span> <span class='ocrx_word' id='word_1_914' title='bbox 777 3923 899 3953; x_wconf 81' lang='lat' dir='ltr'>corpore.</span> 
     </span>
    </p>
   </div>
   <div class='ocr_carea' id='block_1_9' title="bbox 1804 99 2098 136">
    <p class='ocr_par' dir='ltr' id='par_1_43' title="bbox 1804 99 2098 136">
     <span class='ocr_line' id='line_1_102' title="bbox 1804 99 2098 136; baseline -0.007 0"><span class='ocrx_word' id='word_1_915' title='bbox 1804 100 1835 136; x_wconf 87' lang='lat' dir='ltr'>C</span> <span class='ocrx_word' id='word_1_916' title='bbox 1930 101 1965 136; x_wconf 94' lang='lat' dir='ltr'>O</span> <span class='ocrx_word' id='word_1_917' title='bbox 2063 99 2098 134; x_wconf 88' lang='lat' dir='ltr'>N</span> 
     </span>
    </p>
   </div>
   <div class='ocr_carea' id='block_1_10' title="bbox 1333 180 2492 1275">
    <p class='ocr_par' dir='ltr' id='par_1_44' title="bbox 1333 180 2492 1275">
     <span class='ocr_line' id='line_1_103' title="bbox 1368 180 2492 220; baseline -0.007 -2"><span class='ocrx_word' id='word_1_918' title='bbox 1368 187 1452 218; x_wconf 82' lang='lat' dir='ltr'>Prava</span> <span class='ocrx_word' id='word_1_919' title='bbox 1463 183 1614 216; x_wconf 81' lang='lat' dir='ltr'>concretio.</span> <span class='ocrx_word' id='word_1_920' title='bbox 1654 181 1764 212; x_wconf 85' lang='lat' dir='ltr'>Firmic.</span> <span class='ocrx_word' id='word_1_921' title='bbox 1776 180 1825 211; x_wconf 91' lang='lat' dir='ltr'>lib.</span> <span class='ocrx_word' id='word_1_922' title='bbox 1843 191 1866 211; x_wconf 82' lang='lat' dir='ltr'>r.</span> <span class='ocrx_word' id='word_1_923' title='bbox 1878 191 1938 220; x_wconf 87' lang='lat' dir='ltr'>cap.</span> <span class='ocrx_word' id='word_1_924' title='bbox 1950 190 1974 218; x_wconf 92' lang='lat'>3.</span> <span class='ocrx_word' id='word_1_925' title='bbox 1998 181 2141 219; x_wconf 82' lang='lat' dir='ltr'>Quicquid</span> <span class='ocrx_word' id='word_1_926' title='bbox 2155 180 2215 210; x_wconf 81' lang='lat' dir='ltr'>vitii</span> <span class='ocrx_word' id='word_1_927' title='bbox 2227 189 2262 210; x_wconf 85' lang='lat' dir='ltr'>ex</span> <span class='ocrx_word' id='word_1_928' title='bbox 2277 186 2362 219; x_wconf 76' lang='lat' dir='ltr'>prava</span> <span class='ocrx_word' id='word_1_929' title='bbox 2376 185 2492 210; x_wconf 77' lang='lat' dir='ltr'>concre-</span> 
     </span>
     <span class='ocr_line' id='line_1_104' title="bbox 1391 218 1778 264; baseline -0.016 -10"><span class='ocrx_word' id='word_1_930' title='bbox 1391 227 1467 254; x_wconf 88' lang='lat' dir='ltr'>tione</span> <span class='ocrx_word' id='word_1_931' title='bbox 1477 231 1577 260; x_wconf 86' lang='lat' dir='ltr'>corpus</span> <span class='ocrx_word' id='word_1_932' title='bbox 1587 218 1730 249; x_wconf 84' lang='lat' dir='ltr'>habuerat.</span> <span class='ocrx_word' id='word_1_933' title='bbox 1773 250 1778 264; x_wconf 40' lang='lat'>2</span> 
     </span>
     <span class='ocr_line' id='line_1_105' title="bbox 1333 253 2490 293; baseline -0.008 0"><span class='ocrx_word' id='word_1_934' title='bbox 1333 264 1356 293; x_wconf 82' lang='lat' dir='ltr'><strong>C</strong></span> <span class='ocrx_word' id='word_1_935' title='bbox 1366 273 1382 292; x_wconf 89' lang='lat' dir='ltr'>o</span> <span class='ocrx_word' id='word_1_936' title='bbox 1392 273 1412 292; x_wconf 86' lang='lat' dir='ltr'>N</span> <span class='ocrx_word' id='word_1_937' title='bbox 1421 272 1438 291; x_wconf 86' lang='lat' dir='ltr'>e</span> <span class='ocrx_word' id='word_1_938' title='bbox 1447 272 1462 290; x_wconf 68' lang='lat' dir='ltr'>iz</span> <span class='ocrx_word' id='word_1_939' title='bbox 1473 271 1488 290; x_wconf 75' lang='lat' dir='ltr'>s</span> <span class='ocrx_word' id='word_1_940' title='bbox 1498 270 1517 288; x_wconf 56' lang='lat' dir='ltr'>&gt;r</span> <span class='ocrx_word' id='word_1_941' title='bbox 1528 269 1545 288; x_wconf 84' lang='lat' dir='ltr'>u</span> <span class='ocrx_word' id='word_1_942' title='bbox 1555 268 1567 287; x_wconf 89' lang='lat' dir='ltr'>s</span> <span class='ocrx_word' id='word_1_943' title='bbox 1578 280 1586 291; x_wconf 80' lang='lat'>.</span> <span class='ocrx_word' id='word_1_944' title='bbox 1607 258 1647 286; x_wconf 74' lang='lat' dir='ltr'>iis</span> <span class='ocrx_word' id='word_1_945' title='bbox 1670 266 1706 286; x_wconf 90' lang='lat' dir='ltr'>m.</span> <span class='ocrx_word' id='word_1_946' title='bbox 1729 254 1871 292; x_wconf 72' lang='grc' dir='ltr'><strong><em>[συπηξις]</em></strong></span> <span class='ocrx_word' id='word_1_947' title='bbox 1891 255 1971 285; x_wconf 87' lang='lat' dir='ltr'>Idem</span> <span class='ocrx_word' id='word_1_948' title='bbox 1987 256 2064 292; x_wconf 91' lang='lat' dir='ltr'>quod</span> <span class='ocrx_word' id='word_1_949' title='bbox 2087 255 2248 285; x_wconf 88' lang='lat' dir='ltr'>Concretio.</span> <span class='ocrx_word' id='word_1_950' title='bbox 2288 254 2358 283; x_wconf 89' lang='lat' dir='ltr'>Plin.</span> <span class='ocrx_word' id='word_1_951' title='bbox 2377 253 2424 283; x_wconf 87' lang='lat' dir='ltr'>lib.</span> <span class='ocrx_word' id='word_1_952' title='bbox 2445 262 2490 284; x_wconf 81' lang='lat'>12.</span> 
     </span>
     <span class='ocr_line' id='line_1_106' title="bbox 1373 291 2491 338; baseline -0.006 -10"><span class='ocrx_word' id='word_1_953' title='bbox 1373 311 1433 338; x_wconf 87' lang='lat' dir='ltr'>cap.</span> <span class='ocrx_word' id='word_1_954' title='bbox 1450 302 1490 327; x_wconf 90' lang='lat'>16.</span> <span class='ocrx_word' id='word_1_955' title='bbox 1514 297 1546 327; x_wconf 91' lang='lat' dir='ltr'>In</span> <span class='ocrx_word' id='word_1_956' title='bbox 1562 295 1677 333; x_wconf 89' lang='lat' dir='ltr'>plenum</span> <span class='ocrx_word' id='word_1_957' title='bbox 1687 300 1779 323; x_wconf 79' lang='lat' dir='ltr'>aetem</span> <span class='ocrx_word' id='word_1_958' title='bbox 1791 292 1919 332; x_wconf 85' lang='lat' dir='ltr'>probatio</span> <span class='ocrx_word' id='word_1_959' title='bbox 1928 293 1965 323; x_wconf 86' lang='lat' dir='ltr'>est</span> <span class='ocrx_word' id='word_1_960' title='bbox 1972 294 2088 324; x_wconf 88' lang='lat' dir='ltr'>minutis</span> <span class='ocrx_word' id='word_1_961' title='bbox 2102 293 2189 331; x_wconf 81' lang='lat' dir='ltr'>glebis</span> <span class='ocrx_word' id='word_1_962' title='bbox 2199 314 2209 330; x_wconf 82' lang='lat'><strong>,</strong></span> <span class='ocrx_word' id='word_1_963' title='bbox 2232 301 2285 323; x_wconf 91' lang='lat' dir='ltr'>nec</span> <span class='ocrx_word' id='word_1_964' title='bbox 2295 291 2422 323; x_wconf 85' lang='lat' dir='ltr'>rotundis</span> <span class='ocrx_word' id='word_1_965' title='bbox 2431 312 2442 328; x_wconf 90' lang='lat'>‚</span> <span class='ocrx_word' id='word_1_966' title='bbox 2460 291 2491 321; x_wconf 81' lang='lat' dir='ltr'>in</span> 
     </span>
     <span class='ocr_line' id='line_1_107' title="bbox 1375 331 1760 367; baseline -0.018 0"><span class='ocrx_word' id='word_1_967' title='bbox 1375 342 1509 367; x_wconf 90' lang='lat' dir='ltr'>concretu</span> <span class='ocrx_word' id='word_1_968' title='bbox 1520 333 1666 364; x_wconf 87' lang='lat' dir='ltr'>albicantis</span> <span class='ocrx_word' id='word_1_969' title='bbox 1677 331 1760 361; x_wconf 91' lang='lat' dir='ltr'>succi.</span> 
     </span>
     <span class='ocr_line' id='line_1_108' title="bbox 1336 367 1877 406; baseline -0.015 -1"><span class='ocrx_word' id='word_1_970' title='bbox 1336 376 1663 405; x_wconf 72' lang='lat' dir='ltr'>CoNcusMsNTum</span> <span class='ocrx_word' id='word_1_971' title='bbox 1677 391 1685 404; x_wconf 90' lang='lat'><strong>‚</strong></span> <span class='ocrx_word' id='word_1_972' title='bbox 1706 370 1724 398; x_wconf 88' lang='lat' dir='ltr'>i.</span> <span class='ocrx_word' id='word_1_973' title='bbox 1746 379 1774 398; x_wconf 90' lang='lat' dir='ltr'>n.</span> <span class='ocrx_word' id='word_1_974' title='bbox 1797 367 1877 406; x_wconf 83' lang='lat' dir='ltr'>Apul.</span> 
     </span>
     <span class='ocr_line' id='line_1_109' title="bbox 1336 406 1902 442; baseline -0.016 1"><span class='ocrx_word' id='word_1_975' title='bbox 1336 413 1624 442; x_wconf 69' lang='lat' dir='ltr'>CONCRETTVUS,</span> <span class='ocrx_word' id='word_1_976' title='bbox 1646 417 1679 441; x_wconf 79' lang='lat' dir='ltr'>a,</span> <span class='ocrx_word' id='word_1_977' title='bbox 1700 417 1758 436; x_wconf 89' lang='lat' dir='ltr'>um.</span> <span class='ocrx_word' id='word_1_978' title='bbox 1789 406 1902 435; x_wconf 87' lang='lat' dir='ltr'>Firmic.</span> 
     </span>
     <span class='ocr_line' id='line_1_110' title="bbox 1336 440 2490 485; baseline -0.01 -4"><span class='ocrx_word' id='word_1_979' title='bbox 1336 451 1358 481; x_wconf 95' lang='lat' dir='ltr'>C</span> <span class='ocrx_word' id='word_1_980' title='bbox 1369 461 1385 480; x_wconf 91' lang='lat' dir='ltr'>o</span> <span class='ocrx_word' id='word_1_981' title='bbox 1394 460 1414 480; x_wconf 89' lang='lat' dir='ltr'>N</span> <span class='ocrx_word' id='word_1_982' title='bbox 1423 460 1441 479; x_wconf 85' lang='lat' dir='ltr'>c</span> <span class='ocrx_word' id='word_1_983' title='bbox 1449 459 1465 478; x_wconf 77' lang='lat' dir='ltr'>R</span> <span class='ocrx_word' id='word_1_984' title='bbox 1472 452 1485 477; x_wconf 88' lang='grc' dir='ltr'>ῑ</span> <span class='ocrx_word' id='word_1_985' title='bbox 1493 449 1534 476; x_wconf 70' lang='lat' dir='ltr'>mi</span> <span class='ocrx_word' id='word_1_986' title='bbox 1545 456 1564 474; x_wconf 94' lang='lat' dir='ltr'>N</span> <span class='ocrx_word' id='word_1_987' title='bbox 1572 456 1588 474; x_wconf 89' lang='lat' dir='ltr'>o</span> <span class='ocrx_word' id='word_1_988' title='bbox 1600 455 1615 473; x_wconf 82' lang='lat' dir='ltr'>R</span> <span class='ocrx_word' id='word_1_989' title='bbox 1626 466 1633 480; x_wconf 79' lang='grc'><em>,</em></span> <span class='ocrx_word' id='word_1_990' title='bbox 1650 444 1818 481; x_wconf 52' lang='lat' dir='ltr'>[alstemo]</span> <span class='ocrx_word' id='word_1_991' title='bbox 1830 443 1877 485; x_wconf 63' lang='lat' dir='ltr'>ari.</span> <span class='ocrx_word' id='word_1_992' title='bbox 1888 442 1967 472; x_wconf 80' lang='lat' dir='ltr'>Idem</span> <span class='ocrx_word' id='word_1_993' title='bbox 1977 443 2053 480; x_wconf 89' lang='lat' dir='ltr'>quod</span> <span class='ocrx_word' id='word_1_994' title='bbox 2065 440 2490 478; x_wconf 70' lang='lat' dir='ltr'>Criminari.Plaut.Mil.2.2.87.</span> 
     </span>
     <span class='ocr_line' id='line_1_111' title="bbox 1467 481 2167 514; baseline -0.006 0"><span class='ocrx_word' id='word_1_995' title='bbox 1467 486 1503 514; x_wconf 91' lang='lat' dir='ltr'>Ut</span> <span class='ocrx_word' id='word_1_996' title='bbox 1513 485 1530 512; x_wconf 89' lang='lat' dir='ltr'>si</span> <span class='ocrx_word' id='word_1_997' title='bbox 1541 484 1599 512; x_wconf 90' lang='lat' dir='ltr'>illic</span> <span class='ocrx_word' id='word_1_998' title='bbox 1610 483 1829 512; x_wconf 87' lang='lat' dir='ltr'>concriminatus</span> <span class='ocrx_word' id='word_1_999' title='bbox 1845 482 1895 510; x_wconf 74' lang='lat' dir='ltr'>{iet</span> <span class='ocrx_word' id='word_1_1000' title='bbox 1909 481 2036 511; x_wconf 80' lang='lat' dir='ltr'>adversus</span> <span class='ocrx_word' id='word_1_1001' title='bbox 2047 481 2167 511; x_wconf 90' lang='lat' dir='ltr'>militem</span> 
     </span>
     <span class='ocr_line' id='line_1_112' title="bbox 1466 520 1711 552; baseline -0.016 0"><span class='ocrx_word' id='word_1_1002' title='bbox 1466 523 1547 552; x_wconf 82' lang='lat' dir='ltr'>Meus</span> <span class='ocrx_word' id='word_1_1003' title='bbox 1558 520 1711 550; x_wconf 84' lang='lat' dir='ltr'>conservus.</span> 
     </span>
     <span class='ocr_line' id='line_1_113' title="bbox 1336 555 2099 597; baseline -0.01 -5"><span class='ocrx_word' id='word_1_1004' title='bbox 1336 563 1660 593; x_wconf 79' lang='lat' dir='ltr'>CONCR1M1NAT10</span> <span class='ocrx_word' id='word_1_1005' title='bbox 1672 557 1773 597; x_wconf 28' lang='lat' dir='ltr'>[onis.</span> <span class='ocrx_word' id='word_1_1006' title='bbox 1795 557 1815 586; x_wconf 91' lang='lat' dir='ltr'>f.</span> <span class='ocrx_word' id='word_1_1007' title='bbox 1836 556 1899 586; x_wconf 86' lang='lat' dir='ltr'>Vox</span> <span class='ocrx_word' id='word_1_1008' title='bbox 1918 555 1979 590; x_wconf 88' lang='lat' dir='ltr'>JCt.</span> <span class='ocrx_word' id='word_1_1009' title='bbox 1994 555 2024 584; x_wconf 91' lang='lat' dir='ltr'>in</span> <span class='ocrx_word' id='word_1_1010' title='bbox 2037 556 2099 592; x_wconf 87' lang='lat' dir='ltr'>Dig.</span> 
     </span>
     <span class='ocr_line' id='line_1_114' title="bbox 1336 592 2284 631; baseline -0.009 0"><span class='ocrx_word' id='word_1_1011' title='bbox 1336 602 1358 631; x_wconf 91' lang='lat' dir='ltr'>C</span> <span class='ocrx_word' id='word_1_1012' title='bbox 1369 611 1385 630; x_wconf 93' lang='lat'><em>0</em></span> <span class='ocrx_word' id='word_1_1013' title='bbox 1397 610 1417 629; x_wconf 89' lang='lat' dir='ltr'>N</span> <span class='ocrx_word' id='word_1_1014' title='bbox 1426 607 1466 628; x_wconf 71' lang='lat' dir='ltr'>cn</span> <span class='ocrx_word' id='word_1_1015' title='bbox 1475 609 1485 627; x_wconf 88' lang='lat'>1</span> <span class='ocrx_word' id='word_1_1016' title='bbox 1495 608 1506 627; x_wconf 79' lang='lat' dir='ltr'>s</span> <span class='ocrx_word' id='word_1_1017' title='bbox 1516 607 1529 626; x_wconf 80' lang='lat' dir='ltr'>P</span> <span class='ocrx_word' id='word_1_1018' title='bbox 1537 606 1554 625; x_wconf 93' lang='lat' dir='ltr'>o</span> <span class='ocrx_word' id='word_1_1019' title='bbox 1567 618 1574 631; x_wconf 88' lang='lat'><strong>‚</strong></span> <span class='ocrx_word' id='word_1_1020' title='bbox 1594 599 1649 624; x_wconf 61' lang='lat' dir='ltr'>are.</span> <span class='ocrx_word' id='word_1_1021' title='bbox 1672 595 1778 624; x_wconf 80' lang='lat' dir='ltr'>Vitruv.</span> <span class='ocrx_word' id='word_1_1022' title='bbox 1792 600 1819 628; x_wconf 90' lang='lat'>8.</span> <span class='ocrx_word' id='word_1_1023' title='bbox 1835 604 1860 624; x_wconf 84' lang='lat'>1.</span> <span class='ocrx_word' id='word_1_1024' title='bbox 1882 593 2021 622; x_wconf 88' lang='lat' dir='ltr'>Humores</span> <span class='ocrx_word' id='word_1_1025' title='bbox 2031 593 2058 622; x_wconf 92' lang='lat' dir='ltr'>se</span> <span class='ocrx_word' id='word_1_1026' title='bbox 2068 592 2284 631; x_wconf 84' lang='lat' dir='ltr'>concrispantes.</span> 
     </span>
     <span class='ocr_line' id='line_1_115' title="bbox 1335 627 2491 703; baseline -0.01 -34"><span class='ocrx_word' id='word_1_1027' title='bbox 1335 639 1357 669; x_wconf 94' lang='lat' dir='ltr'>C</span> <span class='ocrx_word' id='word_1_1028' title='bbox 1365 649 1382 667; x_wconf 94' lang='grc' dir='ltr'>ο</span> <span class='ocrx_word' id='word_1_1029' title='bbox 1392 647 1413 667; x_wconf 92' lang='grc' dir='ltr'>Ν</span> <span class='ocrx_word' id='word_1_1030' title='bbox 1421 648 1438 667; x_wconf 87' lang='lat' dir='ltr'>c</span> <span class='ocrx_word' id='word_1_1031' title='bbox 1448 638 1488 703; x_wconf 52' lang='lat' dir='ltr'>3³th</span> <span class='ocrx_word' id='word_1_1032' title='bbox 1500 645 1517 664; x_wconf 86' lang='lat' dir='ltr'>c</span> <span class='ocrx_word' id='word_1_1033' title='bbox 1525 645 1558 663; x_wconf 90' lang='lat' dir='ltr'>io</span> <span class='ocrx_word' id='word_1_1034' title='bbox 1569 644 1584 662; x_wconf 67' lang='lat' dir='ltr'>a</span> <span class='ocrx_word' id='word_1_1035' title='bbox 1593 655 1602 668; x_wconf 77' lang='lat'>‚</span> <span class='ocrx_word' id='word_1_1036' title='bbox 1622 633 1814 670; x_wconf 69' lang='grc' dir='ltr'>[πμωςέομιια]</span> <span class='ocrx_word' id='word_1_1037' title='bbox 1833 631 1883 662; x_wconf 73' lang='lat' dir='ltr'>ari.</span> <span class='ocrx_word' id='word_1_1038' title='bbox 1912 638 1944 660; x_wconf 88' lang='lat' dir='ltr'>ut</span> <span class='ocrx_word' id='word_1_1039' title='bbox 1952 653 1960 667; x_wconf 91' lang='lat'>,</span> <span class='ocrx_word' id='word_1_1040' title='bbox 1991 630 2171 661; x_wconf 86' lang='lat' dir='ltr'>Concruciari</span> <span class='ocrx_word' id='word_1_1041' title='bbox 2193 631 2271 661; x_wconf 91' lang='lat' dir='ltr'>omni</span> <span class='ocrx_word' id='word_1_1042' title='bbox 2292 636 2417 668; x_wconf 80' lang='lat' dir='ltr'>corpore.</span> <span class='ocrx_word' id='word_1_1043' title='bbox 2439 627 2491 659; x_wconf 84' lang='lat' dir='ltr'>Lu·</span> 
     </span>
     <span class='ocr_line' id='line_1_116' title="bbox 1372 681 1611 708; baseline -0.029 -2"><span class='ocrx_word' id='word_1_1044' title='bbox 1372 682 1438 705; x_wconf 91' lang='lat' dir='ltr'>cret.</span> <span class='ocrx_word' id='word_1_1045' title='bbox 1460 684 1467 702; x_wconf 97' lang='lat' dir='ltr'>i</span> <span class='ocrx_word' id='word_1_1046' title='bbox 1490 696 1495 702; x_wconf 88' lang='lat'>.</span> <span class='ocrx_word' id='word_1_1047' title='bbox 1510 682 1533 708; x_wconf 88' lang='lat'>3.</span> <span class='ocrx_word' id='word_1_1048' title='bbox 1550 681 1611 707; x_wconf 78' lang='lat'>¹49-</span> 
     </span>
     <span class='ocr_line' id='line_1_117' title="bbox 1464 705 2212 747; baseline -0.007 -7"><span class='ocrx_word' id='word_1_1049' title='bbox 1464 712 1497 742; x_wconf 91' lang='lat' dir='ltr'>Et</span> <span class='ocrx_word' id='word_1_1050' title='bbox 1508 710 1579 747; x_wconf 85' lang='lat' dir='ltr'>quasi</span> <span class='ocrx_word' id='word_1_1051' title='bbox 1592 717 1678 745; x_wconf 87' lang='lat' dir='ltr'>quum</span> <span class='ocrx_word' id='word_1_1052' title='bbox 1688 713 1786 745; x_wconf 80' lang='lat' dir='ltr'>caput,</span> <span class='ocrx_word' id='word_1_1053' title='bbox 1808 713 1856 737; x_wconf 87' lang='lat' dir='ltr'>aut</span> <span class='ocrx_word' id='word_1_1054' title='bbox 1866 706 1964 736; x_wconf 87' lang='lat' dir='ltr'>oculus</span> <span class='ocrx_word' id='word_1_1055' title='bbox 1974 711 2100 735; x_wconf 87' lang='lat' dir='ltr'>tentante</span> <span class='ocrx_word' id='word_1_1056' title='bbox 2113 705 2212 736; x_wconf 83' lang='lat' dir='ltr'>dolore</span> 
     </span>
     <span class='ocr_line' id='line_1_118' title="bbox 1464 745 2133 778; baseline -0.009 0"><span class='ocrx_word' id='word_1_1057' title='bbox 1464 748 1585 778; x_wconf 81' lang='lat' dir='ltr'>Laeditur</span> <span class='ocrx_word' id='word_1_1058' title='bbox 1595 747 1626 775; x_wconf 87' lang='lat' dir='ltr'>in</span> <span class='ocrx_word' id='word_1_1059' title='bbox 1636 745 1732 774; x_wconf 85' lang='lat' dir='ltr'>nobis:</span> <span class='ocrx_word' id='word_1_1060' title='bbox 1755 755 1814 775; x_wconf 91' lang='lat' dir='ltr'>non</span> <span class='ocrx_word' id='word_1_1061' title='bbox 1826 746 1904 774; x_wconf 89' lang='lat' dir='ltr'>omni</span> <span class='ocrx_word' id='word_1_1062' title='bbox 1919 745 2133 774; x_wconf 88' lang='lat' dir='ltr'>concruciamur</span> 
     </span>
     <span class='ocr_line' id='line_1_119' title="bbox 1464 780 2365 823; baseline -0.007 -8"><span class='ocrx_word' id='word_1_1063' title='bbox 1464 787 1596 823; x_wconf 87' lang='lat' dir='ltr'>Corpore.</span> <span class='ocrx_word' id='word_1_1064' title='bbox 1678 783 1697 813; x_wconf 84' lang='lat' dir='ltr'>i.</span> <span class='ocrx_word' id='word_1_1065' title='bbox 1708 793 1732 812; x_wconf 91' lang='lat' dir='ltr'>e.</span> <span class='ocrx_word' id='word_1_1066' title='bbox 1755 783 1821 814; x_wconf 85' lang='lat' dir='ltr'>Non</span> <span class='ocrx_word' id='word_1_1067' title='bbox 1830 782 1961 812; x_wconf 86' lang='lat' dir='ltr'>omnibus</span> <span class='ocrx_word' id='word_1_1068' title='bbox 1971 781 2052 810; x_wconf 83' lang='lat' dir='ltr'>simul</span> <span class='ocrx_word' id='word_1_1069' title='bbox 2065 781 2214 819; x_wconf 87' lang='lat' dir='ltr'>affligimur</span> <span class='ocrx_word' id='word_1_1070' title='bbox 2223 780 2365 810; x_wconf 86' lang='lat' dir='ltr'>membris.</span> 
     </span>
     <span class='ocr_line' id='line_1_120' title="bbox 1335 819 2299 858; baseline -0.009 -1"><span class='ocrx_word' id='word_1_1071' title='bbox 1335 827 1356 857; x_wconf 88' lang='lat' dir='ltr'>C</span> <span class='ocrx_word' id='word_1_1072' title='bbox 1366 837 1382 856; x_wconf 94' lang='lat' dir='ltr'>o</span> <span class='ocrx_word' id='word_1_1073' title='bbox 1393 832 1414 856; x_wconf 87' lang='lat' dir='ltr'>N</span> <span class='ocrx_word' id='word_1_1074' title='bbox 1424 835 1442 854; x_wconf 86' lang='lat' dir='ltr'>c</span> <span class='ocrx_word' id='word_1_1075' title='bbox 1451 834 1468 854; x_wconf 71' lang='lat' dir='ltr'>a</span> <span class='ocrx_word' id='word_1_1076' title='bbox 1478 834 1495 854; x_wconf 87' lang='lat' dir='ltr'>u</span> <span class='ocrx_word' id='word_1_1077' title='bbox 1506 833 1519 853; x_wconf 86' lang='lat' dir='ltr'>s</span> <span class='ocrx_word' id='word_1_1078' title='bbox 1529 832 1548 852; x_wconf 77' lang='grc' dir='ltr'><strong>τ</strong></span> <span class='ocrx_word' id='word_1_1079' title='bbox 1557 831 1574 852; x_wconf 93' lang='grc' dir='ltr'>ο</span> <span class='ocrx_word' id='word_1_1080' title='bbox 1583 844 1591 858; x_wconf 83' lang='grc'><em>,</em></span> <span class='ocrx_word' id='word_1_1081' title='bbox 1611 824 1667 851; x_wconf 69' lang='lat' dir='ltr'>are.</span> <span class='ocrx_word' id='word_1_1082' title='bbox 1689 821 1826 851; x_wconf 67' lang='lat' dir='ltr'>ammian.</span> <span class='ocrx_word' id='word_1_1083' title='bbox 1838 830 1880 857; x_wconf 85' lang='lat'>17.</span> <span class='ocrx_word' id='word_1_1084' title='bbox 1893 830 1918 855; x_wconf 96' lang='lat'>7.</span> <span class='ocrx_word' id='word_1_1085' title='bbox 1941 819 2101 849; x_wconf 88' lang='lat' dir='ltr'>Soliditates</span> <span class='ocrx_word' id='word_1_1086' title='bbox 2111 819 2299 849; x_wconf 84' lang='lat' dir='ltr'>concrustatae.</span> 
     </span>
     <span class='ocr_line' id='line_1_121' title="bbox 1335 852 2490 897; baseline -0.009 -3"><span class='ocrx_word' id='word_1_1087' title='bbox 1335 865 1357 894; x_wconf 93' lang='lat' dir='ltr'>C</span> <span class='ocrx_word' id='word_1_1088' title='bbox 1369 875 1384 893; x_wconf 93' lang='lat' dir='ltr'>o</span> <span class='ocrx_word' id='word_1_1089' title='bbox 1394 873 1413 892; x_wconf 88' lang='grc' dir='ltr'>Ν</span> <span class='ocrx_word' id='word_1_1090' title='bbox 1423 873 1439 892; x_wconf 89' lang='lat' dir='ltr'>c</span> <span class='ocrx_word' id='word_1_1091' title='bbox 1448 872 1467 891; x_wconf 86' lang='lat' dir='ltr'>u</span> <span class='ocrx_word' id='word_1_1092' title='bbox 1476 872 1492 891; x_wconf 71' lang='grc' dir='ltr'>Β</span> <span class='ocrx_word' id='word_1_1093' title='bbox 1501 872 1510 890; x_wconf 88' lang='lat'>1</span> <span class='ocrx_word' id='word_1_1094' title='bbox 1520 871 1534 891; x_wconf 78' lang='lat' dir='ltr'>is</span> <span class='ocrx_word' id='word_1_1095' title='bbox 1543 870 1581 890; x_wconf 83' lang='lat' dir='ltr'>Ns</span> <span class='ocrx_word' id='word_1_1096' title='bbox 1589 870 1603 889; x_wconf 70' lang='grc' dir='ltr'>Β</span> <span class='ocrx_word' id='word_1_1097' title='bbox 1611 869 1623 889; x_wconf 89' lang='lat' dir='ltr'>s</span> <span class='ocrx_word' id='word_1_1098' title='bbox 1638 881 1647 894; x_wconf 89' lang='lat'>,</span> <span class='ocrx_word' id='word_1_1099' title='bbox 1669 858 1766 897; x_wconf 87' lang='lat' dir='ltr'>Populi</span> <span class='ocrx_word' id='word_1_1100' title='bbox 1778 859 1840 888; x_wconf 89' lang='lat' dir='ltr'>sunt</span> <span class='ocrx_word' id='word_1_1101' title='bbox 1855 860 1884 888; x_wconf 93' lang='lat' dir='ltr'>in</span> <span class='ocrx_word' id='word_1_1102' title='bbox 1897 857 2011 887; x_wconf 91' lang='lat' dir='ltr'>Umbria</span> <span class='ocrx_word' id='word_1_1103' title='bbox 2021 879 2029 893; x_wconf 87' lang='lat'>‚</span> <span class='ocrx_word' id='word_1_1104' title='bbox 2051 857 2125 886; x_wconf 84' lang='lat' dir='ltr'>sexta</span> <span class='ocrx_word' id='word_1_1105' title='bbox 2142 857 2227 887; x_wconf 87' lang='lat' dir='ltr'>Italiae</span> <span class='ocrx_word' id='word_1_1106' title='bbox 2247 856 2379 893; x_wconf 70' lang='lat' dir='ltr'>regione.</span> <span class='ocrx_word' id='word_1_1107' title='bbox 2400 858 2431 884; x_wconf 85' lang='lat' dir='ltr'>ut</span> <span class='ocrx_word' id='word_1_1108' title='bbox 2451 852 2490 884; x_wconf 77' lang='lat' dir='ltr'>esi</span> 
     </span>
     <span class='ocr_line' id='line_1_122' title="bbox 1371 892 2411 939; baseline -0.009 -9"><span class='ocrx_word' id='word_1_1109' title='bbox 1371 901 1444 939; x_wconf 84' lang='lat' dir='ltr'>apud</span> <span class='ocrx_word' id='word_1_1110' title='bbox 1455 899 1523 929; x_wconf 82' lang='lat' dir='ltr'>Plin.</span> <span class='ocrx_word' id='word_1_1111' title='bbox 1535 897 1583 927; x_wconf 93' lang='lat' dir='ltr'>lib.</span> <span class='ocrx_word' id='word_1_1112' title='bbox 1596 906 1620 934; x_wconf 87' lang='lat'>3.</span> <span class='ocrx_word' id='word_1_1113' title='bbox 1633 906 1694 934; x_wconf 87' lang='lat' dir='ltr'>cap.</span> <span class='ocrx_word' id='word_1_1114' title='bbox 1708 907 1750 932; x_wconf 76' lang='lat'>14·</span> <span class='ocrx_word' id='word_1_1115' title='bbox 1771 895 1990 933; x_wconf 83' lang='lat' dir='ltr'>Forojulienses,</span> <span class='ocrx_word' id='word_1_1116' title='bbox 2009 896 2181 932; x_wconf 86' lang='lat' dir='ltr'>cognomine</span> <span class='ocrx_word' id='word_1_1117' title='bbox 2195 892 2411 924; x_wconf 89' lang='lat' dir='ltr'>Concubienses.</span> 
     </span>
     <span class='ocr_line' id='line_1_123' title="bbox 1334 929 2490 972; baseline -0.009 -2"><span class='ocrx_word' id='word_1_1118' title='bbox 1334 940 1357 970; x_wconf 93' lang='lat' dir='ltr'>C</span> <span class='ocrx_word' id='word_1_1119' title='bbox 1368 949 1384 969; x_wconf 91' lang='lat' dir='ltr'>o</span> <span class='ocrx_word' id='word_1_1120' title='bbox 1395 940 1535 972; x_wconf 65' lang='lat' dir='ltr'>Nesseo,</span> <span class='ocrx_word' id='word_1_1121' title='bbox 1556 945 1610 966; x_wconf 83' lang='lat' dir='ltr'>are.</span> <span class='ocrx_word' id='word_1_1122' title='bbox 1635 936 1662 965; x_wconf 66' lang='grc' dir='ltr'>ἃ</span> <span class='ocrx_word' id='word_1_1123' title='bbox 1683 934 1896 964; x_wconf 76' lang='lat' dir='ltr'>CeNcuMiso</span> <span class='ocrx_word' id='word_1_1124' title='bbox 1908 956 1916 970; x_wconf 85' lang='lat'>‚</span> <span class='ocrx_word' id='word_1_1125' title='bbox 1937 933 2043 969; x_wconf 86' lang='lat' dir='ltr'>cubui,</span> <span class='ocrx_word' id='word_1_1126' title='bbox 2065 933 2210 968; x_wconf 73' lang='lat' dir='ltr'>cubitum,</span> <span class='ocrx_word' id='word_1_1127' title='bbox 2239 930 2399 968; x_wconf 69' lang='grc' dir='ltr'>[συνώνάω]</span> <span class='ocrx_word' id='word_1_1128' title='bbox 2434 929 2490 960; x_wconf 78' lang='lat' dir='ltr'>e‘re.</span> 
     </span>
     <span class='ocr_line' id='line_1_124' title="bbox 1371 972 2013 1009; baseline -0.011 -2"><span class='ocrx_word' id='word_1_1129' title='bbox 1371 975 1461 1008; x_wconf 76' lang='lat' dir='ltr'>Simul</span> <span class='ocrx_word' id='word_1_1130' title='bbox 1473 975 1575 1005; x_wconf 89' lang='lat' dir='ltr'>cubare</span> <span class='ocrx_word' id='word_1_1131' title='bbox 1585 995 1593 1009; x_wconf 89' lang='lat'>‚</span> <span class='ocrx_word' id='word_1_1132' title='bbox 1616 972 1705 1002; x_wconf 86' lang='lat' dir='ltr'>Coire.</span> <span class='ocrx_word' id='word_1_1133' title='bbox 1730 973 1791 1002; x_wconf 88' lang='lat' dir='ltr'>Ter.</span> <span class='ocrx_word' id='word_1_1134' title='bbox 1805 973 1874 1002; x_wconf 87' lang='lat' dir='ltr'>Hec.</span> <span class='ocrx_word' id='word_1_1135' title='bbox 1891 981 1915 1008; x_wconf 90' lang='lat'>3.</span> <span class='ocrx_word' id='word_1_1136' title='bbox 1931 980 1955 1007; x_wconf 89' lang='lat'>3.</span> <span class='ocrx_word' id='word_1_1137' title='bbox 1969 980 2013 1007; x_wconf 79' lang='lat'>33.</span> 
     </span>
     <span class='ocr_line' id='line_1_125' title="bbox 1463 1006 2337 1048; baseline -0.007 -6"><span class='ocrx_word' id='word_1_1138' title='bbox 1463 1013 1536 1042; x_wconf 90' lang='lat' dir='ltr'>Nam</span> <span class='ocrx_word' id='word_1_1139' title='bbox 1546 1013 1624 1041; x_wconf 89' lang='lat' dir='ltr'>aiunt</span> <span class='ocrx_word' id='word_1_1140' title='bbox 1636 1017 1731 1039; x_wconf 86' lang='lat' dir='ltr'>tecum</span> <span class='ocrx_word' id='word_1_1141' title='bbox 1741 1011 1801 1048; x_wconf 88' lang='lat' dir='ltr'>post</span> <span class='ocrx_word' id='word_1_1142' title='bbox 1811 1011 1921 1040; x_wconf 91' lang='lat' dir='ltr'>duobus</span> <span class='ocrx_word' id='word_1_1143' title='bbox 1930 1007 2111 1039; x_wconf 78' lang='lat' dir='ltr'>concubuisse</span> <span class='ocrx_word' id='word_1_1144' title='bbox 2120 1017 2182 1037; x_wconf 86' lang='lat' dir='ltr'>eam</span> <span class='ocrx_word' id='word_1_1145' title='bbox 2190 1006 2337 1037; x_wconf 79' lang='lat' dir='ltr'>menlibus.</span> 
     </span>
     <span class='ocr_line' id='line_1_126' title="bbox 1371 1045 2492 1083; baseline -0.009 -1"><span class='ocrx_word' id='word_1_1146' title='bbox 1371 1051 1566 1083; x_wconf 90' lang='lat' dir='ltr'>Concumbere</span> <span class='ocrx_word' id='word_1_1147' title='bbox 1576 1058 1642 1078; x_wconf 84' lang='lat' dir='ltr'>cum</span> <span class='ocrx_word' id='word_1_1148' title='bbox 1655 1056 1752 1077; x_wconf 85' lang='lat' dir='ltr'>uxore.</span> <span class='ocrx_word' id='word_1_1149' title='bbox 1795 1047 1854 1078; x_wconf 90' lang='lat' dir='ltr'>Cic.</span> <span class='ocrx_word' id='word_1_1150' title='bbox 1867 1048 1902 1077; x_wconf 93' lang='lat' dir='ltr'>de</span> <span class='ocrx_word' id='word_1_1151' title='bbox 1909 1046 1992 1083; x_wconf 86' lang='lat' dir='ltr'>Fato,</span> <span class='ocrx_word' id='word_1_1152' title='bbox 2005 1056 2048 1082; x_wconf 62' lang='grc' dir='ltr'>ιο.</span> <span class='ocrx_word' id='word_1_1153' title='bbox 2070 1046 2144 1082; x_wconf 85' lang='lat' dir='ltr'>Quia</span> <span class='ocrx_word' id='word_1_1154' title='bbox 2157 1046 2196 1075; x_wconf 87' lang='lat' dir='ltr'>ita</span> <span class='ocrx_word' id='word_1_1155' title='bbox 2209 1045 2298 1076; x_wconf 85' lang='lat' dir='ltr'>fatum</span> <span class='ocrx_word' id='word_1_1156' title='bbox 2309 1045 2341 1075; x_wconf 90' lang='lat' dir='ltr'>sit</span> <span class='ocrx_word' id='word_1_1157' title='bbox 2352 1045 2380 1075; x_wconf 68' lang='grc' dir='ltr'>δι</span> <span class='ocrx_word' id='word_1_1158' title='bbox 2390 1049 2492 1074; x_wconf 66' lang='lat' dir='ltr'>Concu·</span> 
     </span>
     <span class='ocr_line' id='line_1_127' title="bbox 1390 1085 2224 1122; baseline -0.006 -3"><span class='ocrx_word' id='word_1_1159' title='bbox 1390 1090 1515 1119; x_wconf 90' lang='lat' dir='ltr'>biturum</span> <span class='ocrx_word' id='word_1_1160' title='bbox 1526 1097 1590 1117; x_wconf 85' lang='lat' dir='ltr'>cum</span> <span class='ocrx_word' id='word_1_1161' title='bbox 1605 1095 1693 1116; x_wconf 75' lang='lat' dir='ltr'>uxore</span> <span class='ocrx_word' id='word_1_1162' title='bbox 1705 1085 1810 1116; x_wconf 84' lang='lat' dir='ltr'>Laium.</span> <span class='ocrx_word' id='word_1_1163' title='bbox 1831 1086 1915 1115; x_wconf 92' lang='lat' dir='ltr'>Ovid.</span> <span class='ocrx_word' id='word_1_1164' title='bbox 1929 1094 1953 1122; x_wconf 88' lang='lat'>3.</span> <span class='ocrx_word' id='word_1_1165' title='bbox 1966 1086 2001 1114; x_wconf 89' lang='lat' dir='ltr'>de</span> <span class='ocrx_word' id='word_1_1166' title='bbox 2011 1085 2074 1113; x_wconf 80' lang='lat' dir='ltr'>Arte</span> <span class='ocrx_word' id='word_1_1167' title='bbox 2085 1086 2146 1113; x_wconf 85' lang='lat' dir='ltr'>Am.</span> <span class='ocrx_word' id='word_1_1168' title='bbox 2161 1092 2224 1120; x_wconf 77' lang='lat'>522.</span> 
     </span>
     <span class='ocr_line' id='line_1_128' title="bbox 1463 1123 2191 1161; baseline -0.007 -5"><span class='ocrx_word' id='word_1_1169' title='bbox 1463 1126 1584 1156; x_wconf 88' lang='lat' dir='ltr'>Credere</span> <span class='ocrx_word' id='word_1_1170' title='bbox 1595 1125 1642 1155; x_wconf 82' lang='lat' dir='ltr'>vix</span> <span class='ocrx_word' id='word_1_1171' title='bbox 1651 1123 1759 1161; x_wconf 74' lang='lat' dir='ltr'>possum</span> <span class='ocrx_word' id='word_1_1172' title='bbox 1771 1146 1779 1160; x_wconf 91' lang='lat'>‚</span> <span class='ocrx_word' id='word_1_1173' title='bbox 1800 1123 1850 1153; x_wconf 86' lang='lat' dir='ltr'>nisi</span> <span class='ocrx_word' id='word_1_1174' title='bbox 1861 1130 1942 1161; x_wconf 91' lang='lat' dir='ltr'>cogat</span> <span class='ocrx_word' id='word_1_1175' title='bbox 1952 1123 2066 1152; x_wconf 89' lang='lat' dir='ltr'>credere</span> <span class='ocrx_word' id='word_1_1176' title='bbox 2076 1128 2171 1160; x_wconf 84' lang='lat' dir='ltr'>partus</span> <span class='ocrx_word' id='word_1_1177' title='bbox 2180 1143 2191 1158; x_wconf 92' lang='lat'>‚</span> 
     </span>
     <span class='ocr_line' id='line_1_129' title="bbox 1506 1160 2085 1200; baseline -0.007 -7"><span class='ocrx_word' id='word_1_1178' title='bbox 1506 1163 1561 1193; x_wconf 90' lang='lat' dir='ltr'>Vos</span> <span class='ocrx_word' id='word_1_1179' title='bbox 1576 1172 1627 1200; x_wconf 86' lang='lat' dir='ltr'>ego</span> <span class='ocrx_word' id='word_1_1180' title='bbox 1641 1171 1705 1191; x_wconf 89' lang='lat' dir='ltr'>cum</span> <span class='ocrx_word' id='word_1_1181' title='bbox 1716 1161 1808 1192; x_wconf 87' lang='lat' dir='ltr'>vestris</span> <span class='ocrx_word' id='word_1_1182' title='bbox 1819 1160 1999 1192; x_wconf 72' lang='lat' dir='ltr'>concubuisse</span> <span class='ocrx_word' id='word_1_1183' title='bbox 2010 1161 2085 1190; x_wconf 91' lang='lat' dir='ltr'>viris.</span> 
     </span>
     <span class='ocr_line' id='line_1_130' title="bbox 1372 1198 2161 1235; baseline -0.008 -2"><span class='ocrx_word' id='word_1_1184' title='bbox 1372 1201 1567 1234; x_wconf 78' lang='lat' dir='ltr'>concumbere</span> <span class='ocrx_word' id='word_1_1185' title='bbox 1577 1222 1585 1235; x_wconf 89' lang='lat'>‚</span> <span class='ocrx_word' id='word_1_1186' title='bbox 1607 1200 1700 1229; x_wconf 89' lang='lat' dir='ltr'>dativo</span> <span class='ocrx_word' id='word_1_1187' title='bbox 1710 1200 1847 1235; x_wconf 64' lang='lat' dir='ltr'>junctum.</span> <span class='ocrx_word' id='word_1_1188' title='bbox 1869 1199 1964 1229; x_wconf 88' lang='lat' dir='ltr'>Tibul.</span> <span class='ocrx_word' id='word_1_1189' title='bbox 1975 1198 2023 1228; x_wconf 88' lang='lat' dir='ltr'>lib.</span> <span class='ocrx_word' id='word_1_1190' title='bbox 2038 1208 2060 1227; x_wconf 89' lang='lat'>1.</span> <span class='ocrx_word' id='word_1_1191' title='bbox 2075 1202 2101 1231; x_wconf 91' lang='lat'>8.</span> <span class='ocrx_word' id='word_1_1192' title='bbox 2115 1205 2161 1234; x_wconf 78' lang='lat'>35.</span> 
     </span>
     <span class='ocr_line' id='line_1_131' title="bbox 1463 1231 2472 1275; baseline -0.007 -7"><span class='ocrx_word' id='word_1_1193' title='bbox 1463 1241 1497 1269; x_wconf 84' lang='lat' dir='ltr'>At</span> <span class='ocrx_word' id='word_1_1194' title='bbox 1510 1240 1601 1269; x_wconf 89' lang='lat' dir='ltr'>Venus</span> <span class='ocrx_word' id='word_1_1195' title='bbox 1612 1238 1721 1267; x_wconf 87' lang='lat' dir='ltr'>invenit</span> <span class='ocrx_word' id='word_1_1196' title='bbox 1734 1247 1821 1275; x_wconf 88' lang='lat' dir='ltr'>puero</span> <span class='ocrx_word' id='word_1_1197' title='bbox 1832 1237 2019 1267; x_wconf 85' lang='lat' dir='ltr'>concumbere</span> <span class='ocrx_word' id='word_1_1198' title='bbox 2030 1235 2135 1265; x_wconf 85' lang='lat' dir='ltr'>furtim.</span> <span class='ocrx_word' id='word_1_1199' title='bbox 2217 1232 2253 1264; x_wconf 89' lang='lat' dir='ltr'>al.</span> <span class='ocrx_word' id='word_1_1200' title='bbox 2273 1231 2472 1264; x_wconf 81' lang='lat' dir='ltr'>Succumbere.</span> 
     </span>
    </p>
   </div>
   <div class='ocr_carea' id='block_1_11' title="bbox 1289 1271 2493 1321">
    <p class='ocr_par' dir='ltr' id='par_1_45' title="bbox 1289 1271 2493 1321">
     <span class='ocr_line' id='line_1_132' title="bbox 1289 1271 2493 1321; baseline -0.009 -11"><span class='ocrx_word' id='word_1_1201' title='bbox 1289 1318 1294 1321; x_wconf 50' lang='lat'>.</span> <span class='ocrx_word' id='word_1_1202' title='bbox 1334 1279 1575 1310; x_wconf 64' lang='lat' dir='ltr'>Cononem-10</span> <span class='ocrx_word' id='word_1_1203' title='bbox 1588 1298 1596 1312; x_wconf 90' lang='lat'>‚</span> <span class='ocrx_word' id='word_1_1204' title='bbox 1616 1276 1687 1305; x_wconf 72' lang='lat' dir='ltr'>onis.</span> <span class='ocrx_word' id='word_1_1205' title='bbox 1708 1275 1727 1304; x_wconf 88' lang='lat' dir='ltr'>f.</span> <span class='ocrx_word' id='word_1_1206' title='bbox 1750 1276 1852 1314; x_wconf 88' lang='lat' dir='ltr'>Hygin.</span> <span class='ocrx_word' id='word_1_1207' title='bbox 1865 1275 1970 1305; x_wconf 75' lang='lat' dir='ltr'>Astron.</span> <span class='ocrx_word' id='word_1_1208' title='bbox 1983 1274 2010 1305; x_wconf 88' lang='lat' dir='ltr'>P.</span> <span class='ocrx_word' id='word_1_1209' title='bbox 2025 1283 2051 1304; x_wconf 85' lang='lat'>2.</span> <span class='ocrx_word' id='word_1_1210' title='bbox 2071 1283 2115 1304; x_wconf 82' lang='lat'>12.</span> <span class='ocrx_word' id='word_1_1211' title='bbox 2137 1272 2225 1310; x_wconf 83' lang='lat' dir='ltr'>Quod</span> <span class='ocrx_word' id='word_1_1212' title='bbox 2245 1271 2372 1302; x_wconf 78' lang='lat' dir='ltr'>inusitato</span> <span class='ocrx_word' id='word_1_1213' title='bbox 2391 1278 2493 1308; x_wconf 86' lang='lat' dir='ltr'>genere</span> 
     </span>
    </p>
   </div>
   <div class='ocr_carea' id='block_1_12' title="bbox 1334 1313 2495 3880">
    <p class='ocr_par' dir='ltr' id='par_1_46' title="bbox 1372 1313 1755 1346">
     <span class='ocr_line' id='line_1_133' title="bbox 1372 1313 1755 1346; baseline -0.013 0"><span class='ocrx_word' id='word_1_1214' title='bbox 1372 1315 1578 1346; x_wconf 83' lang='lat' dir='ltr'>concubitionis</span> <span class='ocrx_word' id='word_1_1215' title='bbox 1589 1313 1658 1344; x_wconf 78' lang='lat' dir='ltr'>esset</span> <span class='ocrx_word' id='word_1_1216' title='bbox 1666 1319 1755 1343; x_wconf 79' lang='lat' dir='ltr'>natus.</span> 
     </span>
    </p>

    <p class='ocr_par' dir='ltr' id='par_1_47' title="bbox 1334 1345 2494 1464">
     <span class='ocr_line' id='line_1_134' title="bbox 1334 1345 2490 1387; baseline -0.008 -3"><span class='ocrx_word' id='word_1_1217' title='bbox 1334 1356 1356 1387; x_wconf 91' lang='lat' dir='ltr'>C</span> <span class='ocrx_word' id='word_1_1218' title='bbox 1367 1365 1383 1384; x_wconf 95' lang='lat' dir='ltr'>o</span> <span class='ocrx_word' id='word_1_1219' title='bbox 1396 1364 1415 1383; x_wconf 93' lang='lat' dir='ltr'>N</span> <span class='ocrx_word' id='word_1_1220' title='bbox 1423 1364 1442 1383; x_wconf 83' lang='lat' dir='ltr'>c</span> <span class='ocrx_word' id='word_1_1221' title='bbox 1452 1363 1471 1382; x_wconf 83' lang='lat' dir='ltr'>u</span> <span class='ocrx_word' id='word_1_1222' title='bbox 1479 1354 1541 1382; x_wconf 62' lang='grc' dir='ltr'>εἴτ</span> <span class='ocrx_word' id='word_1_1223' title='bbox 1549 1363 1567 1382; x_wconf 82' lang='grc' dir='ltr'>υ</span> <span class='ocrx_word' id='word_1_1224' title='bbox 1577 1362 1589 1381; x_wconf 91' lang='lat' dir='ltr'>s</span> <span class='ocrx_word' id='word_1_1225' title='bbox 1601 1374 1610 1387; x_wconf 75' lang='lat'>,</span> <span class='ocrx_word' id='word_1_1226' title='bbox 1631 1353 1670 1382; x_wconf 76' lang='lat' dir='ltr'>us.</span> <span class='ocrx_word' id='word_1_1227' title='bbox 1693 1360 1730 1380; x_wconf 92' lang='lat' dir='ltr'>m.</span> <span class='ocrx_word' id='word_1_1228' title='bbox 1752 1349 1875 1387; x_wconf 51' lang='lat' dir='ltr'>[amaa</span> <span class='ocrx_word' id='word_1_1229' title='bbox 1884 1373 1894 1387; x_wconf 89' lang='lat'>,</span> <span class='ocrx_word' id='word_1_1230' title='bbox 1916 1349 2006 1386; x_wconf 71' lang='grc' dir='ltr'>μίξις]</span> <span class='ocrx_word' id='word_1_1231' title='bbox 2026 1348 2132 1379; x_wconf 87' lang='lat' dir='ltr'>Coitus.</span> <span class='ocrx_word' id='word_1_1232' title='bbox 2174 1346 2246 1378; x_wconf 88' lang='lat' dir='ltr'>Plin.</span> <span class='ocrx_word' id='word_1_1233' title='bbox 2259 1345 2309 1376; x_wconf 89' lang='lat' dir='ltr'>lib.</span> <span class='ocrx_word' id='word_1_1234' title='bbox 2323 1356 2365 1376; x_wconf 76' lang='grc' dir='ltr'>ιο.</span> <span class='ocrx_word' id='word_1_1235' title='bbox 2377 1347 2490 1383; x_wconf 80' lang='lat' dir='ltr'>cap-63.</span> 
     </span>
     <span class='ocr_line' id='line_1_135' title="bbox 1371 1383 2494 1435; baseline -0.007 -14"><span class='ocrx_word' id='word_1_1236' title='bbox 1371 1391 1475 1435; x_wconf 77' lang='lat' dir='ltr'>Ceteris</span> <span class='ocrx_word' id='word_1_1237' title='bbox 1488 1390 1654 1420; x_wconf 84' lang='lat' dir='ltr'>animalibus</span> <span class='ocrx_word' id='word_1_1238' title='bbox 1664 1389 1723 1418; x_wconf 84' lang='lat' dir='ltr'>stati</span> <span class='ocrx_word' id='word_1_1239' title='bbox 1733 1398 1782 1426; x_wconf 87' lang='lat' dir='ltr'>per</span> <span class='ocrx_word' id='word_1_1240' title='bbox 1789 1395 1918 1428; x_wconf 82' lang='lat' dir='ltr'>tempora</span> <span class='ocrx_word' id='word_1_1241' title='bbox 1937 1389 2004 1419; x_wconf 91' lang='lat' dir='ltr'>anni</span> <span class='ocrx_word' id='word_1_1242' title='bbox 2022 1387 2209 1423; x_wconf 86' lang='lat' dir='ltr'>concubitus,</span> <span class='ocrx_word' id='word_1_1243' title='bbox 2231 1385 2341 1415; x_wconf 87' lang='lat' dir='ltr'>homini</span> <span class='ocrx_word' id='word_1_1244' title='bbox 2362 1383 2494 1414; x_wconf 74' lang='lat' dir='ltr'>omnibu·</span> 
     </span>
     <span class='ocr_line' id='line_1_136' title="bbox 1370 1428 1763 1464; baseline -0.008 -5"><span class='ocrx_word' id='word_1_1245' title='bbox 1370 1431 1445 1460; x_wconf 86' lang='lat' dir='ltr'>horis</span> <span class='ocrx_word' id='word_1_1246' title='bbox 1455 1430 1562 1458; x_wconf 90' lang='lat' dir='ltr'>dierum</span> <span class='ocrx_word' id='word_1_1247' title='bbox 1573 1428 1763 1464; x_wconf 68' lang='lat' dir='ltr'>noctiumque.</span> 
     </span>
    </p>

    <p class='ocr_par' dir='ltr' id='par_1_48' title="bbox 1369 1465 2492 2073">
     <span class='ocr_line' id='line_1_137' title="bbox 1369 1465 1904 1504; baseline -0.006 -7"><span class='ocrx_word' id='word_1_1248' title='bbox 1369 1466 1676 1498; x_wconf 84' lang='lat' dir='ltr'>Nefandiconcubitus.</span> <span class='ocrx_word' id='word_1_1249' title='bbox 1695 1465 1759 1495; x_wconf 87' lang='lat' dir='ltr'>Sen.</span> <span class='ocrx_word' id='word_1_1250' title='bbox 1770 1465 1863 1504; x_wconf 84' lang='lat' dir='ltr'>Agam.</span> <span class='ocrx_word' id='word_1_1251' title='bbox 1879 1475 1904 1494; x_wconf 83' lang='lat'>1.</span> 
     </span>
     <span class='ocr_line' id='line_1_138' title="bbox 1369 1501 2055 1540; baseline -0.006 -5"><span class='ocrx_word' id='word_1_1252' title='bbox 1369 1506 1445 1536; x_wconf 88' lang='lat' dir='ltr'>Novi</span> <span class='ocrx_word' id='word_1_1253' title='bbox 1455 1527 1464 1540; x_wconf 74' lang='grc'><em>,</em></span> <span class='ocrx_word' id='word_1_1254' title='bbox 1487 1504 1624 1534; x_wconf 79' lang='lat' dir='ltr'>Hori-endi</span> <span class='ocrx_word' id='word_1_1255' title='bbox 1636 1504 1662 1533; x_wconf 73' lang='grc' dir='ltr'>δι</span> <span class='ocrx_word' id='word_1_1256' title='bbox 1673 1502 1803 1534; x_wconf 79' lang='lat' dir='ltr'>inusitati.</span> <span class='ocrx_word' id='word_1_1257' title='bbox 1825 1503 1888 1533; x_wconf 87' lang='lat' dir='ltr'>Seri.</span> <span class='ocrx_word' id='word_1_1258' title='bbox 1901 1501 2018 1540; x_wconf 87' lang='lat' dir='ltr'>Hippol.</span> <span class='ocrx_word' id='word_1_1259' title='bbox 2027 1509 2055 1531; x_wconf 64' lang='grc' dir='ltr'>α.</span> 
     </span>
     <span class='ocr_line' id='line_1_139' title="bbox 1369 1537 2311 1580; baseline -0.006 -8"><span class='ocrx_word' id='word_1_1260' title='bbox 1369 1540 1459 1580; x_wconf 85' lang='lat' dir='ltr'>Vagus</span> <span class='ocrx_word' id='word_1_1261' title='bbox 1470 1542 1643 1573; x_wconf 84' lang='lat' dir='ltr'>concubitus.</span> <span class='ocrx_word' id='word_1_1262' title='bbox 1665 1541 1692 1570; x_wconf 84' lang='lat' dir='ltr'>h.</span> <span class='ocrx_word' id='word_1_1263' title='bbox 1706 1551 1729 1571; x_wconf 92' lang='lat' dir='ltr'>e.</span> <span class='ocrx_word' id='word_1_1264' title='bbox 1752 1540 1938 1571; x_wconf 78' lang='lat' dir='ltr'>meretricius.</span> <span class='ocrx_word' id='word_1_1265' title='bbox 1960 1540 2029 1571; x_wconf 89' lang='lat' dir='ltr'>Hor.</span> <span class='ocrx_word' id='word_1_1266' title='bbox 2040 1539 2072 1569; x_wconf 87' lang='lat' dir='ltr'>in</span> <span class='ocrx_word' id='word_1_1267' title='bbox 2084 1538 2146 1569; x_wconf 80' lang='lat' dir='ltr'>Arte</span> <span class='ocrx_word' id='word_1_1268' title='bbox 2156 1537 2235 1568; x_wconf 80' lang='lat' dir='ltr'>Poet.</span> <span class='ocrx_word' id='word_1_1269' title='bbox 2247 1540 2311 1574; x_wconf 83' lang='lat'>398.</span> 
     </span>
     <span class='ocr_line' id='line_1_140' title="bbox 1370 1578 1818 1616; baseline -0.002 -6"><span class='ocrx_word' id='word_1_1270' title='bbox 1370 1581 1486 1610; x_wconf 83' lang='lat' dir='ltr'>Vetitus.</span> <span class='ocrx_word' id='word_1_1271' title='bbox 1509 1580 1593 1610; x_wconf 93' lang='lat' dir='ltr'>Ovid.</span> <span class='ocrx_word' id='word_1_1272' title='bbox 1608 1589 1651 1609; x_wconf 88' lang='lat'>10.</span> <span class='ocrx_word' id='word_1_1273' title='bbox 1669 1578 1739 1609; x_wconf 85' lang='lat' dir='ltr'>Met.</span> <span class='ocrx_word' id='word_1_1274' title='bbox 1753 1587 1818 1616; x_wconf 79' lang='lat'>353.</span> 
     </span>
     <span class='ocr_line' id='line_1_141' title="bbox 1370 1610 2489 1686; baseline -0.006 -38"><span class='ocrx_word' id='word_1_1275' title='bbox 1370 1618 1543 1686; x_wconf 46' lang='lat' dir='ltr'>Cssnlcsuliigus</span> <span class='ocrx_word' id='word_1_1276' title='bbox 1558 1627 1649 1655; x_wconf 87' lang='lat' dir='ltr'>neque</span> <span class='ocrx_word' id='word_1_1277' title='bbox 1662 1617 1745 1647; x_wconf 81' lang='lat' dir='ltr'>nimis</span> <span class='ocrx_word' id='word_1_1278' title='bbox 1759 1615 2002 1655; x_wconf 85' lang='lat' dir='ltr'>concupiscendus</span> <span class='ocrx_word' id='word_1_1279' title='bbox 2011 1636 2020 1653; x_wconf 87' lang='lat'><em>‚</em></span> <span class='ocrx_word' id='word_1_1280' title='bbox 2039 1623 2132 1653; x_wconf 87' lang='lat' dir='ltr'>neque</span> <span class='ocrx_word' id='word_1_1281' title='bbox 2143 1612 2229 1643; x_wconf 85' lang='lat' dir='ltr'>nimis</span> <span class='ocrx_word' id='word_1_1282' title='bbox 2241 1610 2489 1651; x_wconf 70' lang='lat' dir='ltr'>pertimescendus.</span> 
     </span>
     <span class='ocr_line' id='line_1_142' title="bbox 1414 1665 1676 1687; baseline -0.011 0"><span class='ocrx_word' id='word_1_1283' title='bbox 1414 1667 1428 1687; x_wconf 93' lang='lat' dir='ltr'>e</span> <span class='ocrx_word' id='word_1_1284' title='bbox 1453 1679 1459 1686; x_wconf 91' lang='lat'>.</span> <span class='ocrx_word' id='word_1_1285' title='bbox 1488 1666 1496 1686; x_wconf 93' lang='lat' dir='ltr'>i</span> <span class='ocrx_word' id='word_1_1286' title='bbox 1519 1679 1525 1686; x_wconf 90' lang='lat'>.</span> <span class='ocrx_word' id='word_1_1287' title='bbox 1542 1667 1565 1686; x_wconf 89' lang='lat'>1.</span> <span class='ocrx_word' id='word_1_1288' title='bbox 1577 1665 1609 1685; x_wconf 91' lang='lat' dir='ltr'>ca</span> <span class='ocrx_word' id='word_1_1289' title='bbox 1631 1676 1638 1685; x_wconf 85' lang='lat'>.</span> <span class='ocrx_word' id='word_1_1290' title='bbox 1653 1665 1676 1684; x_wconf 90' lang='lat'>1.</span> 
     </span>
     <span class='ocr_line' id='line_1_143' title="bbox 1369 1666 1988 1732; baseline -0.005 -7"><span class='ocrx_word' id='word_1_1291' title='bbox 1369 1694 1475 1732; x_wconf 71' lang='lat' dir='ltr'>fugere</span> <span class='ocrx_word' id='word_1_1292' title='bbox 1491 1666 1666 1724; x_wconf 53' lang='lat' dir='ltr'>concubiius.</span> <span class='ocrx_word' id='word_1_1293' title='bbox 1689 1692 1772 1723; x_wconf 85' lang='lat' dir='ltr'>Ovid.</span> <span class='ocrx_word' id='word_1_1294' title='bbox 1784 1702 1827 1729; x_wconf 79' lang='lat'>14.</span> <span class='ocrx_word' id='word_1_1295' title='bbox 1838 1692 1909 1723; x_wconf 88' lang='lat' dir='ltr'>Met.</span> <span class='ocrx_word' id='word_1_1296' title='bbox 1923 1694 1988 1727; x_wconf 89' lang='lat'>668.</span> 
     </span>
     <span class='ocr_line' id='line_1_144' title="bbox 1369 1727 2294 1770; baseline -0.006 -8"><span class='ocrx_word' id='word_1_1297' title='bbox 1369 1732 1518 1770; x_wconf 85' lang='lat' dir='ltr'>Indulgere</span> <span class='ocrx_word' id='word_1_1298' title='bbox 1530 1732 1682 1762; x_wconf 86' lang='lat' dir='ltr'>concubitu</span> <span class='ocrx_word' id='word_1_1299' title='bbox 1693 1753 1701 1767; x_wconf 87' lang='lat'><em>‚</em></span> <span class='ocrx_word' id='word_1_1300' title='bbox 1723 1740 1774 1769; x_wconf 89' lang='lat' dir='ltr'>pro</span> <span class='ocrx_word' id='word_1_1301' title='bbox 1786 1730 1966 1761; x_wconf 90' lang='lat' dir='ltr'>Concubitui.</span> <span class='ocrx_word' id='word_1_1302' title='bbox 1989 1727 2061 1767; x_wconf 88' lang='lat' dir='ltr'>Virg.</span> <span class='ocrx_word' id='word_1_1303' title='bbox 2073 1738 2100 1765; x_wconf 85' lang='lat'>4.</span> <span class='ocrx_word' id='word_1_1304' title='bbox 2115 1727 2216 1765; x_wconf 85' lang='lat' dir='ltr'>Georg.</span> <span class='ocrx_word' id='word_1_1305' title='bbox 2231 1730 2294 1762; x_wconf 79' lang='lat'>198.</span> 
     </span>
     <span class='ocr_line' id='line_1_145' title="bbox 1463 1765 2262 1807; baseline -0.005 -8"><span class='ocrx_word' id='word_1_1306' title='bbox 1463 1770 1549 1807; x_wconf 82' lang='lat' dir='ltr'>Quod</span> <span class='ocrx_word' id='word_1_1307' title='bbox 1558 1779 1611 1799; x_wconf 88' lang='lat' dir='ltr'>nec</span> <span class='ocrx_word' id='word_1_1308' title='bbox 1619 1769 1772 1799; x_wconf 91' lang='lat' dir='ltr'>concubitu</span> <span class='ocrx_word' id='word_1_1309' title='bbox 1783 1769 1930 1806; x_wconf 85' lang='lat' dir='ltr'>indulgent</span> <span class='ocrx_word' id='word_1_1310' title='bbox 1942 1789 1951 1804; x_wconf 86' lang='lat'>,</span> <span class='ocrx_word' id='word_1_1311' title='bbox 1971 1776 2026 1797; x_wconf 89' lang='lat' dir='ltr'>nec</span> <span class='ocrx_word' id='word_1_1312' title='bbox 2037 1775 2154 1805; x_wconf 85' lang='lat' dir='ltr'>corpora</span> <span class='ocrx_word' id='word_1_1313' title='bbox 2164 1765 2262 1804; x_wconf 77' lang='lat' dir='ltr'>segnes</span> 
     </span>
     <span class='ocr_line' id='line_1_146' title="bbox 1464 1806 2036 1844; baseline -0.003 -7"><span class='ocrx_word' id='word_1_1314' title='bbox 1464 1808 1495 1837; x_wconf 86' lang='lat' dir='ltr'>In</span> <span class='ocrx_word' id='word_1_1315' title='bbox 1509 1808 1644 1837; x_wconf 90' lang='lat' dir='ltr'>Venerem</span> <span class='ocrx_word' id='word_1_1316' title='bbox 1655 1806 1774 1837; x_wconf 89' lang='lat' dir='ltr'>solvunt.</span> <span class='ocrx_word' id='word_1_1317' title='bbox 1869 1807 1912 1837; x_wconf 91' lang='lat' dir='ltr'>De</span> <span class='ocrx_word' id='word_1_1318' title='bbox 1927 1806 2036 1844; x_wconf 82' lang='lat' dir='ltr'>apibus.</span> 
     </span>
     <span class='ocr_line' id='line_1_147' title="bbox 1371 1845 2043 1881; baseline -0.003 -5"><span class='ocrx_word' id='word_1_1319' title='bbox 1371 1846 1431 1877; x_wconf 87' lang='lat' dir='ltr'>Pati</span> <span class='ocrx_word' id='word_1_1320' title='bbox 1444 1845 1621 1876; x_wconf 89' lang='lat' dir='ltr'>concubitus.</span> <span class='ocrx_word' id='word_1_1321' title='bbox 1643 1845 1727 1875; x_wconf 81' lang='lat' dir='ltr'>Ovid.</span> <span class='ocrx_word' id='word_1_1322' title='bbox 1743 1854 1767 1881; x_wconf 84' lang='lat'>3.</span> <span class='ocrx_word' id='word_1_1323' title='bbox 1782 1845 1818 1875; x_wconf 83' lang='lat' dir='ltr'>de</span> <span class='ocrx_word' id='word_1_1324' title='bbox 1825 1845 1888 1875; x_wconf 74' lang='lat' dir='ltr'>Arte</span> <span class='ocrx_word' id='word_1_1325' title='bbox 1902 1845 1961 1874; x_wconf 78' lang='lat' dir='ltr'>Am.</span> <span class='ocrx_word' id='word_1_1326' title='bbox 1977 1846 2043 1874; x_wconf 83' lang='lat'>6⁶6.</span> 
     </span>
     <span class='ocr_line' id='line_1_148' title="bbox 1373 1883 1784 1920; baseline 0 -7"><span class='ocrx_word' id='word_1_1327' title='bbox 1373 1884 1477 1914; x_wconf 88' lang='lat' dir='ltr'>Petere.</span> <span class='ocrx_word' id='word_1_1328' title='bbox 1501 1883 1586 1914; x_wconf 90' lang='lat' dir='ltr'>Ovid.</span> <span class='ocrx_word' id='word_1_1329' title='bbox 1596 1894 1623 1919; x_wconf 92' lang='lat'>4.</span> <span class='ocrx_word' id='word_1_1330' title='bbox 1637 1883 1707 1913; x_wconf 87' lang='lat' dir='ltr'>Met.</span> <span class='ocrx_word' id='word_1_1331' title='bbox 1719 1892 1784 1920; x_wconf 81' lang='lat'><em>²07-</em></span> 
     </span>
     <span class='ocr_line' id='line_1_149' title="bbox 1374 1911 2492 1959; baseline -0.006 -8"><span class='ocrx_word' id='word_1_1332' title='bbox 1374 1921 1499 1952; x_wconf 78' lang='lat' dir='ltr'>Pollutus</span> <span class='ocrx_word' id='word_1_1333' title='bbox 1510 1922 1615 1959; x_wconf 85' lang='lat' dir='ltr'>tragico</span> <span class='ocrx_word' id='word_1_1334' title='bbox 1625 1921 1788 1951; x_wconf 86' lang='lat' dir='ltr'>concubitu.</span> <span class='ocrx_word' id='word_1_1335' title='bbox 1809 1920 1911 1957; x_wconf 86' lang='lat' dir='ltr'>Juven.</span> <span class='ocrx_word' id='word_1_1336' title='bbox 1922 1928 1949 1950; x_wconf 70' lang='grc' dir='ltr'>α.</span> <span class='ocrx_word' id='word_1_1337' title='bbox 1959 1919 2014 1950; x_wconf 87' lang='lat' dir='ltr'>Sat.</span> <span class='ocrx_word' id='word_1_1338' title='bbox 2029 1926 2074 1955; x_wconf 80' lang='lat'>30.</span> <span class='ocrx_word' id='word_1_1339' title='bbox 2127 1917 2148 1947; x_wconf 84' lang='lat' dir='ltr'>i.</span> <span class='ocrx_word' id='word_1_1340' title='bbox 2160 1925 2187 1947; x_wconf 86' lang='lat' dir='ltr'>e.</span> <span class='ocrx_word' id='word_1_1341' title='bbox 2207 1914 2336 1952; x_wconf 69' lang='lat' dir='ltr'>Incesta,</span> <span class='ocrx_word' id='word_1_1342' title='bbox 2356 1911 2450 1952; x_wconf 78' lang='lat' dir='ltr'>quales</span> <span class='ocrx_word' id='word_1_1343' title='bbox 2461 1913 2492 1944; x_wconf 73' lang='lat' dir='ltr'>in</span> 
     </span>
     <span class='ocr_line' id='line_1_150' title="bbox 1392 1959 1750 1997; baseline 0 -8"><span class='ocrx_word' id='word_1_1344' title='bbox 1392 1959 1548 1997; x_wconf 85' lang='lat' dir='ltr'>Tragoediis</span> <span class='ocrx_word' id='word_1_1345' title='bbox 1559 1960 1750 1989; x_wconf 85' lang='lat' dir='ltr'>decantantur.</span> 
     </span>
     <span class='ocr_line' id='line_1_151' title="bbox 1372 1993 2174 2036; baseline -0.005 -9"><span class='ocrx_word' id='word_1_1346' title='bbox 1372 1997 1481 2035; x_wconf 86' lang='lat' dir='ltr'>Turpes</span> <span class='ocrx_word' id='word_1_1347' title='bbox 1493 1998 1635 2036; x_wconf 86' lang='lat' dir='ltr'>pecudum</span> <span class='ocrx_word' id='word_1_1348' title='bbox 1644 1998 1811 2027; x_wconf 86' lang='lat' dir='ltr'>concubitus</span> <span class='ocrx_word' id='word_1_1349' title='bbox 1821 1995 1906 2033; x_wconf 89' lang='lat' dir='ltr'>sequi.</span> <span class='ocrx_word' id='word_1_1350' title='bbox 1929 1994 1976 2025; x_wconf 89' lang='lat' dir='ltr'>Vir</span> <span class='ocrx_word' id='word_1_1351' title='bbox 1998 1997 2041 2025; x_wconf 88' lang='lat'>.6.</span> <span class='ocrx_word' id='word_1_1352' title='bbox 2053 1993 2113 2024; x_wconf 90' lang='lat' dir='ltr'>Ecl.</span> <span class='ocrx_word' id='word_1_1353' title='bbox 2128 2002 2174 2030; x_wconf 82' lang='grc' dir='ltr'>ςο.</span> 
     </span>
     <span class='ocr_line' id='line_1_152' title="bbox 1371 2034 2152 2073; baseline -0.005 -9"><span class='ocrx_word' id='word_1_1354' title='bbox 1371 2035 1505 2073; x_wconf 87' lang='lat' dir='ltr'>Voluptas</span> <span class='ocrx_word' id='word_1_1355' title='bbox 1517 2035 1634 2065; x_wconf 89' lang='lat' dir='ltr'>solicitat</span> <span class='ocrx_word' id='word_1_1356' title='bbox 1646 2035 1823 2065; x_wconf 66' lang='lat' dir='ltr'>concubitus.</span> <span class='ocrx_word' id='word_1_1357' title='bbox 1846 2034 1918 2072; x_wconf 86' lang='lat' dir='ltr'>Virg.</span> <span class='ocrx_word' id='word_1_1358' title='bbox 1933 2042 1956 2070; x_wconf 86' lang='lat'>3.</span> <span class='ocrx_word' id='word_1_1359' title='bbox 2001 2042 2075 2069; x_wconf 88' lang='lat' dir='ltr'>eorg.</span> <span class='ocrx_word' id='word_1_1360' title='bbox 2090 2040 2152 2067; x_wconf 81' lang='lat'>130.</span> 
     </span>
    </p>

    <p class='ocr_par' dir='ltr' id='par_1_49' title="bbox 1335 2063 2491 2109">
     <span class='ocr_line' id='line_1_153' title="bbox 1335 2063 2491 2109; baseline -0.005 -7"><span class='ocrx_word' id='word_1_1361' title='bbox 1335 2071 1357 2103; x_wconf 87' lang='lat' dir='ltr'>C</span> <span class='ocrx_word' id='word_1_1362' title='bbox 1367 2084 1384 2103; x_wconf 90' lang='lat' dir='ltr'>o</span> <span class='ocrx_word' id='word_1_1363' title='bbox 1394 2083 1414 2102; x_wconf 98' lang='lat' dir='ltr'>N</span> <span class='ocrx_word' id='word_1_1364' title='bbox 1422 2083 1439 2102; x_wconf 89' lang='lat' dir='ltr'>c</span> <span class='ocrx_word' id='word_1_1365' title='bbox 1449 2083 1468 2102; x_wconf 84' lang='lat' dir='ltr'>u</span> <span class='ocrx_word' id='word_1_1366' title='bbox 1476 2083 1491 2101; x_wconf 74' lang='grc' dir='ltr'><em>Β</em></span> <span class='ocrx_word' id='word_1_1367' title='bbox 1499 2074 1537 2102; x_wconf 73' lang='lat' dir='ltr'>ir</span> <span class='ocrx_word' id='word_1_1368' title='bbox 1545 2083 1561 2102; x_wconf 94' lang='lat' dir='ltr'>o</span> <span class='ocrx_word' id='word_1_1369' title='bbox 1571 2083 1587 2102; x_wconf 81' lang='lat' dir='ltr'>R</span> <span class='ocrx_word' id='word_1_1370' title='bbox 1597 2094 1605 2108; x_wconf 91' lang='lat'><strong>‚</strong></span> <span class='ocrx_word' id='word_1_1371' title='bbox 1625 2074 1689 2102; x_wconf 71' lang='lat' dir='ltr'>oris.</span> <span class='ocrx_word' id='word_1_1372' title='bbox 1711 2082 1749 2102; x_wconf 92' lang='lat' dir='ltr'>m.</span> <span class='ocrx_word' id='word_1_1373' title='bbox 1783 2071 1993 2109; x_wconf 63' lang='grc' dir='ltr'>[συγκριμιίτης]</span> <span class='ocrx_word' id='word_1_1374' title='bbox 2013 2070 2070 2107; x_wconf 80' lang='lat' dir='ltr'>Qui</span> <span class='ocrx_word' id='word_1_1375' title='bbox 2088 2078 2153 2099; x_wconf 93' lang='lat' dir='ltr'>cum</span> <span class='ocrx_word' id='word_1_1376' title='bbox 2169 2067 2225 2097; x_wconf 90' lang='lat' dir='ltr'>alio</span> <span class='ocrx_word' id='word_1_1377' title='bbox 2242 2066 2344 2097; x_wconf 82' lang='lat' dir='ltr'>cubat:</span> <span class='ocrx_word' id='word_1_1378' title='bbox 2366 2063 2491 2102; x_wconf 73' lang='lat' dir='ltr'>quamvis</span> 
     </span>
    </p>

    <p class='ocr_par' dir='ltr' id='par_1_50' title="bbox 1372 2102 2490 2187">
     <span class='ocr_line' id='line_1_154' title="bbox 1372 2102 2490 2178; baseline -0.007 -37"><span class='ocrx_word' id='word_1_1379' title='bbox 1372 2110 1639 2178; x_wconf 56' lang='lat' dir='ltr'>gerptrainslationerg</span> <span class='ocrx_word' id='word_1_1380' title='bbox 1648 2111 1800 2149; x_wconf 83' lang='lat' dir='ltr'>accipiatur</span> <span class='ocrx_word' id='word_1_1381' title='bbox 1811 2119 1862 2149; x_wconf 87' lang='lat' dir='ltr'>pro</span> <span class='ocrx_word' id='word_1_1382' title='bbox 1877 2109 1917 2140; x_wconf 91' lang='lat' dir='ltr'>Eo</span> <span class='ocrx_word' id='word_1_1383' title='bbox 1932 2109 1979 2147; x_wconf 88' lang='lat' dir='ltr'>qui</span> <span class='ocrx_word' id='word_1_1384' title='bbox 1993 2118 2052 2138; x_wconf 90' lang='lat' dir='ltr'>rem</span> <span class='ocrx_word' id='word_1_1385' title='bbox 2061 2115 2211 2138; x_wconf 84' lang='lat' dir='ltr'>veneream</span> <span class='ocrx_word' id='word_1_1386' title='bbox 2229 2109 2350 2135; x_wconf 80' lang='lat' dir='ltr'>exercet.</span> <span class='ocrx_word' id='word_1_1387' title='bbox 2371 2102 2490 2134; x_wconf 86' lang='lat' dir='ltr'>Tertull.</span> 
     </span>
     <span class='ocr_line' id='line_1_155' title="bbox 1394 2158 1748 2187; baseline 0 -9"><span class='ocrx_word' id='word_1_1388' title='bbox 1394 2159 1408 2178; x_wconf 87' lang='lat' dir='ltr'>e</span> <span class='ocrx_word' id='word_1_1389' title='bbox 1438 2160 1455 2178; x_wconf 91' lang='lat' dir='ltr'>u</span> <span class='ocrx_word' id='word_1_1390' title='bbox 1478 2158 1513 2179; x_wconf 84' lang='lat' dir='ltr'>ic.</span> <span class='ocrx_word' id='word_1_1391' title='bbox 1527 2159 1589 2187; x_wconf 85' lang='lat' dir='ltr'>cap.</span> <span class='ocrx_word' id='word_1_1392' title='bbox 1605 2159 1616 2178; x_wconf 93' lang='lat'>1</span> <span class='ocrx_word' id='word_1_1393' title='bbox 1641 2171 1648 2178; x_wconf 94' lang='lat'>.</span> <span class='ocrx_word' id='word_1_1394' title='bbox 1742 2166 1748 2172; x_wconf 88' lang='lat'>-</span> 
     </span>
    </p>

    <p class='ocr_par' dir='ltr' id='par_1_51' title="bbox 1335 2179 2491 2223">
     <span class='ocr_line' id='line_1_156' title="bbox 1335 2179 2491 2223; baseline -0.007 -7"><span class='ocrx_word' id='word_1_1395' title='bbox 1335 2187 1357 2217; x_wconf 95' lang='lat' dir='ltr'>C</span> <span class='ocrx_word' id='word_1_1396' title='bbox 1368 2196 1385 2216; x_wconf 91' lang='grc' dir='ltr'>ο</span> <span class='ocrx_word' id='word_1_1397' title='bbox 1395 2197 1413 2216; x_wconf 98' lang='grc' dir='ltr'>Ν</span> <span class='ocrx_word' id='word_1_1398' title='bbox 1422 2197 1439 2216; x_wconf 88' lang='lat' dir='ltr'>c</span> <span class='ocrx_word' id='word_1_1399' title='bbox 1450 2197 1467 2216; x_wconf 86' lang='lat' dir='ltr'>u</span> <span class='ocrx_word' id='word_1_1400' title='bbox 1477 2197 1491 2216; x_wconf 79' lang='lat' dir='ltr'>s</span> <span class='ocrx_word' id='word_1_1401' title='bbox 1501 2197 1510 2216; x_wconf 89' lang='lat'>1</span> <span class='ocrx_word' id='word_1_1402' title='bbox 1519 2196 1539 2216; x_wconf 74' lang='lat' dir='ltr'>a·</span> <span class='ocrx_word' id='word_1_1403' title='bbox 1547 2191 1564 2216; x_wconf 73' lang='grc' dir='ltr'>Ᾰ</span> <span class='ocrx_word' id='word_1_1404' title='bbox 1572 2198 1589 2216; x_wconf 79' lang='grc' dir='ltr'>ι.</span> <span class='ocrx_word' id='word_1_1405' title='bbox 1599 2197 1608 2216; x_wconf 83' lang='grc' dir='ltr'><strong><em>ι</em></strong></span> <span class='ocrx_word' id='word_1_1406' title='bbox 1618 2196 1630 2216; x_wconf 91' lang='lat' dir='ltr'>s</span> <span class='ocrx_word' id='word_1_1407' title='bbox 1640 2209 1647 2222; x_wconf 80' lang='lat'>,</span> <span class='ocrx_word' id='word_1_1408' title='bbox 1659 2196 1684 2216; x_wconf 89' lang='lat' dir='ltr'>e.</span> <span class='ocrx_word' id='word_1_1409' title='bbox 1703 2187 1737 2216; x_wconf 87' lang='lat' dir='ltr'>ad</span> <span class='ocrx_word' id='word_1_1410' title='bbox 1753 2185 1943 2216; x_wconf 78' lang='lat' dir='ltr'>Concubitum</span> <span class='ocrx_word' id='word_1_1411' title='bbox 1949 2184 2102 2223; x_wconf 79' lang='lat' dir='ltr'>pertinens.</span> <span class='ocrx_word' id='word_1_1412' title='bbox 2110 2180 2228 2213; x_wconf 88' lang='lat' dir='ltr'>Tertull.</span> <span class='ocrx_word' id='word_1_1413' title='bbox 2238 2180 2274 2210; x_wconf 89' lang='lat' dir='ltr'>ad</span> <span class='ocrx_word' id='word_1_1414' title='bbox 2286 2179 2401 2209; x_wconf 88' lang='lat' dir='ltr'>Nation.</span> <span class='ocrx_word' id='word_1_1415' title='bbox 2409 2187 2435 2209; x_wconf 78' lang='lat'>2.</span> <span class='ocrx_word' id='word_1_1416' title='bbox 2446 2187 2491 2209; x_wconf 83' lang='lat'>11.</span> 
     </span>
    </p>

    <p class='ocr_par' dir='ltr' id='par_1_52' title="bbox 1335 2217 2489 2299">
     <span class='ocr_line' id='line_1_157' title="bbox 1335 2217 2489 2260; baseline -0.006 -6"><span class='ocrx_word' id='word_1_1417' title='bbox 1335 2225 1358 2255; x_wconf 93' lang='lat' dir='ltr'>C</span> <span class='ocrx_word' id='word_1_1418' title='bbox 1366 2234 1382 2254; x_wconf 94' lang='grc' dir='ltr'><strong>ο</strong></span> <span class='ocrx_word' id='word_1_1419' title='bbox 1393 2235 1413 2254; x_wconf 89' lang='grc' dir='ltr'>Ν</span> <span class='ocrx_word' id='word_1_1420' title='bbox 1422 2234 1438 2253; x_wconf 89' lang='lat' dir='ltr'>c</span> <span class='ocrx_word' id='word_1_1421' title='bbox 1448 2235 1466 2253; x_wconf 90' lang='lat' dir='ltr'>u</span> <span class='ocrx_word' id='word_1_1422' title='bbox 1474 2229 1508 2254; x_wconf 62' lang='lat' dir='ltr'>izi</span> <span class='ocrx_word' id='word_1_1423' title='bbox 1516 2234 1536 2254; x_wconf 89' lang='lat' dir='ltr'>N</span> <span class='ocrx_word' id='word_1_1424' title='bbox 1546 2235 1565 2253; x_wconf 87' lang='lat' dir='ltr'>u</span> <span class='ocrx_word' id='word_1_1425' title='bbox 1574 2234 1596 2259; x_wconf 87' lang='lat' dir='ltr'>s,</span> <span class='ocrx_word' id='word_1_1426' title='bbox 1618 2225 1636 2254; x_wconf 90' lang='lat' dir='ltr'>i.</span> <span class='ocrx_word' id='word_1_1427' title='bbox 1657 2234 1693 2254; x_wconf 89' lang='lat' dir='ltr'>m.</span> <span class='ocrx_word' id='word_1_1428' title='bbox 1715 2224 1888 2260; x_wconf 64' lang='grc' dir='ltr'>[ὁμώνέπις]</span> <span class='ocrx_word' id='word_1_1429' title='bbox 1909 2222 2029 2260; x_wconf 84' lang='lat' dir='ltr'>Quintil.</span> <span class='ocrx_word' id='word_1_1430' title='bbox 2039 2221 2089 2252; x_wconf 89' lang='lat' dir='ltr'>lib.</span> <span class='ocrx_word' id='word_1_1431' title='bbox 2102 2230 2126 2252; x_wconf 91' lang='lat'>1.</span> <span class='ocrx_word' id='word_1_1432' title='bbox 2137 2227 2230 2260; x_wconf 81' lang='lat' dir='ltr'>cap.3.</span> <span class='ocrx_word' id='word_1_1433' title='bbox 2250 2218 2365 2249; x_wconf 80' lang='lat' dir='ltr'>Nostras</span> <span class='ocrx_word' id='word_1_1434' title='bbox 2375 2217 2489 2254; x_wconf 66' lang='lat' dir='ltr'>anricus,</span> 
     </span>
     <span class='ocr_line' id='line_1_158' title="bbox 1371 2261 2031 2299; baseline -0.002 -7"><span class='ocrx_word' id='word_1_1435' title='bbox 1371 2263 1476 2292; x_wconf 81' lang='lat' dir='ltr'>nostros</span> <span class='ocrx_word' id='word_1_1436' title='bbox 1487 2263 1662 2292; x_wconf 89' lang='lat' dir='ltr'>concubinos</span> <span class='ocrx_word' id='word_1_1437' title='bbox 1675 2262 1781 2292; x_wconf 90' lang='lat' dir='ltr'>vident.</span> <span class='ocrx_word' id='word_1_1438' title='bbox 1804 2261 1893 2292; x_wconf 89' lang='lat' dir='ltr'>Catul.</span> <span class='ocrx_word' id='word_1_1439' title='bbox 1907 2271 1951 2299; x_wconf 77' lang='lat'>59.</span> <span class='ocrx_word' id='word_1_1440' title='bbox 1968 2269 2031 2297; x_wconf 83' lang='lat'>130.</span> 
     </span>
    </p>

    <p class='ocr_par' dir='ltr' id='par_1_53' title="bbox 1372 2301 1889 2487">
     <span class='ocr_line' id='line_1_159' title="bbox 1464 2301 1838 2338; baseline -0.003 -8"><span class='ocrx_word' id='word_1_1441' title='bbox 1464 2301 1527 2330; x_wconf 87' lang='lat' dir='ltr'>Neu</span> <span class='ocrx_word' id='word_1_1442' title='bbox 1539 2310 1623 2330; x_wconf 84' lang='lat' dir='ltr'>nuces</span> <span class='ocrx_word' id='word_1_1443' title='bbox 1632 2301 1726 2338; x_wconf 89' lang='lat' dir='ltr'>pueris</span> <span class='ocrx_word' id='word_1_1444' title='bbox 1736 2305 1838 2338; x_wconf 84' lang='lat' dir='ltr'>neget,</span> 
     </span>
     <span class='ocr_line' id='line_1_160' title="bbox 1462 2337 1858 2368; baseline 0.003 -1"><span class='ocrx_word' id='word_1_1445' title='bbox 1462 2337 1608 2368; x_wconf 87' lang='lat' dir='ltr'>Desertum</span> <span class='ocrx_word' id='word_1_1446' title='bbox 1619 2339 1729 2368; x_wconf 76' lang='lat' dir='ltr'>domini</span> <span class='ocrx_word' id='word_1_1447' title='bbox 1741 2338 1858 2368; x_wconf 85' lang='lat' dir='ltr'>audiens</span> 
     </span>
     <span class='ocr_line' id='line_1_161' title="bbox 1464 2375 1794 2411; baseline 0 -6"><span class='ocrx_word' id='word_1_1448' title='bbox 1464 2375 1646 2411; x_wconf 86' lang='lat' dir='ltr'>Concubinus</span> <span class='ocrx_word' id='word_1_1449' title='bbox 1660 2385 1794 2406; x_wconf 86' lang='lat' dir='ltr'>amorem.</span> 
     </span>
     <span class='ocr_line' id='line_1_162' title="bbox 1372 2411 1889 2456; baseline -0.002 -12"><span class='ocrx_word' id='word_1_1450' title='bbox 1372 2411 1448 2456; x_wconf 76' lang='lat' dir='ltr'>Iners</span> <span class='ocrx_word' id='word_1_1451' title='bbox 1458 2414 1642 2444; x_wconf 90' lang='lat' dir='ltr'>concubinus.</span> <span class='ocrx_word' id='word_1_1452' title='bbox 1665 2414 1756 2443; x_wconf 91' lang='lat' dir='ltr'>Catul.</span> <span class='ocrx_word' id='word_1_1453' title='bbox 1771 2423 1813 2450; x_wconf 79' lang='lat'>59.</span> <span class='ocrx_word' id='word_1_1454' title='bbox 1825 2420 1889 2451; x_wconf 78' lang='lat'>132.</span> 
     </span>
     <span class='ocr_line' id='line_1_163' title="bbox 1373 2451 1718 2487; baseline 0 -6"><span class='ocrx_word' id='word_1_1455' title='bbox 1373 2451 1465 2481; x_wconf 81' lang='lat' dir='ltr'>Miser.</span> <span class='ocrx_word' id='word_1_1456' title='bbox 1488 2451 1579 2481; x_wconf 82' lang='lat' dir='ltr'>Catul.</span> <span class='ocrx_word' id='word_1_1457' title='bbox 1597 2462 1640 2487; x_wconf 81' lang='lat'>59.</span> <span class='ocrx_word' id='word_1_1458' title='bbox 1657 2462 1718 2486; x_wconf 75' lang='lat'>140.</span> 
     </span>
    </p>

    <p class='ocr_par' dir='ltr' id='par_1_54' title="bbox 1336 2479 2495 2633">
     <span class='ocr_line' id='line_1_164' title="bbox 1336 2479 2493 2532; baseline -0.008 -14"><span class='ocrx_word' id='word_1_1459' title='bbox 1336 2488 1437 2532; x_wconf 74' lang='lat' dir='ltr'>CoNr:</span> <span class='ocrx_word' id='word_1_1460' title='bbox 1447 2493 1569 2519; x_wconf 72' lang='lat' dir='ltr'>uaiNA</span> <span class='ocrx_word' id='word_1_1461' title='bbox 1581 2511 1588 2524; x_wconf 84' lang='lat'><strong>‚</strong></span> <span class='ocrx_word' id='word_1_1462' title='bbox 1609 2499 1640 2519; x_wconf 84' lang='lat' dir='ltr'>ae.</span> <span class='ocrx_word' id='word_1_1463' title='bbox 1662 2489 1680 2519; x_wconf 87' lang='lat' dir='ltr'>f.</span> <span class='ocrx_word' id='word_1_1464' title='bbox 1702 2488 1866 2526; x_wconf 62' lang='grc' dir='ltr'>[ὁμώνέπς]</span> <span class='ocrx_word' id='word_1_1465' title='bbox 1892 2485 2037 2517; x_wconf 86' lang='lat' dir='ltr'>dicebatur</span> <span class='ocrx_word' id='word_1_1466' title='bbox 2057 2485 2097 2516; x_wconf 85' lang='lat' dir='ltr'>Ea</span> <span class='ocrx_word' id='word_1_1467' title='bbox 2113 2492 2196 2522; x_wconf 87' lang='lat' dir='ltr'>quarn</span> <span class='ocrx_word' id='word_1_1468' title='bbox 2216 2482 2279 2521; x_wconf 84' lang='lat' dir='ltr'>quis</span> <span class='ocrx_word' id='word_1_1469' title='bbox 2289 2504 2297 2517; x_wconf 91' lang='lat'>,</span> <span class='ocrx_word' id='word_1_1470' title='bbox 2317 2489 2376 2511; x_wconf 88' lang='lat' dir='ltr'>non</span> <span class='ocrx_word' id='word_1_1471' title='bbox 2401 2479 2493 2510; x_wconf 83' lang='lat' dir='ltr'>mariti</span> 
     </span>
     <span class='ocr_line' id='line_1_165' title="bbox 1372 2518 2495 2570; baseline -0.009 -14"><span class='ocrx_word' id='word_1_1472' title='bbox 1372 2536 1466 2570; x_wconf 83' lang='lat' dir='ltr'>animo</span> <span class='ocrx_word' id='word_1_1473' title='bbox 1475 2549 1485 2563; x_wconf 82' lang='lat'><strong>‚</strong></span> <span class='ocrx_word' id='word_1_1474' title='bbox 1506 2526 1553 2556; x_wconf 83' lang='lat' dir='ltr'>sed</span> <span class='ocrx_word' id='word_1_1475' title='bbox 1561 2528 1726 2557; x_wconf 87' lang='lat' dir='ltr'>concubitus</span> <span class='ocrx_word' id='word_1_1476' title='bbox 1734 2533 1844 2556; x_wconf 84' lang='lat' dir='ltr'>tantum</span> <span class='ocrx_word' id='word_1_1477' title='bbox 1857 2525 1946 2556; x_wconf 78' lang='lat' dir='ltr'>caussa</span> <span class='ocrx_word' id='word_1_1478' title='bbox 1957 2547 1965 2560; x_wconf 94' lang='lat'>‚</span> <span class='ocrx_word' id='word_1_1479' title='bbox 1987 2524 2043 2553; x_wconf 87' lang='lat' dir='ltr'>fine</span> <span class='ocrx_word' id='word_1_1480' title='bbox 2054 2523 2140 2561; x_wconf 84' lang='lat' dir='ltr'>stupri</span> <span class='ocrx_word' id='word_1_1481' title='bbox 2150 2528 2247 2552; x_wconf 89' lang='lat' dir='ltr'>tamen</span> <span class='ocrx_word' id='word_1_1482' title='bbox 2261 2520 2379 2550; x_wconf 88' lang='lat' dir='ltr'>crimine</span> <span class='ocrx_word' id='word_1_1483' title='bbox 2390 2540 2399 2554; x_wconf 77' lang='lat'>,</span> <span class='ocrx_word' id='word_1_1484' title='bbox 2419 2518 2495 2555; x_wconf 83' lang='lat' dir='ltr'>fiagi-</span> 
     </span>
     <span class='ocr_line' id='line_1_166' title="bbox 1373 2556 2494 2608; baseline -0.007 -14"><span class='ocrx_word' id='word_1_1485' title='bbox 1373 2571 1469 2600; x_wconf 84' lang='lat' dir='ltr'>tiove‚</span> <span class='ocrx_word' id='word_1_1486' title='bbox 1489 2565 1568 2608; x_wconf 82' lang='lat' dir='ltr'>domi</span> <span class='ocrx_word' id='word_1_1487' title='bbox 1590 2565 1728 2601; x_wconf 87' lang='lat' dir='ltr'>habebat,</span> <span class='ocrx_word' id='word_1_1488' title='bbox 1749 2574 1804 2602; x_wconf 86' lang='lat' dir='ltr'>arg.</span> <span class='ocrx_word' id='word_1_1489' title='bbox 1824 2564 1843 2594; x_wconf 80' lang='lat' dir='ltr'>l.</span> <span class='ocrx_word' id='word_1_1490' title='bbox 1859 2574 1886 2599; x_wconf 85' lang='lat'>4.</span> <span class='ocrx_word' id='word_1_1491' title='bbox 1902 2562 1936 2593; x_wconf 93' lang='lat' dir='ltr'>D.</span> <span class='ocrx_word' id='word_1_1492' title='bbox 1957 2563 1994 2592; x_wconf 90' lang='lat' dir='ltr'>de</span> <span class='ocrx_word' id='word_1_1493' title='bbox 2013 2561 2099 2592; x_wconf 87' lang='lat' dir='ltr'>adult.</span> <span class='ocrx_word' id='word_1_1494' title='bbox 2121 2560 2180 2590; x_wconf 84' lang='lat' dir='ltr'>Cic.</span> <span class='ocrx_word' id='word_1_1495' title='bbox 2195 2569 2219 2589; x_wconf 90' lang='lat'>1.</span> <span class='ocrx_word' id='word_1_1496' title='bbox 2235 2559 2271 2589; x_wconf 90' lang='lat' dir='ltr'>de</span> <span class='ocrx_word' id='word_1_1497' title='bbox 2285 2558 2363 2588; x_wconf 87' lang='lat' dir='ltr'>Orat.</span> <span class='ocrx_word' id='word_1_1498' title='bbox 2377 2560 2439 2594; x_wconf 83' lang='lat'>183·</span> <span class='ocrx_word' id='word_1_1499' title='bbox 2460 2556 2494 2587; x_wconf 86' lang='lat' dir='ltr'>In</span> 
     </span>
     <span class='ocr_line' id='line_1_167' title="bbox 1374 2601 2031 2633; baseline -0.005 -1"><span class='ocrx_word' id='word_1_1500' title='bbox 1374 2602 1539 2632; x_wconf 68' lang='lat' dir='ltr'>concubinae</span> <span class='ocrx_word' id='word_1_1501' title='bbox 1552 2602 1647 2633; x_wconf 89' lang='lat' dir='ltr'>locum</span> <span class='ocrx_word' id='word_1_1502' title='bbox 1659 2603 1814 2632; x_wconf 88' lang='lat' dir='ltr'>duceretur.</span> <span class='ocrx_word' id='word_1_1503' title='bbox 1844 2601 2031 2632; x_wconf 87' lang='lat' dir='ltr'>Hotomanus.</span> 
     </span>
    </p>

    <p class='ocr_par' dir='ltr' id='par_1_55' title="bbox 1337 2633 2375 2677">
     <span class='ocr_line' id='line_1_168' title="bbox 1337 2633 2375 2677; baseline -0.006 -8"><span class='ocrx_word' id='word_1_1504' title='bbox 1337 2639 1359 2670; x_wconf 94' lang='lat' dir='ltr'>C</span> <span class='ocrx_word' id='word_1_1505' title='bbox 1368 2650 1413 2670; x_wconf 87' lang='lat' dir='ltr'>oN</span> <span class='ocrx_word' id='word_1_1506' title='bbox 1424 2649 1441 2670; x_wconf 90' lang='lat' dir='ltr'>c</span> <span class='ocrx_word' id='word_1_1507' title='bbox 1451 2651 1467 2669; x_wconf 87' lang='lat' dir='ltr'>u</span> <span class='ocrx_word' id='word_1_1508' title='bbox 1476 2651 1507 2669; x_wconf 75' lang='lat' dir='ltr'>B!</span> <span class='ocrx_word' id='word_1_1509' title='bbox 1517 2650 1536 2669; x_wconf 89' lang='grc' dir='ltr'>Ν</span> <span class='ocrx_word' id='word_1_1510' title='bbox 1546 2644 1562 2670; x_wconf 67' lang='grc' dir='ltr'><strong>λ</strong></span> <span class='ocrx_word' id='word_1_1511' title='bbox 1570 2650 1589 2670; x_wconf 85' lang='grc' dir='ltr'>τ</span> <span class='ocrx_word' id='word_1_1512' title='bbox 1600 2651 1619 2670; x_wconf 86' lang='lat' dir='ltr'>u</span> <span class='ocrx_word' id='word_1_1513' title='bbox 1628 2651 1640 2670; x_wconf 89' lang='lat' dir='ltr'>s</span> <span class='ocrx_word' id='word_1_1514' title='bbox 1651 2663 1659 2677; x_wconf 90' lang='lat'>‚</span> <span class='ocrx_word' id='word_1_1515' title='bbox 1681 2642 1722 2670; x_wconf 79' lang='lat' dir='ltr'>us.</span> <span class='ocrx_word' id='word_1_1516' title='bbox 1744 2650 1783 2670; x_wconf 72' lang='lat' dir='ltr'>m.</span> <span class='ocrx_word' id='word_1_1517' title='bbox 1804 2638 2014 2676; x_wconf 56' lang='lat' dir='ltr'>[craumers-19³5]</span> <span class='ocrx_word' id='word_1_1518' title='bbox 2034 2636 2122 2667; x_wconf 85' lang='lat' dir='ltr'>Plaut.</span> <span class='ocrx_word' id='word_1_1519' title='bbox 2133 2635 2212 2666; x_wconf 84' lang='lat' dir='ltr'>Poen.</span> <span class='ocrx_word' id='word_1_1520' title='bbox 2226 2633 2298 2673; x_wconf 82' lang='lat' dir='ltr'>prol.</span> <span class='ocrx_word' id='word_1_1521' title='bbox 2312 2642 2375 2664; x_wconf 85' lang='lat'>102·</span> 
     </span>
    </p>

    <p class='ocr_par' dir='ltr' id='par_1_56' title="bbox 1378 2675 2435 2784">
     <span class='ocr_line' id='line_1_169' title="bbox 1452 2675 2022 2708; baseline -0.007 0"><span class='ocrx_word' id='word_1_1522' title='bbox 1452 2677 1532 2708; x_wconf 84' lang='lat' dir='ltr'>Illam</span> <span class='ocrx_word' id='word_1_1523' title='bbox 1544 2678 1682 2708; x_wconf 90' lang='lat' dir='ltr'>minorem</span> <span class='ocrx_word' id='word_1_1524' title='bbox 1693 2679 1722 2707; x_wconf 91' lang='lat' dir='ltr'>in</span> <span class='ocrx_word' id='word_1_1525' title='bbox 1738 2677 1960 2708; x_wconf 88' lang='lat' dir='ltr'>concubinatum</span> <span class='ocrx_word' id='word_1_1526' title='bbox 1973 2675 2022 2704; x_wconf 90' lang='lat' dir='ltr'>sibi</span> 
     </span>
     <span class='ocr_line' id='line_1_170' title="bbox 1460 2711 2147 2752; baseline -0.007 -7"><span class='ocrx_word' id='word_1_1527' title='bbox 1460 2716 1526 2745; x_wconf 85' lang='lat' dir='ltr'>Vult</span> <span class='ocrx_word' id='word_1_1528' title='bbox 1537 2725 1628 2745; x_wconf 88' lang='lat' dir='ltr'>emere</span> <span class='ocrx_word' id='word_1_1529' title='bbox 1637 2716 1717 2745; x_wconf 88' lang='lat' dir='ltr'>miles</span> <span class='ocrx_word' id='word_1_1530' title='bbox 1730 2716 1862 2752; x_wconf 82' lang='lat' dir='ltr'>quidam,</span> <span class='ocrx_word' id='word_1_1531' title='bbox 1884 2715 1932 2752; x_wconf 86' lang='lat' dir='ltr'>qui</span> <span class='ocrx_word' id='word_1_1532' title='bbox 1940 2713 2017 2743; x_wconf 86' lang='lat' dir='ltr'>illam</span> <span class='ocrx_word' id='word_1_1533' title='bbox 2029 2711 2147 2750; x_wconf 83' lang='lat' dir='ltr'>deperit.</span> 
     </span>
     <span class='ocr_line' id='line_1_171' title="bbox 1378 2747 2435 2784; baseline -0.009 -1"><span class='ocrx_word' id='word_1_1534' title='bbox 1378 2752 1411 2783; x_wconf 85' lang='lat' dir='ltr'>In</span> <span class='ocrx_word' id='word_1_1535' title='bbox 1426 2754 1645 2784; x_wconf 88' lang='lat' dir='ltr'>concubinatum</span> <span class='ocrx_word' id='word_1_1536' title='bbox 1658 2755 1723 2783; x_wconf 90' lang='lat' dir='ltr'>dare</span> <span class='ocrx_word' id='word_1_1537' title='bbox 1734 2754 1863 2783; x_wconf 88' lang='lat' dir='ltr'>sororem.</span> <span class='ocrx_word' id='word_1_1538' title='bbox 1901 2752 1929 2782; x_wconf 91' lang='lat' dir='ltr'>V.</span> <span class='ocrx_word' id='word_1_1539' title='bbox 1951 2760 1999 2780; x_wconf 91' lang='lat' dir='ltr'>1N.</span> <span class='ocrx_word' id='word_1_1540' title='bbox 2021 2749 2095 2780; x_wconf 90' lang='lat' dir='ltr'>conf.</span> <span class='ocrx_word' id='word_1_1541' title='bbox 2108 2750 2184 2779; x_wconf 87' lang='lat' dir='ltr'>Suet.</span> <span class='ocrx_word' id='word_1_1542' title='bbox 2196 2747 2301 2778; x_wconf 90' lang='lat' dir='ltr'>Neron.</span> <span class='ocrx_word' id='word_1_1543' title='bbox 2310 2755 2372 2783; x_wconf 87' lang='lat' dir='ltr'>cap.</span> <span class='ocrx_word' id='word_1_1544' title='bbox 2389 2748 2435 2779; x_wconf 86' lang='lat'>²8-</span> 
     </span>
    </p>

    <p class='ocr_par' dir='ltr' id='par_1_57' title="bbox 1338 2780 2495 3016">
     <span class='ocr_line' id='line_1_172' title="bbox 1338 2780 2495 2828; baseline -0.01 -7"><span class='ocrx_word' id='word_1_1545' title='bbox 1338 2790 1361 2821; x_wconf 92' lang='lat' dir='ltr'>C</span> <span class='ocrx_word' id='word_1_1546' title='bbox 1371 2801 1387 2820; x_wconf 93' lang='lat' dir='ltr'>o</span> <span class='ocrx_word' id='word_1_1547' title='bbox 1398 2799 1418 2819; x_wconf 87' lang='lat' dir='ltr'>N</span> <span class='ocrx_word' id='word_1_1548' title='bbox 1428 2801 1445 2820; x_wconf 88' lang='lat' dir='ltr'>c</span> <span class='ocrx_word' id='word_1_1549' title='bbox 1454 2801 1472 2820; x_wconf 79' lang='grc' dir='ltr'><em>υ</em></span> <span class='ocrx_word' id='word_1_1550' title='bbox 1482 2802 1496 2820; x_wconf 75' lang='lat' dir='ltr'>B</span> <span class='ocrx_word' id='word_1_1551' title='bbox 1505 2803 1514 2820; x_wconf 90' lang='lat'>1</span> <span class='ocrx_word' id='word_1_1552' title='bbox 1523 2802 1542 2821; x_wconf 82' lang='grc' dir='ltr'>υ</span> <span class='ocrx_word' id='word_1_1553' title='bbox 1552 2802 1564 2822; x_wconf 85' lang='lat' dir='ltr'>s</span> <span class='ocrx_word' id='word_1_1554' title='bbox 1576 2810 1584 2827; x_wconf 64' lang='lat' dir='ltr'>s</span> <span class='ocrx_word' id='word_1_1555' title='bbox 1607 2802 1638 2828; x_wconf 76' lang='lat' dir='ltr'>a,</span> <span class='ocrx_word' id='word_1_1556' title='bbox 1659 2801 1716 2821; x_wconf 89' lang='lat' dir='ltr'>um.</span> <span class='ocrx_word' id='word_1_1557' title='bbox 1739 2792 1799 2827; x_wconf 83' lang='lat' dir='ltr'>Adj.</span> <span class='ocrx_word' id='word_1_1558' title='bbox 1821 2790 1962 2820; x_wconf 83' lang='lat' dir='ltr'>invenitur</span> <span class='ocrx_word' id='word_1_1559' title='bbox 1993 2788 2138 2824; x_wconf 83' lang='lat' dir='ltr'>letumque</span> <span class='ocrx_word' id='word_1_1560' title='bbox 2148 2795 2213 2816; x_wconf 87' lang='lat' dir='ltr'>cum</span> <span class='ocrx_word' id='word_1_1561' title='bbox 2223 2794 2293 2814; x_wconf 90' lang='lat' dir='ltr'>voce</span> <span class='ocrx_word' id='word_1_1562' title='bbox 2300 2784 2365 2813; x_wconf 77' lang='lat' dir='ltr'>Nox</span> <span class='ocrx_word' id='word_1_1563' title='bbox 2375 2780 2495 2818; x_wconf 73' lang='lat' dir='ltr'>coniun-</span> 
     </span>
     <span class='ocr_line' id='line_1_173' title="bbox 1375 2799 2493 2865; baseline -0.008 -8"><span class='ocrx_word' id='word_1_1564' title='bbox 1375 2827 1426 2858; x_wconf 69' lang='lat' dir='ltr'>&amp;a</span> <span class='ocrx_word' id='word_1_1565' title='bbox 1447 2828 1538 2859; x_wconf 89' lang='lat' dir='ltr'>Tacit.</span> <span class='ocrx_word' id='word_1_1566' title='bbox 1554 2839 1576 2858; x_wconf 91' lang='lat'>1.</span> <span class='ocrx_word' id='word_1_1567' title='bbox 1590 2830 1658 2859; x_wconf 81' lang='lat' dir='ltr'>Ann.</span> <span class='ocrx_word' id='word_1_1568' title='bbox 1673 2839 1715 2865; x_wconf 58' lang='grc' dir='ltr'>ιο.</span> <span class='ocrx_word' id='word_1_1569' title='bbox 1735 2829 1792 2859; x_wconf 88' lang='lat' dir='ltr'>Val.</span> <span class='ocrx_word' id='word_1_1570' title='bbox 1805 2829 1880 2858; x_wconf 81' lang='lat' dir='ltr'>Max.</span> <span class='ocrx_word' id='word_1_1571' title='bbox 1895 2838 1917 2857; x_wconf 91' lang='lat' dir='ltr'>i.</span> <span class='ocrx_word' id='word_1_1572' title='bbox 1930 2838 1954 2862; x_wconf 81' lang='grc' dir='ltr'>ς.</span> <span class='ocrx_word' id='word_1_1573' title='bbox 1970 2799 2029 2856; x_wconf 57' lang='lat' dir='ltr'>{im</span> <span class='ocrx_word' id='word_1_1574' title='bbox 2041 2835 2086 2861; x_wconf 68' lang='grc' dir='ltr'>ας.</span> <span class='ocrx_word' id='word_1_1575' title='bbox 2099 2835 2125 2860; x_wconf 83' lang='lat'>9.</span> <span class='ocrx_word' id='word_1_1576' title='bbox 2147 2824 2252 2861; x_wconf 75' lang='lat' dir='ltr'>Saepius</span> <span class='ocrx_word' id='word_1_1577' title='bbox 2263 2821 2337 2860; x_wconf 87' lang='lat' dir='ltr'>apud</span> <span class='ocrx_word' id='word_1_1578' title='bbox 2352 2819 2493 2850; x_wconf 85' lang='lat' dir='ltr'>Valerium</span> 
     </span>
     <span class='ocr_line' id='line_1_174' title="bbox 1375 2858 2494 2905; baseline -0.009 -9"><span class='ocrx_word' id='word_1_1579' title='bbox 1375 2866 1495 2896; x_wconf 60' lang='lat' dir='ltr'>Noctem</span> <span class='ocrx_word' id='word_1_1580' title='bbox 1508 2868 1676 2905; x_wconf 85' lang='lat' dir='ltr'>profundam</span> <span class='ocrx_word' id='word_1_1581' title='bbox 1687 2867 1828 2904; x_wconf 77' lang='lat' dir='ltr'>significat.</span> <span class='ocrx_word' id='word_1_1582' title='bbox 1871 2865 1939 2895; x_wconf 89' lang='lat' dir='ltr'>Plin.</span> <span class='ocrx_word' id='word_1_1583' title='bbox 1952 2865 2002 2894; x_wconf 89' lang='lat' dir='ltr'>lib.</span> <span class='ocrx_word' id='word_1_1584' title='bbox 2015 2873 2059 2898; x_wconf 79' lang='lat'>29.</span> <span class='ocrx_word' id='word_1_1585' title='bbox 2072 2873 2134 2901; x_wconf 88' lang='lat' dir='ltr'>cap.</span> <span class='ocrx_word' id='word_1_1586' title='bbox 2148 2865 2174 2892; x_wconf 89' lang='grc'>6.</span> <span class='ocrx_word' id='word_1_1587' title='bbox 2204 2860 2255 2890; x_wconf 79' lang='lat' dir='ltr'>Alii</span> <span class='ocrx_word' id='word_1_1588' title='bbox 2273 2865 2434 2895; x_wconf 79' lang='lat' dir='ltr'>excoquunt</span> <span class='ocrx_word' id='word_1_1589' title='bbox 2451 2858 2494 2895; x_wconf 89' lang='lat' dir='ltr'>ip-</span> 
     </span>
     <span class='ocr_line' id='line_1_175' title="bbox 1375 2896 2493 2948; baseline -0.008 -15"><span class='ocrx_word' id='word_1_1590' title='bbox 1375 2903 1435 2948; x_wconf 79' lang='lat' dir='ltr'>suin</span> <span class='ocrx_word' id='word_1_1591' title='bbox 1444 2926 1451 2939; x_wconf 90' lang='lat'>‚</span> <span class='ocrx_word' id='word_1_1592' title='bbox 1474 2906 1499 2935; x_wconf 76' lang='grc' dir='ltr'>ἃ</span> <span class='ocrx_word' id='word_1_1593' title='bbox 1510 2907 1592 2934; x_wconf 72' lang='lat' dir='ltr'>noc‘te</span> <span class='ocrx_word' id='word_1_1594' title='bbox 1603 2905 1740 2935; x_wconf 85' lang='lat' dir='ltr'>concubia</span> <span class='ocrx_word' id='word_1_1595' title='bbox 1751 2906 1780 2934; x_wconf 89' lang='lat' dir='ltr'>in</span> <span class='ocrx_word' id='word_1_1596' title='bbox 1787 2903 1952 2943; x_wconf 86' lang='lat' dir='ltr'>plumbeum</span> <span class='ocrx_word' id='word_1_1597' title='bbox 1960 2912 2006 2932; x_wconf 87' lang='lat' dir='ltr'>vas</span> <span class='ocrx_word' id='word_1_1598' title='bbox 2016 2901 2153 2931; x_wconf 88' lang='lat' dir='ltr'>condunt.</span> <span class='ocrx_word' id='word_1_1599' title='bbox 2180 2898 2240 2928; x_wconf 88' lang='lat' dir='ltr'>Cic.</span> <span class='ocrx_word' id='word_1_1600' title='bbox 2255 2907 2278 2927; x_wconf 86' lang='lat'>1.</span> <span class='ocrx_word' id='word_1_1601' title='bbox 2290 2897 2326 2926; x_wconf 88' lang='lat' dir='ltr'>de</span> <span class='ocrx_word' id='word_1_1602' title='bbox 2339 2896 2433 2926; x_wconf 88' lang='lat' dir='ltr'>Divin.</span> <span class='ocrx_word' id='word_1_1603' title='bbox 2448 2904 2493 2931; x_wconf 84' lang='grc' dir='ltr'>ς7.</span> 
     </span>
     <span class='ocr_line' id='line_1_176' title="bbox 1377 2932 2494 3010; baseline -0.007 -40"><span class='ocrx_word' id='word_1_1604' title='bbox 1377 2941 1433 2978; x_wconf 86' lang='lat' dir='ltr'>Qui</span> <span class='ocrx_word' id='word_1_1605' title='bbox 1445 2948 1475 2986; x_wconf 71' lang='lat' dir='ltr'>iit</span> <span class='ocrx_word' id='word_1_1606' title='bbox 1484 2944 1593 3009; x_wconf 38' lang='lat' dir='ltr'>{appii</span> <span class='ocrx_word' id='word_1_1607' title='bbox 1604 2943 1791 3010; x_wconf 48' lang='lat' dir='ltr'>quisescerent,</span> <span class='ocrx_word' id='word_1_1608' title='bbox 1813 2940 1951 2972; x_wconf 88' lang='lat' dir='ltr'>concubia</span> <span class='ocrx_word' id='word_1_1609' title='bbox 1964 2941 2048 2970; x_wconf 71' lang='lat' dir='ltr'>nocte</span> <span class='ocrx_word' id='word_1_1610' title='bbox 2071 2938 2159 2969; x_wconf 90' lang='lat' dir='ltr'>visum</span> <span class='ocrx_word' id='word_1_1611' title='bbox 2169 2935 2223 2967; x_wconf 85' lang='lat' dir='ltr'>effe</span> <span class='ocrx_word' id='word_1_1612' title='bbox 2236 2936 2265 2965; x_wconf 92' lang='lat' dir='ltr'>in</span> <span class='ocrx_word' id='word_1_1613' title='bbox 2280 2934 2382 2964; x_wconf 88' lang='lat' dir='ltr'>somnis</span> <span class='ocrx_word' id='word_1_1614' title='bbox 2401 2934 2427 2964; x_wconf 84' lang='lat' dir='ltr'>ei</span> <span class='ocrx_word' id='word_1_1615' title='bbox 2445 2932 2494 2971; x_wconf 89' lang='lat' dir='ltr'>qui</span> 
     </span>
     <span class='ocr_line' id='line_1_177' title="bbox 1376 2987 1693 3016; baseline 0.006 -8"><span class='ocrx_word' id='word_1_1616' title='bbox 1376 2987 1471 3008; x_wconf 86' lang='lat' dir='ltr'>eratin</span> <span class='ocrx_word' id='word_1_1617' title='bbox 1506 2990 1521 3009; x_wconf 93' lang='lat'><em>0</em></span> <span class='ocrx_word' id='word_1_1618' title='bbox 1556 2988 1605 3010; x_wconf 90' lang='lat' dir='ltr'>itio</span> <span class='ocrx_word' id='word_1_1619' title='bbox 1614 3002 1623 3016; x_wconf 85' lang='lat'><em>‚</em></span> <span class='ocrx_word' id='word_1_1620' title='bbox 1669 2990 1693 3010; x_wconf 91' lang='lat' dir='ltr'>c.</span> 
     </span>
    </p>

    <p class='ocr_par' dir='ltr' id='par_1_58' title="bbox 1338 2991 2494 3137">
     <span class='ocr_line' id='line_1_178' title="bbox 1338 2991 2494 3054; baseline -0.008 -9"><span class='ocrx_word' id='word_1_1621' title='bbox 1338 3016 1362 3046; x_wconf 88' lang='lat' dir='ltr'>C</span> <span class='ocrx_word' id='word_1_1622' title='bbox 1371 3026 1387 3045; x_wconf 93' lang='lat' dir='ltr'>o</span> <span class='ocrx_word' id='word_1_1623' title='bbox 1397 3026 1417 3045; x_wconf 90' lang='lat' dir='ltr'>N</span> <span class='ocrx_word' id='word_1_1624' title='bbox 1426 3027 1442 3046; x_wconf 89' lang='lat' dir='ltr'>c</span> <span class='ocrx_word' id='word_1_1625' title='bbox 1451 3027 1469 3046; x_wconf 88' lang='lat' dir='ltr'>u</span> <span class='ocrx_word' id='word_1_1626' title='bbox 1478 3028 1493 3046; x_wconf 77' lang='lat' dir='ltr'>a</span> <span class='ocrx_word' id='word_1_1627' title='bbox 1504 3029 1512 3046; x_wconf 90' lang='lat' dir='ltr'>i</span> <span class='ocrx_word' id='word_1_1628' title='bbox 1522 2991 1569 3047; x_wconf 66' lang='lat' dir='ltr'>UpM</span> <span class='ocrx_word' id='word_1_1629' title='bbox 1579 3040 1587 3054; x_wconf 77' lang='grc'>,</span> <span class='ocrx_word' id='word_1_1630' title='bbox 1609 3019 1626 3049; x_wconf 90' lang='lat' dir='ltr'>i.</span> <span class='ocrx_word' id='word_1_1631' title='bbox 1649 3028 1676 3048; x_wconf 85' lang='lat' dir='ltr'>n.</span> <span class='ocrx_word' id='word_1_1632' title='bbox 1699 3016 1889 3054; x_wconf 61' lang='grc' dir='ltr'>[μεπνύκπον]</span> <span class='ocrx_word' id='word_1_1633' title='bbox 1909 3015 2006 3052; x_wconf 85' lang='lat' dir='ltr'>Quum</span> <span class='ocrx_word' id='word_1_1634' title='bbox 2017 3021 2127 3052; x_wconf 85' lang='lat' dir='ltr'>tempus</span> <span class='ocrx_word' id='word_1_1635' title='bbox 2136 3010 2238 3050; x_wconf 87' lang='lat' dir='ltr'>agendi</span> <span class='ocrx_word' id='word_1_1636' title='bbox 2254 3009 2293 3040; x_wconf 82' lang='lat' dir='ltr'>est</span> <span class='ocrx_word' id='word_1_1637' title='bbox 2303 3007 2412 3039; x_wconf 87' lang='lat' dir='ltr'>nullum</span> <span class='ocrx_word' id='word_1_1638' title='bbox 2423 3030 2431 3044; x_wconf 87' lang='lat'><strong>‚</strong></span> <span class='ocrx_word' id='word_1_1639' title='bbox 2451 3007 2494 3036; x_wconf 84' lang='lat' dir='ltr'>di·</span> 
     </span>
     <span class='ocr_line' id='line_1_179' title="bbox 1375 3046 2494 3093; baseline -0.007 -10"><span class='ocrx_word' id='word_1_1640' title='bbox 1375 3062 1475 3084; x_wconf 80' lang='lat' dir='ltr'>xerunt</span> <span class='ocrx_word' id='word_1_1641' title='bbox 1487 3061 1609 3092; x_wconf 85' lang='lat' dir='ltr'>veteres,</span> <span class='ocrx_word' id='word_1_1642' title='bbox 1630 3056 1706 3093; x_wconf 91' lang='lat' dir='ltr'>quod</span> <span class='ocrx_word' id='word_1_1643' title='bbox 1722 3065 1820 3085; x_wconf 89' lang='lat' dir='ltr'>omnes</span> <span class='ocrx_word' id='word_1_1644' title='bbox 1834 3055 1891 3084; x_wconf 89' lang='lat' dir='ltr'>fere</span> <span class='ocrx_word' id='word_1_1645' title='bbox 1906 3060 1974 3083; x_wconf 88' lang='lat' dir='ltr'>tunc</span> <span class='ocrx_word' id='word_1_1646' title='bbox 1990 3052 2130 3082; x_wconf 88' lang='lat' dir='ltr'>cubarent.</span> <span class='ocrx_word' id='word_1_1647' title='bbox 2167 3049 2219 3079; x_wconf 86' lang='lat' dir='ltr'>Alii</span> <span class='ocrx_word' id='word_1_1648' title='bbox 2232 3046 2430 3085; x_wconf 69' lang='lat' dir='ltr'>intempestam</span> <span class='ocrx_word' id='word_1_1649' title='bbox 2443 3055 2494 3075; x_wconf 87' lang='lat' dir='ltr'>no·</span> 
     </span>
     <span class='ocr_line' id='line_1_180' title="bbox 1377 3088 2362 3137; baseline -0.007 -16"><span class='ocrx_word' id='word_1_1650' title='bbox 1377 3093 1451 3121; x_wconf 66' lang='lat' dir='ltr'>(tem</span> <span class='ocrx_word' id='word_1_1651' title='bbox 1466 3100 1586 3137; x_wconf 71' lang='lat' dir='ltr'>vocant:</span> <span class='ocrx_word' id='word_1_1652' title='bbox 1607 3093 1653 3123; x_wconf 78' lang='lat' dir='ltr'>alii</span> <span class='ocrx_word' id='word_1_1653' title='bbox 1665 3104 1680 3123; x_wconf 87' lang='lat' dir='ltr'>a</span> <span class='ocrx_word' id='word_1_1654' title='bbox 1689 3093 1775 3123; x_wconf 88' lang='lat' dir='ltr'>Silere</span> <span class='ocrx_word' id='word_1_1655' title='bbox 1787 3115 1794 3131; x_wconf 79' lang='grc'><em>,</em></span> <span class='ocrx_word' id='word_1_1656' title='bbox 1816 3092 1975 3122; x_wconf 81' lang='lat' dir='ltr'>Silentium.</span> <span class='ocrx_word' id='word_1_1657' title='bbox 1996 3089 2083 3119; x_wconf 86' lang='lat' dir='ltr'>Plaut.</span> <span class='ocrx_word' id='word_1_1658' title='bbox 2096 3088 2224 3118; x_wconf 85' lang='lat' dir='ltr'>Trinum.</span> <span class='ocrx_word' id='word_1_1659' title='bbox 2236 3097 2263 3122; x_wconf 86' lang='grc'>4.</span> <span class='ocrx_word' id='word_1_1660' title='bbox 2277 3095 2304 3116; x_wconf 78' lang='lat'>2.</span> <span class='ocrx_word' id='word_1_1661' title='bbox 2316 3095 2362 3121; x_wconf 78' lang='grc'>44.</span> 
     </span>
    </p>

    <p class='ocr_par' dir='ltr' id='par_1_59' title="bbox 1373 3126 2495 3320">
     <span class='ocr_line' id='line_1_181' title="bbox 1457 3126 2196 3168; baseline -0.009 -7"><span class='ocrx_word' id='word_1_1662' title='bbox 1457 3131 1485 3160; x_wconf 79' lang='lat' dir='ltr'>Si</span> <span class='ocrx_word' id='word_1_1663' title='bbox 1496 3138 1560 3160; x_wconf 87' lang='lat' dir='ltr'>ante</span> <span class='ocrx_word' id='word_1_1664' title='bbox 1570 3130 1662 3161; x_wconf 88' lang='lat' dir='ltr'>lucem</span> <span class='ocrx_word' id='word_1_1665' title='bbox 1673 3132 1711 3161; x_wconf 88' lang='lat' dir='ltr'>ire</span> <span class='ocrx_word' id='word_1_1666' title='bbox 1723 3131 1845 3168; x_wconf 85' lang='lat' dir='ltr'>occipias</span> <span class='ocrx_word' id='word_1_1667' title='bbox 1857 3139 1872 3158; x_wconf 87' lang='lat' dir='ltr'>a</span> <span class='ocrx_word' id='word_1_1668' title='bbox 1881 3139 1946 3158; x_wconf 88' lang='lat' dir='ltr'>meo</span> <span class='ocrx_word' id='word_1_1669' title='bbox 1961 3127 2051 3166; x_wconf 86' lang='lat' dir='ltr'>primo</span> <span class='ocrx_word' id='word_1_1670' title='bbox 2062 3126 2178 3156; x_wconf 90' lang='lat' dir='ltr'>nomine</span> <span class='ocrx_word' id='word_1_1671' title='bbox 2187 3146 2196 3160; x_wconf 78' lang='lat'><em>‚</em></span> 
     </span>
     <span class='ocr_line' id='line_1_182' title="bbox 1442 3159 2386 3211; baseline -0.012 -12"><span class='ocrx_word' id='word_1_1672' title='bbox 1442 3168 1632 3211; x_wconf 41' lang='lat' dir='ltr'>‚Concubium</span> <span class='ocrx_word' id='word_1_1673' title='bbox 1645 3169 1674 3197; x_wconf 83' lang='lat' dir='ltr'>lit</span> <span class='ocrx_word' id='word_1_1674' title='bbox 1684 3170 1774 3198; x_wconf 69' lang='lat' dir='ltr'>noctis</span> <span class='ocrx_word' id='word_1_1675' title='bbox 1786 3190 1794 3202; x_wconf 74' lang='lat'>,</span> <span class='ocrx_word' id='word_1_1676' title='bbox 1816 3168 1891 3205; x_wconf 72' lang='lat' dir='ltr'>prius</span> <span class='ocrx_word' id='word_1_1677' title='bbox 1901 3175 1983 3204; x_wconf 89' lang='lat' dir='ltr'>quarn</span> <span class='ocrx_word' id='word_1_1678' title='bbox 1992 3165 2027 3195; x_wconf 86' lang='lat' dir='ltr'>ad</span> <span class='ocrx_word' id='word_1_1679' title='bbox 2039 3164 2206 3202; x_wconf 83' lang='lat' dir='ltr'>postremum</span> <span class='ocrx_word' id='word_1_1680' title='bbox 2239 3159 2386 3191; x_wconf 86' lang='lat' dir='ltr'>erveneris.</span> 
     </span>
     <span class='ocr_line' id='line_1_183' title="bbox 1373 3194 2495 3244; baseline -0.009 -10"><span class='ocrx_word' id='word_1_1681' title='bbox 1373 3203 1482 3235; x_wconf 87' lang='lat' dir='ltr'>Gellius</span> <span class='ocrx_word' id='word_1_1682' title='bbox 1492 3216 1541 3244; x_wconf 91' lang='lat' dir='ltr'>pro</span> <span class='ocrx_word' id='word_1_1683' title='bbox 1552 3207 1712 3236; x_wconf 87' lang='lat' dir='ltr'>Concubitu</span> <span class='ocrx_word' id='word_1_1684' title='bbox 1734 3205 1825 3244; x_wconf 87' lang='lat' dir='ltr'>posuit</span> <span class='ocrx_word' id='word_1_1685' title='bbox 1843 3215 1868 3239; x_wconf 83' lang='lat'>9.</span> <span class='ocrx_word' id='word_1_1686' title='bbox 1883 3214 1924 3234; x_wconf 89' lang='lat'>10.</span> <span class='ocrx_word' id='word_1_1687' title='bbox 1947 3201 2144 3233; x_wconf 87' lang='lat' dir='ltr'>Venerandum</span> <span class='ocrx_word' id='word_1_1688' title='bbox 2162 3200 2211 3229; x_wconf 89' lang='lat' dir='ltr'>illu</span> <span class='ocrx_word' id='word_1_1689' title='bbox 2250 3197 2382 3228; x_wconf 84' lang='lat' dir='ltr'>concubii</span> <span class='ocrx_word' id='word_1_1690' title='bbox 2398 3194 2495 3234; x_wconf 84' lang='lat' dir='ltr'>pudici</span> 
     </span>
     <span class='ocr_line' id='line_1_184' title="bbox 1395 3234 2495 3286; baseline -0.008 -15"><span class='ocrx_word' id='word_1_1691' title='bbox 1395 3242 1538 3286; x_wconf 76' lang='lat' dir='ltr'>secretum.</span> <span class='ocrx_word' id='word_1_1692' title='bbox 1579 3244 1658 3280; x_wconf 89' lang='lat' dir='ltr'>[Nisi</span> <span class='ocrx_word' id='word_1_1693' title='bbox 1673 3245 1744 3274; x_wconf 85' lang='lat' dir='ltr'>forte</span> <span class='ocrx_word' id='word_1_1694' title='bbox 1754 3242 1894 3273; x_wconf 88' lang='lat' dir='ltr'>Connubii</span> <span class='ocrx_word' id='word_1_1695' title='bbox 1907 3240 2066 3279; x_wconf 81' lang='lat' dir='ltr'>legendum.</span> <span class='ocrx_word' id='word_1_1696' title='bbox 2105 3236 2250 3268; x_wconf 75' lang='lat' dir='ltr'>connubii</span> <span class='ocrx_word' id='word_1_1697' title='bbox 2265 3236 2342 3266; x_wconf 88' lang='lat' dir='ltr'>enim</span> <span class='ocrx_word' id='word_1_1698' title='bbox 2359 3234 2495 3264; x_wconf 88' lang='lat' dir='ltr'>secretum</span> 
     </span>
     <span class='ocr_line' id='line_1_185' title="bbox 1396 3280 2455 3320; baseline -0.004 -11"><span class='ocrx_word' id='word_1_1699' title='bbox 1396 3281 1435 3309; x_wconf 91' lang='lat' dir='ltr'>est</span> <span class='ocrx_word' id='word_1_1700' title='bbox 1447 3282 1528 3318; x_wconf 75' lang='lat' dir='ltr'>ipsius</span> <span class='ocrx_word' id='word_1_1701' title='bbox 1539 3282 1705 3311; x_wconf 88' lang='lat' dir='ltr'>concubitus</span> <span class='ocrx_word' id='word_1_1702' title='bbox 1715 3280 1886 3320; x_wconf 82' lang='lat' dir='ltr'>periphrasis.</span> <span class='ocrx_word' id='word_1_1703' title='bbox 2443 3295 2455 3309; x_wconf 68' lang='lat' dir='ltr'>a</span> 
     </span>
    </p>

    <p class='ocr_par' dir='ltr' id='par_1_60' title="bbox 1338 3308 2493 3461">
     <span class='ocr_line' id='line_1_186' title="bbox 1338 3308 2490 3361; baseline -0.009 -15"><span class='ocrx_word' id='word_1_1704' title='bbox 1338 3315 1362 3346; x_wconf 84' lang='lat' dir='ltr'>C</span> <span class='ocrx_word' id='word_1_1705' title='bbox 1372 3327 1388 3346; x_wconf 91' lang='lat' dir='ltr'>o</span> <span class='ocrx_word' id='word_1_1706' title='bbox 1398 3326 1418 3361; x_wconf 78' lang='grc' dir='ltr'>Ν</span> <span class='ocrx_word' id='word_1_1707' title='bbox 1427 3327 1444 3347; x_wconf 89' lang='lat' dir='ltr'>c</span> <span class='ocrx_word' id='word_1_1708' title='bbox 1454 3329 1471 3347; x_wconf 89' lang='lat' dir='ltr'>u</span> <span class='ocrx_word' id='word_1_1709' title='bbox 1482 3330 1498 3347; x_wconf 68' lang='lat' dir='ltr'>c</span> <span class='ocrx_word' id='word_1_1710' title='bbox 1508 3329 1524 3348; x_wconf 92' lang='lat' dir='ltr'>c</span> <span class='ocrx_word' id='word_1_1711' title='bbox 1534 3329 1551 3348; x_wconf 95' lang='lat' dir='ltr'>o</span> <span class='ocrx_word' id='word_1_1712' title='bbox 1562 3341 1570 3354; x_wconf 82' lang='lat'><em>‚</em></span> <span class='ocrx_word' id='word_1_1713' title='bbox 1591 3318 1606 3356; x_wconf 89' lang='lat'>[</span> <span class='ocrx_word' id='word_1_1714' title='bbox 1618 3318 1779 3354; x_wconf 63' lang='grc' dir='ltr'>συμπητέω]</span> <span class='ocrx_word' id='word_1_1715' title='bbox 1800 3321 1855 3348; x_wconf 69' lang='lat' dir='ltr'>are.</span> <span class='ocrx_word' id='word_1_1716' title='bbox 1876 3317 1956 3347; x_wconf 91' lang='lat' dir='ltr'>Idem</span> <span class='ocrx_word' id='word_1_1717' title='bbox 1972 3314 2048 3354; x_wconf 84' lang='lat' dir='ltr'>quod</span> <span class='ocrx_word' id='word_1_1718' title='bbox 2072 3312 2184 3343; x_wconf 87' lang='lat' dir='ltr'>Calcare</span> <span class='ocrx_word' id='word_1_1719' title='bbox 2197 3333 2206 3347; x_wconf 88' lang='lat'>‚</span> <span class='ocrx_word' id='word_1_1720' title='bbox 2226 3308 2275 3341; x_wconf 75' lang='lat' dir='ltr'>nisi</span> <span class='ocrx_word' id='word_1_1721' title='bbox 2295 3319 2337 3340; x_wconf 89' lang='lat' dir='ltr'>co</span> <span class='ocrx_word' id='word_1_1722' title='bbox 2345 3318 2367 3338; x_wconf 91' lang='lat' dir='ltr'>N</span> <span class='ocrx_word' id='word_1_1723' title='bbox 2385 3312 2490 3345; x_wconf 76' lang='lat' dir='ltr'>augeat.</span> 
     </span>
     <span class='ocr_line' id='line_1_187' title="bbox 1378 3347 2493 3392; baseline -0.009 -9"><span class='ocrx_word' id='word_1_1724' title='bbox 1378 3356 1437 3384; x_wconf 83' lang='lat' dir='ltr'>Cic.</span> <span class='ocrx_word' id='word_1_1725' title='bbox 1451 3361 1476 3390; x_wconf 84' lang='lat'>8.</span> <span class='ocrx_word' id='word_1_1726' title='bbox 1491 3358 1544 3386; x_wconf 74' lang='lat' dir='ltr'>Art.</span> <span class='ocrx_word' id='word_1_1727' title='bbox 1560 3366 1601 3386; x_wconf 87' lang='lat'>11.</span> <span class='ocrx_word' id='word_1_1728' title='bbox 1624 3357 1789 3386; x_wconf 84' lang='lat' dir='ltr'>Coneulcari</span> <span class='ocrx_word' id='word_1_1729' title='bbox 1800 3378 1809 3391; x_wconf 80' lang='lat'><strong>‚</strong></span> <span class='ocrx_word' id='word_1_1730' title='bbox 1829 3356 1960 3392; x_wconf 77' lang='lat' dir='ltr'>inquam,</span> <span class='ocrx_word' id='word_1_1731' title='bbox 1981 3352 2108 3383; x_wconf 84' lang='lat' dir='ltr'>miseram</span> <span class='ocrx_word' id='word_1_1732' title='bbox 2122 3350 2230 3380; x_wconf 81' lang='lat' dir='ltr'>ltaliam</span> <span class='ocrx_word' id='word_1_1733' title='bbox 2247 3348 2354 3379; x_wconf 84' lang='lat' dir='ltr'>videbis</span> <span class='ocrx_word' id='word_1_1734' title='bbox 2367 3347 2493 3389; x_wconf 80' lang='lat' dir='ltr'>proxima</span> 
     </span>
     <span class='ocr_line' id='line_1_188' title="bbox 1377 3383 2492 3461; baseline -0.013 -35"><span class='ocrx_word' id='word_1_1735' title='bbox 1377 3394 1486 3459; x_wconf 52' lang='lat' dir='ltr'>{3stth</span> <span class='ocrx_word' id='word_1_1736' title='bbox 1506 3394 1765 3461; x_wconf 47' lang='lat' dir='ltr'>{qffatiutriusque</span> <span class='ocrx_word' id='word_1_1737' title='bbox 1777 3395 1804 3423; x_wconf 88' lang='lat' dir='ltr'>vi</span> <span class='ocrx_word' id='word_1_1738' title='bbox 1817 3415 1825 3430; x_wconf 90' lang='lat'>,</span> <span class='ocrx_word' id='word_1_1739' title='bbox 1847 3391 1995 3430; x_wconf 83' lang='lat' dir='ltr'>mancipiis</span> <span class='ocrx_word' id='word_1_1740' title='bbox 2005 3399 2041 3421; x_wconf 81' lang='lat' dir='ltr'>ex</span> <span class='ocrx_word' id='word_1_1741' title='bbox 2050 3389 2128 3419; x_wconf 86' lang='lat' dir='ltr'>omni</span> <span class='ocrx_word' id='word_1_1742' title='bbox 2148 3397 2249 3426; x_wconf 86' lang='lat' dir='ltr'>genere</span> <span class='ocrx_word' id='word_1_1743' title='bbox 2269 3384 2404 3416; x_wconf 70' lang='lat' dir='ltr'>collectis.</span> <span class='ocrx_word' id='word_1_1744' title='bbox 2434 3383 2453 3413; x_wconf 91' lang='lat' dir='ltr'>i.</span> <span class='ocrx_word' id='word_1_1745' title='bbox 2466 3392 2492 3412; x_wconf 80' lang='lat' dir='ltr'>e.</span> 
     </span>
    </p>

    <p class='ocr_par' dir='ltr' id='par_1_61' title="bbox 1377 3440 2135 3505">
     <span class='ocr_line' id='line_1_189' title="bbox 1403 3440 1630 3465; baseline 0.013 -7"><span class='ocrx_word' id='word_1_1746' title='bbox 1403 3441 1415 3459; x_wconf 78' lang='grc' dir='ltr'>ἶί</span> <span class='ocrx_word' id='word_1_1747' title='bbox 1442 3440 1480 3460; x_wconf 74' lang='lat' dir='ltr'>an</span> <span class='ocrx_word' id='word_1_1748' title='bbox 1491 3454 1499 3465; x_wconf 60' lang='lat'><em>5</em></span> <span class='ocrx_word' id='word_1_1749' title='bbox 1541 3442 1554 3461; x_wconf 74' lang='lat' dir='ltr'>C</span> <span class='ocrx_word' id='word_1_1750' title='bbox 1580 3443 1630 3462; x_wconf 73' lang='grc' dir='ltr'>ΠΗ.</span> 
     </span>
     <span class='ocr_line' id='line_1_190' title="bbox 1377 3463 2135 3505; baseline -0.003 -10"><span class='ocrx_word' id='word_1_1751' title='bbox 1377 3467 1495 3498; x_wconf 87' lang='lat' dir='ltr'>Pedibus</span> <span class='ocrx_word' id='word_1_1752' title='bbox 1506 3470 1674 3499; x_wconf 87' lang='lat' dir='ltr'>conculcare</span> <span class='ocrx_word' id='word_1_1753' title='bbox 1683 3469 1812 3505; x_wconf 89' lang='lat' dir='ltr'>aliquem.</span> <span class='ocrx_word' id='word_1_1754' title='bbox 1834 3467 1918 3497; x_wconf 86' lang='lat' dir='ltr'>Ovid.</span> <span class='ocrx_word' id='word_1_1755' title='bbox 1935 3475 1976 3496; x_wconf 79' lang='lat'>12.</span> <span class='ocrx_word' id='word_1_1756' title='bbox 1990 3463 2059 3495; x_wconf 82' lang='lat' dir='ltr'>Met.</span> <span class='ocrx_word' id='word_1_1757' title='bbox 2072 3473 2135 3500; x_wconf 77' lang='lat'>374.</span> 
     </span>
    </p>

    <p class='ocr_par' dir='ltr' id='par_1_62' title="bbox 1340 3503 2166 3543">
     <span class='ocr_line' id='line_1_191' title="bbox 1340 3503 2166 3543; baseline -0.005 -9"><span class='ocrx_word' id='word_1_1758' title='bbox 1340 3540 1342 3543; x_wconf 50' lang='lat'>.</span> <span class='ocrx_word' id='word_1_1759' title='bbox 1378 3504 1517 3537; x_wconf 77' lang='lat' dir='ltr'>Proterere</span> <span class='ocrx_word' id='word_1_1760' title='bbox 1528 3509 1552 3537; x_wconf 69' lang='grc' dir='ltr'>δι</span> <span class='ocrx_word' id='word_1_1761' title='bbox 1563 3505 1868 3542; x_wconf 83' lang='lat' dir='ltr'>conculcare-aliquem.</span> <span class='ocrx_word' id='word_1_1762' title='bbox 1892 3504 1950 3533; x_wconf 93' lang='lat' dir='ltr'>Cic.</span> <span class='ocrx_word' id='word_1_1763' title='bbox 1968 3513 2019 3542; x_wconf 87' lang='lat' dir='ltr'>pro</span> <span class='ocrx_word' id='word_1_1764' title='bbox 2033 3503 2104 3532; x_wconf 84' lang='lat' dir='ltr'>Flac.</span> <span class='ocrx_word' id='word_1_1765' title='bbox 2123 3509 2166 3537; x_wconf 78' lang='lat'>53.</span> 
     </span>
    </p>

    <p class='ocr_par' dir='ltr' id='par_1_63' title="bbox 1341 3531 2492 3620">
     <span class='ocr_line' id='line_1_192' title="bbox 1341 3531 2492 3579; baseline -0.002 -8"><span class='ocrx_word' id='word_1_1766' title='bbox 1341 3539 1389 3571; x_wconf 90' lang='lat' dir='ltr'>Co</span> <span class='ocrx_word' id='word_1_1767' title='bbox 1400 3553 1418 3570; x_wconf 88' lang='lat' dir='ltr'>N</span> <span class='ocrx_word' id='word_1_1768' title='bbox 1431 3552 1447 3571; x_wconf 90' lang='lat' dir='ltr'>c</span> <span class='ocrx_word' id='word_1_1769' title='bbox 1457 3553 1525 3573; x_wconf 77' lang='grc' dir='ltr'>υιε</span> <span class='ocrx_word' id='word_1_1770' title='bbox 1535 3554 1581 3573; x_wconf 76' lang='grc' dir='ltr'>Ατ</span> <span class='ocrx_word' id='word_1_1771' title='bbox 1591 3556 1599 3573; x_wconf 94' lang='lat'>1</span> <span class='ocrx_word' id='word_1_1772' title='bbox 1610 3555 1627 3574; x_wconf 90' lang='lat' dir='ltr'>o</span> <span class='ocrx_word' id='word_1_1773' title='bbox 1638 3567 1645 3579; x_wconf 76' lang='grc'><em>,</em></span> <span class='ocrx_word' id='word_1_1774' title='bbox 1670 3545 1741 3574; x_wconf 70' lang='lat' dir='ltr'>onis.</span> <span class='ocrx_word' id='word_1_1775' title='bbox 1761 3543 1780 3573; x_wconf 84' lang='lat' dir='ltr'>f.</span> <span class='ocrx_word' id='word_1_1776' title='bbox 1813 3540 1965 3578; x_wconf 65' lang='lat' dir='ltr'>[vi-dnm]</span> <span class='ocrx_word' id='word_1_1777' title='bbox 1994 3541 2066 3571; x_wconf 88' lang='lat' dir='ltr'>Plin.</span> <span class='ocrx_word' id='word_1_1778' title='bbox 2082 3539 2130 3568; x_wconf 88' lang='lat' dir='ltr'>lib.</span> <span class='ocrx_word' id='word_1_1779' title='bbox 2143 3543 2167 3570; x_wconf 68' lang='lat'>8.</span> <span class='ocrx_word' id='word_1_1780' title='bbox 2187 3545 2248 3575; x_wconf 66' lang='lat'><strong>0³1³·</strong></span> <span class='ocrx_word' id='word_1_1781' title='bbox 2262 3539 2305 3570; x_wconf 83' lang='lat'>18·</span> <span class='ocrx_word' id='word_1_1782' title='bbox 2335 3531 2492 3565; x_wconf 59' lang='lat' dir='ltr'>Obturbast</span> 
     </span>
     <span class='ocr_line' id='line_1_193' title="bbox 1378 3577 2160 3620; baseline -0.004 -11"><span class='ocrx_word' id='word_1_1783' title='bbox 1378 3581 1591 3612; x_wconf 79' lang='lat' dir='ltr'>conculcatione</span> <span class='ocrx_word' id='word_1_1784' title='bbox 1602 3584 1677 3620; x_wconf 84' lang='lat' dir='ltr'>prius</span> <span class='ocrx_word' id='word_1_1785' title='bbox 1687 3591 1756 3619; x_wconf 87' lang='lat' dir='ltr'>aqua</span> <span class='ocrx_word' id='word_1_1786' title='bbox 1765 3602 1774 3616; x_wconf 80' lang='lat'><strong>‚</strong></span> <span class='ocrx_word' id='word_1_1787' title='bbox 1795 3581 1873 3609; x_wconf 87' lang='lat' dir='ltr'>aliter</span> <span class='ocrx_word' id='word_1_1788' title='bbox 1881 3586 1951 3618; x_wconf 86' lang='lat' dir='ltr'>potu</span> <span class='ocrx_word' id='word_1_1789' title='bbox 1962 3588 2020 3608; x_wconf 90' lang='lat' dir='ltr'>non</span> <span class='ocrx_word' id='word_1_1790' title='bbox 2028 3577 2160 3616; x_wconf 83' lang='lat' dir='ltr'>gaudent.</span> 
     </span>
    </p>

    <p class='ocr_par' dir='ltr' id='par_1_64' title="bbox 1340 3615 2011 3654">
     <span class='ocr_line' id='line_1_194' title="bbox 1340 3615 2011 3654; baseline 0 -9"><span class='ocrx_word' id='word_1_1791' title='bbox 1340 3615 1620 3649; x_wconf 67' lang='lat' dir='ltr'>C0NcuchTus</span> <span class='ocrx_word' id='word_1_1792' title='bbox 1631 3642 1638 3654; x_wconf 83' lang='grc'><em>,</em></span> <span class='ocrx_word' id='word_1_1793' title='bbox 1661 3622 1702 3649; x_wconf 74' lang='lat' dir='ltr'>iis.</span> <span class='ocrx_word' id='word_1_1794' title='bbox 1725 3629 1761 3648; x_wconf 94' lang='lat' dir='ltr'>m.</span> <span class='ocrx_word' id='word_1_1795' title='bbox 1784 3617 1871 3647; x_wconf 84' lang='lat' dir='ltr'>Idem.</span> <span class='ocrx_word' id='word_1_1796' title='bbox 1893 3615 2011 3646; x_wconf 83' lang='lat' dir='ltr'>Tertull.</span> 
     </span>
    </p>

    <p class='ocr_par' dir='ltr' id='par_1_65' title="bbox 1342 3651 1994 3692">
     <span class='ocr_line' id='line_1_195' title="bbox 1342 3651 1994 3692; baseline 0.002 -10"><span class='ocrx_word' id='word_1_1797' title='bbox 1342 3654 1364 3682; x_wconf 92' lang='lat' dir='ltr'>C</span> <span class='ocrx_word' id='word_1_1798' title='bbox 1374 3664 1390 3682; x_wconf 84' lang='lat'>0</span> <span class='ocrx_word' id='word_1_1799' title='bbox 1400 3665 1418 3683; x_wconf 88' lang='grc' dir='ltr'>Ν</span> <span class='ocrx_word' id='word_1_1800' title='bbox 1431 3665 1446 3684; x_wconf 85' lang='lat' dir='ltr'>c</span> <span class='ocrx_word' id='word_1_1801' title='bbox 1458 3666 1476 3684; x_wconf 86' lang='lat' dir='ltr'>u</span> <span class='ocrx_word' id='word_1_1802' title='bbox 1486 3667 1506 3684; x_wconf 81' lang='lat' dir='ltr'>M</span> <span class='ocrx_word' id='word_1_1803' title='bbox 1515 3659 1531 3685; x_wconf 87' lang='grc' dir='ltr'><strong>ῠ</strong></span> <span class='ocrx_word' id='word_1_1804' title='bbox 1543 3667 1582 3686; x_wconf 73' lang='grc' dir='ltr'>ιο</span> <span class='ocrx_word' id='word_1_1805' title='bbox 1594 3679 1602 3692; x_wconf 89' lang='grc'><em>,</em></span> <span class='ocrx_word' id='word_1_1806' title='bbox 1623 3660 1678 3687; x_wconf 67' lang='grc' dir='ltr'>δῖε.</span> <span class='ocrx_word' id='word_1_1807' title='bbox 1700 3667 1715 3686; x_wconf 86' lang='lat' dir='ltr'>a</span> <span class='ocrx_word' id='word_1_1808' title='bbox 1728 3655 1872 3685; x_wconf 80' lang='lat' dir='ltr'>cumulus.</span> <span class='ocrx_word' id='word_1_1809' title='bbox 1910 3651 1994 3684; x_wconf 85' lang='lat' dir='ltr'>Unde</span> 
     </span>
    </p>

    <p class='ocr_par' dir='ltr' id='par_1_66' title="bbox 1346 3691 1940 3738">
     <span class='ocr_line' id='line_1_196' title="bbox 1346 3691 1940 3738; baseline -0.002 -17"><span class='ocrx_word' id='word_1_1810' title='bbox 1346 3691 1419 3738; x_wconf 73' lang='lat' dir='ltr'>CoN</span> <span class='ocrx_word' id='word_1_1811' title='bbox 1431 3702 1505 3722; x_wconf 70' lang='lat' dir='ltr'>cun</span> <span class='ocrx_word' id='word_1_1812' title='bbox 1516 3703 1534 3722; x_wconf 90' lang='grc' dir='ltr'><em>υ</em></span> <span class='ocrx_word' id='word_1_1813' title='bbox 1546 3704 1682 3730; x_wconf 63' lang='lat' dir='ltr'>cna-us,</span> <span class='ocrx_word' id='word_1_1814' title='bbox 1707 3694 1800 3723; x_wconf 85' lang='lat' dir='ltr'>Partic.</span> <span class='ocrx_word' id='word_1_1815' title='bbox 1822 3691 1940 3722; x_wconf 84' lang='lat' dir='ltr'>Tertull.</span> 
     </span>
    </p>

    <p class='ocr_par' dir='ltr' id='par_1_67' title="bbox 1339 3728 1980 3774">
     <span class='ocr_line' id='line_1_197' title="bbox 1339 3728 1980 3774; baseline 0 -16"><span class='ocrx_word' id='word_1_1816' title='bbox 1339 3728 1393 3774; x_wconf 90' lang='lat' dir='ltr'>Co</span> <span class='ocrx_word' id='word_1_1817' title='bbox 1404 3739 1449 3758; x_wconf 87' lang='lat' dir='ltr'>Nc</span> <span class='ocrx_word' id='word_1_1818' title='bbox 1461 3740 1478 3758; x_wconf 90' lang='grc' dir='ltr'>υ</span> <span class='ocrx_word' id='word_1_1819' title='bbox 1489 3741 1536 3759; x_wconf 81' lang='lat' dir='ltr'>MU</span> <span class='ocrx_word' id='word_1_1820' title='bbox 1549 3742 1592 3761; x_wconf 74' lang='lat' dir='ltr'>LA</span> <span class='ocrx_word' id='word_1_1821' title='bbox 1602 3741 1665 3761; x_wconf 68' lang='lat' dir='ltr'>*rio</span> <span class='ocrx_word' id='word_1_1822' title='bbox 1677 3754 1684 3767; x_wconf 85' lang='lat'><strong>‚</strong></span> <span class='ocrx_word' id='word_1_1823' title='bbox 1705 3732 1776 3761; x_wconf 66' lang='lat' dir='ltr'>finis.</span> <span class='ocrx_word' id='word_1_1824' title='bbox 1796 3730 1815 3759; x_wconf 85' lang='lat' dir='ltr'>f.</span> <span class='ocrx_word' id='word_1_1825' title='bbox 1837 3730 1980 3760; x_wconf 85' lang='lat' dir='ltr'>Firmicus.</span> 
     </span>
    </p>

    <p class='ocr_par' dir='ltr' id='par_1_68' title="bbox 1340 3760 2487 3812">
     <span class='ocr_line' id='line_1_198' title="bbox 1340 3760 2487 3812; baseline -0.007 -17"><span class='ocrx_word' id='word_1_1826' title='bbox 1340 3766 1414 3812; x_wconf 70' lang='lat' dir='ltr'>CON</span> <span class='ocrx_word' id='word_1_1827' title='bbox 1425 3777 1564 3805; x_wconf 68' lang='lat' dir='ltr'>cuneo,</span> <span class='ocrx_word' id='word_1_1828' title='bbox 1586 3769 1617 3798; x_wconf 95' lang='lat' dir='ltr'>V.</span> <span class='ocrx_word' id='word_1_1829' title='bbox 1639 3779 1738 3799; x_wconf 89' lang='lat' dir='ltr'>coNc</span> <span class='ocrx_word' id='word_1_1830' title='bbox 1750 3778 1827 3798; x_wconf 75' lang='lat' dir='ltr'>uno.</span> <span class='ocrx_word' id='word_1_1831' title='bbox 1849 3765 2045 3797; x_wconf 83' lang='lat' dir='ltr'>Differentiam</span> <span class='ocrx_word' id='word_1_1832' title='bbox 2058 3761 2197 3800; x_wconf 80' lang='lat' dir='ltr'>utriusque</span> <span class='ocrx_word' id='word_1_1833' title='bbox 2208 3760 2240 3792; x_wconf 88' lang='lat' dir='ltr'>V.</span> <span class='ocrx_word' id='word_1_1834' title='bbox 2256 3760 2286 3790; x_wconf 88' lang='lat' dir='ltr'>in</span> <span class='ocrx_word' id='word_1_1835' title='bbox 2299 3768 2398 3791; x_wconf 65' lang='lat' dir='ltr'>accu</span> <span class='ocrx_word' id='word_1_1836' title='bbox 2409 3766 2487 3788; x_wconf 69' lang='lat' dir='ltr'>ino.</span> 
     </span>
    </p>

    <p class='ocr_par' dir='ltr' id='par_1_69' title="bbox 1341 3794 2489 3880">
     <span class='ocr_line' id='line_1_199' title="bbox 1341 3794 2489 3848; baseline -0.009 -15"><span class='ocrx_word' id='word_1_1837' title='bbox 1341 3803 1363 3833; x_wconf 77' lang='lat' dir='ltr'>C</span> <span class='ocrx_word' id='word_1_1838' title='bbox 1374 3814 1390 3832; x_wconf 92' lang='lat' dir='ltr'>o</span> <span class='ocrx_word' id='word_1_1839' title='bbox 1402 3814 1421 3834; x_wconf 93' lang='lat' dir='ltr'>N</span> <span class='ocrx_word' id='word_1_1840' title='bbox 1430 3807 1471 3833; x_wconf 73' lang='lat' dir='ltr'>eu</span> <span class='ocrx_word' id='word_1_1841' title='bbox 1482 3814 1538 3848; x_wconf 61' lang='lat'>1310</span> <span class='ocrx_word' id='word_1_1842' title='bbox 1551 3827 1559 3840; x_wconf 89' lang='lat'><strong>‚</strong></span> <span class='ocrx_word' id='word_1_1843' title='bbox 1580 3807 1691 3844; x_wconf 84' lang='lat' dir='ltr'>cupivi,</span> <span class='ocrx_word' id='word_1_1844' title='bbox 1712 3807 1840 3844; x_wconf 67' lang='lat' dir='ltr'>cupitum</span> <span class='ocrx_word' id='word_1_1845' title='bbox 1849 3827 1857 3841; x_wconf 92' lang='lat'>‚</span> <span class='ocrx_word' id='word_1_1846' title='bbox 1883 3802 2044 3840; x_wconf 60' lang='grc' dir='ltr'>[ἐπιθυμέω]</span> <span class='ocrx_word' id='word_1_1847' title='bbox 2064 3803 2118 3831; x_wconf 73' lang='grc' dir='ltr'>ὅτε.</span> <span class='ocrx_word' id='word_1_1848' title='bbox 2142 3801 2220 3830; x_wconf 81' lang='lat' dir='ltr'>idem</span> <span class='ocrx_word' id='word_1_1849' title='bbox 2229 3799 2305 3837; x_wconf 84' lang='lat' dir='ltr'>quod</span> <span class='ocrx_word' id='word_1_1850' title='bbox 2315 3798 2414 3836; x_wconf 80' lang='lat' dir='ltr'>Cupio.</span> <span class='ocrx_word' id='word_1_1851' title='bbox 2432 3794 2489 3825; x_wconf 89' lang='lat' dir='ltr'>Cic.</span> 
     </span>
     <span class='ocr_line' id='line_1_200' title="bbox 1376 3838 2159 3880; baseline -0.004 -10"><span class='ocrx_word' id='word_1_1852' title='bbox 1376 3851 1428 3879; x_wconf 80' lang='lat' dir='ltr'>pro</span> <span class='ocrx_word' id='word_1_1853' title='bbox 1440 3842 1537 3878; x_wconf 79' lang='lat' dir='ltr'>Quint.</span> <span class='ocrx_word' id='word_1_1854' title='bbox 1553 3847 1597 3878; x_wconf 86' lang='lat'>⁶9·</span> <span class='ocrx_word' id='word_1_1855' title='bbox 1619 3844 1696 3873; x_wconf 78' lang='lat' dir='ltr'>Sicut</span> <span class='ocrx_word' id='word_1_1856' title='bbox 1707 3851 1736 3872; x_wconf 90' lang='lat' dir='ltr'>tu</span> <span class='ocrx_word' id='word_1_1857' title='bbox 1750 3844 1857 3880; x_wconf 85' lang='lat' dir='ltr'>semper</span> <span class='ocrx_word' id='word_1_1858' title='bbox 1871 3841 1978 3871; x_wconf 87' lang='lat' dir='ltr'>summe</span> <span class='ocrx_word' id='word_1_1859' title='bbox 1995 3838 2159 3876; x_wconf 80' lang='lat' dir='ltr'>concupisti.</span> 
     </span>
    </p>
   </div>
   <div class='ocr_carea' id='block_1_13' title="bbox 1377 3880 2493 3937">
    <p class='ocr_par' dir='ltr' id='par_1_70' title="bbox 1377 3880 2493 3937">
     <span class='ocr_line' id='line_1_201' title="bbox 1377 3880 2493 3937; baseline -0.001 -27"><span class='ocrx_word' id='word_1_1860' title='bbox 1377 3880 1469 3910; x_wconf 73' lang='lat' dir='ltr'>immo</span> <span class='ocrx_word' id='word_1_1861' title='bbox 1483 3886 1552 3918; x_wconf 83' lang='lat' dir='ltr'>puto</span> <span class='ocrx_word' id='word_1_1862' title='bbox 1567 3880 1620 3911; x_wconf 72' lang='lat' dir='ltr'>effe</span> <span class='ocrx_word' id='word_1_1863' title='bbox 1632 3891 1647 3911; x_wconf 87' lang='lat' dir='ltr'>a</span> <span class='ocrx_word' id='word_1_1864' title='bbox 1658 3880 1842 3918; x_wconf 78' lang='lat' dir='ltr'>Concupisco.</span> <span class='ocrx_word' id='word_1_1865' title='bbox 1865 3880 1900 3910; x_wconf 78' lang='lat' dir='ltr'>H.</span> <span class='ocrx_word' id='word_1_1866' title='bbox 1911 3880 1950 3910; x_wconf 78' lang='lat' dir='ltr'>St.</span> <span class='ocrx_word' id='word_1_1867' title='bbox 2403 3906 2426 3937; x_wconf 78' lang='lat' dir='ltr'>C</span> <span class='ocrx_word' id='word_1_1868' title='bbox 2437 3915 2452 3935; x_wconf 72' lang='lat' dir='ltr'>o</span> <span class='ocrx_word' id='word_1_1869' title='bbox 2462 3912 2493 3935; x_wconf 80' lang='lat' dir='ltr'>N-</span> 
     </span>
    </p>
   </div>
   <div class='ocr_carea' id='block_1_14' title="bbox 2566 0 2604 1792">
    <p class='ocr_par' dir='ltr' id='par_1_71' title="bbox 2566 0 2604 1792">
     <span class='ocr_line' id='line_1_202' title="bbox 2566 0 2604 1792; baseline 0 0"><span class='ocrx_word' id='word_1_1870' title='bbox 2566 0 2604 1792; x_wconf 95' lang='lat' dir='ltr'> </span> 
     </span>
    </p>
   </div>
   <div class='ocr_carea' id='block_1_15' title="bbox 2586 2054 2604 2268">
    <p class='ocr_par' dir='ltr' id='par_1_72' title="bbox 2586 2038 2604 2268">
     <span class='ocr_line' id='line_1_203' title="bbox 2586 2054 2604 2237; baseline 0 0"><span class='ocrx_word' id='word_1_1871' title='bbox 2586 2054 2604 2237; x_wconf 83' lang='lat' dir='ltr'>l</span> 
     </span>
     <span class='ocr_line' id='line_1_204' title="bbox 2600 2244 2604 2268; baseline 0 0"><span class='ocrx_word' id='word_1_1872' title='bbox 2600 2244 2604 2268; x_wconf 80' lang='lat' dir='ltr'>l</span> 
     </span>
    </p>
   </div>
   <div class='ocr_carea' id='block_1_16' title="bbox 2601 2839 2603 3497">
    <p class='ocr_par' dir='ltr' id='par_1_73' title="bbox 2601 2839 2603 3497">
     <span class='ocr_line' id='line_1_205' title="bbox 2601 2839 2603 3497; baseline 0 0"><span class='ocrx_word' id='word_1_1873' title='bbox 2601 2839 2603 3497; x_wconf 95' lang='lat' dir='ltr'> </span> 
     </span>
    </p>
   </div>
   <div class='ocr_carea' id='block_1_17' title="bbox 2603 2839 2604 3497">
    <p class='ocr_par' dir='ltr' id='par_1_74' title="bbox 2603 2839 2604 3497">
     <span class='ocr_line' id='line_1_206' title="bbox 2603 2839 2604 3497; baseline 0 0"><span class='ocrx_word' id='word_1_1874' title='bbox 2603 2839 2604 3497; x_wconf 95' lang='lat' dir='ltr'> </span> 
     </span>
    </p>
   </div>
  </div>
 </body>
</html>
