2641 4187
1133 138 1380 187 4⁵3<0>3⁶

46 207 276 265 ,lugdunensi
294 218 456 265 farragini
476 218 512 255 in
527 228 571 254 eo
587 217 865 265 patrocinantes,
883 217 1075 254 novillimae
1094 217 1221 255 editio-

50 270 104 306 nis
126 268 282 305 auctores
296 296 305 311 ,
333 268 496 303 ordinem
516 279 612 302 mere
626 267 902 313 Alphabeticum
921 269 1082 303 retinere.

99 315 268 354 Formam
283 344 291 357 ,
319 327 452 363 genus,
479 314 675 351 flexionem
700 314 865 362 cujusque
888 317 986 351 vocis
1004 318 1054 352 uti
1075 314 1219 357 debuit,

52 366 185 415 ubique
217 365 358 401 restitui.
409 363 724 411 Interpretationes
759 363 794 399 ὃς
825 362 997 409 Exegeses
1028 364 1224 400 vocabulo-

53 426 132 460 rum
146 427 185 451 ac
202 413 386 462 phraseon,
414 424 563 461 quarum
575 412 765 461 pleraeque,
779 423 854 447 non
872 412 1030 459 inspectis
1041 412 1225 449 ausimum

54 463 210 508 locis,ga
230 462 345 499 sciolis
368 461 665 510 compilatoribus
692 459 830 506 adjectae
851 460 1026 503 videntur,
1046 461 1225 498 manifeste

53 512 154 551 falsas
174 514 209 550 δε
229 511 405 552 absurdas,
417 511 617 547 verioribus
634 509 832 551 substitutis,
849 509 1088 546 indubitanter
1105 521 1227 558 quarn-

54 563 224 612 plurimas
247 560 379 597 sustuli:
407 560 501 599 Alias
526 560 722 595 innumeris
745 570 845 605 paene
875 558 983 600 locis,
1013 560 1072 595 ubi
1094 557 1228 595 deside-

55 613 237 651 rabantur,
260 620 371 645 novas
387 608 544 656 apposui.
595 607 667 644 Ubi
686 619 773 644 vero
798 606 853 642 vel
873 606 979 643 dubia
995 615 1067 644 erat
1082 607 1229 653 alicujus

55 659 129 697 loci
149 658 345 706 exposstio,
377 658 433 693 vel
448 658 583 706 alioqui
605 656 767 693 mutandi
788 655 886 691 causa
901 655 967 692 visa
989 668 1065 692 non
1084 657 1155 697 est,
1184 655 1226 692 sa-

54 710 99 748 tis
116 708 218 745 habui
240 705 556 745 Animadversione
576 707 675 743 brevi
703 704 852 751 subjecsta
878 704 1086 741 sententiam
1112 716 1231 741 meam

57 769 293 804 expromere,
321 768 397 804 quae
409 756 475 792 hac
488 762 575 793 nota
596 753 773 801 interjecta
789 752 800 796 [
819 753 921 789 facile
940 765 959 789 a
978 754 1040 789 reli
1069 765 1117 790 uo
1130 759 1232 790 textu

57 807 276 845 discernitur.
329 806 468 850 Quam,
485 803 676 847 (rarissime
692 801 839 847 tamen)
859 803 920 838 ubi
933 803 970 838 in
989 814 1047 839 me
1076 805 1112 839 io
1130 808 1232 838 textu

59 854 306 894 adnotandum
321 854 507 903 quidpiam
524 854 589 890 fuit
607 853 682 889 hoc
702 851 818 888 modo
843 849 879 898 []
900 853 1091 899 geminavi.
1143 851 1235 896 Quo

58 907 214 956 primum
234 904 324 941 illud
339 903 548 941 consecutus
568 902 644 939 sum
658 929 668 943 ,
684 913 730 938 ne
747 901 853 936 nimis
875 900 995 936 multis
1016 901 1127 937 lituris
1148 911 1236 946 ope-

59 966 113 993 ras
137 955 342 1001 fatigarem,
370 953 499 990 deinde
516 964 562 988 ne
585 953 622 989 in
649 950 768 987 alieno
794 960 905 997 opere
928 949 1090 986 licentius
1109 947 1236 998 graffa-

59 1011 115 1042 tus
132 1004 287 1045 viderer,
311 1002 494 1051 postremo
510 1013 556 1038 ne
576 1001 620 1038 ab
640 1000 715 1037 aliis
733 997 844 1040 reste,
880 998 938 1034 vel
956 1010 1143 1046 perperam
1163 998 1237 1033 ani-

59 1053 240 1092 madversa
257 1053 340 1090 falso
362 1052 472 1093 mihi,
505 1049 562 1087 vel
584 1050 656 1086 mei
679 1059 815 1085 errores
843 1046 989 1084 viciffim
1009 1048 1077 1084 illis
1105 1047 1238 1083 tribue-

61 1111 192 1142 rentur.
241 1101 285 1140 Et
303 1103 476 1151 quoniam
486 1099 603 1138 adhuc
618 1098 767 1146 prolatis
788 1096 963 1144 exemplis
973 1095 1096 1133 lectori
1108 1095 1238 1132 insum-

61 1161 131 1202 ptae
149 1163 268 1200 operae
278 1151 384 1189 fidem
394 1149 541 1186 fecimus
553 1177 562 1191 ,
591 1158 658 1196 age
668 1149 775 1184 etiam
786 1146 889 1192 hujus
903 1147 1043 1193 generis
1053 1144 1240 1193 Sphalma-

61 1210 96 1239 ta
108 1201 246 1250 aliquot
254 1200 362 1249 primi
373 1200 466 1236 tomi
485 1198 616 1235 sublata
626 1196 868 1245 proferamus,
894 1195 931 1231 ἃ.
952 1196 1072 1242 primo
1092 1194 1239 1242 quidem

61 1250 166 1299 ipsius
186 1251 300 1292 Roberti
318 1248 465 1293 Stephani.
515 1246 671 1288 BAPHIA,
692 1258 729 1283 ae.
755 1245 777 1281 f.
799 1256 845 1281 ex
858 1243 1068 1292 Lampridio
1088 1243 1237 1292 profert,

62 1312 147 1338 cum
171 1298 242 1336 fine
267 1297 380 1335 dubio
400 1309 420 1334 a
443 1304 571 1333 neutro
593 1295 764 1333 ΒΑΡΗὈΝ
785 1294 945 1331 dativum
964 1293 1013 1341 pl.
1037 1291 1147 1336 Baphiis
1173 1303 1241 1339 po.

62 1350 176 1388 suerit.
240 1346 439 1386 CAESTRUM
468 1347 505 1383 δε
541 1345 729 1384 CESTRUM
759 1355 827 1392 pro
852 1341 1113 1382 Instrumento‚
1145 1353 1180 1377 n.
1203 1352 1238 1389 g.

62 1398 219 1449 profert,
245 1407 328 1434 curn
348 1395 388 1433 fit
406 1408 452 1432 m.
471 1407 505 1444 g.
534 1394 704 1433 CESTRUS
723 1405 768 1430 ex
789 1391 851 1430 Gr.
871 1390 994 1436 κέςςῶ.
1042 1390 1169 1429 CETUS
1191 1401 1239 1426 m.

63 1461 99 1497 g.
119 1446 202 1485 salso
225 1446 342 1484 Plinio
364 1446 508 1487 tribuit,
539 1455 623 1480 cum
643 1446 726 1477 Cetos
737 1441 832 1490 apud
853 1441 950 1477 hunc
962 1452 1038 1477 non
1056 1438 1177 1479 Aecus.
1191 1438 1241 1486 pl.

65 1496 196 1535 a-rec'io
218 1495 305 1544 sing.
330 1498 416 1529 Cetus
430 1520 440 1537 ‚
466 1493 524 1531 sed
542 1493 654 1530 renus
673 1492 745 1540 ipse
764 1490 859 1528 casus
879 1489 964 1538 fing.
988 1502 1021 1526 n.
1040 1501 1074 1537 g.
1097 1488 1242 1527 Graecus

64 1546 115 1585 fit.
143 1546 189 1583 fic
214 1544 325 1583 CHOA
349 1546 386 1581 in
403 1544 499 1580 resto
519 1554 588 1591 pro
616 1541 721 1580 CHUS
738 1543 828 1589 poni
851 1552 927 1576 non
950 1539 1082 1576 debuit.
1133 1537 1178 1575 V.
1205 1539 1244 1574 in

65 1596 138 1646 ipsa
154 1607 256 1633 voce.
307 1594 490 1632 COSMETA
509 1599 546 1629 ut
566 1603 661 1629 com.
682 1602 716 1639 g.
738 1590 877 1638 posuit,
903 1601 985 1626 cum
1007 1588 1048 1625 fit
1063 1593 1243 1636 perpetuo

67 1644 170 1684 masc.
204 1644 361 1683 CREBRO
377 1641 473 1690 apud
484 1641 556 1681 Cic.
572 1640 618 1678 de
637 1640 771 1678 Seneu.
792 1639 882 1678 Adv.
900 1638 967 1675 effe
986 1639 1140 1686 putavit,
1159 1648 1245 1673 cum

67 1694 140 1734 fine
161 1694 272 1732 dubio
289 1692 367 1739 Adj.
389 1703 525 1729 nomen
552 1690 602 1728 fit.
639 1693 810 1729 AzBATUS
835 1688 929 1737 apud
950 1688 1049 1725 Varr.
1078 1685 1172 1723 male
1193 1685 1246 1721 di-

67 1742 301 1793 stinguendo,
328 1742 484 1780 Minoris
507 1739 733 1788 Magistratus
748 1750 885 1775 nomen
905 1736 971 1774 esse
990 1737 1136 1784 putavit.
1163 1734 1245 1783 Jam

68 1805 157 1830 vero
188 1794 330 1842 quoties
353 1789 629 1839 corruptiffimas
654 1789 824 1826 lectiones
846 1787 981 1824 secutus
1005 1786 1066 1828 fit,
1094 1797 1139 1821 ne
1170 1796 1247 1820 me·-

70 1854 213 1881 morem
226 1869 236 1884 ,
267 1843 345 1890 quis
364 1840 423 1878 illa
442 1841 548 1881 ferat,
572 1842 702 1873 AErarim
712 1837 810 1881 scriba
821 1837 916 1885 apud
933 1836 1007 1875 Cic.
1023 1846 1090 1883 pro
1102 1833 1244 1873 Cluent.

70 1892 233 1941 exponi,
263 1894 329 1926 Hoc
351 1893 387 1937 est
401 1915 412 1933 ,
435 1893 488 1938 qui
507 1892 631 1924 rationes
647 1886 794 1932 scribebat
811 1886 926 1931 expensi
940 1886 994 1920 lati
1017 1883 1056 1926 ὁ·
1075 1886 1182 1926 accepti
1200 1896 1247 1917 re-

71 1943 157 1977 lati?
179 1940 276 1979 Male
293 1940 510 1987 distinguens
534 1937 630 1987 apud
649 1936 794 1974 Livium
816 1936 947 1982 Aglaspa
976 1934 1150 1982 Legionis
1173 1931 1249 1971 Ro-

71 2002 185 2028 manae
206 2002 343 2027 nomen
370 1988 436 2026 else
465 1989 613 2037 putavit.
662 1987 705 2024 ln
727 1986 813 2023 AGO
834 1986 1011 2033 proponit
1035 1981 1177 2021 Phrafin
1202 1993 1248 2029 ex

73 2039 296 2083 Columella,
327 2041 425 2086 Agere
438 2041 549 2074 circum
568 2044 674 2082 caput,
700 2034 853 2082 subjecto
875 2033 1059 2071 notissimo
1085 2032 1150 2069 isto
1167 2031 1252 2069 Vir-t

72 2091 151 2139 gilii
170 2089 268 2127 versu
384 2092 421 2122 Et
433 2098 606 2136 quocunque
625 2088 701 2121 Deus
712 2088 824 2119 circum
841 2092 928 2129 caput
943 2087 1000 2129 egit
1020 2082 1175 2128 honestum.
1233 2083 1237 2091 ’

73 2139 181 2178 flaefit
199 2146 319 2176 autem
336 2137 409 2174 sere
431 2138 637 2183 ubicunque
654 2135 711 2172 vel
728 2132 866 2172 Tmefis
884 2133 1001 2182 aliqua
1014 2131 1072 2168 vel
1084 2130 1251 2170 Anastro-

73 2188 146 2238 phe
162 2189 304 2237 poetica
319 2188 483 2224 occurrit.
511 2186 552 2223 In
570 2185 777 2225 ALUMNUS,
808 2186 929 2217 Terram
946 2185 1078 2217 omnium
1100 2191 1251 2214 terrarum

74 2239 227 2273 alumnam
252 2236 349 2285 apud
373 2235 462 2274 Plin.
481 2237 635 2283 exponit
657 2234 701 2271 de
726 2244 787 2274 ea,
813 2245 878 2280 quae
903 2232 1011 2272 aleret,
1035 2242 1120 2267 cum
1138 2229 1252 2267 mani-

76 2288 199 2325 festum
217 2286 258 2324 fit
278 2285 373 2335 apud
388 2285 486 2323 hunc
506 2284 687 2322 auctorem
706 2283 889 2319 contrario
914 2280 1010 2317 sensu
1026 2280 1127 2328 poni.
1156 2281 1252 2313 Ama-

75 2341 160 2372 trices
182 2350 277 2385 aquas
294 2335 391 2385 apud
415 2334 620 2373 Martialem
639 2333 794 2380 exponit
820 2330 912 2377 Qafi
926 2330 1096 2371 jucundas,
1123 2340 1188 2375 quae
1205 2329 1252 2360 vi-

5 2388 7 2392 ’
75 2386 178 2421 delicet
197 2385 239 2420 ad
250 2397 318 2420 eum
343 2385 438 2420 locum
462 2383 626 2419 amandum
646 2382 798 2422 alliciunt,
827 2392 910 2417 cum
932 2378 1065 2415 alludat
1075 2382 1185 2425 poeta
1207 2374 1252 2414 ad

75 2435 284 2486 NymphaS,
310 2446 329 2471 a
347 2435 475 2484 quibus
494 2433 604 2480 Hylas
616 2443 704 2479 puer
714 2437 849 2467 amatus
864 2436 1054 2476 raptusque
1065 2427 1139 2464 fnit.
1177 2428 1253 2461 Am-

76 2486 146 2530 plius
156 2487 346 2529 pronuntiare
365 2496 449 2518 reum
467 2494 513 2519 ex
534 2481 626 2518 male
638 2478 790 2518 confufis
809 2480 883 2518 Cic.
904 2479 1019 2515 verbis
1039 2477 1149 2517 affert,
1168 2487 1253 2513 cum

78 2534 116 2571 id
134 2533 272 2581 semper.
293 2532 451 2570 absolute
467 2532 614 2569 dicatur.
662 2532 790 2564 Armare
809 2539 900 2563 naves
919 2527 1013 2575 apud
1034 2526 1115 2565 Caes.
1138 2536 1255 2573 expo-

79 2586 134 2621 nit
161 2584 284 2625 Armis,
312 2582 350 2623 &¹
370 2582 450 2617 rebus
465 2581 506 2616 ad
523 2581 630 2615 bellum
653 2578 807 2626 necfffariis
829 2579 977 2623 instruere.
1019 2575 1135 2622 Quod
1159 2574 1254 2623 apud

80 2632 236 2671 eundem
253 2632 403 2680 legitur,
432 2634 511 2665 Cum
527 2628 691 2673 Lusitanis,
714 2627 891 2675 reliquitque
909 2625 1044 2660 Barbarie
1059 2637 1162 2670 genere
1177 2637 1254 2672 quo-

81 2682 150 2718 dam
169 2693 271 2727 pugnae
291 2680 438 2729 affiaeefaHi
450 2708 460 2722 ,
485 2680 569 2716 inde
590 2678 707 2716 Novae
727 2675 997 2714 conmunionis
1018 2674 1121 2721 hujus
1154 2673 1255 2710 verbi

82 2730 289 2778 exemplum
317 2729 505 2778 proposuit
531 2727 718 2776 Affitefaclus'
739 2738 825 2761 cum.
860 2725 949 2762 Non
970 2723 1254 2760 animadvertens

82 2780 214 2818 scilicet
235 2779 526 2829 praepositionem
558 2777 603 2815 ad
633 2788 764 2814 vocem
794 2778 901 2821 Pugna
922 2774 1051 2811 referri.
1099 2772 1140 2810 ln
1161 2772 1255 2810 COL-

83 2835 207 2872 LOCO,
233 2841 316 2866 cum
335 2829 478 2863 collocare
498 2828 671 2874 beneficium
695 2824 781 2870 apud.
808 2836 854 2861 ex
872 2823 946 2863 Cic.
960 2821 1159 2872 protuliffet
1180 2821 1256 2858 sub-

84 2879 201 2927 jungit
231 2879 348 2912 Plautus
378 2880 514 2912 Trinum.
534 2890 567 2922 4.
589 2883 620 2918 8.
649 2876 749 2915 dixit,
777 2872 919 2908 Collocare
934 2871 1124 2908 conditionem
1144 2874 1175 2906 in
1200 2871 1256 2905 ali-

84 2941 182 2975 quem.
217 2926 297 2974 Ejus
313 2927 419 2964 verba
440 2934 559 2963 autem
577 2925 623 2964 V.
641 2927 678 2962 in
695 2923 778 2961 edit.
800 2923 928 2964 nostra,
947 2921 990 2958 ad
1007 2920 1129 2963 finem,
1147 2931 1256 2969 quam

84 2977 196 3025 longe
215 2979 351 3014 abeant.
403 2976 626 3014 COMMEARE
648 2974 686 3009 ab
709 2974 806 3020 aliquo
829 2971 1018 3009 confirmat
1044 2971 1098 3007 his
1115 2969 1256 3009 Caesaris

87 3028 204 3064 verbis
221 3039 255 3073 7.
269 3025 306 3064 Β.
328 3025 372 3063 G.
389 3032 443 3071 36.
476 3029 518 3059 Ut
533 3032 598 3058 tuto
618 3023 657 3058 ab
670 3025 814 3068 repentino
833 3021 952 3068 hostium
967 3023 1086 3064 incurfiae
1100 3023 1189 3054 etiam
1199 3019 1257 3062 fin-

83 3076 150 3124 guli
167 3087 326 3111 commeare
347 3075 462 3122 poffint.
513 3072 685 3108 crocodilea
711 3069 806 3119 apud
825 3069 999 3112 Plinium,
1027 3068 1155 3103 Animal
1163 3067 1258 3112 fimile

87 3124 223 3160 crocodilo
243 3126 415 3173 exponit,
445 3134 528 3160 cum
546 3121 587 3159 fit
601 3125 712 3157 Stercus
729 3120 871 3156 crocodili.
921 3119 1003 3157 Huc
1022 3119 1177 3166 pertinet
1191 3117 1258 3154 fre-

88 3186 221 3222 quenS,
249 3174 307 3211 vel
330 3174 452 3222 potius
479 3178 672 3220 perpetuus
701 3169 804 3218 ipsius
831 3181 953 3211 error,
991 3167 1090 3215 quod
1117 3168 1258 3216 quoties

85 3223 308 3262 ,Praeteritum
324 3235 344 3259 a
360 3223 486 3259 Verbo
515 3223 552 3257 in
576 3222 622 3265 sco
645 3223 756 3257 tertiae
778 3218 934 3267 conjug.
956 3229 1032 3265 quae
1048 3216 1260 3255 Inchoativa

90 3272 325 3312 Grammatici
342 3277 492 3312 vocant,
520 3270 692 3311 offendit,
714 3267 811 3304 aliud
828 3268 912 3305 inde
932 3267 1080 3304 verbum
1098 3264 1259 3302 secundae

90 3323 148 3360 vel
164 3324 274 3359 tertiae
301 3321 566 3369 conjugationis
594 3325 822 3356 commentus
842 3318 908 3359 est,
944 3324 983 3353 ut
1006 3315 1163 3356 Concaleo,
1189 3325 1259 3361 pro

94 3372 260 3416 Concalesco
272 3396 283 3414 ,
305 3373 408 3405 Coaleo
427 3381 494 3418 pro
509 3369 660 3413 Coalesco‚
688 3370 839 3410 conticeo,
868 3378 935 3415 pro
955 3364 1122 3407 Conticesco.
1153 3363 1211 3400 Sic
1223 3363 1260 3400 &

93 3424 271 3463 Contremo,
312 3431 380 3468 pro
403 3419 617 3462 contremisco,
654 3419 690 3454 &
707 3415 847 3459 Consedeo
873 3427 942 3465 pro
963 3412 1082 3457 Confido
1102 3411 1260 3460 spurium

94 3476 194 3517 puto.
221 3470 263 3507 ln
272 3468 481 3517 compofitis
492 3480 510 3504 a
522 3468 593 3503 Vella
604 3466 703 3505 Praet.
719 3464 801 3508 Vulfi
815 3466 950 3514 ubique
961 3464 1148 3512 proponit,
1159 3459 1260 3510 quod

95 3518 260 3557 Latinum
273 3530 348 3556 non
363 3517 429 3555 effe
449 3519 486 3553 in
504 3516 652 3554 EVELLO
668 3516 797 3552 dietum
818 3515 886 3557 est,
912 3515 948 3551 &
966 3524 1034 3561 pro
1054 3510 1192 3549 Futuris
1203 3510 1260 3547 vel
1276 3526 1280 3528 >

95 3567 281 3607 Praeteritis
303 3567 520 3614 SubiunCtivi
541 3565 643 3602 modi
662 3577 726 3613 per
751 3563 948 3611 Syncopen
980 3560 1168 3598 contraitis
1187 3561 1260 3597 fere

97 3619 202 3654 verba
214 3618 262 3654 sui
275 3618 414 3666 generis
425 3615 542 3663 posuit
558 3615 780 3657 ABJURASSO,
800 3612 948 3651 ADASSO
968 3612 1034 3648 &c
1050 3609 1152 3647 Adde
1161 3609 1261 3658 quod

97 3667 218 3716 spuriis
231 3668 288 3704 seu
300 3666 484 3714 suppositis
497 3665 666 3702 Plautinis
675 3674 744 3710 pro
764 3663 943 3711 germanis
962 3658 1213 3709 paslimutitur.

145 3716 214 3754 Sed
236 3716 352 3753 multo
371 3715 495 3762 'saepius
521 3715 558 3750 δε
576 3714 716 3762 gravius
735 3714 979 3759 impegerunt,
1008 3710 1069 3757 qui
1090 3708 1262 3756 Stephani

95 3764 259 3805 Lexicon
285 3765 489 3814 augendum
515 3762 737 3810 susceperunt
773 3762 942 3807 deinceps
967 3758 1261 3805 interpolatores,

97 3817 303 3864 quicunque
329 3815 475 3851 demum
506 3813 654 3852 fuerint,
692 3810 883 3858 disquirere
915 3810 1012 3845 euim
1042 3807 1086 3843 de
1117 3806 1262 3854 lingulis

97 3876 173 3901 non
188 3871 297 3900 vacat.
350 3863 391 3901 In
414 3863 614 3899 ALTISSlME
633 3860 816 3898 Adverbio
843 3858 985 3896 affertur
1001 3869 1046 3894 ex
1065 3855 1263 3895 Claudiano

97 3911 217 3962 Epigr.
234 3925 290 3950 22.
316 3912 414 3962 quod
434 3911 509 3947 aliis
534 3921 586 3947 12.

197 3965 245 3997 At
264 3961 320 3997 tibi
336 3961 479 4005 diversis,
504 3963 637 4004 Princeps
655 3957 813 4002 altffme,
837 3964 954 3992 certant
977 3957 1044 3992 δίε.

1288 224 1456 283 Amica,
1479 240 1516 265 ae.
1543 228 1562 264 f.
1592 242 1637 267 ex
1655 230 1765 269 Caelio
1786 233 1913 281 Apicio
1930 237 1964 273 Sc
1985 235 2173 275 Aureliano
2198 241 2282 276 item
2303 243 2453 287 affertur,

1290 277 1587 327 quuniibiAccus.
1611 280 1657 325 pl.
1674 280 1816 326 Ambigas
1839 295 1856 318 a
1879 287 2102 323 nominativo
2122 287 2206 335 ling.
2234 292 2347 325 Ambix
2362 293 2455 330 haud

1291 322 1397 376 dubie
1416 323 1464 359 sit.
1515 328 1626 372 Quod
1647 329 1741 376 apud
1763 331 1872 367 Ovid.
1898 333 1929 369 le
1959 335 2027 370 itur
2049 337 2191 382 Amycleis
2219 338 2333 380 ahena,
2372 341 2457 379 hinc

1292 382 1329 405 in
1345 369 1562 432 ‘Ali-lYCLffiUS
1583 379 1730 422 ponitur
1754 381 1888 426 Amyclei
1905 385 2012 417 Aaeni.
2036 383 2082 429 pl.
2105 387 2241 422 nomin.
2293 387 2458 426 ANTIME-

1293 417 1498 473 N15‚1doS,
1529 433 1595 468 pro
1616 427 1842 470 Antimenides‚
1871 443 1902 465 ae.
1953 429 2220 476 BACTRIANUM,
2251 436 2271 470 i.
2293 448 2326 472 n.
2362 437 2449 475 subst

1295 477 1340 501 ex
1358 465 1509 523 Tacitoh,
1539 481 1648 518 quum
1668 475 1706 512 lit
1729 476 1878 511 Rat‘lriano
1902 478 1969 516 abl.
2003 491 2021 516 a
2041 483 2177 518 nomin.
2199 483 2371 520 Bactrianus.
2402 467 2462 524 B1L

1295 518 1505 597 ssgxmk'l’
1526 530 1569 577 νη.
1608 524 1704 568 quod
1745 526 1782 561 in
1817 525 1927 564 Gloll'.
1967 531 2146 571 occurrit,
2195 530 2265 568 fine
2294 533 2390 572 causa
2425 537 2463 572 in

1353 573 1374 607 J·
1412 560 1606 607 BicOXUS,
1644 581 1682 611 a,
1721 584 1790 609 um.
1841 577 2118 614 transformatur.
2185 578 2335 616 BisaLTA
2386 595 2464 632 per-

1298 620 1420 664 peram
1478 624 1522 649 ex
1558 615 1636 652 Val.
1676 617 1803 658 Flacco
1856 632 2025 674 tanquam
2074 627 2235 664 seminini
2275 641 2354 676 gen.
2412 644 2466 669 re-

1298 669 1418 743 {mnis
1463 673 1599 700 nomen
1637 666 1777 704 affertur
1793 698 1802 711 ,
1853 686 1964 721 quum
2009 674 2049 711 fit
2090 673 2235 712 Gentile
2273 679 2463 717 masculini.

1329 713 1472 750 uelem,
1493 727 1525 746 ει.
1544 728 1581 748 m.
1605 712 1656 751 Ex
1675 714 1774 752 Festo
1792 719 2015 766 afferebatur,
2035 735 2102 771 pro
2122 722 2268 768 Burrus,
2289 734 2373 765 aedos.
2395 729 2462 767 CA-

1302 761 1485 799 CULATU&
1505 775 1536 801 a,
1559 777 1614 797 um.
1637 770 1697 805 Adj.
1720 775 1764 801 ex
1786 768 1914 806 eodem
1928 796 1939 812 ,
1957 785 2040 809 cum
2059 773 2153 820 apud
2172 774 2268 811 hunc
2287 777 2467 811 Cacalatum

1301 803 1418 841 Aecus.
1440 806 1524 855 sing.
1544 808 1583 865 fit
1603 822 1620 846 a
1640 811 1738 848 subst.
1759 816 1937 859 Caculatus,
1971 825 2017 855 ia.
2051 834 2090 855 m.
2127 823 2175 859 ita
2197 825 2293 859 enim
2317 824 2470 873 saepenu-

1303 865 1406 890 mero
1423 861 1782 914 propomtvocabula
1796 890 1804 904 ,
1830 872 1869 900 ut
1887 867 1944 902 alii
1964 866 2173 907 Glolsularii.
2203 871 2378 910 CANDYBA
2402 892 2432 911 ae.
2447 881 2469 911 f.

1303 914 1372 950 pro
1399 915 1431 960 n.
1451 905 1498 952 pl.
1528 907 1735 958 ibidemque
1755 908 1926 955 Cannis,
1947 930 2004 958 yos.
2025 922 2044 951 f.
2066 917 2132 963 p'ro
2158 932 2204 956 m.
2233 903 2431 958 CAPNlA⁹ae.
2449 928 2471 958 s.

1306 962 1352 988 ex
1378 951 1467 990 Plln.
1495 966 1563 1002 pro
1589 956 1765 998 CAPNIAS,
1785 965 1853 995 adis.
1877 958 1998 1004 CAVA,
2020 979 2050 999 ae.
2074 972 2091 1000 f.
2123 979 2166 1004 ex
2191 970 2303 1007 Senec
2331 950 2382 1018 Ερ
2412 982 2460 1013 90

1307 1000 1402 1056 Cum
1413 1010 1579 1061 neutrum
1591 1004 1662 1041 fine
1675 1005 1787 1042 dubio
1800 1007 1846 1053 pl.
1867 1008 1915 1045 fit.
1933 1009 2167 1056 CELEBRAN,
2189 1033 2215 1052 n.
2235 1025 2273 1062 ρι.
2295 999 2472 1067 s'ubstssprd

1305 1051 1394 1094 Justa
1397 1050 1567 1095 funebribus
1579 1052 1722 1091 affertur
1733 1054 2037 1101 exMartiali‚cum
2047 1059 2086 1097 sit
2099 1063 2345 1102 CelebrataChloe'.
2359 1068 2435 1115 Adj.
2450 1068 2469 1104 f

1307 1097 1590 1143 CHORDAPSON,
1612 1119 1639 1138 n.
1669 1114 1736 1149 pro
1769 1102 2035 1151 CHORDAPSOS,
2056 1126 2094 1146 m.
2129 1110 2306 1150 Coucffo
2326 1123 2395 1152 nav.
2430 1097 2475 1153 ex

1307 1147 1411 1195 Apul.
1427 1160 1511 1186 cum
1529 1148 1569 1186 fit
1587 1150 1825 1200 Participium.
1852 1153 2102 1200 CONSEQfflffi,
2124 1175 2209 1196 arum.
2231 1168 2250 1198 f.
2277 1175 2320 1200 ex
2330 1164 2459 1202 eodem

1308 1208 1377 1244 pro
1396 1209 1429 1233 n.
1451 1198 1500 1245 pl.
1552 1198 1793 1245 commum,
1815 1200 2016 1241 CONYZOIS
2039 1218 2083 1242 ex
2099 1206 2185 1244 Plin.
2201 1221 2269 1257 pro
2290 1193 2478 1258 Conyzoider',

1309 1245 1502 1289 COPREUS,
1523 1254 1542 1283 i.
1560 1264 1596 1284 m.
1623 1260 1669 1286 ex
1686 1249 1779 1287 Suet.
1799 1262 1866 1299 pro
1892 1255 2020 1297 Caprea,
2047 1256 2103 1291 vel
2125 1259 2265 1301 Capreas,
2282 1271 2319 1296 ae,
2347 1261 2478 1299 CRINA„

1308 1300 1382 1336 LIS,
1405 1302 1436 1352 iq.
1458 1311 1497 1332 m.
1518 1301 1598 1333 subst.
1620 1310 1665 1335 ex
1690 1297 1869 1347 Ulpiano,
1894 1313 1977 1339 cum
2002 1301 2044 1341 fit
2061 1303 2138 1351 Adj.
2186 1307 2441 1352 CYPHANTA‚ae.
2457 1318 2477 1347 f.

1310 1356 1357 1381 ex
1376 1344 1465 1401 Plrn.
1493 1344 1635 1402 cunrfit
1652 1360 1686 1385 11.
1708 1348 1756 1396 pl.
1808 1347 1937 1387 BONUS
1958 1363 2040 1389 cum
2058 1364 2140 1401 gen.
2160 1359 2314 1395 construi
2328 1359 2479 1397 asseritur

1310 1405 1357 1432 ex
1378 1395 1449 1431 lstls
1466 1394 1653 1433 Claudiani

1423 1443 1576 1490 Judicibus
1595 1445 1668 1479 notis
1682 1448 1832 1493 regimur,
1851 1447 2047 1498 fruimurque
2072 1453 2177 1500 quietis

1426 1493 1606 1541 Militiaeque
1629 1493 1716 1529 bonis.

1314 1539 1429 1597 Quass.
1448 1544 1618 1579 nimirum
1640 1543 1734 1580 ordo
1761 1543 1803 1580 fit
1828 1542 2015 1593 Judicibus
2043 1551 2159 1591 notis,
2188 1549 2224 1585 &
2248 1549 2353 1588 bonis
2381 1553 2476 1597 (scil.

1312 1588 1495 1646 Judicib.)
1523 1593 1649 1640 quietis
1669 1604 1708 1629 ac
1723 1594 1877 1637 militiae,
1899 1599 2055 1645 regimur
2079 1600 2114 1635 &
2133 1599 2301 1641 fruimur,
2334 1613 2416 1639 cum
2427 1602 2483 1640 vel

1315 1651 1416 1696 pueri
1435 1641 1578 1677 videant
1594 1640 1629 1673 τδ
1645 1643 1725 1676 Bonis
1749 1651 1862 1679 neutr.
1885 1643 1951 1682 esse
1969 1646 2016 1693 pl.
2046 1648 2082 1684 &
2106 1646 2205 1685 Bona
2223 1649 2367 1696 quietis,
2396 1653 2485 1688 mili-

1316 1696 1463 1745 tiaeque,
1500 1689 1597 1727 Pacis
1617 1693 1814 1729 commoda
1838 1693 1873 1728 &
1894 1692 2151 1733 Defenfionem
2176 1696 2300 1733 finium
2323 1700 2483 1749 intelligi.

1315 1738 1436 1776 Miror
1456 1739 1492 1775 &
1505 1738 1738 1777 Vechnerum
1749 1741 1809 1778 hic
1821 1741 1965 1790 lapsum.
1993 1744 2102 1782 Acras
2124 1747 2269 1790 Conversa
2280 1749 2373 1796 apud
2387 1749 2484 1798 Virg.

1316 1791 1353 1823 1η
1363 1787 1468 1821 bellum
1477 1789 1571 1822 coacta
1591 1791 1806 1836 exponitur,
1831 1793 1867 1828 in
1877 1792 1981 1830 ACER
2001 1806 2047 1830 ex
2057 1794 2111 1831 his
2122 1793 2226 1841 ejusd.
2253 1798 2321 1830 Aut
2331 1810 2409 1831 acres
2426 1789 2489 1832 ιὲη-

1317 1837 1394 1871 dunt
1413 1849 1492 1872 arcus
1501 1838 1679 1885 profertur
1699 1841 1778 1874 Acer
1792 1852 1890 1883 arcus,
1917 1853 1984 1889 pro
2010 1846 2099 1885 Porti,
2128 1856 2213 1881 cum
2227 1846 2405 1883 manifeste
2415 1849 2488 1895 epi-

1318 1886 1446 1923 theton
1473 1887 1517 1923 ad
1535 1886 1701 1934 personas
1724 1889 1911 1932 referatur,
1938 1892 1975 1926 in
1995 1890 2168 1936 ACUTUS,
2190 1894 2320 1929 Naribus
2336 1898 2428 1930 acatis
2447 1900 2489 1930 ri-

1318 1936 1390 1970 deri.
1415 1938 1436 1971 i.
1451 1949 1475 1971 e.
1504 1940 1539 1971 In
1559 1949 1664 1982 rugam
1681 1937 1832 1972 contraitis
1844 1964 1856 1982 ‚
1882 1951 1927 1976 ex
1944 1939 2034 1977 Hor.
2052 1953 2081 1977 1.
2097 1942 2208 1981 Serm.
2235 1955 2265 1988 3.
2282 1954 2339 1987 29.
2367 1944 2488 1990 Quam

1318 1986 1441 2032 inepte
1462 1987 1617 2033 exponit
1635 1985 1723 2022 illud
1736 1987 1836 2036 Virg.

1420 2037 1476 2069 Ter
1491 2044 1609 2070 centum
1621 2035 1785 2079 adjiciunt,
1813 2049 1892 2071 mens
1905 2037 2033 2072 omnibus
2053 2050 2112 2074 una
2128 2039 2279 2090 sequendi.

1319 2084 1357 2140 ³¹¹.
1383 2082 1535 2125 Anneio
1557 2083 1600 2119 ad
1622 2083 1758 2120 finem?
1807 2085 1848 2124 In
1871 2086 2053 2124 AGResris
2073 2091 2202 2135 Frigidus
2222 2091 2335 2138 agresta
2354 2103 2399 2128 ex
2417 2103 2491 2128 ma-

1318 2132 1440 2169 nifeste
1457 2132 1536 2168 falsa
1557 2131 1682 2171 Ovidii
1700 2133 1863 2178 lestione,
1881 2147 1948 2183 pro
1964 2136 2093 2184 Frigidus
2110 2140 2250 2185 Argestes,
2277 2142 2314 2177 ὃς
2339 2152 2384 2177 ex
2413 2141 2490 2178 falsa

1320 2181 1534 2220 Columellae
1549 2181 1703 2219 lectione
1724 2184 1859 2231 l'rofhffirr
1885 2198 2024 2231 agrorum
2041 2197 2109 2234 pro
2129 2178 2287 2236 Piffiſjore.
2312 2189 2392 2223 Flere
2420 2189 2491 2234 clas:

1313 2230 1376 2275 fica
1404 2243 1450 2285 ex
1478 2230 1637 2278 Propert.
1674 2242 1741 2279 pro
1774 2235 1858 2267 Flare
1886 2234 1924 2270 in
1944 2234 2181 2280 CLASSICUM‚
2218 2237 2254 2274 δε
2276 2237 2490 2275 Raecium

1322 2282 1430 2318 ubera
1455 2292 1500 2336 ex
1526 2280 1636 2318 Ovid.
1656 2292 1724 2328 pro
1753 2280 1980 2320 LACTANTm.
2019 2282 2145 2321 AGERE
2165 2298 2232 2321 cam
2252 2286 2387 2321 Tribunis
2405 2287 2491 2331 pleba

1322 2342 1431 2378 quam
1453 2337 1574 2377 mepte
1596 2329 1798 2377 exposltum
1819 2330 1878 2374 fit,
1905 2333 1942 2368 in
1959 2332 2029 2381 ipsa
2049 2332 2163 2381 Lugd.
2189 2335 2245 2372 vel
2270 2334 2386 2373 Lond.
2407 2335 2490 2372 edit.

1323 2379 1467 2416 videant
1496 2379 1623 2434 quibus
1654 2381 1770 2416 otium
1797 2381 1832 2417 &
1860 2383 1965 2429 copia
1992 2382 2048 2418 est.
2095 2382 2137 2420 ln
2162 2383 2272 2421 ALIUS
2292 2392 2380 2422 extr.
2420 2385 2493 2419 Alia

1322 2432 1412 2462 etiam
1436 2427 1590 2472 Adversa,
1618 2428 1715 2471 mala,
1742 2430 1837 2474 aspera
1860 2430 1918 2465 dici
1938 2431 2130 2478 probatur,
2157 2432 2181 2470 fi
2201 2433 2266 2470 diis
2286 2434 2422 2482 placet,
2447 2444 2493 2470 ex

1324 2477 1393 2514 istiS
1413 2477 1514 2515 Statii
1534 2489 1567 2523 7.
1590 2477 1705 2514 Theb.
1720 2483 1800 2520 806.
2054 2481 2186 2530 enfisque
2203 2483 2332 2517 recondit

1424 2531 1510 2561 hiors
1525 2527 1592 2561 alia.
1641 2527 1678 2563 &
1698 2539 1742 2564 ex
1758 2534 1843 2564 nota
1864 2528 2018 2566 formula
2039 2532 2075 2563 In
2097 2531 2157 2564 alia
2177 2535 2274 2566 omnia
2291 2535 2334 2566 ire
2352 2532 2408 2568 vel
2426 2531 2493 2576 Dis:

1323 2576 1433 2612 cedere.
1486 2576 1579 2621 Qlis
1603 2575 1690 2612 ferat
1709 2579 1746 2613 in
1767 2576 1930 2614 ALIENUS
1950 2578 2036 2614 istuc
2061 2577 2172 2622 Livii,
2199 2584 2271 2615 Non
2297 2581 2403 2615 alienus
2425 2582 2493 2625 fim-

1319 2629 1412 2673 guine
1431 2626 1559 2670 regibus,
1586 2627 1743 2674 exponi,
1775 2630 1847 2661 Noa
1867 2627 1973 2661 alienus
1998 2640 2016 2660 a
2029 2627 2173 2673 fimguine
2191 2642 2310 2675 regum,
2338 2630 2390 2664 vel
2419 2633 2493 2664 Non

1325 2676 1431 2710 alienae
1444 2675 1586 2730 sanguine
1601 2689 1618 2708 a
1638 2674 1772 2720 regibus?
1799 2675 1929 2721 Qualia
1951 2676 2115 2714 sexcenta
2136 2677 2259 2715 afferre
2281 2678 2412 2715 liceret.
2438 2677 2493 2715 Ex

1327 2724 1420 2762 male
1436 2723 1600 2760 distineris
1623 2723 1772 2761 Catonis
1795 2725 1932 2767 verbis,
1960 2724 2103 2763 affertur
2126 2726 2245 2764 ALVUS
2266 2730 2422 2772 Superior,
2442 2738 2493 2770 pro

1330 2774 1516 2815 Ventriculo,
1565 2775 1664 2820 cujus
1685 2780 1805 2810 tamen
1819 2775 1925 2810 verba
1941 2774 2048 2821 paulo
2065 2777 2143 2822 post
2161 2776 2251 2813 reete
2265 2783 2493 2824 apponuntur

1327 2826 1364 2860 in
1377 2823 1508 2865 Dejicere
1529 2821 1644 2857 alvum.
1694 2822 1834 2860 Ibidem
1850 2822 1968 2860 fimilis
1980 2827 2126 2861 errorin
2138 2825 2312 2859 Subtrahere
2331 2825 2436 2859 alvum
2445 2837 2493 2861 ex

1325 2872 1431 2911 Celso
1451 2873 1619 2909 occurrit.
1648 2873 1685 2908 in
1704 2871 1936 2910 AMPLECTOR
1959 2872 2103 2911 affertur
2126 2872 2257 2911 Phrafis
2278 2873 2433 2918 Amplexus
2456 2875 2494 2915 est

1326 2926 1439 2958 circum
1469 2933 1515 2958 ex
1546 2921 1643 2957 versu
1669 2921 1770 2969 Virg.

1426 2974 1464 3004 Et
1479 2969 1556 3004 molli
1572 2974 1683 3004 circum
1697 2973 1734 3018 est
1753 2971 1840 3014 anstu-
1854 2970 2000 3015 amplexus
2014 2970 2144 3006 acantho.
2211 2970 2268 3008 Sic
2283 2973 2320 3008 in
2340 2971 2493 3009 CIRCUM

1326 3020 1416 3059 Adv.
1432 3019 1620 3068 aliquoties
1641 3019 1686 3056 ad
1702 3019 1859 3057 eundem
1875 3019 2051 3068 lapidem,
2075 3022 2233 3068 ignorata
2243 3020 2353 3068 figura
2370 3021 2494 3057 difflo-

1327 3071 1382 3107 nis
1405 3070 1574 3116 impegit,
1598 3075 1637 3106 ut
1655 3069 1691 3105 ἃ.
1707 3069 1744 3105 in
1773 3067 1928 3106 CLAUDO
1957 3069 2002 3105 ad
2025 3070 2132 3106 linem
2155 3070 2192 3104 in
2219 3068 2318 3106 Varr.
2350 3081 2425 3106 uno
2457 3070 2495 3107 &

1328 3119 1471 3156 duobus
1498 3117 1599 3165 Virg.
1628 3117 1730 3155 locis.
1780 3117 1822 3155 Iu
1850 3117 2013 3155 AMPLIUS
2042 3118 2172 3161 Amplius
2202 3117 2296 3151 aridus
2324 3119 2421 3160 calor,
2449 3130 2495 3156 ex

1328 3168 1469 3206 Lucret.
1492 3169 1589 3213 cujus
1611 3167 1736 3204 locum
1752 3166 1797 3204 V.
1816 3168 1853 3203 in
1868 3171 1919 3202 Ne
1931 3167 2056 3212 amplias.
2078 3178 2123 3203 ex
2145 3165 2242 3203 versu
2256 3167 2328 3204 hoc
2343 3167 2495 3215 Proper-

1330 3219 1371 3254 tii
1391 3229 1423 3256 z
1447 3223 1500 3259 18.
1520 3229 1577 3263 25.
1597 3217 1651 3253 ed.
1667 3215 1812 3254 Broekh.

1425 3269 1544 3312 Jupiter
1560 3266 1708 3300 Alcmena
1728 3269 1861 3312 geminas
1879 3268 2062 3313 requieverat
2082 3262 2180 3298 arElos.
2295 3265 2410 3302 statuit
2423 3266 2494 3305 AR.

1330 3322 1428 3353 CTOS
1440 3318 1584 3362 geminas,
1596 3326 1647 3359 pro
1664 3313 1785 3350 Duabus
1793 3314 1914 3348 noctibus
1931 3317 2004 3358 poni.
2029 3312 2084 3350 Ex
2105 3313 2175 3349 istis
2185 3312 2286 3361 Virg.
2304 3327 2337 3362 4.
2356 3314 2493 3364 Georg.

1426 3369 1499 3410 Jam
1518 3365 1652 3408 rapidae,
1679 3372 1789 3397 torrens
1810 3363 1937 3405 fitientes
1959 3365 2044 3396 Sirius
2070 3361 2155 3396 Indos

1429 3413 1573 3448 Ardebat.
1670 3411 1824 3448 asseritur
1850 3411 2021 3452 ARDERE,
2050 3412 2154 3447 etiam
2169 3410 2278 3444 Affiva
2288 3410 2494 3457 significatione

1330 3473 1380 3508 pro
1400 3463 1538 3497 Adarere
1554 3463 1654 3509 poni.
1679 3460 1732 3499 EX
1753 3461 1823 3497 istis
1837 3460 1910 3497 Cic.
1934 3470 2001 3506 pro
2020 3458 2105 3496 Sull.
2131 3459 2213 3506 Qid
2227 3461 2347 3507 quisque
2365 3461 2495 3495 voluerit

1332 3512 1396 3554 &c-
1422 3524 1479 3546 non
1491 3525 1528 3545 ex
1549 3515 1687 3552 crimine,
1709 3510 1763 3555 ſsd
1775 3523 1812 3543 ex
1829 3508 1948 3543 moribus
1975 3510 2049 3551 ejus,
2077 3512 2129 3556 qui
2146 3513 2303 3553 arguitur,
2331 3512 2367 3557 est
2393 3509 2494 3552 ponde-

1333 3561 1482 3649 gmlgm‚
1512 3559 1654 3646 affertur
1663 3557 1793 3607 phrafis
1807 3561 1850 3590 Ex
1867 3556 1988 3591 mribus
1997 3558 2125 3606 aliquem
2147 3560 2335 3594 ARGUERE.
2363 3557 2493 3596 Existis

1375 3623 1408 3647 vi
1437 3640 1444 3647 .
1469 3621 1498 3654 3.
1569 3616 1612 3644 et.

1724 3656 1932 3704 Nympharum
1953 3654 2079 3688 tradidit
2095 3657 2147 3688 uni

1431 3710 1593 3754 Armigerae
1601 3706 1747 3750 jaculum.
1848 3706 1981 3741 eruitur
2001 3706 2100 3739 Diana
2114 3703 2316 3740 ARMGERA.
2371 3705 2408 3740 in
2420 3704 2493 3741 ARS

1335 3770 1381 3795 ex
1394 3758 1462 3794 istis
1474 3755 1660 3795 Claudiani

1434 3811 1507 3842 Non
1522 3806 1583 3848 fine
1602 3804 1698 3838 Pieriis
1716 3806 1846 3838 exercuit
1863 3799 1970 3835 artibus
1997 3813 2081 3834 arnm
2095 3825 2105 3841 ‚
2219 3799 2294 3836 haec
2312 3811 2495 3848 propone‘

1338 3858 1485 3897 bantur,
1512 3855 1649 3888 Exercere
1666 3865 1749 3886 arma
1772 3852 1869 3886 Pieriit
1889 3850 2014 3891 arabus,
2037 3851 2072 3891 est
2093 3848 2196 3882 Bellice's
2213 3849 2290 3881 rebus
2307 3850 2495 3881 humanitati

1332 3906 1429 3953 studia
1454 3905 1634 3948 conjungere.
1681 3899 1723 3938 In
1742 3901 1886 3938 AVARUS
1914 3911 1958 3934 ex
1977 3898 2129 3945 ejusdem
2151 3902 2265 3944 poetae
2285 3898 2357 3934 hoc
2374 3898 2471 3933 versu

1438 3956 1475 3987 Et
1491 3954 1567 3994 vigil
1583 3951 1690 3996 elapsas
1707 3954 1813 3998 quaerit
1830 3961 1933 3984 avarus
1949 3960 2017 3991 opes.
2173 3945 2258 3981 Non
2280 3948 2380 3980 Ama
2401 3945 2495 3989 ἥψω

1862 4001 1881 4018 ³⁶·
1894 4002 1911 4019 '⁶
1924 4002 1941 4019 *
1966 4008 1987 4034 2
2363 3995 2497 4040 epitheae
