2600 4177
483 186 512 221 C
610 187 645 222 O
750 186 785 221 N

134 259 283 298 Historiam
303 267 467 305 conquirere
483 267 637 304 regionum.
678 268 737 298 Cic.
751 279 775 298 2.
788 270 823 299 de
836 269 898 301 Fin.
914 280 975 301 102.
1010 271 1077 301 Haec
1100 271 1202 301 leviora
1219 280 1270 308 po-

156 312 222 332 nam
236 326 243 337 ,
260 314 376 341 poema,
396 305 549 333 orationem
561 326 568 339 ,
584 314 669 341 quum
685 313 732 335 aut
745 307 840 337 scribis
852 331 859 341 ‚
879 317 926 338 aut
944 310 1022 347 legis,
1043 320 1130 348 quum
1141 310 1269 339 omnium

157 337 296 371 fanorum
309 364 316 377 ,
337 351 422 379 quum
433 342 579 378 regionum
591 344 734 379 conquiris
744 345 893 375 historiam.

139 376 219 414 Opes
230 381 393 416 conquirere
404 379 562 408 meretricio
570 380 679 416 quaestu.
701 382 770 412 Plin.
783 383 829 412 lib.
846 388 888 419 36.
902 395 962 422 cap.
981 395 1023 415 12.

140 412 308 446 Rationibus
321 417 480 453 conquisitis
496 417 645 454 disputare.
669 419 729 449 Cic.
751 430 771 449 ι.
787 422 821 450 de
836 422 892 451 Fin.
907 432 948 459 31.

142 450 313 491 Conquirere
323 476 330 489 ,
352 454 496 484 Coercese.
520 455 622 485 Festus.
664 457 704 487 Al.
734 458 898 496 Coinquere.
941 460 971 489 V.
993 459 1092 497 Scalig.
1109 461 1135 489 ἃ
1146 459 1246 489 Dacer.

105 487 183 518 CON
194 502 238 527 QU
250 494 393 526 18ῖΤυδ,
418 502 433 521 a
448 514 456 527 ‚
480 502 536 521 um·
559 493 798 531 [ἓξηκςιέωμὲὶρῶ]
831 504 879 533 ut,
908 497 1011 528 Mensae
1034 496 1267 535 conquisitissimis

142 529 232 564 epulis
244 529 452 559 extruebantur.
474 530 531 560 Cic.
546 542 568 566 ς.
589 532 670 561 Tusc.
682 537 726 562 62.

141 565 273 595 Carmina
318 566 478 604 Conquisita
491 569 538 597 diu
556 569 688 607 dulcique
700 577 806 608 reperta
818 571 920 601 labore.
942 572 1050 602 Lucret.
1066 572 1114 602 lib.
1127 580 1151 605 z.
1164 581 1228 606 ⁴20·

141 603 222 633 Vitiis
233 602 304 633 fietis
315 605 530 643 conquisitisque
540 607 726 637 deformatum
738 608 881 638 inducere.
906 610 1003 640 Cic.de
1018 610 1111 648 Arusp.
1126 609 1206 644 Resii.
1220 618 1265 645 <7-

105 638 153 670 Co
164 650 184 669 N
194 651 241 676 Qu
250 644 300 670 isi
309 651 328 670 *r
337 651 351 670 iz
362 665 370 677 ‚
393 640 618 680 [δὶηκςιζωμᾶὁως]
641 646 709 675 Adv.
730 656 781 683 pro
794 647 881 676 Docie
893 650 917 677 ἃ
930 648 1089 685 diligenter.
1131 647 1203 677 Gell.
1216 647 1265 677 lib.

145 687 169 714 3.
183 688 244 716 cap.
263 689 304 708 10.
328 680 394 710 Haec
406 681 489 711 Varro
507 682 542 711 de
552 692 669 712 numero
682 684 838 720 septenario
851 686 953 724 scripsit
965 687 1117 715 admodum
1131 685 1268 721 conquisi-

141 721 179 745 te.
217 718 294 746 Aufr.
307 718 342 746 ad
352 718 472 748 Herenn.
485 719 533 749 lib.
547 729 572 749 2.
587 721 621 750 ad
633 720 680 750 fin.
704 721 771 750 Haec
789 721 806 750 fi
819 729 850 751 ut
863 724 1018 761 conquisite
1034 723 1265 761 conscripsimus,

164 754 202 783 ita
211 759 241 782 tu
252 754 399 793 diligenter
410 757 493 786 fueris
504 757 691 794 consequutus
701 780 708 793 ,
729 760 780 788 διο.

107 790 187 821 con
198 797 395 830 onisii-10,
417 796 487 824 onis.
509 795 528 823 f.
551 796 718 833 [συζήτησις]
740 796 799 826 Cic.
815 797 851 826 de
868 797 990 828 Univers.
1005 809 1029 835 ς.
1061 798 1267 828 Difficillimum

144 835 237 859 autem
248 830 286 858 est
298 832 326 860 in
339 833 417 862 omni
429 833 633 869 conquisitione
644 834 758 863 rationis
769 835 926 865 exordium.

144 867 318 909 Conquisitio
327 869 510 907 piaculorum.
526 871 643 906 Liv.7.³-
657 882 697 909 pr.
710 872 806 908 Qium
817 874 993 910 piaculorum
1004 874 1090 911 magis
1100 872 1267 911 conquisitio

165 913 275 936 animos
285 929 292 942 ‚
315 918 398 944 quam
408 918 524 946 corpora
535 909 625 938 morbi
637 909 788 939 afficerent.

143 942 290 974 Exercitus
309 946 511 983 conquisitione
523 947 666 977 collec'tus.
707 946 764 976 Cic.
786 947 821 976 de
836 948 961 979 Provinc.
976 948 1056 979 Cons.
1074 959 1097 983 ς.
1120 948 1180 984 Jarn
1201 957 1267 977 vero

165 983 304 1012 exercitus
313 983 404 1014 noster
414 983 462 1013 ille
472 983 662 1023 superbissimo
673 984 784 1015 delectu
796 987 822 1016 ἃ
836 987 977 1017 durissima
989 986 1194 1025 conquisitione
1211 986 1267 1015 col-

164 1019 251 1048 lec‘tus
263 1022 355 1050 omnis
366 1022 480 1052 interiit.

107 1055 428 1092 CoNquisTros,6ris.m.
442 1060 599 1096 [συξητηπῖς]
610 1060 668 1097 Qui
679 1061 825 1098 conquirit.
838 1062 885 1092 Sic
895 1062 1268 1100 apudPlaut.Conquisitores

145 1093 209 1123 sunt
222 1116 230 1129 ,
252 1095 308 1132 Qui
321 1099 527 1134 conquirerent,
547 1098 564 1127 si
575 1100 621 1127 cui
634 1099 757 1128 fautores
769 1099 890 1138 delegati
901 1099 1007 1138 effent3
1030 1100 1129 1139 Amph.
1142 1100 1265 1138 prol.65.

226 1131 265 1162 Ut
280 1135 479 1172 conquisitores
493 1135 591 1174 singuli
606 1137 636 1165 in
649 1134 776 1166 subsellia

226 1171 299 1201 Eant
308 1182 357 1210 per
371 1179 457 1203 totam
468 1182 582 1203 caveam
593 1173 812 1212 spectatoribus:

225 1209 255 1238 Si
267 1211 311 1238 cui
324 1212 444 1240 fautores
455 1211 599 1249 delegatos
610 1212 732 1241 viderint
742 1234 750 1248 ,

226 1247 263 1276 Ut
273 1248 315 1277 his
325 1249 354 1277 in
365 1258 447 1278 cavea
457 1250 557 1286 pignus
568 1250 692 1285 capiatur
703 1257 785 1287 togae.
825 1251 901 1281 conf.
913 1250 1183 1289 Buleng.deTheatr.
1191 1260 1265 1287 ι.ς4.

145 1284 217 1314 Sunt
226 1292 318 1315 autem
333 1286 475 1324 speciatim
495 1286 717 1324 Conquisitores‚
739 1290 920 1325 [ιφπιλογεὺς]
944 1290 1086 1320 Satellites
1097 1312 1106 1326 ,
1125 1290 1170 1320 vel
1187 1290 1267 1320 lieto-

163 1331 208 1351 res
220 1333 227 1352 :
251 1325 277 1353 ἃ
287 1331 317 1353 ut
327 1325 410 1361 vulgo
420 1325 551 1354 dicuntur
561 1325 727 1363 Commiffzrii
736 1348 745 1361 ,
767 1328 877 1356 audiore
893 1328 1004 1361 Budaeo.
1028 1328 1087 1357 Cic.
1096 1338 1148 1366 pro
1163 1328 1265 1358 Milon.

166 1363 212 1394 68.
234 1361 262 1391 Si
273 1362 356 1392 ltaliae
365 1362 489 1391 delec‘tus
502 1384 510 1396 ‚
532 1369 563 1392 ut
574 1363 705 1392 nonnulli
723 1365 921 1400 conquifitores
939 1367 981 1395 tui
1005 1366 1155 1401 dic'titant,
1176 1366 1194 1395 si
1206 1366 1267 1396 haec

162 1408 241 1428 arma
251 1422 259 1434 ,
274 1401 325 1430 Sec.
366 1400 419 1429 Eos
431 1399 562 1438 intelligit
572 1401 672 1438 quibus
682 1403 861 1432 mandaverat
872 1404 1019 1442 Pompeius
1029 1413 1124 1433 curam
1135 1404 1268 1442 colligen-

166 1436 196 1465 di
207 1447 238 1466 ac
247 1437 419 1467 describendi
429 1439 577 1468 exercitus.
618 1439 674 1468 Liv.
687 1450 732 1469 21.
748 1450 758 1469 1
767 1450 790 1469 1.
812 1441 869 1477 Qui
881 1441 938 1470 duo
948 1441 1046 1480 populi
1057 1441 1182 1472 delectus
1191 1452 1267 1472 acer-

164 1473 254 1504 bitate
267 1476 433 1506 consternati
448 1497 456 1510 ,
476 1477 591 1506 retentis
601 1478 835 1515 conquisitoribus
848 1501 855 1515 ,
877 1488 984 1509 metum
999 1480 1169 1509 defectionis
1180 1489 1267 1517 quum

165 1513 346 1551 praebuisl'ent
358 1536 366 1549 ,
387 1513 505 1551 oppressi
518 1515 660 1545 celeritate
672 1517 832 1552 Annibalis,
856 1517 1010 1547 omiserunt
1020 1525 1096 1547 mota
1107 1528 1190 1547 arma.
1211 1518 1267 1548 Eos

166 1558 250 1580 vocat
261 1552 306 1588 qui
319 1551 442 1581 delectui
450 1551 583 1581 habendo
593 1560 670 1583 erant
682 1554 812 1592 praefecti.
849 1555 921 1585 Hirt.
936 1556 972 1585 de
989 1555 1056 1586 Bell.
1072 1556 1147 1586 Alex.
1164 1566 1225 1593 cap.
1237 1566 1264 1586 2.

164 1588 197 1618 In
208 1598 306 1618 omnes
321 1596 414 1627 partes
424 1612 432 1626 ‚
452 1600 503 1628 per
516 1600 582 1627 quas
599 1591 668 1621 fines
682 1592 806 1630 AEgyptii
819 1614 827 1627 ,
847 1603 1021 1631 regnumque
1035 1595 1172 1631 pertinet,
1194 1594 1267 1631 lega-

163 1631 210 1656 tos
220 1648 227 1662 ,
249 1627 502 1665 conquisitoresque
514 1651 521 1663 ,
544 1629 670 1659 delectus
681 1630 804 1659 habendi
816 1631 903 1666 causa,
924 1632 1062 1661 miserant.
1104 1631 1162 1661 Cic.
1175 1641 1200 1669 7.
1211 1634 1265 1662 Att.

166 1674 211 1694 21.
233 1665 293 1694 Nec
302 1667 379 1695 enim
390 1666 590 1703 conquisitores
605 1670 809 1699 Φωιιοπτοσωπεῒν
825 1670 931 1698 audent
945 1692 952 1703 ‚
974 1679 1038 1699 cum
1049 1669 1096 1699 ille
1108 1670 1185 1701 adlit.

109 1702 157 1731 Co
166 1712 186 1732 N
196 1713 244 1739 Qu
254 1714 278 1732 §a
289 1714 300 1733 s
309 1713 352 1732 To
361 1715 377 1733 R
389 1726 397 1740 ,
419 1705 483 1734 otis.
505 1715 542 1734 m.
564 1705 652 1735 Idem.
674 1705 752 1737 Varr.
765 1706 802 1736 de
815 1706 843 1737 L.
855 1706 885 1737 L.
898 1718 922 1743 ς.
939 1712 965 1742 8.

110 1739 313 1776 ΟοΝιιᾸοο,
336 1742 366 1771 V.
388 1752 576 1772 conantio.

108 1778 158 1808 Co
167 1788 187 1807 N
197 1789 214 1808 R
224 1788 238 1808 ιι
248 1786 265 1808 c
277 1791 286 1808 1
296 1790 312 1809 ο
324 1802 332 1815 ,
352 1781 425 1810 onis.
446 1781 481 1810 ab
496 1781 646 1819 auguribus
661 1780 729 1812 olim
748 1782 900 1812 vocabatur
912 1782 1002 1821 Regio
1019 1782 1092 1814 intra
1103 1783 1175 1814 fines
1193 1792 1269 1815 com-

145 1817 290 1854 prehensa.
333 1817 406 1848 Varr.
422 1822 448 1848 6.
465 1819 500 1848 de
516 1819 544 1848 L.
558 1819 585 1849 L.
596 1829 621 1849 2.
644 1819 720 1850 Intra
734 1830 766 1850 ea
778 1822 968 1859 conregione,
989 1821 1189 1861 conspicione,
1208 1833 1270 1853 cot-

147 1855 277 1885 tumione
285 1878 293 1892 ‚
314 1857 410 1894 utique
419 1867 452 1886 ea
461 1856 608 1886 rectissime
617 1857 694 1887 sensi.
730 1859 770 1888 Ex
781 1859 925 1889 Turnebo.

148 1892 325 1931 Conregione
336 1916 344 1930 ,
363 1904 415 1932 pro
431 1895 452 1924 E
464 1897 579 1932 regione
590 1895 721 1925 dixerunt
732 1903 846 1927 veteres.
869 1898 972 1928 festus.

109 1930 134 1960 C
143 1940 159 1959 o
170 1941 190 1960 N
201 1941 239 1961 Rri
249 1941 268 1960 o
277 1942 296 1960 N
306 1942 322 1961 o
338 1954 344 1967 ,
367 1936 422 1962 are.
445 1932 562 1962 Tertull.
576 1935 601 1963 δι
614 1934 730 1964 Hieron.

108 1967 157 1998 <so
167 1977 187 1998 N
196 1979 212 1998 a
224 1980 237 1999 ιι
247 1979 264 1998 υ
275 1979 287 1998 s
297 1992 306 2005 ‚
326 1971 511 2006 [rvrffvoz&]
533 1972 590 2008 Qui
609 1981 673 2001 curn
685 1972 740 2001 alio
754 1973 783 2002 iri
796 1973 838 2008 ius
857 1978 973 2003 vocatus
990 1972 1038 2003 est.
1078 1972 1191 2012 Ulpian.
1206 1974 1235 2004 in
1248 1973 1268 2005 l.

146 2007 362 2037 Liberationem.
401 2009 422 2046 §.
446 2008 530 2038 Nunc
540 2011 576 2038 de
587 2010 697 2040 effeCw.
717 2011 750 2040 D.
767 2011 894 2040 deliber.
907 2011 987 2048 legat.
1012 2011 1041 2040 Si
1062 2020 1127 2041 cum
1144 2014 1200 2042 alio
1222 2013 1270 2042 sim

147 2045 274 2079 debitor,
296 2053 363 2084 puta
375 2046 432 2076 tluo
443 2048 481 2076 rei
492 2047 596 2077 fuimus
608 2048 808 2085 promittendi,
831 2050 857 2079 ἃ
875 2049 946 2078 mihi
965 2048 1014 2078 soli
1028 2049 1140 2079 testator
1161 2050 1271 2080 consul-

144 2090 206 2114 tum
217 2084 326 2114 voluit:
348 2085 459 2122 agendo
470 2085 623 2122 consequar
635 2108 643 2121 ,
665 2096 723 2115 non
738 2094 768 2122 ut
783 2092 900 2125 accepto
911 2087 1010 2116 liberet
1021 2109 1029 2122 ‚
1051 2097 1087 2116 ne
1100 2089 1185 2122 etiam
1204 2098 1271 2118 con-

144 2130 210 2152 reus
219 2132 298 2152 meus
311 2121 444 2152 liberetur
456 2129 553 2152 contra
564 2124 698 2153 testatoris
713 2125 902 2154 voluntatem:
925 2125 971 2153 sed
982 2126 1065 2162 pasto
1076 2124 1222 2156 liberabor.

106 2156 185 2189 CoN
195 2164 259 2190 nin
268 2170 308 2190 so
318 2182 326 2196 ,
349 2163 402 2190 ete.
425 2162 612 2199 compositum
624 2172 658 2192 ex
669 2162 732 2192 Con
744 2165 770 2194 δε
784 2163 873 2193 Rideo
885 2173 894 2199 5
916 2163 992 2193 idem
1005 2163 1081 2201 quod
1091 2164 1231 2201 Renideffi
1244 2165 1271 2195 Sc

145 2198 235 2228 iaetor.
259 2198 366 2228 Lucret.
378 2199 427 2228 lib.
438 2210 465 2235 4.
475 2205 520 2233 ει.

238 2235 273 2266 Et
283 2244 387 2274 quanto
401 2238 508 2267 circum
519 2247 600 2275 mage
611 2236 674 2267 sunt
688 2237 792 2268 inclusa
804 2239 904 2268 theatri

237 2275 347 2305 Moenia
358 2297 366 2310 ,
389 2282 446 2304 tam
459 2277 545 2313 magis
559 2275 618 2304 haec
633 2277 709 2306 intus
719 2276 829 2314 perfusa
841 2277 937 2315 lepore

241 2313 347 2343 Omnia
359 2314 510 2343 conrident
524 2321 658 2351 conrepta
669 2314 733 2344 luce
748 2315 815 2344 diei.
912 2315 1016 2345 Usitata
1035 2314 1144 2345 tralatio
1157 2315 1274 2354 scripto-

145 2350 239 2387 ribus,
261 2352 278 2380 i.
291 2361 315 2381 e.
339 2351 444 2381 Omnia
456 2351 535 2380 simui
542 2352 672 2381 renident
681 2375 690 2388 ,
711 2353 756 2382 vel
776 2352 945 2383 hilaritatem
963 2353 1102 2390 ejusmodi
1122 2364 1179 2392 prae
1195 2354 1222 2384 se
1233 2356 1273 2385 fe-

146 2397 214 2419 runt
227 2395 258 2419 ut
271 2389 360 2419 ridere
375 2390 532 2419 videantur.
565 2390 724 2420 Lambinus.

108 2428 133 2459 C
143 2438 160 2457 o
171 2438 189 2457 N
201 2438 246 2495 epil}
256 2438 268 2457 s
277 2437 289 2456 Ρ
299 2438 316 2457 o
326 2437 341 2456 a
352 2449 360 2462 ,
370 2428 429 2495 diirFi.
437 2428 524 2495 stDep.
545 2427 729 2465 Conquirere.
767 2428 940 2468 Conruspare
952 2435 999 2459 tua
1010 2429 1124 2459 consilia
1136 2430 1166 2459 in
1176 2432 1274 2469 pecto-

148 2476 186 2496 re.
240 2472 295 2496 aut.
311 2476 325 2495 a
349 2475 366 2495 u
419 2475 434 2494 e
459 2489 465 2495 .

110 2504 134 2534 C
142 2513 159 2534 o
171 2514 190 2533 N
198 2514 210 2533 s
220 2514 238 2533 A
248 2514 263 2533 s
274 2514 291 2533 u
301 2514 318 2533 R
328 2476 374 2533 ΕΝ
382 2513 394 2532 s
405 2513 439 2533 ns
452 2525 460 2539 ,
482 2503 580 2542 Populi
593 2503 731 2542 Hispaniae
748 2504 883 2535 citerioris
895 2527 903 2541 ,
924 2506 955 2535 in
974 2511 1117 2536 conventu
1132 2506 1273 2545 Carthagi.

149 2542 236 2572 niensi
246 2564 254 2578 ,
277 2548 307 2571 ut
320 2541 414 2571 scribit
424 2541 492 2571 Plin.
503 2542 550 2571 lib.
566 2551 588 2577 3.
600 2552 661 2580 cap.
674 2551 698 2578 3.

109 2579 134 2610 C
142 2590 160 2610 o
170 2590 210 2609 Ns
220 2590 240 2609 A
248 2590 262 2608 Β
272 2590 291 2608 u
301 2590 318 2608 R
328 2590 343 2608 R
351 2589 368 2609 ο
379 2601 387 2615 ,
412 2590 466 2610 are.
488 2580 567 2610 Idem
578 2590 610 2610 ac
623 2580 751 2610 Saburro.
772 2580 916 2619 Angustia.

109 2619 135 2648 C
143 2628 160 2648 ο
169 2628 189 2647 Ν
199 2628 210 2647 s
218 2620 236 2647 Ti
246 2629 262 2646 L
270 2619 290 2646 ῡ
299 2628 317 2646 τ
328 2628 362 2652 ο,
384 2618 582 2655 [ἀπάξομαι]
599 2621 654 2648 are.
686 2618 764 2648 idem
792 2618 866 2656 quod
884 2619 1007 2648 Salutate
1017 2641 1026 2655 ‚
1055 2620 1147 2657 inquit
1168 2620 1270 2652 Festus.

148 2654 208 2686 Liv.
220 2665 243 2689 ι.
259 2660 303 2685 ²6.
327 2656 499 2686 Dietatorem
510 2665 574 2685 eum
586 2657 669 2694 legati
679 2656 847 2694 gratulantes
856 2657 1038 2687 consalutant.

149 2694 412 2724 Consalutareinter
423 2694 459 2724 se.
500 2694 558 2723 Cic.
572 2704 597 2723 2.
612 2695 647 2724 de
658 2695 736 2724 Orat.
751 2704 794 2729 13.

167 2742 228 2762 rum
237 2732 299 2762 usus
312 2732 433 2766 ferebat,
454 2731 615 2762 amicissime
625 2731 836 2762 consalutassent
847 2755 854 2767 ,
872 2734 923 2763 &a

149 2771 340 2806 Consalutare,
352 2770 477 2800 Salutem
487 2772 601 2807 precari.
624 2771 654 2800 V.
675 2771 810 2806 Salutate,
821 2770 938 2801 salutem
948 2771 1071 2809 precari,
1093 2772 1123 2801 in
1143 2782 1155 2802 s
1165 2782 1181 2802 A
1193 2782 1236 2802 uu
1247 2783 1269 2804 s.

110 2809 134 2840 C
143 2820 160 2839 t>
171 2819 190 2838 N
201 2819 212 2838 s
222 2819 240 2838 A
252 2820 268 2837 L
279 2820 295 2838 u
306 2819 325 2837 τ
334 2812 350 2838 Ti
361 2818 380 2837 T
389 2819 399 2836 1
409 2818 426 2837 o
437 2830 446 2843 ,
467 2809 538 2838 onis.
563 2809 582 2838 f.
609 2806 795 2845 [ἐπιεικὲς]
823 2809 882 2839 Cic.
892 2819 918 2839 2.
934 2810 988 2840 Att.
1005 2815 1049 2845 18.
1070 2810 1146 2841 Hinc
1160 2811 1272 2849 plausus

147 2847 283 2882 maximi,
304 2846 489 2876 consalutatio
506 2846 617 2876 sorensis
628 2846 844 2884 perhonorifica.

148 2885 339 2915 Consalutatio
350 2884 532 2914 exercituum.
555 2884 646 2914 Tacit.
662 2894 705 2920 ις.
719 2886 788 2914 Ann.
806 2887 848 2914 16.

147 2923 219 2953 Cum
229 2933 264 2952 ex
272 2922 422 2960 improviso
433 2944 441 2957 ,
462 2929 545 2960 atque
556 2923 585 2951 in
594 2923 650 2960 ipsa
662 2922 882 2952 consalutatione
893 2923 1088 2954 dimicandum
1098 2924 1201 2954 fuisset.
1222 2925 1271 2954 ubi

166 2961 235 2991 clini
247 2960 467 2990 consultatione.
489 2960 524 2990 H.
537 2961 575 2990 St.
616 2960 733 2998 Reliqua
751 2960 843 2991 cultro
863 2961 966 2991 reseffi’ta
981 2961 1053 2992 sunt.
1091 2963 1163 2993 Sunt
1177 2969 1271 2994 autem

166 2999 255 3029 verba
268 3000 344 3028 Suet.
356 3000 385 3027 in
400 2998 515 3028 Othone
524 3008 584 3036 cap.
595 3009 621 3033 9.

110 3038 390 3072 CoNanasco,
411 3037 674 3066 Cousaunsco.
715 3035 747 3066 V.
771 3046 958 3067 coNSANe.

110 3077 135 3107 C
144 3086 161 3106 o
171 3086 191 3105 Ν
200 3085 212 3105 s
223 3087 242 3104 Α
252 3085 271 3104 Ν
282 3085 300 3103 c
311 3085 328 3103 υ
337 3076 349 3103 ῑ
359 3084 377 3103 Ν
387 3084 402 3103 ιε
414 3084 431 3103 u
440 3084 453 3103 s
462 3097 469 3109 ,
490 3075 509 3103 i.
532 3084 569 3104 m.
591 3069 722 3111 [ὁμρφῼυὲς
731 3096 739 3109 ,
757 3070 885 3110 ὀμούμων,
902 3072 1043 3111 συγῃίῑυῆς]
1064 3075 1122 3114 Qui
1136 3075 1270 3115 sanguine

149 3114 318 3149 conjunctus
327 3112 366 3141 est
377 3122 441 3142 cum
449 3112 545 3142 altero.
568 3112 652 3142 Plaut.
668 3113 743 3142 Poen.
758 3121 781 3147 ς.
795 3121 818 3140 2.
831 3122 876 3148 77.

231 3151 302 3179 Meis
311 3149 524 3187 consanguineis
533 3150 601 3179 nolo
614 3158 642 3179 te
655 3151 755 3186 injuste
775 3149 860 3187 loqui.
945 3151 1004 3181 Cic.
1019 3161 1044 3181 2.
1058 3152 1112 3182 Art.
1130 3161 1174 3188 23.
1213 3152 1269 3182 Sed

148 3185 280 3221 eadm-23³&-
291 3188 389 3218 nostrae
399 3187 620 3226 consanguineus
630 3198 688 3218 non
699 3189 856 3219 mediocres
862 3194 980 3219 terrores
990 3190 1056 3224 jacit
1067 3197 1150 3227 atque
1161 3190 1271 3221 denun-

100 3248 101 3251 =
149 3228 208 3257 tiat.

148 3266 294 3299 Parentes,
314 3263 411 3299 liberi,
431 3264 585 3302 coniuges,
605 3263 815 3302 consanguinei.
838 3263 896 3294 Cic.
914 3276 937 3294 ι.
949 3265 984 3294 de
998 3264 1107 3296 Invent.
1125 3275 1186 3301 103.

145 3305 252 3334 Arietes
260 3302 474 3338 consanguinei,
495 3303 570 3339 apud
582 3302 640 3331 Cic.
657 3312 678 3331 1.
692 3303 727 3331 de
739 3302 832 3331 Divin.
845 3314 891 3339 44.
911 3312 947 3332 ex
957 3304 1072 3342 antiquo
1084 3310 1176 3344 poeta.

147 3343 230 3371 Arma
241 3338 453 3377 consanguinea.
476 3339 574 3369 Claud.
587 3340 622 3369 de
631 3338 699 3369 Bell.
710 3340 784 3370 Gild.
797 3345 861 3374 236.

149 3380 241 3417 Sopor
257 3378 478 3412 consanguineus
489 3377 569 3407 lethi.
592 3378 663 3415 Virg.
675 3382 700 3408 6.
714 3378 776 3408 AEn.
790 3384 854 3413 278.

147 3415 495 3452 Thalamiconsanguinei.
517 3415 615 3445 Claud.
631 3418 667 3445 de
679 3426 703 3453 3.
718 3416 797 3445 Cons.
813 3416 885 3445 Hori.
899 3425 962 3453 ¹5⁴·

147 3455 244 3486 Turba
254 3454 458 3491 consanguinea
472 3475 481 3488 ,
502 3453 625 3483 Sorores.
646 3454 770 3490 Ovid.i4
792 3454 875 3492 Epist.
892 3464 952 3484 12¹.

147 3492 356 3530 Consanguinei
367 3514 375 3521 .
399 3492 530 3521 dicuntur
543 3491 649 3521 Fratres
662 3502 697 3522 ex
713 3494 815 3522 eodem
831 3498 909 3529 patre
919 3493 996 3528 nati,
1023 3492 1073 3523 lib.
1085 3502 1110 3529 3.
1130 3491 1216 3524 instit.
1237 3494 1273 3524 ti-

168 3531 227 3561 tulo
239 3553 247 3566 ,
271 3531 310 3560 De
321 3529 446 3567 legitima
455 3536 618 3566 agnatorum
627 3530 815 3559 succellione.-
828 3531 850 3568 ξ.
865 3541 886 3559 ι.
912 3531 1007 3568 ltaque
1023 3540 1058 3560 ex
1076 3532 1177 3561 eodem
1190 3539 1270 3570 patre

168 3569 226 3598 nati
240 3569 353 3602 fratres,
373 3568 466 3605 agnati
477 3567 525 3596 sibi
537 3567 615 3603 sunt,
637 3569 720 3604 qui&
732 3567 1094 3606 consanguineivocantur:
1116 3579 1170 3599 nec
1181 3571 1272 3608 requi-

169 3606 238 3636 ritur
250 3628 258 3641 ,
279 3614 314 3635 an
327 3607 411 3635 etiam
423 3606 541 3634 eandem
555 3615 671 3634 matrem
683 3606 839 3635 habuerint.

113 3645 136 3675 C
146 3654 163 3674 0
172 3654 192 3674 N
202 3654 214 3673 s
224 3653 243 3672 A
253 3653 272 3672 Ν
283 3650 301 3672 c
310 3652 327 3672 u
338 3646 349 3672 ἱ
359 3645 397 3672 Νῑ
407 3653 426 3672 T
434 3654 454 3672 A
463 3654 475 3672 s
486 3666 493 3676 ,
515 3644 575 3672 atis.
597 3644 616 3673 f.
646 3644 797 3679 [avsys‘rdx]
820 3643 878 3682 ipsa
895 3644 1068 3680 coniunctio.
1111 3644 1169 3675 Liv.
1184 3655 1209 3682 7.
1228 3655 1270 3683 ¹9-

151 3683 270 3712 Ceritem
289 3681 426 3719 populum
441 3681 628 3711 misericordia
646 3681 894 3720 consanguinitatis
909 3682 1156 3721 Tarquiniensibus
1172 3684 1272 3720 adjun-

150 3722 225 3750 stum
238 3719 310 3748 fama
318 3718 432 3748 ferebat.

149 3759 322 3795 Propinquus
333 3757 572 3795 consanguinitate
581 3757 675 3786 alicui.
698 3757 771 3796 Virg.
785 3768 810 3787 2.
825 3758 886 3787 ffin.
899 3763 925 3792 8.

113 3797 136 3827 C
144 3807 161 3826 ο
169 3806 189 3825 Ν
199 3806 212 3825 s
222 3799 237 3824 Ᾰ
248 3804 267 3823 Ν
277 3804 294 3823 0
305 3816 314 3830 ,
335 3796 460 3831 [iniustam
481 3795 572 3831 indu]
593 3797 649 3825 are.
672 3795 810 3825 Columel.
823 3795 871 3824 lib.
889 3807 915 3830 4.
931 3805 992 3834 cap.
1003 3805 1049 3832 ²⁴»
1072 3797 1138 3834 Quo
1150 3797 1272 3835 plerum..

151 3844 206 3872 que
217 3833 247 3862 fit
256 3854 263 3867 ,
284 3840 315 3861 ut
324 3834 398 3868 quod
410 3835 523 3871 praecidi
535 3834 645 3866 debeat,
667 3834 868 3871 praefringitur,
882 3836 907 3863 ἅ
918 3834 951 3862 sic
963 3837 1026 3863 vitis
1037 3835 1148 3870 laniata,
1165 3836 1272 3865 scabra-

149 3877 231 3909 taque
245 3870 383 3908 putrescat
399 3871 563 3900 humoribus
574 3893 581 3906 ,
603 3881 655 3900 nec
667 3872 753 3909 plagae
766 3872 960 3900 consanentur.
981 3872 1012 3902 V.
1035 3873 1109 3903 Parei
1123 3874 1187 3903 Lex.
1203 3874 1270 3904 Crit.

121 3941 124 3943 ‚
149 3909 305 3940 Consanare
316 3930 322 3941 ,
345 3916 394 3946 pro
405 3907 616 3938 Consanescere.
657 3909 720 3946 Ulp.
736 3910 762 3938 in
777 3908 793 3938 l.
806 3910 891 3938 idem.
915 3910 946 3938 D.
961 3910 996 3939 de
1005 3911 1076 3941 aedil.
1088 3912 1171 3941 edict.
1194 3911 1271 3942 Idem

171 3947 282 3977 Offilius
294 3946 331 3974 ait
342 3968 349 3977 .
372 3946 389 3974 si
401 3946 510 3975 homini
522 3948 625 3983 digitus
641 3947 670 3976 sit
680 3947 806 3976 abscissus
819 3970 827 3982 ,
850 3948 1004 3977 membrive
1018 3950 1085 3986 quid
1102 3949 1251 3978 laceratum
1262 3972 1271 3986 ,

167 3985 293 4021 quamvis
305 3983 510 4013 consanaverit:
535 3985 550 4012 fi
564 3992 658 4013 taimen
669 3986 706 4013 ob
716 3996 776 4014 eam
787 3995 845 4016 rem
855 3995 888 4016 eo
899 3988 992 4016 minus
1003 3988 1043 4017 uti
1051 3987 1146 4026 possit,
1166 3997 1225 4017 non
1233 3988 1274 4019 vi.

169 4024 226 4053 deri
237 4027 330 4090 ianuiln
343 4021 404 4052 effe.
442 4022 658 4058 [Consanuerit.
673 4023 716 4054 H.
730 4024 767 4053 St.

203 4060 223 4091 V
233 4070 250 4090 ο
261 4071 286 4090 ι..
323 4081 330 4090 .

817 2694 874 2731 Qui
894 2705 981 2732 quum
996 2696 1068 2725 inter
1078 2695 1125 2732 se,
1146 2702 1178 2727 ut
1198 2697 1272 2736 ipso-
1290 2733 1294 2736 ,

1687 188 1717 224 C
1814 188 1850 223 O
1948 189 1983 223 N
2420 200 2486 235 651

1317 267 1520 299 CoNsXNas
1531 279 1585 302 co,
1606 269 1651 299 vel
1677 269 1725 299 Co
1736 279 1953 305 NSANasco,
1975 270 2123 305 consanui.
2145 270 2285 308 [ὑνὸομαιι]
2306 274 2362 303 ὅτε.
2384 273 2489 305 Sanum

1355 306 1423 334 fieri.
1447 307 1504 336 Cic.
1519 319 1544 341 4.
1561 307 1635 336 Fam.
1652 310 1678 336 6.
1702 308 1786 337 Nunc
1796 313 1889 337 autem
1900 309 1956 338 hoc
1966 315 2022 338 tarn
2034 310 2106 346 gravi
2124 309 2248 344 vulnere,
2261 312 2344 341 etiam
2360 311 2416 345 illa,
2428 323 2489 350 qua:

1357 343 1529 373 consanuisse
1540 344 1706 374 videbantur
1719 367 1726 377 .
1748 345 1956 376 recrudescunt.
2001 346 2069 375 Cels.
2084 346 2132 376 lib.
2148 357 2173 384 7.
2186 356 2247 384 cap.
2269 358 2309 378 12.
2332 349 2366 377 de
2377 349 2489 384 lingua,

1357 381 1391 409 Et
1403 381 1527 419 plerique
1536 382 1660 418 quidem.
1674 383 1722 412 ubi
1735 382 1955 419 consanuerunt,
1977 383 2141 421 loquuntur.
2183 385 2213 411 V.
2235 382 2373 412 Columel.
2384 390 2409 417 8.
2423 396 2448 414 2.

1322 418 1345 448 C
1354 428 1370 446 o
1381 428 1398 447 Ν
1408 428 1420 446 s
1430 429 1447 447 Α
1458 429 1472 447 R
1483 421 1517 448 ci
1527 430 1545 448 Ν
1555 429 1583 452 o,
1603 420 1770 457 [ανσκόυάζω
1781 441 1789 453 ,
1805 422 1944 456 σνασέρω]
1964 425 2016 451 ᾗτε,
2041 420 2114 450 Gell.
2126 419 2176 449 lib.
2197 429 2236 453 ιι.
2253 431 2313 458 cap.
2326 431 2370 455 ²3.
2389 422 2418 450 ln
2433 432 2490 459 quo

1360 455 1438 484 versu
1453 466 1509 485 non
1520 463 1631 494 oportet
1646 458 1763 487 alterum
1775 458 1866 487 videri
1877 459 2001 493 verbum,
2015 458 2091 488 idem
2104 458 2180 495 quod
2192 457 2314 494 superius
2324 458 2489 496 significans,

1359 492 1508 531 supplendi
1521 496 1629 523 numeri
1642 495 1721 525 causa
1732 495 1904 526 extrinsecus
1921 496 2049 526 additum
2065 497 2091 526 ἃ
2103 495 2333 526 consarcinatum.
2360 496 2404 527 Est
2414 498 2491 529 enim

1361 531 1417 560 hoc
1430 532 1512 561 inane
1521 533 1712 562 admodum&
1722 533 1811 563 sutile.

1362 568 1485 598 Crimina
1517 570 1652 598 Ammian.
1673 580 1714 606 14.
1733 581 1756 606 5.

1362 606 1474 636 Insidias
1489 607 1688 637 consarcinare.
1715 607 1852 638 Ammian.
1870 618 1913 644 14.
1924 613 1951 643 8.

1362 643 1523 674 Mendacia.
1546 646 1683 675 Ammian.
1703 656 1744 679 ις.
1762 656 1805 675 10.

1360 681 1459 712 Verba.
1482 682 1553 712 Gell.
1574 692 1615 718 ¹3·
1630 691 1675 718 ²3·
1711 683 1741 712 V.
1768 683 1853 720 paulo
1870 690 1945 713 ante.

1322 717 1668 754 CONSARciNKTOR,
1693 721 1757 750 oris.
1781 731 1817 749 m.
1845 727 1893 756 ut,
1916 721 2018 752 Litium
2030 721 2243 754 consarcinator.
2266 725 2403 755 Ammian.

1324 755 1702 793 CoNsaaciNATr-tx,
1722 759 1822 789 icis.f.

1324 794 1392 824 Cos
1404 805 1540 830 aiteio,
1561 799 1611 824 ire.
1852 765 1875 867 ξ
1902 797 1990 826 Voces
2001 798 2075 836 apud
2088 797 2183 834 Jths.

1324 831 1571 868 C‘ONSARTOR,
1597 833 1661 862 (iris.
1683 843 1720 862 m.

1324 869 1347 898 C
1356 880 1372 898 ο
1384 879 1422 899 Ns
1433 881 1451 899 Α
1462 881 1477 899 R
1487 881 1503 899 R
1512 881 1546 899 10
1556 893 1563 904 ,
1586 868 1749 906 [mamam]
1770 873 1821 913 ire.
1842 871 1921 900 Idem
1935 872 2009 908 quod
2024 872 2134 902 Sarrire.
2157 873 2295 904 Columel.
2309 874 2357 905 lib.
2375 885 2386 905 ι
2395 885 2418 906 ι.
2428 885 2490 915 cap.

1364 916 1388 943 3.
1410 908 1704 938 Deindesulciomnes
1713 909 1913 938 conlarriendi.
1935 910 2011 939 conf.
2028 912 2086 940 Cat.
2105 911 2139 940 de
2154 911 2187 941 R.
2207 912 2239 941 R.
2259 922 2320 951 cap.
2333 919 2378 949 48.

1325 944 1373 974 Co
1385 955 1453 1012 Nssn
1463 956 1552 990 utcr'o
1563 968 1571 982 ,
1593 943 1804 982 [ποωρωινὶξω]
1825 950 1881 976 are.
1903 947 1979 976 Suet.
1995 948 2102 978 Neron.
2121 958 2183 987 cap.
2197 953 2242 979 26.
2263 951 2388 981 Praetoris
2407 957 2494 990 caput

1364 993 1418 1012 con
1432 991 1562 1013 auciavit.

1325 1019 1373 1050 Co
1383 1031 1421 1050 Ns
1431 1031 1449 1050 A
1459 1032 1476 1051 υ
1486 1032 1520 1051 ci
1530 1032 1548 1051 0
1559 1032 1576 1051 R
1586 1043 1595 1057 ,
1614 1021 1664 1051 ari.
1687 1020 1782 1058 paffiv.
1807 1021 1884 1050 Aust.
1896 1022 1930 1051 ad
1943 1022 2043 1052 Heren.
2053 1023 2102 1054 lib.
2113 1035 2139 1060 4.
2154 1033 2199 1062 27.
2221 1025 2254 1055 ln
2265 1026 2320 1056 hoc
2331 1033 2424 1058 autem
2436 1036 2494 1058 cre-

1364 1059 1414 1088 bro
1428 1060 1455 1089 &
1469 1059 1553 1089 celeri
1566 1059 1681 1089 vulnere
1695 1068 1799 1096 corpus
1810 1059 1982 1089 consauciari
1993 1061 2110 1091 videtur.

1324 1096 1373 1126 Co
1386 1106 1426 1126 Ns
1435 1107 1455 1127 A
1465 1107 1484 1126 u
1494 1107 1512 1126 c
1521 1108 1530 1126 1
1539 1101 1557 1127 i’i
1566 1107 1586 1126 T
1597 1107 1614 1126 υ
1623 1106 1635 1126 s
1648 1118 1658 1132 ,
1678 1106 1693 1125 a
1704 1118 1712 1131 ,
1734 1107 1804 1140 um..
1815 1096 1913 1127 partic.
1935 1098 2010 1128 Suet.
2025 1101 2092 1137 Aug.
2113 1109 2175 1138 cap.
2185 1110 2230 1132 20.
2257 1101 2415 1141 Utrumque
2435 1102 2494 1133 bra.

1363 1135 1460 1164 chium
1472 1136 1552 1165 ruina
1565 1135 1659 1173 pontis
1674 1134 1896 1164 consauciatum.

1324 1173 1647 1207 CONSA001AT10,
1666 1173 1740 1202 vonis.
1763 1172 1782 1202 f.
1803 1172 1864 1208 JCt.
1883 1174 1911 1202 in
1924 1173 1986 1211 Dig.

1324 1211 1348 1241 C
1358 1220 1374 1239 o
1383 1220 1404 1239 Ν
1413 1220 1424 1240 s
1434 1212 1476 1240 ci:
1485 1212 1525 1240 Li
1533 1221 1549 1240 R
1558 1221 1575 1240 o
1586 1232 1594 1245 ,
1615 1208 1820 1246 [ιιᾳπκμιοάνω]
1839 1213 1893 1240 ate.
1915 1211 2026 1241 Scelere
2045 1212 2173 1250 implere.
2214 1214 2270 1244 Liv.
2285 1226 2330 1250 40.
2345 1221 2371 1248 8.
2394 1217 2472 1254 Agite
2482 1239 2492 1253 ,

1362 1248 1549 1278 conscelerate
1560 1258 1638 1278 aures
1649 1254 1797 1286 paternas,
1819 1249 1965 1279 decernite
1975 1251 2140 1281 criminibus
2149 1273 2157 1287 ,
2176 1261 2243 1281 mox
2257 1252 2329 1282 ferro
2342 1255 2491 1286 decreturi.

1362 1287 1487 1316 Domum
1501 1286 1700 1316 conscelerate.
1723 1285 1825 1316 Catull.
1837 1291 1882 1320 68.
1896 1297 1942 1323 24.

1361 1324 1472 1355 Oculos
1482 1325 1672 1355 conscelerare
1690 1324 1793 1354 dicitur
1801 1346 1811 1359 ,
1834 1325 1891 1362 Qui
1902 1326 2040 1356 nefarium
2050 1326 2159 1357 facinus
2169 1328 2281 1364 aliquod
2294 1332 2444 1366 perpetrari
2456 1331 2498 1359 vi-

1378 1363 1430 1392 det
1444 1385 1453 1399 ,
1474 1363 1550 1401 quod
1562 1362 1605 1392 vel
1617 1368 1741 1392 avertere
1761 1362 1926 1393 &inhibere
1935 1385 1944 1399 ,
1967 1365 2012 1394 vel
2025 1374 2040 1394 a
2051 1374 2107 1402 quo
2120 1365 2178 1403 ipse
2192 1373 2316 1397 avertere
2327 1367 2496 1398 &subduce.

1380 1410 1411 1430 re
1420 1400 1447 1430 se
1459 1408 1575 1439 poterat.
1598 1400 1684 1430 Ovid.
1700 1410 1726 1437 7.
1743 1400 1813 1430 met.
1825 1410 1870 1437 34.

1441 1440 1499 1469 Cur
1513 1449 1571 1468 non
1585 1440 1612 1469 δι
1624 1437 1717 1476 Γρεέὶο
1732 1446 1898 1476 pereuntem
1910 1461 1918 1474 ,
1944 1438 2095 1478 oculosque
2111 1441 2236 1472 videndo

1442 1477 1634 1507 Conscelero‘?
1654 1486 1704 1506 cur
1713 1485 1772 1505 non
1782 1483 1875 1507 tauros
1887 1477 2020 1506 exhortor
2034 1479 2063 1507 in
2075 1478 2177 1509 illum?

1325 1514 1672 1549 (ὀΝεοιῑιειᾸΤυε,
1694 1524 1728 1550 a,
1750 1515 2114 1552 um.[pum9as]1³artic.

1361 1553 1571 1583 Consceleratus
1582 1554 1608 1582 &
1618 1552 1831 1582 contaminatus.
1870 1552 1930 1582 Liv.
1943 1563 1968 1583 2.
1985 1562 2031 1591 37.
2045 1561 2114 1584 extr.
2138 1554 2378 1587 Proficiscentibus
2392 1557 2496 1589 deinde

1379 1591 1538 1629 indignatio
1548 1591 1657 1626 oborta,
1675 1589 1703 1620 se
1717 1596 1749 1620 ut
1759 1590 1972 1628 consceleratos,
1990 1593 2262 1630 contaminatosque,
2281 1595 2315 1624 ab
2330 1595 2403 1625 ludis
2413 1618 2421 1633 ,
2439 1598 2494 1627 ἃς.

1382 1629 1494 1660 abactos
1514 1629 1577 1659 esse.

1362 1666 1446 1697 mens
1460 1667 1655 1697 conscelerata.
1676 1665 1734 1696 Liv.
1746 1671 1775 1700 8.
1792 1671 1835 1701 ¹8-

1360 1705 1475 1735 Nomen
1486 1705 1584 1735 nobile
1594 1703 1815 1735 consceleratum
1827 1704 2012 1743 impudicitiae
2024 1706 2100 1739 dare,
2121 1707 2180 1738 cic.
2200 1707 2300 1739 Odiav.

1361 1743 1451 1774 Pirata
1460 1743 1674 1774 consceleratus.
1698 1742 1758 1771 Cic.
1774 1752 1802 1772 2.
1816 1743 1890 1772 Verr.
1905 1753 1950 1778 90.

1362 1781 1463 1812 Vultus
1474 1783 1596 1812 nefarius
1606 1782 1633 1811 ἃ
1644 1780 1857 1810 consceleratus.
1877 1780 2008 1819 ·Cic...pro
2019 1781 2129 1812 Cluent.
2145 1792 2189 1819 29.

1364 1820 1384 1848 A
1399 1820 1463 1850 filiis
1474 1817 1742 1850 consceleratissimis
1752 1819 1833 1848 furiae
1844 1819 2002 1849 domestica:
2012 1822 2038 1851 ἃ
2050 1820 2161 1851 affiduae
2170 1831 2269 1859 poenas
2279 1823 2497 1861 parentumdies

1384 1858 1534 1896 nostesque
1545 1863 1690 1896 repetunt.
1715 1856 1773 1886 Cic.
1787 1867 1837 1894 pro
1848 1856 1931 1886 Rosc.
1943 1860 2033 1887 Amet.
2043 1862 2088 1894 67.

1326 1893 1350 1924 C
1360 1905 1376 1924 o
1387 1907 1404 1926 N
1415 1907 1452 1926 sc
1462 1907 1475 1925 ιι
1484 1906 1503 1925 Ν
1514 1906 1560 1925 no
1577 1895 1627 1931 ‚di
1639 1917 1647 1930 ,
1658 1894 1718 1924 sum
1729 1916 1737 1929 ‚
1754 1893 1906 1931 [ὲκ-ιζοάνω,
1929 1895 2072 1931 ἀναξαλνω]
2095 1897 2150 1926 ἕιε.
2172 1897 2214 1926 De
2230 1898 2424 1936 navigantibus
2434 1910 2498 1937 pro-

1362 1936 1424 1973 prie
1440 1935 1549 1964 dicitur.
1571 1934 1639 1963 Non
1649 1933 1716 1970 quin
1726 1932 1761 1962 de
1771 1932 1832 1962 aliis
1843 1943 1956 1970 quoque
1968 1934 2059 1970 rebus,
2081 1935 2147 1971 Quo
2161 1935 2328 1972 ascenditur,
2338 1938 2499 1976 usurpetur.

1363 1973 1495 2003 Absolute
1507 1971 1658 2009 aliquando
1666 1971 1791 2008 ponitur.
1832 1970 1890 2000 Cic.
1903 1981 1928 2000 2.
1945 1971 1982 2008 Q.
1995 1972 2057 2001 frat.
2073 1983 2098 2001 2.
2122 1973 2166 2002 Tu
2180 1996 2187 2007 ,
2210 1974 2227 2003 si
2241 1975 2277 2003 ita
2297 1976 2430 2013 expedit,
2449 1985 2498 2005 ve-

1382 2010 1432 2040 lim
1446 2012 1518 2040 bona
1534 2012 1559 2040 Sc
1568 2015 1642 2039 certa
1652 2009 1816 2046 tempestate
1828 2009 1999 2039 conscendas
2010 2032 2018 2045 ,
2040 2010 2076 2040 ad
2086 2021 2189 2049 meque
2199 2013 2305 2043 venias.
2341 2013 2401 2045 Liv.
2423 2013 2502 2044 Cori.

1383 2049 1521 2078 scendunt
1532 2048 1633 2077 alacres
1643 2047 1741 2084 copiae.
1763 2046 1877 2076 subaud.
1899 2048 2011 2078 Navim.

1364 2087 1468 2125 AEquor
1479 2086 1604 2116 navibus.
1625 2085 1699 2122 Virg.
1719 2094 1743 2114 1.
1764 2085 1827 2115 AEn.
1843 2091 1906 2122 385.

1445 2125 1491 2155 Bis
1504 2125 1584 2154 denis
1597 2123 1747 2160 Phrygium
1760 2123 1913 2153 conscendi
1928 2124 2047 2155 navibus
2057 2135 2160 2163 aequor.

1361 2163 1492 2193 Classem.
1515 2163 1590 2199 Virg.
1607 2171 1650 2191 10.
1667 2160 1729 2190 AEn.
1742 2170 1804 2195 ιςς.

1363 2202 1483 2232 Navem.
1524 2200 1584 2230 Cic.
1595 2209 1622 2234 4.
1636 2199 1720 2228 Acad.
1736 2204 1798 2233 ¹48·
1828 2197 1907 2235 Quid
1930 2200 2007 2229 enim
2026 2200 2218 2231 conscendens
2239 2211 2341 2232 navem
2365 2202 2474 2241 sapiens
2484 2226 2494 2239 ,

1383 2249 1453 2269 num
1463 2261 1471 2275 ,
1487 2240 1540 2269 &c.
1580 2236 1646 2267 Caes.
1660 2247 1685 2266 2.
1698 2235 1766 2266 Bell.
1781 2236 1862 2267 Civil.
1873 2248 1899 2272 4.
1923 2237 1989 2267 Non
1998 2239 2108 2269 minore
2117 2240 2213 2269 animo
2225 2249 2257 2270 ac
2268 2239 2372 2271 fiducia
2384 2263 2392 2277 ,
2408 2251 2494 2279 quam

1384 2284 1451 2308 ante
1466 2277 1684 2310 dimicaverant,
1707 2283 1790 2304 naves
1803 2275 2008 2305 conscendunt.

1364 2316 1397 2347 In
1407 2324 1515 2345 navem.
1554 2314 1612 2343 Cio.
1629 2323 1672 2349 14.
1690 2312 1766 2342 Fam.
1779 2321 1806 2348 7.
1828 2312 1931 2343 Navim
1944 2313 2023 2351 spero
2042 2324 2094 2345 nos
2106 2314 2189 2346 valde
2201 2315 2304 2346 bonam
2320 2315 2441 2347 habere:
2464 2317 2494 2347 in

1368 2364 1449 2387 ‚eam
1460 2352 1538 2383 simul
1549 2358 1632 2389 atque
1640 2350 1794 2381 conscendi
1806 2371 1814 2386 ‚
1836 2351 1896 2381 haec
1907 2351 2007 2391 scripsi.

1364 2392 1496 2430 Puppim.
1529 2390 1616 2420 Ovid.
1629 2399 1656 2419 2.
1669 2387 1740 2432 fast.
1754 2399 1799 2424 95.

1364 2430 1487 2462 AEthera.
1509 2429 1578 2458 Stat.
1597 2437 1621 2464 3.
1648 2426 1714 2456 silv.
1731 2436 1753 2456 ι.
1770 2430 1797 2456 6.

1366 2470 1458 2498 Aroes.
1482 2467 1568 2496 Valet.
1582 2475 1608 2495 2.
1626 2465 1728 2502 Argon.
1742 2474 1808 2500 444.

1447 2505 1480 2535 Et
1489 2504 1539 2535 Sol
1558 2503 1689 2534 aethereas
1704 2503 1814 2532 medius
1829 2502 2030 2533 conscenderat
2041 2512 2128 2534 arces.

1363 2544 1486 2574 ‘Culmen
1496 2543 1645 2573 summum.
1667 2539 1714 2570 Sil.
1726 2540 1775 2570 lib.
1790 2549 1813 2576 3.
1828 2550 1890 2577 ςιο.

1366 2584 1495 2613 Currum.
1518 2580 1602 2610 Ovid.
1618 2589 1643 2616 3.
1656 2578 1736 2608 Trist.
1750 2584 1776 2613 8.
1791 2588 1815 2609 1.

1364 2621 1484 2658 Equum.
1512 2619 1569 2649 Liv.
1583 2627 1629 2654 29.
1644 2626 1671 2647 2.

1364 2659 1398 2689 In
1410 2668 1522 2695 equum.
1546 2656 1630 2686 Ovid.
1640 2659 1666 2685 6.
1685 2654 1755 2684 Met.
1768 2662 1834 2685 222.

1364 2697 1483 2727 Moenia.
1505 2694 1554 2725 Sil.
1567 2694 1614 2723 lib.
1629 2703 1653 2729 3.
1669 2703 1732 2728 ςιο.

1353 2735 1488 2765 Montes.
1511 2732 1601 2763 Catul.
1613 2735 1713 2770 Argon.
1723 2733 1768 2761 62.
1783 2734 1846 2761 126.

1365 2773 1531 2811 Scopulum.
1553 2771 1627 2809 Virg.
1643 2780 1666 2799 t.
1679 2766 1741 2800 AEn.
1756 2775 1818 2804 180.

1364 2810 1461 2841 Terra.
1484 2811 1592 2840 Seneca
1601 2807 1680 2839 med.
1696 2817 1740 2837 12.·
1913 2843 1926 2851 ..

1362 2848 1509 2879 Tribunal.
1532 2847 1630 2878 Claud.
1641 2856 1667 2876 2.
1679 2846 1708 2876 in
1720 2855 1763 2884 pr.
1784 2843 1865 2874 cons.
1878 2844 1939 2875 Stis.
1954 2848 2018 2883 ²⁶7·

1323 2889 1348 2918 C
1356 2898 1372 2918 o
1382 2897 1400 2917 Ν
1410 2897 1422 2917 s
1432 2897 1450 2916 c
1460 2897 1474 2916 E
1483 2896 1503 2916 Ν
1511 2896 1523 2916 s
1532 2896 1565 2915 io
1575 2908 1584 2921 ,
1605 2885 1678 2915 onis.
1697 2883 1718 2913 f.
1740 2882 1897 2919 [im'ss’oms]
1918 2883 1977 2913 Cic.
1992 2895 2014 2913 ι.
2026 2883 2061 2913 de
2069 2881 2163 2913 Dii-in.
2176 2886 2222 2918 653.
2243 2883 2372 2922 'Eumque
2393 2885 2491 2917 dixisse

1363 2926 1497 2963 remigem
1518 2917 1659 2961 quendam
1681 2931 1717 2952 ex
1740 2921 1934 2958 quinqueremi
1947 2921 2124 2961 Rhodiorum
2147 2922 2326 2952 vaticinatum
2340 2945 2348 2958 ,
2369 2925 2492 2954 madefa-

1361 2966 1440 2994 ctum
1450 2963 1485 2992 iti
1500 2963 1593 2992 min‘us
1612 2969 1685 2990 xxx
1706 2959 1806 2989 diebus
1819 2958 1954 2989 Graeciam
1963 2957 2096 2998 sanguine
2107 2982 2115 2996 ‚
2137 2961 2247 2998 rapinas
2258 2961 2441 2999 Dyrrhachii,
2462 2965 2491 2993 ἀ

1363 3001 1591 3031 conscensionem
1603 3000 1633 3028 in
1645 3007 1729 3028 naves
1741 3007 1805 3027 cum
1818 2997 1895 3035 fuga,

1324 3040 1616 3073 C0NscieNT1A,
1648 3036 1680 3066 V.
1703 3045 1901 3065 CONSC1US.

1324 3079 1346 3108 C
1354 3088 1372 3107 o
1383 3087 1403 3106 Ν
1413 3087 1425 3107 s
1434 3087 1451 3106 c
1461 3088 1469 3106 i
1480 3087 1498 3106 N
1509 3087 1527 3106 n
1537 3086 1554 3105 o
1564 3099 1571 3111 ,
1591 3075 1662 3105 scidi
1674 3097 1682 3108 ,
1701 3073 1811 3103 scissum
1821 3095 1829 3108 ,
1848 3074 1866 3109 '[
1875 3067 2005 3110 :Alei-liam
2014 3094 2022 3109 ‚
2041 3072 2181 3110 ἔλιφςάζω]
2197 3074 2256 3104 e're.
2278 3074 2310 3105 ln
2320 3075 2489 3115 multaspar.

1361 3122 1404 3146 tes
1416 3115 1553 3145 scindere.
1575 3113 1641 3144 Ter.
1654 3113 1723 3143 Eun.
1738 3123 1763 3147 4.
1778 3121 1847 3154 3.4.1
2041 3148 2046 3155 .
2202 3151 2207 3155 Ι

1456 3153 1565 3183 Vestem
1577 3160 1690 3181 omnem
1703 3149 1808 3179 miserae
1821 3147 1931 3178 discidit
1940 3171 1948 3184 ,
1967 3155 2027 3178 tum
2039 3148 2127 3187 ipsam
2146 3150 2249 3188 capillo
2260 3151 2406 3182 conscidit.

1360 3191 1441 3221 Curae
1449 3190 1638 3221 conscindunt
1647 3189 1794 3218 'nominem
1807 3186 1955 3216 solicitum.
1977 3186 2084 3216 Lucret.
2102 3198 2125 3222 ς.
2136 3192 2182 3222 46.

1360 3230 1512 3268 Epistolam
1525 3229 1707 3258 innocentem
1720 3225 1908 3255 conscindere.
1927 3225 1989 3254 Cic.
2005 3233 2028 3260 7.
2048 3225 2121 3266 Fam.
2138 3235 2178 3254 ro.

1360 3267 1554 3298 Conscindere
1566 3266 1659 3300 sibilis,
1671 3274 1720 3303 per
1731 3262 1952 3298 translationem.
1963 3272 2012 3300 pro
2027 3262 2171 3292 Exsibilare
2186 3265 2212 3294 ἂ
2223 3263 2384 3301 explodere.
2396 3265 2485 3298 Cic.2.

1380 3307 1434 3335 Att.
1452 3316 1493 3341 ιφ.
1506 3306 1578 3335 Nam
1588 3301 1799 3342 gladiatoribus,
1812 3310 1865 3337 qua
1880 3301 2024 3341 dominus.
2034 3310 2087 3338 qua
2098 3302 2238 3336 advocati,
2251 3302 2338 3332 sibilis
2348 3304 2486 3335 consciffi.

1359 3340 1550 3373 ‘Conscindere
1562 3342 1695 3379 aliquem,
1707 3349 1758 3377 pro
1770 3339 1927 3373 Crim‘mari,
1949 3341 1974 3368 ἅ
1985 3339 2069 3368 alicui
2080 3339 2241 3369 conviciari.
2264 3340 2324 3370 Cic.
2334 3347 2362 3375 8.
2376 3342 2429 3371 Att.
2443 3346 2486 3374 16.

1321 3382 1346 3413 C
1356 3392 1373 3411 o
1383 3392 1402 3411 N
1412 3392 1454 3412 sc
1464 3394 1472 3411 ι
1483 3392 1495 3411 s
1505 3392 1517 3411 s
1529 3392 1545 3410 u
1556 3391 1568 3411 s
1581 3402 1590 3417 ,
1611 3390 1626 3410 a
1638 3401 1646 3415 ,
1665 3385 1723 3408 u‘m.
1747 3377 1843 3406 Partic.
1882 3377 1897 3413 ’[
1907 3373 2092 3414 ὣεχιηᾶρίᾅν]
2131 3384 2163 3406 ut
2175 3400 2184 3414 ,
2204 3377 2345 3408 Consciffa
2370 3379 2486 3418 pallula.

1360 3419 1449 3450 Plaut.
1462 3419 1577 3450 Trucul.
1595 3428 1618 3447 ι.
1637 3427 1659 3446 ι.
1673 3425 1715 3451 3²·

1360 3458 1482 3496 Epistola
1494 3455 1634 3487 conscissa.
1657 3454 1715 3484 Cic.
1729 3462 1754 3489 7.
1768 3450 1842 3481 Fam.
1853 3455 1898 3481 26.
1946 3490 1952 3496 .

1359 3496 1491 3526 Nubibus
1500 3493 1641 3525 conscissis
1653 3492 1748 3521 orbem
1760 3489 1837 3519 Luna
1847 3489 1974 3527 protulit.
1995 3489 2061 3519 Stat.
2079 3499 2120 3518 12.
2133 3488 2225 3520 Theb.
2237 3499 2300 3526 3¹0·

1360 3534 1462 3571 Pugnis
1476 3535 1502 3563 64
1520 3531 1646 3562 calcibus
1662 3528 1810 3559 conscissus
1821 3528 1928 3565 aliquis.
1966 3527 2027 3557 Cic.
2042 3535 2066 3563 ς.
2083 3527 2156 3557 Verr.
2172 3533 2214 3563 56.
2238 3528 2375 3566 Quaedam
2389 3540 2488 3562 exem.

1381 3573 1469 3610 plaria
1481 3572 1575 3606 legunt
1589 3568 1734 3598 Concisus.
1773 3565 1884 3602 [idque
1898 3566 1954 3595 sine
1966 3566 2052 3595 dubio
2062 3575 2105 3594 res
2115 3565 2243 3603 postulat.
2284 3568 2349 3597 Non
2359 3570 2434 3599 enim
2445 3570 2487 3598 di-

1381 3611 1453 3639 citur
1463 3601 1596 3638 Scindere
1611 3606 1727 3645 pugnis,
1750 3603 1795 3633 sed
1804 3604 1930 3634 Cadere.
1971 3605 2050 3642 Saepe
2068 3610 2162 3633 autem
2182 3603 2243 3634 haec
2258 3606 2485 3638 confunduntur.

1361 3646 1447 3677 Vestis
1458 3645 1599 3676 consciisa.
1622 3645 1686 3673 Ter.
1702 3642 1771 3671 Eun.
1787 3652 1810 3676 ς.
1826 3651 1848 3685 ι’.
1858 3653 1885 3678 4.

1323 3685 1575 3718 CoNscrssio,
1596 3683 1668 3712 onis.
1689 3680 1711 3710 ”ἰ“.
1735 3679 1876 3716 Augustin.
2047 3718 2054 3723 ἱ
2192 3718 2199 3724 .

1323 3724 1346 3753 C
1356 3733 1372 3752 0
1382 3733 1401 3752 N
1411 3733 1423 3752 s
1433 3733 1466 3752 cr
1476 3732 1488 3751 s
1497 3731 1509 3751 s
1518 3721 1536 3749 U
1545 3731 1562 3749 R
1572 3731 1604 3756 A,
1624 3730 1654 3749 ae.
1676 3718 1696 3748 f.
1719 3716 1889 3754 [Qpp‘zgic]
1911 3716 1971 3755 Ipsa
1981 3724 2083 3755 ruptio.
2101 3717 2170 3748 Plin.
2180 3718 2227 3749 lib.
2239 3728 2283 3756 34.
2296 3729 2360 3757 cap.
2369 3724 2397 3753 8.
2412 3719 2486 3750 Dein

1363 3771 1447 3798 quum
1458 3760 1548 3797 pretio
1562 3756 1686 3796 periisset
1695 3756 1782 3794 gratia
1793 3757 1866 3789 artis,
1889 3755 2044 3784 detractum
2054 3756 2092 3784 est
2101 3765 2197 3785 aurum
2209 3779 2217 3790 ,
2239 3758 2435 3794 pretiosiorque
2447 3765 2486 3786 ta-

1362 3799 1396 3827 lis
1408 3798 1594 3831 existimatur,
1616 3796 1698 3824 etiam
1713 3793 1889 3822 cicatricibus
1907 3795 2000 3829 operis
2018 3800 2101 3831 atque
2122 3794 2293 3824 consensuris
2305 3817 2313 3830 ,
2333 3797 2361 3824 iii
2383 3796 2484 3831 quibus

1362 3845 1460 3866 aurum
1473 3834 1595 3868 haeserat,
1615 3833 1832 3862 remanentibus.
1856 3830 1886 3859 V.
1909 3831 2047 3860 Harduiri.
2062 3831 2154 3861 inloc.
2169 3834 2214 3868 qui
2226 3833 2394 3862 Consa'suris
2405 3834 2481 3870 legit.

1326 3874 1349 3904 C
1359 3884 1376 3903 o
1385 3884 1404 3903 Ν
1413 3884 1425 3903 s
1435 3884 1452 3902 c
1462 3886 1468 3901 i
1478 3883 1512 3908 o,
1535 3872 1612 3907 scivi,
1634 3871 1742 3905 scitum,
1766 3864 1909 3904 [ro-ruffa,
1926 3865 2038 3904 w'vouilx]
2057 3871 2108 3900 ire.
2130 3870 2244 3900 Nullius
2253 3873 2292 3900 rei
2303 3871 2329 3900 se
2338 3870 2485 3900 conscium

1364 3912 1502 3950 suspicari.
1526 3909 1594 3940 Hor.
1611 3919 1633 3938 ι.
1650 3908 1731 3945 Epist.
1752 3917 1773 3935 1.
1788 3911 1833 3935 60.

1614 3963 1650 3967 -—
1658 3946 1704 3974 hic
1716 3955 1810 3974 murus
1819 3944 1942 3974 aheneus
1952 3945 2019 3980 esto,

1457 3985 1504 4015 Nil
1516 3984 1641 4014 conscire
1658 3985 1704 4013 sibi
1718 4006 1725 4014 .
1749 3983 1825 4011 nulla
1837 3980 1985 4018 pallesc-:e
1997 3983 2089 4021 culpa.
2323 4020 2334 4025 ἡ

1327 4023 1350 4055 c
1359 4034 1376 4054 0
1386 4033 1405 4053 N
1415 4034 1426 4054 S
1441 4034 1457 4054 C
1467 4035 1475 4053 1
1484 4034 1496 4054 S
1507 4034 1523 4053 C
1532 4033 1548 4053 Ο
1561 4046 1568 4060 ‚
1588 4022 1656 4053 scivi
1666 4044 1674 4059 ,
1695 4021 1795 4089 [ιῖίυὲι
1805 4043 1811 4055 ,
1834 4018 2017 4087 [ψηὲίζομαῃ
2042 4020 2204 4056 ωασπένμυιι
2215 4038 2223 4050 ,
2243 4019 2488 4089 ἐπτπωμζὲςέἑῗὲ

1799 4067 1846 4088 uri
1856 4068 1874 4086 n
2380 4069 2405 4088 ἱ..
