2604 4222
676 30 701 63 A
801 31 835 66 N
937 28 953 65 I

232 39 298 76 198

231 113 452 148 ΛΝιεέτυΜ,
475 112 492 141 i.
527 112 558 141 V.
581 121 739 141 Aursum.

232 152 283 179 AN
295 161 301 177 1
313 160 357 178 cn
370 160 426 186 1A,
459 152 474 185 [
491 146 583 186 'Au-4202
599 151 613 184 ]
634 148 781 186 Oppidum
801 148 839 177 est
862 146 973 176 Graeciae
992 145 1069 179 iuxta
1087 140 1248 179 Cepliissum
1264 149 1386 184 amnem.

272 187 341 216 Plin.
355 188 401 216 lib.
414 200 439 224 4.
453 198 513 225 cap.
530 197 554 224 7.
596 187 667 222 [Sic
679 195 755 216 extat
766 187 794 214 in
805 185 940 221 corruptis
952 182 1034 212 Plinii
1046 181 1128 210 codd.
1156 179 1211 208 Sed
1227 188 1289 207 vera
1302 178 1385 207 lectio

274 226 393 255 Anchoa.
433 226 461 255 V.
485 226 566 255 Hard.
1065 255 1070 260 ,
1287 253 1292 258 ,
1315 251 1322 255 .

234 263 256 293 A
267 273 304 291 Ni
317 273 351 291 cx
364 273 403 292 us
415 285 422 298 ,
456 264 483 292 ii.
506 273 542 292 m.
566 262 648 291 Nom.
664 268 736 295 eent.
755 260 835 288 Rom.
861 258 950 290 Huius
965 256 1085 284 nominis
1104 253 1196 291 plures
1209 252 1332 282 claruisle
1351 263 1386 282 ex

274 301 407 330 Cicerone
418 301 530 337 aliisque
543 301 655 329 constat.
664 295 672 299 .
681 300 710 328 ln
723 299 764 326 his
777 297 888 326 Anicius
901 294 997 323 [fidilis
1012 292 1115 322 curulis
1127 292 1161 320 de
1173 302 1227 328 quo
1239 291 1322 326 Plin.3
1332 301 1384 326 3.1.

236 340 285 368 ΔΝ
296 351 303 367 1
315 349 349 367 ci
361 349 378 367 Α
391 349 408 367 Ν
422 349 438 367 υ
449 349 460 367 s
471 361 479 372 .‚
502 348 532 372 a,
554 348 610 366 um.
635 337 691 371 Adj.
718 342 748 364 ut
758 335 895 364 Aniciana·
906 331 1073 369 lapicidinae.
1111 329 1177 358 Plin.
1197 334 1239 364 36.
1256 339 1301 358 22.
1323 330 1387 358 Ani-

273 379 350 406 ciana
362 377 466 405 lectica.
490 377 547 405 Cic.
562 385 587 404 2.
601 376 636 411 Q
653 375 711 402 frat.
728 383 770 401 10.
792 371 923 400 Aniciana
943 380 1016 407 pyra.
1041 367 1178 397 Coluiuel.
1192 367 1210 397 l.
1226 378 1249 404 5.
1263 377 1286 396 c.
1303 377 1345 396 10.

234 415 427 448 ANICULA,
448 415 696 442 ANleULAR18.
739 410 769 438 V.
796 418 902 437 Anus.

233 455 375 486 finiris,
416 452 444 480 V.
470 461 565 479 ANio.

234 492 373 519 Amisus
384 500 392 517 i
404 499 415 517 s
437 489 544 518 Tribus.
566 487 623 516 Cic.
637 495 686 523 pro
702 485 791 514 Plane.
806 494 848 519 54.
872 482 905 511 Et
919 487 944 515 8.
965 481 1040 511 Fani.
1054 487 1079 515 8.
1120 480 1151 510 V.
1174 490 1194 508 *r
1205 490 1319 523 ixx—iius.

233 530 284 556 AN
296 538 303 555 1
316 537 356 555 EN
368 535 405 555 us
425 527 516 561 Deus,
548 526 595 561 qui
617 524 714 553 Anieni
726 522 839 560 praeest,
862 529 892 550 ut
913 520 1061 549 Tiberinus
1080 519 1126 557 qui
1147 518 1253 548 Tiberi.
1275 519 1342 548 Stat.
1359 529 1381 546 1.

272 564 345 602 Sylv.
363 573 385 597 3.
400 574 443 596 70.
796 560 801 565 '

351 601 408 631 Illis
427 601 483 639 ipse
501 601 584 629 antris
606 599 725 627 Anienus
743 597 820 626 fonte
836 595 933 625 relicto

351 639 440 668 Noc'te
458 638 505 667 sub
524 647 622 666 arcana
642 636 752 673 glaucos
770 642 870 663 exutus
886 635 1011 664 amictus.

270 677 362 707 censet
373 677 518 706 Turnebus·
531 698 538 709 ,
560 684 618 703 non
636 674 752 708 Anieni,
774 683 863 709 neque
880 673 976 701 Anien.
1312 707 1317 709 .

231 716 369 745 Amani
381 725 397 742 A
410 725 426 742 r)
437 724 470 742 rs
496 713 539 741 vel
555 712 648 750 potius
669 711 810 749 Anigrides
826 710 981 747 Nymphae,
1005 710 1020 744 [
1035 704 1183 751 'Avtyefj'dk
1204 707 1325 750 Wissssfffld
1347 706 1381 735 ab

268 753 370 788 Anigro
390 752 503 780 flumine
519 758 700 787 nuncapatae,
724 749 782 778 test.
800 749 887 778 Strab.
904 750 929 777 &
946 747 1056 777 Pausan.
1076 747 1104 774 in
1117 746 1200 774 Eliac.
1218 745 1382 788 Anigridum

267 790 453 826 nympharum
465 790 493 817 in
506 789 614 817 Samico
626 788 723 825 specus
740 788 808 821 fuit,
829 786 903 815 haud
922 785 1019 823 procul
1040 795 1054 813 a
1072 784 1188 812 flumine
1205 784 1306 819 Anigro
1321 804 1329 826 3
1351 791 1380 825 ¹¹}

266 837 349 863 quein
360 827 465 863 ingrelli
479 826 660 863 vitiliginibus
671 825 826 854 laborantes
838 846 846 859 ,
866 823 1113 860 hujuscemodique
1122 822 1227 849 caeteris
1238 820 1351 853 morbis.
1362 822 1380 848 11

266 865 398 902 nymphis
416 866 458 893 his
478 865 550 894 sacra
565 863 773 901 spopontlilleiit
784 885 791 897 ,
812 862 999 899 Anigrumque
1010 860 1124 889 fluvium
1139 858 1322 894 innatassent,
1341 858 1380 887 sa-

264 902 409 932 nabantur.
450 902 492 931 De
506 903 549 931 his
560 902 638 939 plura
648 902 722 939 apud
736 900 847 930 Pausan.
873 900 901 928 V.

226 940 276 969 AN
286 951 294 968 1
305 950 393 968 caus
406 962 413 973 ,
438 938 585 976 [''Ava)r42?f
602 940 617 974 ]
640 939 749 968 fluvius
763 937 907 968 Tlieffaliae
917 960 925 971 ,
948 937 976 965 in
988 945 1043 972 quo
1065 935 1196 964 Centauri
1208 934 1242 963 ab
1257 934 1377 963 Hercule

262 977 396 1007 vulnerati
405 977 531 1007 laverunt
543 978 656 1006 vulnera
671 977 734 1006 sua:
759 976 940 1013 quamobrem
949 983 1034 1011 quum
1043 974 1135 1011 primo
1150 972 1285 1001 habuisset
1293 982 1376 1009 aquas

261 1016 357 1045 dulces
367 1022 448 1052 atque
460 1015 595 1053 potabiles
605 1038 613 1051 ,
633 1014 731 1044 habuit
740 1014 834 1052 postea
848 1013 957 1042 foetidas
975 1019 1056 1048 atque
1068 1018 1171 1048 turpeS.
1192 1010 1303 1040 Paulam.
1319 1011 1338 1040 l.
1348 1020 1373 1040 e.

261 1053 345 1083 Ovid.
362 1064 404 1089 15.
415 1053 484 1083 Met.
498 1059 561 1088 282.

221 1092 376 1127 Amris,
400 1093 603 1125 Auiti'rns,
626 1091 823 1120 AN1L1TEP..
864 1087 895 1116 V.
921 1096 1029 1116 Anus.

187 1158 196 1161 ..
221 1130 369 1163 ANrMA,
389 1125 505 1166 [ψυχὴ
533 1129 653 1164 πιμφὶς]
683 1134 714 1157 ut
740 1128 776 1156 ait
801 1126 930 1160 Nonius,
964 1124 1002 1154 est
1022 1122 1176 1153 secundum
1199 1123 1375 1153 eonsuetudi-

255 1177 337 1202 nem,
359 1167 476 1204 Spiritus
494 1177 548 1204 quo
560 1168 687 1195 vivimus.
727 1164 798 1201 Virg.
820 1175 846 1199 4.
866 1163 964 1200 Georg.
977 1168 1040 1199 238.

411 1221 449 1225 —
468 1206 626 1241 animasque
642 1205 671 1232 in
692 1202 805 1232 vulnere
823 1207 941 1239 ponunt.
1000 1200 1078 1229 Idem
1092 1201 1203 1230 Nonius
1223 1200 1279 1228 alio
1290 1199 1372 1235 loco,

255 1243 388 1277 Animus,
410 1243 448 1271 est
459 1253 514 1280 quo
524 1242 659 1279 sapimus:
680 1241 795 1274 Anima,
817 1249 869 1277 qua
887 1239 1014 1267 vivimus.
1047 1239 1144 1268 Accius
1156 1239 1272 1275 Epigon.
1294 1238 1373 1275 Sapi-

253 1291 315 1310 mus
339 1281 433 1309 animo
447 1302 455 1315 ,
484 1281 598 1309 fruimur
619 1280 725 1308 anima:
758 1277 814 1306 sine
833 1277 926 1306 animo
947 1277 1038 1305 anima
1055 1276 1093 1305 est
1113 1276 1220 1305 debilis.
1262 1275 1320 1305 Cic.
1345 1286 1368 1305 1.

253 1318 336 1348 Tusc.
356 1329 396 1353 19.
419 1318 549 1348 Animum
560 1324 651 1347 autern
663 1317 708 1346 alii
723 1317 843 1345 animam
854 1337 861 1351 ,
884 1321 915 1343 ut
924 1315 980 1343 fere
994 1314 1077 1343 nostri
1088 1313 1230 1344 declarant
1242 1314 1372 1343 nomina-v

252 1357 296 1391 ri3
320 1366 383 1385 nam
395 1357 420 1385 Sc
440 1357 525 1393 Agere
543 1356 679 1390 animam,
705 1356 730 1383 Se
749 1353 842 1383 Efflare
854 1353 991 1382 dicimus:
1024 1353 1050 1381 δέ
1069 1352 1229 1386 Animosos,
1251 1353 1278 1380 Sc
1293 1352 1369 1381 Bene

251 1395 398 1428 animatos,
412 1395 437 1423 Sc
449 1394 488 1423 Ex
499 1394 584 1423 animi
594 1393 737 1422 sententia.
768 1390 827 1433 lpse
836 1398 930 1420 autem
940 1390 1057 1420 Animus
1069 1389 1103 1419 ab
1114 1391 1211 1418 Anima
1221 1389 1311 1418 didius
1320 1390 1366 1419 est.

251 1433 361 1467 Anima,
374 1432 448 1461 dicta
457 1432 517 1460 esta
530 1432 645 1460 nomine
657 1430 752 1460 Graeco
771 1430 886 1464 bvsffi&,
908 1429 926 1457 i.
944 1438 968 1457 e.
991 1427 1105 1457 Ventus.
1145 1427 1280 1457 Putabant
1291 1428 1368 1457 enim

269 1469 515 1499 nonnulliveteres
525 1470 654 1498 Animum
671 1467 827 1496 nihilaliud
840 1466 893 1496 esse
905 1476 987 1503 quam
1004 1472 1128 1495 ventum.
1166 1464 1292 1495 Lambin.
1305 1466 1368 1495 Phi-

267 1508 446 1545 losophorum
462 1507 600 1536 doctrinas
617 1507 652 1535 de
668 1506 758 1535 anima
770 1505 799 1534 V.
816 1505 846 1533 iri
857 1504 922 1533 Lex.
936 1503 1024 1533 Pitisc.

248 1546 372 1579 Anirnai',
392 1555 442 1582 pro
464 1545 584 1580 Aniinae3
604 1544 717 1580 antiqua
731 1542 865 1578 diaeresis,
886 1542 1015 1579 frequens
1029 1541 1168 1571 Lucretio.

248 1584 348 1613 Anima
357 1584 424 1612 dum
434 1589 535 1620 aegroto
545 1582 599 1617 est,
623 1582 684 1620 spes
691 1580 744 1610 effe
754 1582 864 1610 dicitur.
887 1580 944 1609 Cic.
962 1590 986 1615 9.
1000 1581 1051 1609 Att.
1067 1589 1107 1609 12.

246 1622 346 1651 Anima
367 1631 512 1658 purpurea.
542 1620 613 1657 Virg.
637 1630 662 1656 9.
678 1619 739 1649 AEn.
764 1628 825 1655 349.
873 1618 1042 1656 Purpuream
1058 1618 1147 1647 vomit
1165 1617 1212 1647 ille
1232 1618 1364 1648 animam.

267 1659 319 1688 Ubi
331 1660 439 1688 Servius
449 1681 457 1695 ,
476 1658 662 1696 Purpuream,
683 1656 838 1686 secundum
853 1666 901 1685 eos
915 1656 962 1693 qui
977 1656 1098 1685 animam
1114 1656 1213 1685 dicunt
1230 1655 1284 1686 effe
1304 1656 1363 1686 sane-

244 1706 384 1770 Βὲειὲέῃῐῗέἰ
394 1735 411 1764 i.
435 1744 460 1765 e.
490 1735 559 1771 Quae
570 1743 645 1763 nunc
654 1734 775 1771 primum
786 1732 854 1762 exiit
867 1742 883 1762 e
898 1741 1024 1769 corpore.
1057 1730 1141 1761 Ovid.
1156 1741 1198 1768 15.
1214 1731 1284 1762 Met.
1296 1735 1361 1770 846.

245 1772 341 1802 Curvae
352 1773 459 1801 animae.
484 1772 551 1802 Pers.
565 1782 591 1801 2.
612 1772 666 1801 Sat.
680 1775 724 1800 61.

362 1810 388 1839 O
407 1820 496 1839 curvae
514 1811 543 1839 in
560 1816 643 1839 terras
661 1809 759 1838 animae
773 1831 780 1843 ‚
802 1810 828 1838 Sc
845 1807 998 1837 coelestium
1011 1808 1125 1838 inanes!

242 1846 329 1877 Vivax
341 1850 433 1877 anima
443 1870 450 1883 ‚
471 1848 541 1885 Quae
552 1847 700 1876 difficulter
718 1857 734 1876 e
749 1856 865 1884 corpore
876 1845 1000 1875 discedit.
1023 1846 1107 1875 ovid.
1123 1855 1164 1875 12.
1175 1845 1245 1876 Met.
1260 1851 1322 1882 508.

241 1886 340 1916 Anima
348 1896 400 1924 pro
412 1886 472 1915 Vita
482 1885 671 1924 utplurimum
683 1885 824 1922 accipitur.
845 1884 860 1920 J
864 1894 944 1913 uven.
959 1889 981 1915 8.
993 1884 1047 1913 Sat.
1059 1889 1102 1920 83.

357 1924 504 1953 Summum
524 1924 605 1953 crede
621 1923 697 1952 nefas
715 1923 837 1952 animam
856 1922 984 1960 praeferre
1002 1922 1112 1959 pudori.
1150 1922 1186 1951 de
1197 1921 1357 1951 testibuslm

259 1962 360 1999 quitur.
381 1961 486 1991 Sallust.
499 1962 530 1991 in
541 1961 619 1991 Catil.
642 1961 769 1998 Denique
783 1960 851 1998 quid
863 1959 962 1997 reliqui
973 1959 1106 1991 habemus
1117 1967 1214 1997 praeter
1230 1959 1355 1990 miseram

257 2000 379 2029 animam
390 2001 403 2029 ‘2

238 2037 367 2066 Animam
379 2037 519 2067 absumere
537 2036 622 2066 letho.
640 2036 713 2074 Virg.
724 2046 748 2074 3.
763 2037 826 2066 [En.
839 2039 902 2073 ⁶54·

238 2076 366 2105 Animam
376 2075 447 2104 lianc
461 2076 588 2113 accipite.
610 2075 682 2112 Virg.
695 2087 721 2110 4.
734 2074 794 2104 AEn.
809 2078 874 2110 652.

237 2113 368 2142 Adiniere
378 2113 591 2142 alicuianimani
603 2135 611 2148 ,
632 2123 682 2151 pro
700 2112 847 2143 Occidere.
868 2110 955 2142 Plaut.
966 2111 1028 2142 Mil.
1042 2120 1067 2148 3.
1082 2122 1106 2142 1.
1122 2120 1183 2149 137.

237 2151 325 2188 Agere
339 2173 346 2186 ,
368 2161 418 2189 pro
428 2151 509 2180 Mori.
533 2152 591 2180 Cic.
603 2157 628 2185 8.
642 2151 715 2180 Fam.
731 2159 771 2186 13.

237 2190 370 2218 Amittere
383 2211 391 2224 ‚
414 2189 496 2218 Mori.
532 2189 635 2218 Author
646 2189 681 2218 ad
694 2189 816 2218 Herenn.
832 2187 882 2218 lib.
895 2199 921 2224 4.

237 2227 336 2256 Anima
346 2226 471 2256 avellitur
484 2226 583 2256 infans.
605 2227 673 2256 Stat.
687 2237 710 2259 ς.
722 2225 796 2263 sylv.
815 2236 837 2261 ς.
852 2236 878 2261 9.

237 2265 349 2294 Auferre
358 2265 479 2293 animam
489 2264 572 2293 alicui
584 2287 592 2299 ,
614 2265 760 2294 Occidere.
781 2264 853 2301 Virg.
866 2274 890 2300 9.
901 2263 963 2294 AEn.
978 2272 1042 2300 443.

239 2302 338 2331 Carere
350 2302 451 2331 anima.
474 2302 592 2338 Quintil.
610 2302 658 2332 lib.
672 2313 695 2331 1.
707 2312 767 2339 cap.
780 2311 804 2338 3.
908 2335 910 2337 .

239 2340 341 2369 Carent
356 2346 445 2369 morte
456 2341 563 2369 animae.
586 2340 670 2370 Ovid.
682 2350 723 2375 15.
738 2340 807 2369 Met.
823 2345 884 2375 158.

210 2380 213 2381 ⁷
238 2378 470 2410 Clausitanimam
480 2377 568 2407 dolor.
590 2378 692 2407 Lucan.
705 2378 754 2407 lib.
767 2383 792 2412 8.
812 2387 854 2413 59.
879 2377 906 2406 h.
919 2386 943 2406 e.
965 2375 1291 2406 Interclusitanhelitum.

237 2415 373 2445 Claudere
383 2417 502 2445 animam
512 2416 619 2452 laqueo.
650 2416 735 2446 Ovid.
748 2425 773 2453 7.
795 2415 864 2444 Met.
878 2419 942 2450 604.
962 2414 990 2443 h.
1006 2423 1031 2443 e.
1053 2413 1237 2451 Strangulare.

238 2453 376 2491 Colligere
395 2455 424 2482 in
441 2453 520 2483 orbes
542 2461 667 2483 aeternos.
690 2454 792 2483 Lucan.
804 2453 851 2482 lib.
862 2463 887 2488 9.
899 2463 924 2488 9.
1085 2484 1087 2488 ¹

236 2491 398 2520 Concedere
415 2491 514 2527 alicui,
536 2492 632 2521 Sinere
647 2502 711 2521 eum
726 2493 826 2521 vivere.
857 2490 941 2520 Ovid.
959 2501 983 2527 5.
1008 2489 1077 2519 Met.
1091 2499 1155 2520 222.

234 2529 362 2558 Condere
377 2529 510 2567 sepulcro.
534 2529 607 2566 Virg.
619 2539 643 2565 3.
655 2530 715 2560 ffin.
733 2534 777 2566 67.
1149 2549 1153 2552 -

235 2567 354 2596 Credere
365 2568 486 2596 animam
497 2577 554 2596 non
564 2568 613 2596 uni
621 2568 714 2597 morti.
736 2567 838 2596 Lucan.
853 2565 899 2595 lib.
913 2574 937 2602 3.
951 2574 1014 2602 751.
1037 2565 1065 2594 h.
1085 2575 1109 2595 e.
1141 2565 1207 2594 Non
1219 2565 1272 2595 esse
1283 2574 1349 2594 con-

253 2611 362 2634 tentum
381 2615 437 2634 uno
447 2615 547 2641 genere
563 2605 669 2635 mortis.
710 2605 809 2635 Gladio
824 2605 900 2634 enim
919 2603 1065 2633 transfixus
1083 2604 1114 2632 in
1131 2613 1206 2633 mare
1223 2604 1307 2633 etiam
1322 2603 1349 2633 se

250 2643 426 2680 praecipitem
443 2643 530 2672 dedit.

233 2679 315 2710 Dare.
337 2681 409 2718 Virg.
426 2691 452 2716 4.
474 2681 573 2718 Georg.
586 2689 651 2716 204.

232 2718 406 2748 Diffunditur
420 2719 511 2747 anima
529 2728 544 2747 e
562 2727 678 2755 corpore
698 2716 828 2747 dissoluto
840 2739 848 2753 ,
878 2715 1117 2755 quemadmodum
1142 2716 1244 2746 humor
1260 2726 1276 2747 e
1287 2716 1348 2747 vase

251 2756 380 2793 quassato.
403 2756 510 2785 Lucret.
523 2755 571 2785 lib.
584 2765 608 2792 3.
622 2761 686 2792 438.

231 2794 347 2824 Dimissa
355 2795 465 2829 anima,
486 2803 587 2831 corpus
596 2800 669 2823 caret
683 2793 806 2830 undique
816 2792 902 2823 sensu.
930 2792 1038 2831 Lucret.
1057 2792 1106 2823 lib.
1122 2802 1146 2830 3.
1158 2801 1221 2830 357.

231 2832 385 2870 Divisitque
398 2833 528 2861 animam.
548 2831 650 2860 Lucan.
661 2831 709 2860 lib.
725 2840 748 2868 3.
766 2840 828 2866 591.

231 2870 339 2900 Ducere
351 2871 386 2899 de
395 2870 476 2899 coelo.
508 2869 566 2899 Cic.
578 2879 629 2907 pro
646 2868 726 2900 Rosc.
743 2866 832 2899 'Amen
849 2877 893 2906 72.

232 2908 328 2937 Edere.
351 2908 410 2937 Cic.
435 2917 485 2945 pro
496 2907 570 2937 Sext.
587 2912 631 2943 83.

230 2946 337 2975 Efflare.
360 2946 418 2975 Cic.
435 2955 485 2983 pro
499 2945 598 2974 Milon.
611 2955 656 2981 49.

230 2983 390 3020 Effririgere.
412 2984 475 3013 Scn.
490 2982 579 3012 OEth.
596 2993 639 3012 11.

229 3021 387 3051 Effundere.
409 3021 481 3059 Virg.
497 3031 520 3050 1.
533 3021 595 3051 AEn.
607 3026 652 3056 98.

230 3059 347 3089 Elidere.
371 3060 452 3088 Ovid.
472 3058 596 3088 12.Met.
609 3063 671 3093 508.

230 3096 342 3134 Eripere
353 3097 444 3126 alicui.
476 3096 560 3126 Ovid.
574 3100 598 3125 6.
613 3096 683 3126 Met.
697 3105 759 3133 540.

230 3134 370 3164 Exhalare.
393 3134 478 3164 Ovid.
491 3138 516 3163 6.
537 3134 606 3163 Met.
618 3144 682 3171 247.

230 3171 383 3209 Expellere.
404 3172 486 3201 Ovid.
501 3172 569 3200 ibid.
583 3175 646 3205 618.

230 3209 368 3246 Expirare.
391 3210 474 3239 Ovid.
495 3221 517 3245 ς.
536 3209 678 3239 Met.i06.

227 3245 397 3283 Exprimere.
427 3248 490 3276 Sen.
503 3247 613 3285 OEdip-
622 3259 649 3283 4.

229 3283 394 3320 Extinguere
406 3284 497 3314 alicui.
515 3285 579 3314 Ter.
593 3284 669 3314 Adel.
685 3294 708 3322 3.
721 3293 746 3314 2.
763 3286 806 3314 16.

229 3321 386 3350 Exturbare.
410 3322 492 3352 Ovid.
510 3333 550 3356 ις.
564 3322 631 3352 Met.
648 3332 708 3360 175.

229 3358 345 3387 Exuere.
376 3360 458 3389 Ovid.
472 3370 512 3395 14.
524 3362 592 3390 Met.
608 3370 673 3398 777.

228 3396 326 3425 Ferire.
350 3395 455 3425 Lucret.
466 3397 513 3426 lib.
527 3409 552 3434 4.
563 3404 627 3434 885.

226 3433 327 3462 ‘Finire
347 3433 429 3462 Ovid.
441 3445 466 3471 7.
478 3435 546 3464 Met.
561 3446 622 3472 591.

226 3470 361 3500 Fundere.
384 3470 488 3501 Lucret.
510 3482 533 3508 3.

226 3507 359 3545 lnspirare
369 3509 489 3538 animani
500 3510 600 3539 dicitur
611 3510 695 3540 Deus.
724 3510 826 3540 Lucan.
838 3508 886 3539 lib.
900 3517 925 3545 7.
942 3511 1006 3544 769.

225 3544 500 3612 ln1t⁰s{J.¹f3fi¹.a¹¹in¹²¹>
521 3548 640 3577 creditus
659 3548 698 3577 est
711 3547 910 3577 mortalitatem
924 3543 1081 3584 explevisse.
1111 3543 1179 3574 Tac.
1191 3544 1238 3574 lib.
1250 3548 1275 3574 6.
1291 3555 1333 3582 50.

245 3593 280 3612 (e
325 3594 332 3610 i
353 3592 419 3612 erio.

223 3619 398 3657 Linquebant
415 3620 509 3650 dulces
521 3622 635 3651 animas.
656 3622 729 3660 Virg.
743 3633 768 3660 3.
782 3623 844 3653 ffin.
859 3632 920 3658 140.

222 3658 353 3691 Mittere,
380 3667 421 3686 iro
434 3658 516 3687 Mori.
536 3658 643 3689 Lucret.
655 3660 701 3689 lib.
713 3664 739 3690 6.
756 3670 835 3696 1232.

218 3695 333 3738 Mittere
345 3668 392 3737 sul)
407 3701 513 3725 tartara.
550 3697 619 3733 Virg.
627 3708 653 3732 4.
666 3697 726 3726 IEn.
739 3707 801 3734 243.

219 3732 300 3764 Nasci
317 3741 422 3761 animas
433 3742 497 3761 cuin
513 3734 695 3770 corporibus,
717 3738 743 3764 ἅ
760 3737 826 3764 item
838 3745 903 3764 cum
920 3733 1083 3772 corporibus
1094 3732 1237 3770 extingui,
1255 3738 1334 3771 puta-

238 3771 304 3799 bant
314 3769 451 3806 Epicurei.
482 3770 601 3800 Laetarit.
614 3771 648 3800 de
659 3772 760 3808 Opific.
774 3773 824 3802 Dei
837 3795 844 3807 ,
865 3783 923 3810 cap.
936 3783 963 3808 4.
1083 3796 1085 3799 .

215 3807 403 3844 Negotiantur
417 3807 519 3835 medici
531 3808 636 3836 animas
648 3809 758 3838 nostras.
783 3810 852 3839 Cato
862 3810 936 3847 apud
953 3809 1020 3838 l'lin.
1032 3809 1079 3838 lib.
1091 3819 1135 3844 29.
1149 3819 1210 3846 cap.
1224 3818 1248 3838 1.
1270 3807 1332 3837 Nec

234 3845 351 3875 dubium
372 3844 426 3877 cst,
448 3854 544 3873 omnes
564 3845 627 3874 istos
649 3846 750 3877 famam
769 3848 891 3876 novitate
906 3847 996 3883 aliqua
1014 3854 1204 3885 aucupantes,
1225 3846 1331 3877 animas

231 3883 320 3913 statim
338 3881 440 3910 nostras
459 3882 602 3919 negotiari.

1094 633 1140 662 Sic
1147 633 1224 662 enim
1231 630 1383 669 legendum

1866 20 1894 55 A
1989 18 2026 53 N
2117 18 2142 54 1·

1468 99 1622 133 Obied‘tare
1636 101 1757 138 periclis.
1776 101 1849 139 Virg.
1866 111 1907 130 12.
1921 101 1981 130 AEn.
1994 109 2057 137 230.

1468 137 1635 167 Prosundere
1652 149 1699 175 per
1709 139 1829 168 vulnera.
1851 139 1935 168 Ovid.
1951 150 1973 168 1.
1989 139 2071 176 Epist.
2084 137 2175 167 Sabin.
2189 145 2234 174 77.

1468 175 1612 210 Proiiccre.
1638 177 1706 213 Virg.
1720 180 1745 205 6.
1764 177 1825 205 AEn.
1839 180 1902 212 436.

1468 213 1597 243 Reddere
1615 215 1718 243 animas
1738 214 1881 252 ademptas
1901 214 2004 243 dicitur
2028 212 2216 250 ffisculapius‘,
2249 211 2267 241 i.
2287 221 2312 241 e.
2345 212 2414 243 Vitze
2435 213 2576 247 restituere.

1489 252 1571 280 ovid.
1590 262 1614 280 2.
1635 252 1702 280 Met.
1728 256 1791 287 644·

1468 289 1633 326 Relinquain
1646 291 1766 317 animani
1776 290 1868 324 potius
1879 311 1887 325 ,
1909 299 1991 326 quarn
2003 288 2062 318 illas
2074 287 2204 318 deseram.
2227 287 2291 316 Ter.
2303 287 2381 317 Adel.
2392 297 2416 325 3.
2427 299 2454 324 4.
2468 297 2510 325 52·

1470 327 1625 356 Resuniere.
1656 327 1719 355 Sen.
1737 327 1825 356 Olzth.
1841 337 1863 356 1.

1469 365 1607 394 Seducere
1617 372 1690 393 artus
1701 363 1734 392 ab
1747 366 1838 393 anima
1849 365 1949 393 dicitur
1961 374 2042 393 mors.
2071 363 2141 401 Virg.
2155 374 2181 399 4.
2190 363 2252 394 AEn.
2265 368 2327 399 385.

1470 403 1624 439 Singultaie
1642 402 1771 430 animam.
1794 403 1860 431 Stat.
1874 413 1897 437 5.
1909 402 1999 431 Theb.

1628 455 1666 460 —
1685 440 1820 477 positique
1838 448 1947 477 patrum
1962 439 2043 476 super
2062 449 2109 467 ora
2129 444 2290 475 gementum

1549 476 1709 506 Semineces
1727 479 1825 514 pueri,
1846 477 1968 515 trepidas
1989 478 2018 505 iri
2036 477 2133 505 limine
2150 477 2214 505 vitae

1469 515 1594 552 Spoliare
1605 514 1676 543 ferro
1691 516 1818 544 animam.
1841 515 1888 545 Sil.
1905 515 1952 543 lib.
1973 524 2014 550 13.

1469 552 1630 581 Subducere
1648 553 1738 581 morti.
1760 551 1843 582 Ovid.
1860 564 1880 582 1.
1900 553 1980 582 Trist.
1995 562 2020 589 3.
2037 561 2098 587 129.

1469 590 1591 619 Tradere
1602 589 1700 619 funeri.
1722 591 1786 620 Seri.
1799 591 1902 620 Troad.
1915 601 1938 627 5.

1467 627 1600 693 Tralgeie.
1635 628 1724 658 Tacit.
1740 639 1762 658 1.
1783 630 1853 658 Ann.
1866 638 1911 665 42.
1941 628 2045 665 Meque
2065 627 2215 665 precariam
2235 626 2357 656 animam
2373 626 2445 656 inter
2462 626 2585 670 infensos?

1488 674 1527 693 [Γᾶ
1550 675 1602 694 ese.
2572 671 2585 686 Γ

1467 704 1593 732 Animam
1604 703 1696 732 debet.
1726 703 1790 733 Ter.
1800 704 1910 734 Phorm.
1921 713 1948 739 4.
1963 712 1987 738 3.
2004 706 2047 739 56.
2083 702 2160 739 Quid
2173 702 2192 731 fi
2203 703 2323 732 animam
2333 701 2440 731 debet‘?
2459 698 2589 736 Donatu‘ss

1486 741 1663 778 proverbium
1680 741 1733 770 esse
1744 742 1876 771 admonet
1892 742 1926 771 de
1937 751 1971 770 eo
1989 741 2036 778 qui
2047 740 2200 769 immodico
2213 750 2264 769 aere
2274 739 2366 768 alieno
2379 746 2505 769 teneatur
2516 761 2524 776 ,
2547 745 2576 772 ut¹¹
2592 763 2593 766 ¹

1486 778 1548 815 plus
1568 789 1651 815 quam
1664 789 1761 809 omnes
1776 780 1920 810 facultates
1931 779 2046 815 debeat,
2066 788 2099 808 ac
2117 778 2239 816 denique
2256 777 2374 816 seipsum
2388 777 2497 807 debeat.
2535 779 2585 818 Sie¹

2573 818 2578 830 ἱ

2294 475 2453 512 Singultant
2471 476 2582 509 animae..

1489 816 1620 845 brasmus.

1466 853 1580 883 Animae.
1612 853 1683 892 plur.
1706 856 1724 884 i.
1744 866 1768 885 e.
1790 856 1935 885 Homines.
1958 855 2015 884 Cic.
2035 857 2077 883 16.
2094 853 2170 883 Fam.
2184 864 2226 889 14.
2267 852 2322 882 Vos
2338 863 2408 882 meae
2423 843 2585 890 chariffimss?

1485 892 1584 921 animae
1594 901 1675 929 quam
1686 892 1827 930 saepiffime
1839 894 1873 923 ad
1884 903 1928 922 me
1939 893 2055 922 scribite.
2076 892 2183 921 Hom.
2194 892 2281 921 Serm.
2293 902 2317 927 ς.
2327 901 2373 926 41.
2564 888 2587 934 {g

1624 945 1662 951 —-
1680 932 1798 967 animae,
1818 931 1928 969 quales,
1948 940 2039 968 neque
2055 929 2230 959 candidiores
2560 936 2585 967 .l:¹

1545 966 1630 997 Terra
1646 968 1727 1004 tulit,
1749 971 1801 999 Sec.
1859 969 1905 998 Sic
1915 969 2067 1006 loquuntur
2086 968 2190 1002 Graeci,
2214 963 2314 1001 ψυχοά.
2342 966 2500 996 Lambinus.
2562 966 2587 1007 ’,ᾖ

1465 1005 1571 1034 Animae
1593 1016 1661 1035 meae
1680 1016 1742 1044 pars
1755 1029 1762 1042 ‚
1785 1007 1838 1037 {ive
1862 1008 1966 1036 Aniinae
1986 1015 2055 1035 mea:
2076 1005 2234 1034 dimidium.
2281 1005 2327 1034 Sic
2337 1005 2455 1034 dicimus
2471 1005 2506 1034 de
2525 1004 2604 1064 illiq'nj

1485 1053 1554 1080 quos
1573 1044 1680 1081 privato
1700 1045 1822 1082 quodam
1841 1047 1867 1075 ἃ
1884 1044 2011 1082 singulari
2030 1053 2123 1073 amore
2142 1042 2342 1081 prosequimur.
2365 1043 2432 1074 Hor.
2443 1053 2470 1074 2.
2489 1042 2604 1089 Camiv'i

1487 1091 1499 1110 1
1524 1104 1530 1110 .
1550 1092 1573 1116 5.
2567 1092 2584 1112 ιι.
2600 1100 2601 1103 =

1505 1090 1520 1118 7
1545 1119 1603 1153 Ah,
1624 1124 1652 1148 te
1675 1129 1744 1149 meae
1761 1120 1780 1150 si
1799 1126 1906 1159 partem
1935 1122 2035 1149 anima:
2055 1114 2127 1158 rapit
2561 1122 2585 1153 ἐξ

1544 1156 1681 1187 Maturior
1696 1159 1755 1194 vis,
1777 1159 1845 1196 quid
1863 1168 1956 1187 moror
1975 1157 2060 1187 altera
2073 1159 2086 1186 c?
2522 1182 2523 1187 .
2558 1154 2585 1185 '‘l-⁵

1464 1194 1579 1231 AnIma,
1601 1195 1709 1225 Halitus
1726 1197 1780 1226 oris
1791 1219 1799 1232 ,
1820 1197 1874 1225 sive
1890 1196 2008 1234 spiritus.
2030 1195 2104 1234 Virg.
2118 1205 2144 1225 2.
2163 1195 2262 1232 Georg.
2277 1202 2340 1232 134.
2558 1186 2599 1226 *ζ’

1622 1248 1660 1254 --
1681 1235 1786 1264 animas
1807 1236 1833 1264 Sc
1850 1234 1955 1263 olentia
1971 1233 2051 1263 Medi
2558 1234 2581 1262 li!

1543 1269 1601 1300 Ora
1623 1271 1719 1300 fovent
1738 1272 1787 1302 illo
1799 1295 1807 1306 ,
1827 1274 1853 1302 ‹Sc
1866 1272 1976 1301 senibus
1998 1271 2172 1300 medicantur
2190 1271 2305 1300 anhelis.
2400 1269 2486 1300 Plaut.
2505 1269 2586 1315 Afiflg

1483 1313 1507 1343 ς.
1521 1311 1546 1337 2.
1560 1319 1606 1344 44.
1638 1309 1679 1338 An
1694 1310 1774 1340 foetet
1792 1311 1883 1339 anima
1896 1310 1975 1339 uxori
1989 1310 2065 1338 tuae?
2101 1309 2166 1339 Ter.
2178 1309 2287 1338 Phorm.
2302 1319 2324 1345 ς.
2339 1311 2365 1339 6.
2377 1314 2422 1343 28.
2451 1305 2597 1366 Animalissff

1480 1345 1626 1383 'compressi
1641 1368 1649 1382 ‚
1670 1357 1764 1377 aurem
1778 1348 1906 1383 admovi.
2546 1351 2594 1387 „ij”

1459 1384 1589 1426 Animam
1600 1394 1695 1422 puram
1712 1386 1880 1416 conservare.
1903 1385 1961 1415 Cic.
1978 1396 2001 1422 5.
2028 1384 2104 1414 Verr.
2123 1393 2184 1422 139.
2207 1385 2276 1422 Quze
2287 1394 2345 1413 non
2354 1384 2441 1413 modo
2452 1384 2580 1420 animuin&

1478 1431 1617 1459 integrum
1627 1445 1635 1457 ,
1655 1423 1702 1452 sed
1712 1433 1746 1453 ne
1757 1425 1877 1453 animam
1889 1424 2004 1461 quidem
2022 1433 2120 1461 puram
2135 1422 2294 1453 conservare
2311 1421 2450 1461 potuiffet.
2489 1415 2591 1460 Notablf

1478 1459 1634 1490 anhelitum
1646 1460 1736 1491 Verris
1754 1461 1832 1491 fuisse
1846 1461 1987 1500 putidum.
2552 1456 2589 1501 i

1458 1497 1576 1535 Spiritus
1595 1500 1730 1529 &anima
1752 1499 1810 1530 Cic.
1826 1510 1850 1529 1.
1869 1500 1904 1529 de
1916 1499 1992 1528 Orat.
2003 1502 2068 1528 261.
2098 1498 2208 1528 Deinde
2219 1508 2305 1536 quum
2315 1498 2424 1536 spiritus
2440 1499 2498 1535 eJus
2508 1497 2578 1538 esset}

1478 1536 1630 1573 angustior,
1651 1543 1760 1566 tantuin
1771 1537 1942 1567 continenda
1951 1538 2042 1566 anima
2054 1537 2092 1566 est
2107 1536 2263 1572 assequutus
2275 1559 2282 1571 ⁷
2303 1544 2334 1565 ut
2345 1558 2353 1570 ,
2373 1537 2425 1566 διε.
2550 1533 2581 1573 ”-,.,;”

1457 1572 1618 1603 Interclulio
1627 1576 1725 1604 animae
1734 1596 1742 1611 ,
1763 1583 1844 1613 atque
1855 1576 1983 1613 angustiae
1990 1574 2100 1612 spiritus
2110 1575 2262 1604 attulerunt
2269 1573 2402 1603 clausulas
2411 1596 2419 1611 ,
2443 1568 2581 1614 atquem-js

1475 1613 1621 1649 terpundta
1631 1613 1789 1643 verborum.
1811 1613 1870 1643 Cic.
1886 1623 1908 1649 3.
1923 1613 1958 1642 de
1970 1612 2047 1642 Orat.
2061 1622 2121 1650 179.
2522 1641 2525 1644 .

1456 1649 1603 1679 Attrahens
1620 1657 1702 1688 atque
1713 1652 1832 1681 reddens
1851 1652 1972 1680 animam
1982 1651 2079 1688 pulmo
2089 1650 2211 1689 spirandi
2222 1650 2341 1680 officina.
2364 1649 2432 1679 Plin.
2443 1649 2490 1680 lib.
2509 1656 2567 1683 11:⁷2

1452 1687 1584 1755 -Alpiffam
1606 1694 1700 1718 tenere
1715 1706 1724 1725 5
1762 1690 1897 1728 Spiritum
1913 1690 2066 1718 continere.
2119 1691 2221 1717 Retem'r
2231 1692 2279 1725 son
2296 1688 2399 1718 haleine.
2441 1688 2524 1719 Ovid.
2541 1679 2576 1728 11)

1496 1735 1510 1755 a
1535 1748 1541 1754 .
1558 1735 1622 1762 425·-
2481 1742 2483 1744 “
2573 1731 2581 1742 ”

1535 1764 1628 1801 Surgit
1649 1774 1760 1794 amans:
1783 1765 1958 1802 animamque
1976 1771 2095 1799 tenens,
2116 1763 2227 1802 vestigia
2244 1764 2342 1794 furtim

1463 1833 1466 1837 ,
1572 1802 1706 1840 Suspenso
1728 1803 1821 1840 digitis
1842 1803 1894 1839 fert
1911 1804 2047 1833 taciturna
2065 1803 2160 1840 gradu.
2546 1811 2549 1818 ⁴
2572 1819 2575 1821 ·

1453 1839 1552 1868 Anima
1561 1841 1648 1878 putei,
1662 1850 1712 1879 pro
1726 1842 1808 1878 Aqua.
1828 1840 1913 1870 Plaut.
1926 1842 2023 1879 Amph.
2038 1850 2063 1870 2.
2076 1850 2101 1869 2.
2114 1848 2160 1875 41.
2201 1840 2240 1869 Ni
2253 1849 2305 1877 ego
2316 1838 2356 1870 illi
2366 1846 2452 1877 puteo
2463 1861 2471 1875 ,
2492 1840 2511 1870 fi
2522 1849 2566 1871 oc-
2595 1841 2597 1845 ’

1472 1877 1555 1915 cepso
1567 1900 1574 1913 ,
1593 1879 1714 1908 animam
1726 1889 1840 1908 omnem
1854 1879 2042 1909 intertraxero.
2064 1877 2183 1907 Fortasse
2197 1888 2248 1915 pro
2259 1877 2353 1907 Halitu
2363 1880 2389 1908 Sc
2399 1881 2500 1916 vapore
2508 1887 2566 1916 pto-³

1470 1915 1576 1945 deunte
1590 1926 1625 1946 ex
1635 1924 1734 1984 Iputeo.
1770 1917 1843 1947 Nam
1852 1916 1870 1946 fi
1879 1927 1931 1955 pro
1941 1918 2027 1955 Aqua,
2047 1916 2205 1947 Plautinum
2220 1922 2295 1945 certe
2307 1938 2316 1952 ,
2335 1918 2360 1946 ἃ
2371 1917 2454 1946 niinis
2466 1915 2570 1946 differi-i
2590 1939 2600 1957 ς,

1469 1959 1597 1990 guriitum
1618 1965 1632 1984 e
1657 1976 1664 1984 .
1874 1985 1877 1989 ,
2562 1967 2563 1972 ’
2592 1962 2593 1969 ’

1467 1991 1754 2059 ᾓίΡξυῑίηιιηῃὲειηῖο
1763 1994 1849 2031 magis
1861 1992 1903 2023 illi
1913 1993 2054 2029 convenit,
2067 1992 2132 2022 ideo
2144 1991 2339 2030 amplectenda
2354 1991 2415 2021 haec
2423 1991 2560 2031 expositio.
2590 2019 2591 2027 ,

1448 2065 1566 2102 Anima,
1586 2067 1710 2098 Ventus:
1732 2073 1778 2103 ut,
1799 2064 1990 2098 Animafollis.
2015 2068 2101 2098 Plaut.
2121 2065 2256 2104 Aul.2.4.
2268 2068 2311 2098 26.
2334 2067 2443 2098 Lucret.
2452 2064 2568 2106 14:237(

1467 2106 1574 2134 Animae
1588 2116 1714 2135 aurarum
1732 2106 1815 2136 leves.
1837 2107 1872 2136 Et
1881 2107 1956 2144 apud
1966 2106 2033 2136 Hor.
2045 2117 2070 2142 4.
2082 2106 2172 2135 Carm.
2188 2115 2229 2135 12.
2241 2115 2266 2134 2.
2543 2111 2549 2140 ⁸:
2588 2088 2590 2136 l

1527 2143 1680 2181 lnipellunt
1690 2145 1788 2174 animae
1802 2144 1888 2174 lintea
1897 2144 2032 2174 Thraciae.
2092 2143 2227 2173 Usitatum
2235 2143 2327 2181 poetis
2337 2143 2376 2172 est
2386 2143 2398 2180 (
2407 2143 2446 2173 ait
2455 2143 2560 2181 Acron.)
2574 2157 2588 2195 Ἰ

1466 2181 1573 2211 animas
1586 2183 1667 2211 flatus
1681 2189 1829 2211 ventorum
1841 2183 1951 2212 dicere:
1971 2189 2003 2211 ut
2019 2181 2093 2220 Virg.
2108 2188 2133 2216 8.
2154 2181 2216 2211 AEn.
2228 2191 2292 2218 403.
2585 2197 2587 2222 4

1528 2220 1671 2256 Quantum
1681 2220 1759 2257 ignes
1773 2221 1928 2257 animaeque
1938 2220 2040 2249 valent.
2080 2221 2107 2249 h.
2127 2229 2150 2249 e.
2173 2219 2275 2253 Venti,
2300 2218 2420 2248 Servius.
2585 2225 2587 2233 ¹

1445 2257 1558 2287 Animas
1573 2257 1707 2288 secundas
1717 2268 1799 2296 prece
1807 2268 1935 2295 quaerere.
1957 2259 1975 2287 1.
1987 2268 2012 2287 e.
2026 2258 2128 2287 Ventos
2139 2258 2284 2295 propitios.
2306 2257 2415 2286 Lucret.
2429 2256 2557 2293 1.ς.1229.
2584 2258 2585 2262 ’

1445 2296 1544 2361 Αῧ1111ε1
1561 2317 1569 2330 ,
1590 2296 1649 2363 {eri
1671 2296 1745 2326 Varr.
1761 2297 1796 2326 de
1804 2296 1837 2326 R.
1848 2296 1880 2325 R.
1892 2306 1953 2334 cap.
1963 2307 1990 2332 4.
2012 2306 2048 2325 ex
2057 2295 2158 2331 Ennio,
2174 2297 2260 2332 Aqua,
2279 2302 2364 2330 terra,
2380 2293 2557 2326 anima&sol.

1489 2343 1537 2371 irg.
1555 2337 1580 2362 6.
1622 2344 1636 2363 c
1650 2357 1656 2364 .
1669 2343 1712 2371 31.

1524 2371 1643 2409 Nanque
1661 2371 1795 2407 canebat,
1827 2372 1868 2401 uti
1884 2381 2016 2409 magnum
2033 2381 2083 2409 per
2101 2371 2183 2400 inane
2200 2371 2297 2400 coacta
2581 2397 2583 2404 ,

1523 2409 1653 2445 Semina,
1676 2417 1881 2447 terrarumque,
1902 2410 2077 2446 animaeque,
2094 2410 2232 2446 marisque
2249 2408 2370 2439 fuiffent.
2442 2407 2554 2438 Servius.
2580 2415 2582 2426 ¹

1463 2446 1567 2483 Varro,
1585 2448 1683 2477 Anima
1695 2455 1727 2477 ut
1737 2447 1866 2477 conclusa
1880 2448 1910 2476 iri
1926 2447 2014 2477 vesica
2028 2469 2036 2483 ,
2058 2447 2170 2485 quando
2182 2447 2221 2476 est
2231 2448 2304 2477 arcte
2314 2447 2413 2485 ligata,
2434 2446 2454 2476 si
2467 2454 2556 2485 percu·
2579 2436 2581 2478 1

1462 2484 1527 2514 leris
1541 2507 1549 2521 ,
1570 2487 1631 2515 aera
1645 2486 1750 2515 reddet.
1773 2486 1881 2515 Lucret.
1892 2484 1940 2514 lib.
1954 2489 1979 2515 6.
1998 2495 2058 2521 129.
2580 2484 2581 2488 ’

1602 2539 1642 2544 -·
1660 2524 1744 2561 plena
1762 2524 1862 2553 animae
1885 2523 2001 2553 vesicula
2020 2533 2111 2561 parva.

1443 2560 1573 2596 Animas,
1594 2571 1645 2599 pro
1666 2561 1837 2599 Corporibus
1852 2561 1944 2600 posuit
1962 2561 2035 2599 Virg.
2051 2570 2093 2590 11.
2105 2560 2167 2590 AEn.
2177 2569 2223 2597 24.

1522 2599 1564 2629 Ite
1587 2600 1667 2635 (ait)
1687 2601 1808 2637 egregias
1826 2600 1949 2635 animas,
1969 2609 2029 2636 quae
2048 2598 2180 2636 sanguine
2194 2597 2275 2627 nobis
2576 2625 2577 2632 ,

1523 2637 1604 2666 Hanc
1626 2638 1743 2675 patriam
1766 2647 1900 2675 peperere
1916 2637 1983 2666 suo:
2016 2637 2145 2666 decorate
2157 2636 2291 2674 supremis
2389 2634 2555 2666 Muneribus.
2575 2634 2577 2650 1

1459 2673 1492 2703 111
1504 2684 1559 2711 quo
1568 2676 1651 2704 etiam
1664 2676 1719 2704 hoc
1731 2685 1817 2704 unum
1827 2676 1875 2710 est,
1888 2675 1962 2712 quod
1970 2675 2085 2712 patriam
2095 2674 2186 2712 posuit
2195 2684 2245 2712 pro
2253 2673 2379 2711 Regione
2388 2695 2397 2710 ,
2415 2673 2458 2704 vel
2465 2673 2551 2708 Terra,
2574 2708 2575 2714 ἵ

1461 2722 1527 2741 cum
1537 2714 1625 2750 patria
1644 2713 1674 2741 lit
1689 2713 1787 2742 civitas
1806 2712 1850 2742 vel
1867 2713 1931 2742 urbs
1941 2720 2098 2750 parentum.
2135 2712 2254 2741 Nonius.
2539 2744 2546 2754 Ι
2574 2736 2575 2740 ,

1441 2750 1569 2780 Animam
1589 2760 1641 2788 pro
1661 2750 1780 2780 Animali
1800 2751 1897 2788 quovis
1917 2751 2066 2788 usurpavit.
2088 2749 2212 2779 Latiam.
2232 2759 2256 2787 3.
2270 2755 2295 2783 8.
2334 2749 2374 2778 Ab
2386 2748 2462 2778 hisne
2476 2747 2553 2786 igitur
2574 2751 2575 2754 ’

1460 2796 1600 2826 praecepta
1613 2789 1725 2817 vivendi
1736 2794 1873 2826 petemus,
1896 2789 1942 2826 qui
1954 2789 2007 2817 hoc
2018 2788 2092 2817 idem
2106 2787 2228 2817 sentiunt
2247 2787 2322 2824 quod
2338 2787 2436 2816 animae
2445 2785 2552 2816 rationis
2572 2795 2573 2811 1

1459 2835 1596 2863 expertes.
1639 2826 1681 2855 De
1694 2827 1829 2864 Aristippo
1848 2826 1971 2864 loquitur
1990 2828 2016 2855 δε
2029 2823 2161 2854 similibus
2175 2824 2368 2863 quisumnium
2379 2821 2551 2856 hominisbm

1460 2873 1528 2892 num
1543 2864 1572 2892 in
1583 2865 1706 2901 corporis
1720 2865 1862 2902 voluptate
1874 2864 2025 2902 ponebant.
2549 2865 2552 2868 “
2570 2880 2573 2895 ,-

1441 2901 1592 2931 Goclenius
1602 2925 1610 2936 ,
1634 2901 1684 2932 lib.
1700 2911 1723 2938 3.
1744 2902 1876 2932 Controv.
1893 2905 1918 2932 Sc
1928 2901 2022 2931 Schol.
2035 2901 2161 2939 Gramp.
2180 2911 2223 2937 ςς.
2234 2900 2289 2930 dat.
2301 2902 2327 2930 Sc
2337 2900 2389 2930 abl.
2402 2899 2472 2938 plur.
2482 2921 2483 2924 =
2493 2897 2551 2929 Ani·

1460 2943 1557 2969 mabus
1571 2961 1578 2975 ,
1601 2940 1816 2969 Ciceronianurn
1829 2939 1882 2969 esse
1898 2947 1994 2977 negat:
2025 2939 2148 2968 Itaenim
2159 2938 2216 2968 Cic.
2233 2949 2274 2973 14.
2296 2938 2370 2968 Fam.
2386 2948 2428 2973 14.
2449 2935 2549 2968 Tullius
2568 2942 2569 2946 ’

1458 2978 1597 3007 Terentiae
1607 2980 1632 3008 Sc
1644 2978 1721 3007 Pater
1731 2977 1869 3013 Tulliolae,
1883 2978 1988 3016 duabus
1998 2977 2096 3006 animis
2105 2975 2167 3006 suis.
2198 2976 2230 3006 V.
2247 2975 2318 3005 Voss'.
2337 2976 2372 3006 de
2385 2975 2461 3006 Anal.
2473 2985 2497 3005 2.
2506 2984 2540 3010 4..
2560 3009 2561 3015 1

1402 3016 1423 3046 A
1433 3026 1452 3046 N
1462 3027 1471 3044 1
1481 3027 1501 3044 M
1511 3018 1528 3044 ῡ
1539 3027 1555 3044 1.
1565 3025 1584 3044 A
1597 3038 1605 3051 ,
1628 3026 1658 3045 ae.
1682 3016 1779 3045 dimin.
1803 3014 1972 3051 [dammam]
1994 3014 2098 3052 Sulpic.
2118 3015 2153 3044 ad
2164 3014 2223 3044 Cic.
2231 3025 2258 3050 4.
2272 3014 2347 3043 Fam.
2360 3025 2383 3049 ς.
2425 3013 2457 3042 Ι11
2473 3011 2549 3056 unius
2598 3027 2599 3030 ¹

1440 3053 1611 3084 mulierculae
1631 3053 1753 3083 animula
1763 3053 1780 3082 li
1789 3054 1894 3089 jactura
1903 3053 1973 3082 fiic‘ta
1986 3053 2042 3087 est,
2066 3059 2211 3089 tantopere
2224 3052 2431 3081 commoveris?
2449 3048 2567 3091 Defihssl

1440 3092 1583 3121 Ciceronis
1593 3097 1710 3121 mortua.
1737 3091 1795 3121 Cic.
1806 3101 1832 3127 9.
1848 3092 1929 3127 Att.7.
1951 3091 2021 3128 Qu.e
2031 3090 2099 3119 mihi
2108 3091 2241 3127 quiddam
2254 3089 2325 3127 quali
2336 3088 2463 3119 animulae
2473 3080 2550 3118 restil-

1438 3130 1537 3159 larunt.
1559 3139 1593 3158 ex
1605 3130 1678 3165 conj.
1690 3129 1784 3159 Lanib.
1799 3139 1863 3158 nain
1874 3129 1957 3158 codd.
1969 3129 2050 3158 valde
2060 3128 2206 3164 inquinati.
2240 3128 2374 3164 Spartian.
2390 3127 2421 3157 in
2431 3126 2490 3156 Vita
2499 3124 2557 3157 Har

1439 3168 1525 3197 drian.
1547 3167 1618 3205 Imp.
1631 3177 1748 3205 capam.
1778 3166 1907 3197 Animula
1919 3166 2034 3204 vagula,
2054 3165 2187 3195 blandula
2200 3188 2209 3200 ,
2231 3166 2282 3195 &a
2564 3178 2565 3198 ς

1399 3205 1423 3236 A
1433 3208 1503 3234 ΝῑΜ
1514 3215 1532 3234 A
1544 3216 1569 3240 L,
1590 3205 1649 3234 alis.
1672 3215 1701 3234 n.
1722 3205 1827 3241 [ζῶον]
1848 3205 1881 3234 ab
1892 3206 1990 3233 Anima
2001 3205 2056 3233 est:
2078 3205 2103 3233 δι
2114 3204 2152 3232 est
2163 3204 2213 3239 (ut
2227 3202 2385 3241 philosophi
2396 3200 2544 3236 definiunt)
2562 3209 2563 3215 ¹
2602 3218 2604 3230 l

1437 3243 1593 3273 Substantia
1601 3244 1721 3272 animata
1732 3242 1872 3272 sensibilis.
1895 3242 1964 3272 Plin.
1975 3242 2025 3272 lib.
2037 3252 2078 3271 10.
2088 3251 2148 3279 cap.
2160 3245 2204 3278 63.
2239 3241 2378 3279 Bipedum
2387 3240 2458 3270 solus
2466 3239 2543 3271 homo

1437 3281 1540 3311 animal
1550 3280 1645 3318 gignit.
1668 3281 1752 3310 Ovid.
1768 3291 1790 3310 1.
1803 3281 1927 3316 ’1110134-

1516 3318 1659 3355 Pronaque
1675 3328 1761 3355 quum
1779 3318 1904 3356 spectent
1918 3317 2046 3347 animalia
2065 3323 2162 3348 caetera
2181 3322 2290 3351 terram,
2503 3304 2511 3329 1

1516 3356 1557 3386 Os
1574 3356 1682 3385 homini
1698 3356 1816 3385 sublime
1839 3356 1933 3391 dedit,
1951 3355 2111 3392 coelumque
2127 3356 2198 3384 tueri
2280 3352 2368 3389 Juffit.

1433 3395 1485 3461 215
1496 3405 1504 3422 1
1516 3404 1564 3460 MlA
1573 3404 1599 3461 ὓ
1603 3395 1663 3460 58111
1674 3395 1784 3430 eodem,
1796 3394 1961 3432 ponendum
1969 3393 2103 3423 convenit
2109 3391 2157 3422 sub
2169 3391 2267 3422 eadem
2277 3392 2370 3421 radice
2379 3413 2387 3427 ,
2404 3388 2451 3420 sub
2459 3387 2538 3426 qua&
2564 3418 2566 3423 ,
2580 3414 2582 3431 3

1458 3442 1532 3460 nima
1546 3455 1551 3461 .
1602 3455 1608 3460 .
1640 3438 1659 3461 t.
2568 3446 2571 3454 =

1432 3469 1541 3499 Animal
1552 3469 1700 3506 providum
1712 3470 1736 3498 Sc
1753 3466 1832 3506 sagax
1846 3490 1853 3503 ,
1869 3468 1964 3498 homo.
1995 3467 2053 3497 Cic.
2071 3477 2092 3496 1.
2105 3467 2141 3496 de
2151 3466 2244 3503 Legib.
2259 3476 2303 3496 22.

1431 3506 1508 3536 Deus
1520 3507 1623 3536 animal
1634 3517 1722 3536 unum
1731 3505 1905 3542 asperi-abile,
1924 3507 1951 3535 in
1968 3516 2024 3542 quo
2034 3506 2128 3534 onmia
2137 3504 2266 3534 animalia
2281 3504 2466 3538 continentur,
2479 3498 2537 3532 effe-

1450 3546 1497 3574 cit.
1530 3544 1588 3574 Cic.
1602 3545 1637 3574 de
1650 3543 1770 3574 Univers.
1784 3554 1809 3579 9.
1831 3544 1867 3573 de
1879 3544 1985 3573 mundo
1996 3543 2126 3580 loquitur.
2498 3569 2499 3579 7
2562 3543 2565 3546 “

1430 3582 1525 3611 Unuin
1544 3582 1647 3612 animal
1666 3582 1704 3611 est
1722 3581 1884 3611 Alexander.
1927 3581 1955 3610 V.
1982 3591 2085 3610 UNUS.
2496 3582 2497 3585 ’
2517 3611 2523 3618 ,
2556 3592 2560 3610 i

1392 3619 1414 3650 A
1423 3629 1442 3648 N
1455 3631 1462 3648 i
1474 3631 1493 3648 M
1503 3624 1519 3648 Ti
1531 3631 1547 3648 L
1556 3631 1565 3648 i
1574 3627 1597 3654 ε,
1617 3630 1641 3649 e.
1665 3620 1725 3656 Adj.
1748 3620 1763 3655 [
1777 3618 1881 3655 ψυχικὲς
1893 3619 1908 3654 ]
1928 3619 2014 3656 Quod
2025 3618 2063 3648 est
2073 3627 2108 3647 ex
2119 3616 2241 3654 animali,
2253 3623 2301 3647 aut
2310 3616 2385 3655 quod
2394 3614 2475 3647 habet
2484 3621 2536 3646 am·
2556 3634 2558 3638 ν

1429 3667 1513 3686 main.
1536 3657 1644 3687 Lucret.
1657 3658 1704 3687 lib.
1725 3667 1746 3686 1.
1759 3665 1820 3693 127.
2556 3660 2557 3663 ’

1510 3695 1590 3724 Unde
1611 3695 1730 3724 animale
1749 3703 1834 3732 genus
1849 3694 2001 3731 generatim
2016 3694 2045 3723 in
2062 3693 2169 3724 lumina
2187 3692 2252 3722 vitae

1508 3732 1649 3762 Redducit
1675 3733 1774 3762 Venus.
2574 3739 2579 3758 ¹
2599 3742 2604 3762 1

1428 3769 1565 3798 Animalia
1582 3780 1708 3808 corpora.
1730 3769 1837 3799 Lucret.
1850 3768 1898 3797 lib.
1912 3778 1936 3798 2.
1955 3771 2019 3805 726.
2553 3746 2569 3798 A.
2592 3769 2600 3799 li

1427 3805 1566 3836 Aniniales
1587 3809 1634 3837 dii.
1657 3799 1847 3842 Sei-viusinss
1864 3806 1925 3836 ffln.
1941 3805 2134 3847 exLabeone:
2155 3804 2247 3835 Labeo
2260 3805 2288 3834 in
2308 3803 2383 3834 libris
2394 3801 2440 3840 qui
2448 3797 2533 3839 appel-
2552 3798 2579 3841 114,
2597 3819 2604 3838 ,1

1445 3843 1536 3874 lantur
1551 3844 1586 3874 de
1599 3845 1660 3875 Diis
1671 3844 1845 3880 annualibus,
1859 3844 1896 3873 ait
1905 3844 1958 3873 elle
1972 3844 2099 3881 quaedam
2108 3842 2193 3879 sacra,
2203 3843 2301 3881 quibus
2309 3842 2405 3872 anima:
2414 3839 2531 3905 1111111ἷῖξέ
2552 3841 2577 3877 Ν
2596 3851 2603 3876 tl

1811 3899 1820 3924 ι
2435 3885 2467 3906 ve

2550 3881 2604 3919 ..lp

2543 3958 2545 3968 .
2576 3922 2603 3952 l
