<?xml version="1.0" encoding="UTF-8"?>
<!DOCTYPE html PUBLIC "-//W3C//DTD XHTML 1.0 Transitional//EN"
    "http://www.w3.org/TR/xhtml1/DTD/xhtml1-transitional.dtd">
<html xmlns="http://www.w3.org/1999/xhtml" xml:lang="en" lang="en">
 <head>
  <title>
</title>
<meta http-equiv="Content-Type" content="text/html;charset=utf-8" />
  <meta name='ocr-system' content='tesseract 3.04.00' />
  <meta name='ocr-capabilities' content='ocr_page ocr_carea ocr_par ocr_line ocrx_word'/>
</head>
<body>
  <div class='ocr_page' id='page_1' title='image "./robertistephanil01esti_0671.png"; bbox 0 0 2600 4177; ppageno 0'>
   <div class='ocr_carea' id='block_1_1' title="bbox 496 121 794 159">
    <p class='ocr_par' dir='ltr' id='par_1_1' title="bbox 496 121 794 159">
     <span class='ocr_line' id='line_1_1' title="bbox 496 121 794 159; baseline 0.01 -3"><span class='ocrx_word' id='word_1_1' title='bbox 496 121 526 156; x_wconf 91' lang='lat' dir='ltr'>C</span> <span class='ocrx_word' id='word_1_2' title='bbox 624 123 663 158; x_wconf 91' lang='grc' dir='ltr'>Ο</span> <span class='ocrx_word' id='word_1_3' title='bbox 754 125 794 159; x_wconf 89' lang='grc' dir='ltr'>Μ</span> 
     </span>
    </p>
   </div>
   <div class='ocr_carea' id='block_1_2' title="bbox 1 199 1222 695">
    <p class='ocr_par' dir='ltr' id='par_1_2' title="bbox 95 199 1215 315">
     <span class='ocr_line' id='line_1_2' title="bbox 95 199 1214 243; baseline 0.006 -12"><span class='ocrx_word' id='word_1_4' title='bbox 95 199 302 238; x_wconf 70' lang='lat' dir='ltr'>commoratio,</span> <span class='ocrx_word' id='word_1_5' title='bbox 325 202 420 240; x_wconf 80' lang='lat' dir='ltr'>Figura</span> <span class='ocrx_word' id='word_1_6' title='bbox 438 203 475 233; x_wconf 89' lang='lat' dir='ltr'>est</span> <span class='ocrx_word' id='word_1_7' title='bbox 486 201 650 232; x_wconf 87' lang='lat' dir='ltr'>Rhetorum.</span> <span class='ocrx_word' id='word_1_8' title='bbox 691 204 793 233; x_wconf 69' lang='lat' dir='ltr'>Auctor</span> <span class='ocrx_word' id='word_1_9' title='bbox 808 206 842 234; x_wconf 89' lang='lat' dir='ltr'>ad</span> <span class='ocrx_word' id='word_1_10' title='bbox 854 206 956 236; x_wconf 89' lang='lat' dir='ltr'>Heren.</span> <span class='ocrx_word' id='word_1_11' title='bbox 973 217 1000 243; x_wconf 80' lang='grc'>4.</span> <span class='ocrx_word' id='word_1_12' title='bbox 1015 212 1058 242; x_wconf 76' lang='grc' dir='ltr'>ςε.</span> <span class='ocrx_word' id='word_1_13' title='bbox 1080 207 1214 238; x_wconf 87' lang='lat' dir='ltr'>Commo·</span> 
     </span>
     <span class='ocr_line' id='line_1_3' title="bbox 115 240 1215 281; baseline 0.006 -13"><span class='ocrx_word' id='word_1_14' title='bbox 115 240 184 268; x_wconf 88' lang='lat' dir='ltr'>ratio</span> <span class='ocrx_word' id='word_1_15' title='bbox 198 240 253 274; x_wconf 83' lang='lat' dir='ltr'>est,</span> <span class='ocrx_word' id='word_1_16' title='bbox 279 250 362 277; x_wconf 88' lang='lat' dir='ltr'>quum</span> <span class='ocrx_word' id='word_1_17' title='bbox 373 242 400 269; x_wconf 92' lang='lat' dir='ltr'>in</span> <span class='ocrx_word' id='word_1_18' title='bbox 411 241 473 269; x_wconf 89' lang='lat' dir='ltr'>loco</span> <span class='ocrx_word' id='word_1_19' title='bbox 492 240 660 274; x_wconf 83' lang='lat' dir='ltr'>firmissimo,</span> <span class='ocrx_word' id='word_1_20' title='bbox 683 251 738 277; x_wconf 91' lang='lat' dir='ltr'>quo</span> <span class='ocrx_word' id='word_1_21' title='bbox 756 249 814 272; x_wconf 85' lang='lat' dir='ltr'>tota</span> <span class='ocrx_word' id='word_1_22' title='bbox 825 244 905 274; x_wconf 89' lang='lat' dir='ltr'>causa</span> <span class='ocrx_word' id='word_1_23' title='bbox 923 247 1099 281; x_wconf 83' lang='lat' dir='ltr'>continetur,</span> <span class='ocrx_word' id='word_1_24' title='bbox 1120 256 1215 275; x_wconf 87' lang='lat' dir='ltr'>mane-</span> 
     </span>
     <span class='ocr_line' id='line_1_4' title="bbox 117 277 683 315; baseline 0.002 -10"><span class='ocrx_word' id='word_1_25' title='bbox 117 285 160 305; x_wconf 88' lang='lat' dir='ltr'>tur</span> <span class='ocrx_word' id='word_1_26' title='bbox 170 277 275 306; x_wconf 87' lang='lat' dir='ltr'>diutius</span> <span class='ocrx_word' id='word_1_27' title='bbox 287 300 294 311; x_wconf 88' lang='lat'>,</span> <span class='ocrx_word' id='word_1_28' title='bbox 317 280 342 308; x_wconf 76' lang='lat' dir='ltr'>Sc</span> <span class='ocrx_word' id='word_1_29' title='bbox 352 279 452 307; x_wconf 84' lang='lat' dir='ltr'>eodem</span> <span class='ocrx_word' id='word_1_30' title='bbox 461 278 558 315; x_wconf 83' lang='lat' dir='ltr'>saepius</span> <span class='ocrx_word' id='word_1_31' title='bbox 569 278 683 307; x_wconf 79' lang='lat' dir='ltr'><strong>reditur.</strong></span> 
     </span>
    </p>

    <p class='ocr_par' dir='ltr' id='par_1_3' title="bbox 62 312 1219 464">
     <span class='ocr_line' id='line_1_5' title="bbox 62 312 1214 351; baseline 0.007 -9"><span class='ocrx_word' id='word_1_32' title='bbox 62 312 109 342; x_wconf 84' lang='lat' dir='ltr'>Co</span> <span class='ocrx_word' id='word_1_33' title='bbox 121 325 141 342; x_wconf 87' lang='lat' dir='ltr'><strong>M</strong></span> <span class='ocrx_word' id='word_1_34' title='bbox 153 324 197 343; x_wconf 91' lang='lat' dir='ltr'>Mo</span> <span class='ocrx_word' id='word_1_35' title='bbox 209 325 222 342; x_wconf 75' lang='lat' dir='ltr'>s</span> <span class='ocrx_word' id='word_1_36' title='bbox 232 319 274 344; x_wconf 62' lang='lat' dir='ltr'>ri</span> <span class='ocrx_word' id='word_1_37' title='bbox 286 326 357 349; x_wconf 67' lang='lat' dir='ltr'>Lis,</span> <span class='ocrx_word' id='word_1_38' title='bbox 380 317 439 350; x_wconf 75' lang='lat' dir='ltr'>Adj.</span> <span class='ocrx_word' id='word_1_39' title='bbox 464 313 637 351; x_wconf 62' lang='grc' dir='ltr'>[σύυθιηπτ]</span> <span class='ocrx_word' id='word_1_40' title='bbox 659 323 689 344; x_wconf 91' lang='lat' dir='ltr'>ut</span> <span class='ocrx_word' id='word_1_41' title='bbox 703 338 710 349; x_wconf 83' lang='lat'>,</span> <span class='ocrx_word' id='word_1_42' title='bbox 733 317 930 348; x_wconf 90' lang='lat' dir='ltr'>Commortalis</span> <span class='ocrx_word' id='word_1_43' title='bbox 950 327 1054 349; x_wconf 89' lang='lat' dir='ltr'>natura.</span> <span class='ocrx_word' id='word_1_44' title='bbox 1075 320 1214 350; x_wconf 89' lang='lat' dir='ltr'>Columel.</span> 
     </span>
     <span class='ocr_line' id='line_1_6' title="bbox 97 350 1219 395; baseline 0.007 -15"><span class='ocrx_word' id='word_1_45' title='bbox 97 350 175 384; x_wconf 56' lang='lat' dir='ltr'>liba.</span> <span class='ocrx_word' id='word_1_46' title='bbox 189 362 248 390; x_wconf 87' lang='lat' dir='ltr'>cap.</span> <span class='ocrx_word' id='word_1_47' title='bbox 261 362 305 381; x_wconf 78' lang='lat'>20.</span> <span class='ocrx_word' id='word_1_48' title='bbox 328 353 380 382; x_wconf 86' lang='lat' dir='ltr'>Sed</span> <span class='ocrx_word' id='word_1_49' title='bbox 393 353 530 381; x_wconf 87' lang='lat' dir='ltr'>interdum</span> <span class='ocrx_word' id='word_1_50' title='bbox 552 353 649 389; x_wconf 86' lang='lat' dir='ltr'>(quod</span> <span class='ocrx_word' id='word_1_51' title='bbox 659 355 697 382; x_wconf 88' lang='lat' dir='ltr'>ait</span> <span class='ocrx_word' id='word_1_52' title='bbox 706 354 815 384; x_wconf 88' lang='lat' dir='ltr'>divinus</span> <span class='ocrx_word' id='word_1_53' title='bbox 825 358 919 385; x_wconf 59' lang='lat' dir='ltr'>auftor</span> <span class='ocrx_word' id='word_1_54' title='bbox 928 357 1023 389; x_wconf 69' lang='lat' dir='ltr'>Plato)</span> <span class='ocrx_word' id='word_1_55' title='bbox 1044 359 1083 386; x_wconf 90' lang='lat' dir='ltr'>rei</span> <span class='ocrx_word' id='word_1_56' title='bbox 1096 368 1147 387; x_wconf 88' lang='lat' dir='ltr'>nos</span> <span class='ocrx_word' id='word_1_57' title='bbox 1157 358 1219 395; x_wconf 91' lang='lat' dir='ltr'>pul-</span> 
     </span>
     <span class='ocr_line' id='line_1_7' title="bbox 97 388 1219 430; baseline 0.008 -13"><span class='ocrx_word' id='word_1_58' title='bbox 97 388 226 418; x_wconf 84' lang='lat' dir='ltr'>chritudo</span> <span class='ocrx_word' id='word_1_59' title='bbox 237 390 331 425; x_wconf 90' lang='lat' dir='ltr'>trahit,</span> <span class='ocrx_word' id='word_1_60' title='bbox 352 390 395 419; x_wconf 88' lang='lat' dir='ltr'>vel</span> <span class='ocrx_word' id='word_1_61' title='bbox 413 400 445 419; x_wconf 86' lang='lat' dir='ltr'>ea</span> <span class='ocrx_word' id='word_1_62' title='bbox 460 390 655 426; x_wconf 71' lang='lat' dir='ltr'>consectandi,</span> <span class='ocrx_word' id='word_1_63' title='bbox 676 401 737 428; x_wconf 65' lang='lat' dir='ltr'>quae</span> <span class='ocrx_word' id='word_1_64' title='bbox 747 401 862 430; x_wconf 85' lang='lat' dir='ltr'>propter</span> <span class='ocrx_word' id='word_1_65' title='bbox 872 395 1063 425; x_wconf 77' lang='lat' dir='ltr'>infirmitatem</span> <span class='ocrx_word' id='word_1_66' title='bbox 1079 405 1219 425; x_wconf 89' lang='lat' dir='ltr'>commor-</span> 
     </span>
     <span class='ocr_line' id='line_1_8' title="bbox 99 426 619 464; baseline 0.006 -10"><span class='ocrx_word' id='word_1_67' title='bbox 99 426 162 455; x_wconf 84' lang='lat' dir='ltr'>talis</span> <span class='ocrx_word' id='word_1_68' title='bbox 179 436 282 457; x_wconf 89' lang='lat' dir='ltr'>naturae</span> <span class='ocrx_word' id='word_1_69' title='bbox 295 428 426 464; x_wconf 85' lang='lat' dir='ltr'>consequi</span> <span class='ocrx_word' id='word_1_70' title='bbox 439 437 619 463; x_wconf 84' lang='lat' dir='ltr'>nequeamus.</span> 
     </span>
    </p>

    <p class='ocr_par' dir='ltr' id='par_1_4' title="bbox 63 462 1222 644">
     <span class='ocr_line' id='line_1_9' title="bbox 63 462 1220 505; baseline 0.011 -17"><span class='ocrx_word' id='word_1_71' title='bbox 63 462 266 497; x_wconf 67' lang='grc' dir='ltr'>ῦοΜΜόςις,</span> <span class='ocrx_word' id='word_1_72' title='bbox 288 465 463 500; x_wconf 43' lang='lat' dir='ltr'>[Quicum]</span> <span class='ocrx_word' id='word_1_73' title='bbox 485 465 605 494; x_wconf 86' lang='lat' dir='ltr'>Primum</span> <span class='ocrx_word' id='word_1_74' title='bbox 618 465 751 495; x_wconf 79' lang='lat' dir='ltr'>mellificii</span> <span class='ocrx_word' id='word_1_75' title='bbox 770 467 1002 505; x_wconf 85' lang='lat' dir='ltr'>fundamentum,</span> <span class='ocrx_word' id='word_1_76' title='bbox 1024 480 1059 500; x_wconf 88' lang='lat' dir='ltr'>ex</span> <span class='ocrx_word' id='word_1_77' title='bbox 1077 471 1170 500; x_wconf 88' lang='lat' dir='ltr'>tenaci</span> <span class='ocrx_word' id='word_1_78' title='bbox 1193 473 1220 501; x_wconf 86' lang='lat'>&amp;</span> 
     </span>
     <span class='ocr_line' id='line_1_10' title="bbox 100 501 1222 544; baseline 0.007 -14"><span class='ocrx_word' id='word_1_79' title='bbox 100 501 202 531; x_wconf 79' lang='lat' dir='ltr'>viscosa</span> <span class='ocrx_word' id='word_1_80' title='bbox 215 503 340 531; x_wconf 85' lang='lat' dir='ltr'>constans</span> <span class='ocrx_word' id='word_1_81' title='bbox 351 503 482 532; x_wconf 88' lang='lat' dir='ltr'>materia:</span> <span class='ocrx_word' id='word_1_82' title='bbox 506 503 543 532; x_wconf 91' lang='lat' dir='ltr'>ita</span> <span class='ocrx_word' id='word_1_83' title='bbox 553 504 659 532; x_wconf 74' lang='lat' dir='ltr'>dietum</span> <span class='ocrx_word' id='word_1_84' title='bbox 670 514 684 532; x_wconf 85' lang='lat' dir='ltr'>a</span> <span class='ocrx_word' id='word_1_85' title='bbox 696 504 792 535; x_wconf 76' lang='lat' dir='ltr'>Graeco</span> <span class='ocrx_word' id='word_1_86' title='bbox 816 508 931 535; x_wconf 89' lang='lat' dir='ltr'>nomine</span> <span class='ocrx_word' id='word_1_87' title='bbox 954 507 1050 543; x_wconf 61' lang='grc' dir='ltr'>»(ἑμμι,</span> <span class='ocrx_word' id='word_1_88' title='bbox 1075 509 1150 544; x_wconf 85' lang='lat' dir='ltr'>quod</span> <span class='ocrx_word' id='word_1_89' title='bbox 1171 519 1222 538; x_wconf 90' lang='lat' dir='ltr'>nos</span> 
     </span>
     <span class='ocr_line' id='line_1_11' title="bbox 98 538 1222 581; baseline 0.004 -13"><span class='ocrx_word' id='word_1_90' title='bbox 98 540 205 576; x_wconf 86' lang='lat' dir='ltr'>gummi</span> <span class='ocrx_word' id='word_1_91' title='bbox 217 540 345 569; x_wconf 85' lang='lat' dir='ltr'>dicimus.</span> <span class='ocrx_word' id='word_1_92' title='bbox 386 540 504 578; x_wconf 89' lang='lat' dir='ltr'>Hesych.</span> <span class='ocrx_word' id='word_1_93' title='bbox 537 538 662 576; x_wconf 55' lang='grc' dir='ltr'>κόμμωσις</span> <span class='ocrx_word' id='word_1_94' title='bbox 677 541 687 567; x_wconf 73' lang='grc' dir='ltr'><strong>ὁ</strong></span> <span class='ocrx_word' id='word_1_95' title='bbox 703 540 727 569; x_wconf 67' lang='grc' dir='ltr'>ΞΤ</span> <span class='ocrx_word' id='word_1_96' title='bbox 742 541 871 574; x_wconf 40' lang='lat' dir='ltr'>muys&amp;</span> <span class='ocrx_word' id='word_1_97' title='bbox 901 543 1041 580; x_wconf 57' lang='grc' dir='ltr'>ὼςαΆι-μές,</span> <span class='ocrx_word' id='word_1_98' title='bbox 1065 547 1087 581; x_wconf 64' lang='lat'>”3</span> <span class='ocrx_word' id='word_1_99' title='bbox 1104 543 1154 573; x_wconf 56' lang='lat' dir='ltr'>iza)</span> <span class='ocrx_word' id='word_1_100' title='bbox 1177 548 1222 572; x_wconf 69' lang='grc' dir='ltr'>τᾶν</span> 
     </span>
     <span class='ocr_line' id='line_1_12' title="bbox 98 571 1221 620; baseline 0.011 -18"><span class='ocrx_word' id='word_1_101' title='bbox 98 578 260 620; x_wconf 48' lang='lat' dir='ltr'>patarei-aest·</span> <span class='ocrx_word' id='word_1_102' title='bbox 279 577 290 606; x_wconf 69' lang='lat' dir='ltr'>ti</span> <span class='ocrx_word' id='word_1_103' title='bbox 304 571 328 604; x_wconf 54' lang='lat'>2³⁴</span> <span class='ocrx_word' id='word_1_104' title='bbox 340 578 431 613; x_wconf 62' lang='grc' dir='ltr'><strong><em>σ-μώες</em></strong></span> <span class='ocrx_word' id='word_1_105' title='bbox 455 576 606 614; x_wconf 50' lang='grc' dir='ltr'>ἔλιείχμσπ.</span> <span class='ocrx_word' id='word_1_106' title='bbox 639 578 670 608; x_wconf 88' lang='lat' dir='ltr'>V.</span> <span class='ocrx_word' id='word_1_107' title='bbox 692 579 762 609; x_wconf 79' lang='lat' dir='ltr'>Plin.</span> <span class='ocrx_word' id='word_1_108' title='bbox 775 580 823 610; x_wconf 76' lang='lat' dir='ltr'>lib.</span> <span class='ocrx_word' id='word_1_109' title='bbox 839 590 882 611; x_wconf 82' lang='lat'>11.</span> <span class='ocrx_word' id='word_1_110' title='bbox 901 591 961 620; x_wconf 76' lang='lat' dir='ltr'>cap.</span> <span class='ocrx_word' id='word_1_111' title='bbox 974 593 1000 619; x_wconf 85' lang='lat'>7.</span> <span class='ocrx_word' id='word_1_112' title='bbox 1023 584 1048 613; x_wconf 66' lang='grc' dir='ltr'>δέ</span> <span class='ocrx_word' id='word_1_113' title='bbox 1064 584 1221 613; x_wconf 88' lang='lat' dir='ltr'>Gummitio</span> 
     </span>
     <span class='ocr_line' id='line_1_13' title="bbox 98 624 288 644; baseline 0.011 -2"><span class='ocrx_word' id='word_1_114' title='bbox 98 624 128 642; x_wconf 82' lang='lat' dir='ltr'>in</span> <span class='ocrx_word' id='word_1_115' title='bbox 151 624 168 642; x_wconf 82' lang='lat' dir='ltr'>c</span> <span class='ocrx_word' id='word_1_116' title='bbox 179 624 197 642; x_wconf 87' lang='lat' dir='ltr'>u</span> <span class='ocrx_word' id='word_1_117' title='bbox 206 625 226 643; x_wconf 89' lang='lat' dir='ltr'><strong>M</strong></span> <span class='ocrx_word' id='word_1_118' title='bbox 238 625 258 643; x_wconf 89' lang='lat' dir='ltr'><strong>M</strong></span> <span class='ocrx_word' id='word_1_119' title='bbox 270 626 288 644; x_wconf 84' lang='lat' dir='ltr'>r.</span> 
     </span>
    </p>

    <p class='ocr_par' dir='ltr' id='par_1_5' title="bbox 1 648 1219 695">
     <span class='ocr_line' id='line_1_14' title="bbox 1 648 1219 695; baseline 0.007 -14"><span class='ocrx_word' id='word_1_120' title='bbox 1 654 11 664; x_wconf 78' lang='grc'><strong><em>”</em></strong></span> <span class='ocrx_word' id='word_1_121' title='bbox 62 651 280 687; x_wconf 74' lang='lat' dir='ltr'>COMMovao,</span> <span class='ocrx_word' id='word_1_122' title='bbox 302 652 360 686; x_wconf 63' lang='lat' dir='ltr'>favi,</span> <span class='ocrx_word' id='word_1_123' title='bbox 382 656 460 682; x_wconf 65' lang='lat' dir='ltr'>§tum</span> <span class='ocrx_word' id='word_1_124' title='bbox 472 675 480 688; x_wconf 91' lang='lat'>,</span> <span class='ocrx_word' id='word_1_125' title='bbox 501 648 661 689; x_wconf 60' lang='grc' dir='ltr'>[λζφκινέω]</span> <span class='ocrx_word' id='word_1_126' title='bbox 681 655 736 683; x_wconf 73' lang='grc' dir='ltr'>ἕπε.</span> <span class='ocrx_word' id='word_1_127' title='bbox 757 654 845 684; x_wconf 86' lang='lat' dir='ltr'>Simul</span> <span class='ocrx_word' id='word_1_128' title='bbox 856 666 980 687; x_wconf 87' lang='lat' dir='ltr'>movere.</span> <span class='ocrx_word' id='word_1_129' title='bbox 993 658 1051 687; x_wconf 92' lang='lat' dir='ltr'>Cic.</span> <span class='ocrx_word' id='word_1_130' title='bbox 1061 667 1085 692; x_wconf 93' lang='lat'>7.</span> <span class='ocrx_word' id='word_1_131' title='bbox 1096 658 1219 695; x_wconf 85' lang='lat' dir='ltr'>Verr.96.</span> 
     </span>
    </p>
   </div>
   <div class='ocr_carea' id='block_1_3' title="bbox 99 689 1223 759">
    <p class='ocr_par' dir='ltr' id='par_1_6' title="bbox 99 689 1223 759">
     <span class='ocr_line' id='line_1_15' title="bbox 99 689 1223 756; baseline 0.009 -39"><span class='ocrx_word' id='word_1_132' title='bbox 99 689 281 756; x_wconf 47' lang='lat' dir='ltr'>fosteaqdiams</span> <span class='ocrx_word' id='word_1_133' title='bbox 288 691 399 756; x_wconf 54' lang='lat' dir='ltr'>inignem</span> <span class='ocrx_word' id='word_1_134' title='bbox 409 691 504 721; x_wconf 88' lang='lat' dir='ltr'>locum</span> <span class='ocrx_word' id='word_1_135' title='bbox 516 691 696 721; x_wconf 81' lang='lat' dir='ltr'>offenderunt</span> <span class='ocrx_word' id='word_1_136' title='bbox 706 714 714 728; x_wconf 94' lang='lat'>,</span> <span class='ocrx_word' id='word_1_137' title='bbox 736 693 762 722; x_wconf 85' lang='lat'>&amp;</span> <span class='ocrx_word' id='word_1_138' title='bbox 783 693 931 725; x_wconf 66' lang='lat' dir='ltr'>Praetorem</span> <span class='ocrx_word' id='word_1_139' title='bbox 945 696 1127 727; x_wconf 84' lang='lat' dir='ltr'>commovisse</span> <span class='ocrx_word' id='word_1_140' title='bbox 1140 706 1175 726; x_wconf 86' lang='lat' dir='ltr'>ex</span> <span class='ocrx_word' id='word_1_141' title='bbox 1188 706 1223 727; x_wconf 89' lang='lat' dir='ltr'>eo</span> 
     </span>
     <span class='ocr_line' id='line_1_16' title="bbox 112 735 413 759; baseline 0.01 -4"><span class='ocrx_word' id='word_1_142' title='bbox 112 735 163 755; x_wconf 89' lang='lat' dir='ltr'>oco</span> <span class='ocrx_word' id='word_1_143' title='bbox 172 735 203 756; x_wconf 85' lang='lat' dir='ltr'>ca</span> <span class='ocrx_word' id='word_1_144' title='bbox 227 737 255 756; x_wconf 88' lang='lat' dir='ltr'>ra</span> <span class='ocrx_word' id='word_1_145' title='bbox 276 737 309 756; x_wconf 90' lang='lat' dir='ltr'>en</span> <span class='ocrx_word' id='word_1_146' title='bbox 325 737 413 759; x_wconf 84' lang='lat' dir='ltr'>erunt.</span> 
     </span>
    </p>
   </div>
   <div class='ocr_carea' id='block_1_4' title="bbox 18 764 1229 3991">
    <p class='ocr_par' dir='ltr' id='par_1_7' title="bbox 100 764 653 804">
     <span class='ocr_line' id='line_1_17' title="bbox 100 764 653 804; baseline 0.007 -11"><span class='ocrx_word' id='word_1_147' title='bbox 100 764 208 801; x_wconf 91' lang='lat' dir='ltr'>Corpus</span> <span class='ocrx_word' id='word_1_148' title='bbox 218 775 404 796; x_wconf 84' lang='lat' dir='ltr'>commovere.</span> <span class='ocrx_word' id='word_1_149' title='bbox 428 767 535 797; x_wconf 87' lang='lat' dir='ltr'>Lucret.</span> <span class='ocrx_word' id='word_1_150' title='bbox 553 775 577 804; x_wconf 84' lang='lat'>3.</span> <span class='ocrx_word' id='word_1_151' title='bbox 590 776 653 804; x_wconf 80' lang='lat'>147.</span> 
     </span>
    </p>

    <p class='ocr_par' dir='ltr' id='par_1_8' title="bbox 100 801 482 840">
     <span class='ocr_line' id='line_1_18' title="bbox 100 801 482 840; baseline 0.005 -8"><span class='ocrx_word' id='word_1_152' title='bbox 100 801 216 832; x_wconf 87' lang='lat' dir='ltr'>Oculos.</span> <span class='ocrx_word' id='word_1_153' title='bbox 240 803 296 832; x_wconf 90' lang='lat' dir='ltr'>Cic.</span> <span class='ocrx_word' id='word_1_154' title='bbox 311 815 337 837; x_wconf 85' lang='lat'>4-</span> <span class='ocrx_word' id='word_1_155' title='bbox 349 804 423 834; x_wconf 84' lang='lat' dir='ltr'>Verr.</span> <span class='ocrx_word' id='word_1_156' title='bbox 438 810 482 840; x_wconf 87' lang='lat'>83.</span> 
     </span>
    </p>

    <p class='ocr_par' dir='ltr' id='par_1_9' title="bbox 99 840 615 879">
     <span class='ocr_line' id='line_1_19' title="bbox 99 840 615 879; baseline 0.004 -9"><span class='ocrx_word' id='word_1_157' title='bbox 99 840 263 870; x_wconf 82' lang='lat' dir='ltr'>Theatrum.</span> <span class='ocrx_word' id='word_1_158' title='bbox 285 842 405 878; x_wconf 85' lang='lat' dir='ltr'>Quintil.</span> <span class='ocrx_word' id='word_1_159' title='bbox 418 842 465 872; x_wconf 92' lang='lat' dir='ltr'>lib.</span> <span class='ocrx_word' id='word_1_160' title='bbox 478 846 503 872; x_wconf 90' lang='lat'>6.</span> <span class='ocrx_word' id='word_1_161' title='bbox 515 852 576 879; x_wconf 85' lang='lat' dir='ltr'>cap.</span> <span class='ocrx_word' id='word_1_162' title='bbox 591 851 615 872; x_wconf 83' lang='lat' dir='ltr'>r.</span> 
     </span>
    </p>

    <p class='ocr_par' dir='ltr' id='par_1_10' title="bbox 99 878 697 918">
     <span class='ocr_line' id='line_1_20' title="bbox 99 878 697 918; baseline 0.007 -12"><span class='ocrx_word' id='word_1_163' title='bbox 99 878 163 907; x_wconf 78' lang='lat' dir='ltr'>Avis</span> <span class='ocrx_word' id='word_1_164' title='bbox 174 887 335 909; x_wconf 91' lang='lat' dir='ltr'>commovet</span> <span class='ocrx_word' id='word_1_165' title='bbox 344 880 408 910; x_wconf 84' lang='lat' dir='ltr'>alas.</span> <span class='ocrx_word' id='word_1_166' title='bbox 433 881 504 917; x_wconf 81' lang='lat' dir='ltr'>Virg.</span> <span class='ocrx_word' id='word_1_167' title='bbox 519 891 542 914; x_wconf 85' lang='grc' dir='ltr'>ς.</span> <span class='ocrx_word' id='word_1_168' title='bbox 556 879 619 909; x_wconf 80' lang='lat' dir='ltr'>AEn.</span> <span class='ocrx_word' id='word_1_169' title='bbox 632 889 697 918; x_wconf 82' lang='lat'>217.</span> 
     </span>
    </p>

    <p class='ocr_par' dir='ltr' id='par_1_11' title="bbox 99 915 815 957">
     <span class='ocr_line' id='line_1_21' title="bbox 99 915 815 957; baseline 0.007 -13"><span class='ocrx_word' id='word_1_170' title='bbox 99 915 288 946; x_wconf 87' lang='lat' dir='ltr'>Commovere</span> <span class='ocrx_word' id='word_1_171' title='bbox 297 917 414 948; x_wconf 89' lang='lat' dir='ltr'>sedibus.</span> <span class='ocrx_word' id='word_1_172' title='bbox 438 917 576 948; x_wconf 91' lang='lat' dir='ltr'>Columel.</span> <span class='ocrx_word' id='word_1_173' title='bbox 590 917 637 947; x_wconf 91' lang='lat' dir='ltr'>lib.</span> <span class='ocrx_word' id='word_1_174' title='bbox 651 929 677 953; x_wconf 90' lang='lat'>9.</span> <span class='ocrx_word' id='word_1_175' title='bbox 694 928 757 957; x_wconf 89' lang='lat' dir='ltr'>cap.</span> <span class='ocrx_word' id='word_1_176' title='bbox 771 927 815 949; x_wconf 82' lang='lat'>12.</span> 
     </span>
    </p>

    <p class='ocr_par' dir='ltr' id='par_1_12' title="bbox 99 953 1224 1033">
     <span class='ocr_line' id='line_1_22' title="bbox 99 953 1224 996; baseline 0.008 -14"><span class='ocrx_word' id='word_1_177' title='bbox 99 953 286 984; x_wconf 87' lang='lat' dir='ltr'>Commovere</span> <span class='ocrx_word' id='word_1_178' title='bbox 297 955 330 984; x_wconf 89' lang='lat' dir='ltr'>ab</span> <span class='ocrx_word' id='word_1_179' title='bbox 342 956 516 993; x_wconf 85' lang='lat' dir='ltr'>aliquoloco.</span> <span class='ocrx_word' id='word_1_180' title='bbox 539 956 597 985; x_wconf 90' lang='lat' dir='ltr'>Cic.</span> <span class='ocrx_word' id='word_1_181' title='bbox 611 965 636 985; x_wconf 89' lang='lat'>2.</span> <span class='ocrx_word' id='word_1_182' title='bbox 650 958 702 986; x_wconf 89' lang='lat' dir='ltr'>Att.</span> <span class='ocrx_word' id='word_1_183' title='bbox 717 968 739 986; x_wconf 86' lang='lat'>1.</span> <span class='ocrx_word' id='word_1_184' title='bbox 761 957 875 995; x_wconf 84' lang='lat' dir='ltr'>Siquies</span> <span class='ocrx_word' id='word_1_185' title='bbox 886 958 1013 996; x_wconf 84' lang='lat' dir='ltr'>dabitur,</span> <span class='ocrx_word' id='word_1_186' title='bbox 1034 960 1068 990; x_wconf 87' lang='lat' dir='ltr'>ab</span> <span class='ocrx_word' id='word_1_187' title='bbox 1081 960 1224 991; x_wconf 81' lang='lat' dir='ltr'>Amalthea</span> 
     </span>
     <span class='ocr_line' id='line_1_23' title="bbox 119 993 1222 1033; baseline 0.008 -13"><span class='ocrx_word' id='word_1_188' title='bbox 119 997 146 1020; x_wconf 88' lang='lat' dir='ltr'>te</span> <span class='ocrx_word' id='word_1_189' title='bbox 157 1002 214 1021; x_wconf 90' lang='lat' dir='ltr'>non</span> <span class='ocrx_word' id='word_1_190' title='bbox 224 994 420 1024; x_wconf 85' lang='lat' dir='ltr'>commovebo.</span> <span class='ocrx_word' id='word_1_191' title='bbox 441 995 457 1024; x_wconf 91' lang='lat' dir='ltr'>i.</span> <span class='ocrx_word' id='word_1_192' title='bbox 470 1004 494 1024; x_wconf 89' lang='lat' dir='ltr'>e.</span> <span class='ocrx_word' id='word_1_193' title='bbox 516 993 612 1024; x_wconf 83' lang='lat' dir='ltr'>Nolim</span> <span class='ocrx_word' id='word_1_194' title='bbox 623 1001 650 1023; x_wconf 86' lang='lat' dir='ltr'>te</span> <span class='ocrx_word' id='word_1_195' title='bbox 660 995 790 1025; x_wconf 84' lang='lat' dir='ltr'>recedere</span> <span class='ocrx_word' id='word_1_196' title='bbox 798 996 833 1025; x_wconf 90' lang='lat' dir='ltr'>ab</span> <span class='ocrx_word' id='word_1_197' title='bbox 843 1005 875 1026; x_wconf 89' lang='lat' dir='ltr'>ea</span> <span class='ocrx_word' id='word_1_198' title='bbox 886 998 964 1033; x_wconf 91' lang='lat' dir='ltr'>urbe,</span> <span class='ocrx_word' id='word_1_199' title='bbox 979 1000 1006 1028; x_wconf 78' lang='grc' dir='ltr'>δι</span> <span class='ocrx_word' id='word_1_200' title='bbox 1016 1000 1112 1029; x_wconf 84' lang='lat' dir='ltr'>venire</span> <span class='ocrx_word' id='word_1_201' title='bbox 1123 1000 1158 1028; x_wconf 88' lang='lat' dir='ltr'>ad</span> <span class='ocrx_word' id='word_1_202' title='bbox 1166 1009 1222 1030; x_wconf 90' lang='lat' dir='ltr'>me.</span> 
     </span>
    </p>

    <p class='ocr_par' dir='ltr' id='par_1_13' title="bbox 98 1028 828 1068">
     <span class='ocr_line' id='line_1_24' title="bbox 98 1028 828 1068; baseline 0.005 -9"><span class='ocrx_word' id='word_1_203' title='bbox 98 1028 161 1059; x_wconf 87' lang='lat' dir='ltr'>Nec</span> <span class='ocrx_word' id='word_1_204' title='bbox 176 1039 220 1059; x_wconf 91' lang='lat' dir='ltr'>me</span> <span class='ocrx_word' id='word_1_205' title='bbox 231 1030 426 1062; x_wconf 83' lang='lat' dir='ltr'>Thessalonica</span> <span class='ocrx_word' id='word_1_206' title='bbox 437 1032 586 1062; x_wconf 88' lang='lat' dir='ltr'>commovi.</span> <span class='ocrx_word' id='word_1_207' title='bbox 608 1032 667 1062; x_wconf 90' lang='lat' dir='ltr'>Cic.</span> <span class='ocrx_word' id='word_1_208' title='bbox 680 1042 704 1068; x_wconf 88' lang='lat'>3.</span> <span class='ocrx_word' id='word_1_209' title='bbox 718 1033 772 1062; x_wconf 69' lang='lat' dir='ltr'>Ati.</span> <span class='ocrx_word' id='word_1_210' title='bbox 786 1043 828 1067; x_wconf 78' lang='lat'>13.</span> 
     </span>
    </p>

    <p class='ocr_par' dir='ltr' id='par_1_14' title="bbox 100 1066 1222 1138">
     <span class='ocr_line' id='line_1_25' title="bbox 100 1066 1222 1112; baseline 0.007 -16"><span class='ocrx_word' id='word_1_211' title='bbox 100 1066 147 1097; x_wconf 81' lang='lat' dir='ltr'>AEs</span> <span class='ocrx_word' id='word_1_212' title='bbox 157 1067 281 1098; x_wconf 85' lang='lat' dir='ltr'>alienum</span> <span class='ocrx_word' id='word_1_213' title='bbox 295 1079 482 1100; x_wconf 86' lang='lat' dir='ltr'>commovere.</span> <span class='ocrx_word' id='word_1_214' title='bbox 519 1069 610 1099; x_wconf 91' lang='lat' dir='ltr'>Tacit.</span> <span class='ocrx_word' id='word_1_215' title='bbox 623 1074 647 1099; x_wconf 90' lang='lat'>6.</span> <span class='ocrx_word' id='word_1_216' title='bbox 659 1070 727 1100; x_wconf 84' lang='lat' dir='ltr'>Ann.</span> <span class='ocrx_word' id='word_1_217' title='bbox 741 1080 784 1107; x_wconf 85' lang='lat'>17.</span> <span class='ocrx_word' id='word_1_218' title='bbox 806 1072 880 1102; x_wconf 88' lang='lat' dir='ltr'>Hinc</span> <span class='ocrx_word' id='word_1_219' title='bbox 889 1073 986 1112; x_wconf 91' lang='lat' dir='ltr'>inopia</span> <span class='ocrx_word' id='word_1_220' title='bbox 998 1075 1038 1104; x_wconf 94' lang='lat' dir='ltr'>rei</span> <span class='ocrx_word' id='word_1_221' title='bbox 1048 1075 1222 1111; x_wconf 65' lang='lat' dir='ltr'>nummariae,</span> 
     </span>
     <span class='ocr_line' id='line_1_26' title="bbox 119 1107 672 1138; baseline 0.005 -5"><span class='ocrx_word' id='word_1_222' title='bbox 119 1113 266 1135; x_wconf 90' lang='lat' dir='ltr'>commoto</span> <span class='ocrx_word' id='word_1_223' title='bbox 279 1107 358 1137; x_wconf 86' lang='lat' dir='ltr'>simul</span> <span class='ocrx_word' id='word_1_224' title='bbox 369 1109 498 1138; x_wconf 89' lang='lat' dir='ltr'>omnium</span> <span class='ocrx_word' id='word_1_225' title='bbox 509 1118 561 1137; x_wconf 87' lang='lat' dir='ltr'>aere</span> <span class='ocrx_word' id='word_1_226' title='bbox 572 1107 672 1137; x_wconf 82' lang='lat' dir='ltr'>alieno.</span> 
     </span>
    </p>

    <p class='ocr_par' dir='ltr' id='par_1_15' title="bbox 99 1142 1224 1225">
     <span class='ocr_line' id='line_1_27' title="bbox 99 1142 1224 1189; baseline 0.007 -18"><span class='ocrx_word' id='word_1_227' title='bbox 99 1142 286 1174; x_wconf 85' lang='lat' dir='ltr'>Commovere</span> <span class='ocrx_word' id='word_1_228' title='bbox 299 1155 404 1176; x_wconf 86' lang='lat' dir='ltr'>cornua</span> <span class='ocrx_word' id='word_1_229' title='bbox 413 1146 610 1184; x_wconf 83' lang='lat' dir='ltr'>disputationis</span> <span class='ocrx_word' id='word_1_230' title='bbox 620 1146 737 1181; x_wconf 84' lang='lat' dir='ltr'>alicujus</span> <span class='ocrx_word' id='word_1_231' title='bbox 746 1168 754 1180; x_wconf 88' lang='lat'>,</span> <span class='ocrx_word' id='word_1_232' title='bbox 776 1156 825 1189; x_wconf 90' lang='lat' dir='ltr'>per</span> <span class='ocrx_word' id='word_1_233' title='bbox 834 1149 1037 1187; x_wconf 85' lang='lat' dir='ltr'>metaphoram.</span> <span class='ocrx_word' id='word_1_234' title='bbox 1077 1150 1136 1180; x_wconf 91' lang='lat' dir='ltr'>Cic.</span> <span class='ocrx_word' id='word_1_235' title='bbox 1148 1159 1174 1178; x_wconf 86' lang='lat'>2.</span> <span class='ocrx_word' id='word_1_236' title='bbox 1187 1150 1224 1179; x_wconf 89' lang='lat' dir='ltr'>de</span> 
     </span>
     <span class='ocr_line' id='line_1_28' title="bbox 118 1181 1224 1225; baseline 0.006 -14"><span class='ocrx_word' id='word_1_237' title='bbox 118 1181 212 1212; x_wconf 87' lang='lat' dir='ltr'>Divin.</span> <span class='ocrx_word' id='word_1_238' title='bbox 228 1186 273 1212; x_wconf 91' lang='lat'>26.</span> <span class='ocrx_word' id='word_1_239' title='bbox 295 1184 379 1213; x_wconf 87' lang='lat' dir='ltr'>Nunc</span> <span class='ocrx_word' id='word_1_240' title='bbox 393 1185 522 1213; x_wconf 87' lang='lat' dir='ltr'>cominus</span> <span class='ocrx_word' id='word_1_241' title='bbox 538 1193 649 1221; x_wconf 87' lang='lat' dir='ltr'>agamus</span> <span class='ocrx_word' id='word_1_242' title='bbox 662 1205 669 1219; x_wconf 90' lang='lat'>,</span> <span class='ocrx_word' id='word_1_243' title='bbox 690 1193 919 1223; x_wconf 87' lang='lat' dir='ltr'>experiamurque</span> <span class='ocrx_word' id='word_1_244' title='bbox 938 1188 954 1216; x_wconf 88' lang='lat' dir='ltr'>si</span> <span class='ocrx_word' id='word_1_245' title='bbox 968 1187 1100 1225; x_wconf 78' lang='lat' dir='ltr'>possimus</span> <span class='ocrx_word' id='word_1_246' title='bbox 1116 1197 1224 1218; x_wconf 86' lang='lat' dir='ltr'>cornua</span> 
     </span>
    </p>

    <p class='ocr_par' dir='ltr' id='par_1_16' title="bbox 69 1221 1101 1260">
     <span class='ocr_line' id='line_1_29' title="bbox 69 1221 1101 1260; baseline 0.006 -11"><span class='ocrx_word' id='word_1_247' title='bbox 69 1244 70 1247; x_wconf 64' lang='grc'>,</span> <span class='ocrx_word' id='word_1_248' title='bbox 118 1228 297 1251; x_wconf 88' lang='lat' dir='ltr'>commovere</span> <span class='ocrx_word' id='word_1_249' title='bbox 310 1221 504 1260; x_wconf 76' lang='lat' dir='ltr'>disputationis</span> <span class='ocrx_word' id='word_1_250' title='bbox 513 1229 574 1251; x_wconf 88' lang='lat' dir='ltr'>tuae.</span> <span class='ocrx_word' id='word_1_251' title='bbox 616 1221 722 1250; x_wconf 81' lang='lat' dir='ltr'>Alludit</span> <span class='ocrx_word' id='word_1_252' title='bbox 736 1223 771 1251; x_wconf 88' lang='lat' dir='ltr'>ad</span> <span class='ocrx_word' id='word_1_253' title='bbox 785 1224 855 1252; x_wconf 84' lang='lat' dir='ltr'>aciei</span> <span class='ocrx_word' id='word_1_254' title='bbox 867 1223 974 1255; x_wconf 81' lang='lat' dir='ltr'>bellicae</span> <span class='ocrx_word' id='word_1_255' title='bbox 988 1235 1101 1255; x_wconf 88' lang='lat' dir='ltr'>cornua.</span> 
     </span>
    </p>

    <p class='ocr_par' dir='ltr' id='par_1_17' title="bbox 100 1256 1225 1373">
     <span class='ocr_line' id='line_1_30' title="bbox 100 1256 1225 1301; baseline 0.006 -15"><span class='ocrx_word' id='word_1_256' title='bbox 100 1256 287 1288; x_wconf 89' lang='lat' dir='ltr'>Commovere</span> <span class='ocrx_word' id='word_1_257' title='bbox 298 1259 324 1288; x_wconf 90' lang='lat' dir='ltr'>se</span> <span class='ocrx_word' id='word_1_258' title='bbox 336 1268 431 1289; x_wconf 84' lang='lat' dir='ltr'>contra</span> <span class='ocrx_word' id='word_1_259' title='bbox 444 1259 542 1297; x_wconf 86' lang='lat' dir='ltr'>Remp.</span> <span class='ocrx_word' id='word_1_260' title='bbox 584 1258 643 1288; x_wconf 90' lang='lat' dir='ltr'>Cic.</span> <span class='ocrx_word' id='word_1_261' title='bbox 660 1269 682 1288; x_wconf 88' lang='lat' dir='ltr'>r.</span> <span class='ocrx_word' id='word_1_262' title='bbox 697 1259 778 1289; x_wconf 87' lang='lat' dir='ltr'>Catil.</span> <span class='ocrx_word' id='word_1_263' title='bbox 792 1271 816 1296; x_wconf 91' lang='lat'>7.</span> <span class='ocrx_word' id='word_1_264' title='bbox 840 1262 915 1292; x_wconf 90' lang='lat' dir='ltr'>Num</span> <span class='ocrx_word' id='word_1_265' title='bbox 932 1263 1048 1293; x_wconf 87' lang='lat' dir='ltr'>inficiari</span> <span class='ocrx_word' id='word_1_266' title='bbox 1061 1270 1141 1301; x_wconf 89' lang='lat' dir='ltr'>potes</span> <span class='ocrx_word' id='word_1_267' title='bbox 1156 1263 1225 1293; x_wconf 88' lang='lat' dir='ltr'>teil-</span> 
     </span>
     <span class='ocr_line' id='line_1_31' title="bbox 119 1294 1225 1337; baseline 0.007 -13"><span class='ocrx_word' id='word_1_268' title='bbox 119 1294 149 1324; x_wconf 93' lang='lat' dir='ltr'>lo</span> <span class='ocrx_word' id='word_1_269' title='bbox 160 1296 218 1334; x_wconf 86' lang='lat' dir='ltr'>ipso</span> <span class='ocrx_word' id='word_1_270' title='bbox 230 1297 275 1325; x_wconf 91' lang='lat' dir='ltr'>die</span> <span class='ocrx_word' id='word_1_271' title='bbox 286 1298 356 1326; x_wconf 90' lang='lat' dir='ltr'>meis</span> <span class='ocrx_word' id='word_1_272' title='bbox 394 1298 522 1332; x_wconf 74' lang='lat' dir='ltr'>raefidiis,</span> <span class='ocrx_word' id='word_1_273' title='bbox 544 1306 606 1326; x_wconf 86' lang='lat' dir='ltr'>mea</span> <span class='ocrx_word' id='word_1_274' title='bbox 625 1297 770 1334; x_wconf 88' lang='lat' dir='ltr'>diligentia</span> <span class='ocrx_word' id='word_1_275' title='bbox 790 1299 1024 1337; x_wconf 88' lang='lat' dir='ltr'>circumclusum,</span> <span class='ocrx_word' id='word_1_276' title='bbox 1044 1311 1225 1331; x_wconf 87' lang='lat' dir='ltr'>commovere</span> 
     </span>
     <span class='ocr_line' id='line_1_32' title="bbox 118 1308 695 1373; baseline 0.005 -12"><span class='ocrx_word' id='word_1_277' title='bbox 118 1338 147 1362; x_wconf 88' lang='lat' dir='ltr'>te</span> <span class='ocrx_word' id='word_1_278' title='bbox 157 1339 252 1363; x_wconf 87' lang='lat' dir='ltr'>contra</span> <span class='ocrx_word' id='word_1_279' title='bbox 262 1308 474 1373; x_wconf 65' lang='lat' dir='ltr'>RempuElicam</span> <span class='ocrx_word' id='word_1_280' title='bbox 485 1345 542 1364; x_wconf 92' lang='lat' dir='ltr'>non</span> <span class='ocrx_word' id='word_1_281' title='bbox 553 1334 673 1372; x_wconf 84' lang='lat' dir='ltr'>potuisse</span> <span class='ocrx_word' id='word_1_282' title='bbox 681 1336 695 1364; x_wconf 69' lang='grc' dir='ltr'>ἶ)</span> 
     </span>
    </p>

    <p class='ocr_par' dir='ltr' id='par_1_18' title="bbox 99 1370 1225 1524">
     <span class='ocr_line' id='line_1_33' title="bbox 99 1370 1225 1413; baseline 0.007 -14"><span class='ocrx_word' id='word_1_283' title='bbox 99 1370 286 1402; x_wconf 89' lang='lat' dir='ltr'>Commovere</span> <span class='ocrx_word' id='word_1_284' title='bbox 298 1373 435 1410; x_wconf 78' lang='lat' dir='ltr'>aliquem,</span> <span class='ocrx_word' id='word_1_285' title='bbox 457 1373 586 1403; x_wconf 81' lang='lat' dir='ltr'>Excitare</span> <span class='ocrx_word' id='word_1_286' title='bbox 597 1372 718 1410; x_wconf 86' lang='lat' dir='ltr'>aliquem</span> <span class='ocrx_word' id='word_1_287' title='bbox 737 1373 773 1403; x_wconf 86' lang='lat' dir='ltr'>ad</span> <span class='ocrx_word' id='word_1_288' title='bbox 793 1373 898 1411; x_wconf 90' lang='lat' dir='ltr'>aliquid</span> <span class='ocrx_word' id='word_1_289' title='bbox 910 1377 1061 1413; x_wconf 87' lang='lat' dir='ltr'>agendum.</span> <span class='ocrx_word' id='word_1_290' title='bbox 1102 1377 1161 1407; x_wconf 91' lang='lat' dir='ltr'>Cic.</span> <span class='ocrx_word' id='word_1_291' title='bbox 1182 1379 1225 1407; x_wconf 89' lang='lat'>16.</span> 
     </span>
     <span class='ocr_line' id='line_1_34' title="bbox 118 1409 1224 1452; baseline 0.005 -13"><span class='ocrx_word' id='word_1_292' title='bbox 118 1409 194 1439; x_wconf 82' lang='lat' dir='ltr'>Fam.</span> <span class='ocrx_word' id='word_1_293' title='bbox 209 1416 250 1444; x_wconf 86' lang='lat'>¹8-</span> <span class='ocrx_word' id='word_1_294' title='bbox 274 1411 441 1441; x_wconf 83' lang='lat' dir='ltr'>Parhedrum</span> <span class='ocrx_word' id='word_1_295' title='bbox 449 1411 540 1440; x_wconf 85' lang='lat' dir='ltr'>excita</span> <span class='ocrx_word' id='word_1_296' title='bbox 553 1433 562 1446; x_wconf 96' lang='lat'>,</span> <span class='ocrx_word' id='word_1_297' title='bbox 583 1418 615 1440; x_wconf 90' lang='lat' dir='ltr'>ut</span> <span class='ocrx_word' id='word_1_298' title='bbox 625 1411 736 1440; x_wconf 86' lang='lat' dir='ltr'>hortum</span> <span class='ocrx_word' id='word_1_299' title='bbox 748 1411 804 1449; x_wconf 84' lang='lat' dir='ltr'>ipse</span> <span class='ocrx_word' id='word_1_300' title='bbox 817 1415 970 1444; x_wconf 82' lang='lat' dir='ltr'>conducat:</span> <span class='ocrx_word' id='word_1_301' title='bbox 995 1414 1170 1444; x_wconf 84' lang='lat' dir='ltr'>ficolitorem</span> <span class='ocrx_word' id='word_1_302' title='bbox 1182 1416 1224 1452; x_wconf 91' lang='lat' dir='ltr'>ip-</span> 
     </span>
     <span class='ocr_line' id='line_1_35' title="bbox 117 1446 1225 1487; baseline 0.004 -10"><span class='ocrx_word' id='word_1_303' title='bbox 117 1446 179 1476; x_wconf 88' lang='lat' dir='ltr'>sum</span> <span class='ocrx_word' id='word_1_304' title='bbox 193 1449 395 1479; x_wconf 84' lang='lat' dir='ltr'>commovebis.</span> <span class='ocrx_word' id='word_1_305' title='bbox 436 1449 494 1478; x_wconf 91' lang='lat' dir='ltr'>Liv.</span> <span class='ocrx_word' id='word_1_306' title='bbox 509 1458 552 1485; x_wconf 88' lang='lat'>30.</span> <span class='ocrx_word' id='word_1_307' title='bbox 573 1448 751 1487; x_wconf 85' lang='lat' dir='ltr'>Posteaquam</span> <span class='ocrx_word' id='word_1_308' title='bbox 767 1450 837 1479; x_wconf 89' lang='lat' dir='ltr'>nihil</span> <span class='ocrx_word' id='word_1_309' title='bbox 847 1452 1074 1483; x_wconf 84' lang='lat' dir='ltr'>commovebant.</span> <span class='ocrx_word' id='word_1_310' title='bbox 1096 1454 1115 1483; x_wconf 91' lang='lat' dir='ltr'>i.</span> <span class='ocrx_word' id='word_1_311' title='bbox 1127 1463 1152 1483; x_wconf 87' lang='lat' dir='ltr'>e.</span> <span class='ocrx_word' id='word_1_312' title='bbox 1175 1453 1225 1483; x_wconf 91' lang='lat' dir='ltr'>Ni-</span> 
     </span>
     <span class='ocr_line' id='line_1_36' title="bbox 119 1485 530 1524; baseline 0.005 -10"><span class='ocrx_word' id='word_1_313' title='bbox 119 1485 160 1514; x_wconf 90' lang='lat' dir='ltr'>hil</span> <span class='ocrx_word' id='word_1_314' title='bbox 171 1486 355 1524; x_wconf 82' lang='lat' dir='ltr'>proficiebant</span> <span class='ocrx_word' id='word_1_315' title='bbox 367 1487 420 1517; x_wconf 92' lang='lat' dir='ltr'>suis</span> <span class='ocrx_word' id='word_1_316' title='bbox 430 1487 530 1517; x_wconf 89' lang='lat' dir='ltr'>verbis.</span> 
     </span>
    </p>

    <p class='ocr_par' dir='ltr' id='par_1_19' title="bbox 99 1523 915 1563">
     <span class='ocr_line' id='line_1_37' title="bbox 99 1523 915 1563; baseline 0.006 -11"><span class='ocrx_word' id='word_1_317' title='bbox 99 1523 229 1560; x_wconf 76' lang='lat' dir='ltr'>Aliquem</span> <span class='ocrx_word' id='word_1_318' title='bbox 242 1527 473 1563; x_wconf 46' lang='lat' dir='ltr'>percunctantem</span> <span class='ocrx_word' id='word_1_319' title='bbox 487 1534 677 1555; x_wconf 88' lang='lat' dir='ltr'>commovere.</span> <span class='ocrx_word' id='word_1_320' title='bbox 699 1525 790 1555; x_wconf 88' lang='lat' dir='ltr'>Tacit.</span> <span class='ocrx_word' id='word_1_321' title='bbox 806 1536 831 1561; x_wconf 82' lang='lat'>5.</span> <span class='ocrx_word' id='word_1_322' title='bbox 845 1528 915 1557; x_wconf 88' lang='lat' dir='ltr'>Ann.</span> 
     </span>
    </p>

    <p class='ocr_par' dir='ltr' id='par_1_20' title="bbox 99 1560 1226 1641">
     <span class='ocr_line' id='line_1_38' title="bbox 99 1560 1226 1599; baseline 0.005 -9"><span class='ocrx_word' id='word_1_323' title='bbox 99 1560 292 1599; x_wconf 84' lang='lat' dir='ltr'>Languentem</span> <span class='ocrx_word' id='word_1_324' title='bbox 302 1573 488 1593; x_wconf 87' lang='lat' dir='ltr'>commovere.</span> <span class='ocrx_word' id='word_1_325' title='bbox 528 1563 586 1592; x_wconf 91' lang='lat' dir='ltr'>Cic.</span> <span class='ocrx_word' id='word_1_326' title='bbox 597 1572 623 1592; x_wconf 83' lang='lat'>2.</span> <span class='ocrx_word' id='word_1_327' title='bbox 642 1563 677 1592; x_wconf 89' lang='lat' dir='ltr'>de</span> <span class='ocrx_word' id='word_1_328' title='bbox 690 1563 768 1593; x_wconf 87' lang='lat' dir='ltr'>Orat.</span> <span class='ocrx_word' id='word_1_329' title='bbox 788 1567 849 1598; x_wconf 85' lang='lat'>186.</span> <span class='ocrx_word' id='word_1_330' title='bbox 881 1565 999 1595; x_wconf 89' lang='lat' dir='ltr'>Facilius</span> <span class='ocrx_word' id='word_1_331' title='bbox 1019 1565 1057 1595; x_wconf 89' lang='lat' dir='ltr'>est</span> <span class='ocrx_word' id='word_1_332' title='bbox 1074 1567 1152 1596; x_wconf 91' lang='lat' dir='ltr'>enim</span> <span class='ocrx_word' id='word_1_333' title='bbox 1165 1575 1226 1596; x_wconf 88' lang='lat' dir='ltr'>cur-</span> 
     </span>
     <span class='ocr_line' id='line_1_39' title="bbox 119 1601 1059 1641; baseline 0.004 -12"><span class='ocrx_word' id='word_1_334' title='bbox 119 1607 228 1630; x_wconf 88' lang='lat' dir='ltr'>rentem</span> <span class='ocrx_word' id='word_1_335' title='bbox 248 1601 302 1637; x_wconf 90' lang='lat' dir='ltr'>(ut</span> <span class='ocrx_word' id='word_1_336' title='bbox 312 1602 409 1635; x_wconf 64' lang='lat' dir='ltr'>aiunt)</span> <span class='ocrx_word' id='word_1_337' title='bbox 429 1602 561 1635; x_wconf 78' lang='lat' dir='ltr'>incitare,</span> <span class='ocrx_word' id='word_1_338' title='bbox 586 1610 669 1638; x_wconf 86' lang='lat' dir='ltr'>quam</span> <span class='ocrx_word' id='word_1_339' title='bbox 678 1611 857 1632; x_wconf 90' lang='lat' dir='ltr'>commovere</span> <span class='ocrx_word' id='word_1_340' title='bbox 871 1602 1059 1641; x_wconf 84' lang='lat' dir='ltr'>languentem.</span> 
     </span>
    </p>

    <p class='ocr_par' dir='ltr' id='par_1_21' title="bbox 99 1637 1226 1707">
     <span class='ocr_line' id='line_1_40' title="bbox 99 1637 1226 1679; baseline 0.005 -12"><span class='ocrx_word' id='word_1_341' title='bbox 99 1637 286 1668; x_wconf 87' lang='lat' dir='ltr'>Commovere</span> <span class='ocrx_word' id='word_1_342' title='bbox 304 1640 531 1677; x_wconf 60' lang='lat' dir='ltr'>expectationem</span> <span class='ocrx_word' id='word_1_343' title='bbox 548 1638 597 1669; x_wconf 85' lang='lat' dir='ltr'>sui.</span> <span class='ocrx_word' id='word_1_344' title='bbox 639 1638 697 1669; x_wconf 88' lang='lat' dir='ltr'>Cic.</span> <span class='ocrx_word' id='word_1_345' title='bbox 712 1650 736 1670; x_wconf 92' lang='lat'>1.</span> <span class='ocrx_word' id='word_1_346' title='bbox 759 1642 813 1671; x_wconf 80' lang='lat' dir='ltr'>Att.</span> <span class='ocrx_word' id='word_1_347' title='bbox 825 1649 851 1671; x_wconf 86' lang='lat'>2.</span> <span class='ocrx_word' id='word_1_348' title='bbox 884 1641 998 1672; x_wconf 87' lang='lat' dir='ltr'>Crebras</span> <span class='ocrx_word' id='word_1_349' title='bbox 1014 1642 1226 1679; x_wconf 70' lang='lat' dir='ltr'>expestationes</span> 
     </span>
     <span class='ocr_line' id='line_1_41' title="bbox 119 1676 432 1707; baseline 0.006 -2"><span class='ocrx_word' id='word_1_350' title='bbox 119 1676 201 1706; x_wconf 89' lang='lat' dir='ltr'>nobis</span> <span class='ocrx_word' id='word_1_351' title='bbox 209 1677 249 1706; x_wconf 90' lang='lat' dir='ltr'>tui</span> <span class='ocrx_word' id='word_1_352' title='bbox 259 1687 432 1707; x_wconf 86' lang='lat' dir='ltr'>commoves.</span> 
     </span>
    </p>

    <p class='ocr_par' dir='ltr' id='par_1_22' title="bbox 99 1713 563 1751">
     <span class='ocr_line' id='line_1_42' title="bbox 99 1713 563 1751; baseline 0.002 -8"><span class='ocrx_word' id='word_1_353' title='bbox 99 1713 223 1750; x_wconf 69' lang='lat' dir='ltr'>judices.</span> <span class='ocrx_word' id='word_1_354' title='bbox 245 1715 304 1745; x_wconf 87' lang='lat' dir='ltr'>Cic.</span> <span class='ocrx_word' id='word_1_355' title='bbox 318 1725 343 1745; x_wconf 89' lang='lat'>2.</span> <span class='ocrx_word' id='word_1_356' title='bbox 358 1716 393 1745; x_wconf 90' lang='lat' dir='ltr'>de</span> <span class='ocrx_word' id='word_1_357' title='bbox 408 1716 485 1745; x_wconf 84' lang='lat' dir='ltr'>Orat.</span> <span class='ocrx_word' id='word_1_358' title='bbox 501 1720 563 1751; x_wconf 86' lang='lat'>189.</span> 
     </span>
    </p>

    <p class='ocr_par' dir='ltr' id='par_1_23' title="bbox 99 1752 1144 1791">
     <span class='ocr_line' id='line_1_43' title="bbox 99 1752 1144 1791; baseline 0.005 -10"><span class='ocrx_word' id='word_1_359' title='bbox 99 1752 233 1782; x_wconf 89' lang='lat' dir='ltr'>Discendi</span> <span class='ocrx_word' id='word_1_360' title='bbox 243 1760 289 1783; x_wconf 88' lang='lat' dir='ltr'>aut</span> <span class='ocrx_word' id='word_1_361' title='bbox 299 1753 437 1784; x_wconf 88' lang='lat' dir='ltr'>scribendi</span> <span class='ocrx_word' id='word_1_362' title='bbox 445 1753 565 1783; x_wconf 87' lang='lat' dir='ltr'>studium</span> <span class='ocrx_word' id='word_1_363' title='bbox 577 1761 766 1783; x_wconf 89' lang='lat' dir='ltr'>commovere.</span> <span class='ocrx_word' id='word_1_364' title='bbox 789 1753 848 1784; x_wconf 89' lang='lat' dir='ltr'>Cic.</span> <span class='ocrx_word' id='word_1_365' title='bbox 862 1763 886 1785; x_wconf 87' lang='lat'>1.</span> <span class='ocrx_word' id='word_1_366' title='bbox 896 1754 933 1784; x_wconf 92' lang='lat' dir='ltr'>de</span> <span class='ocrx_word' id='word_1_367' title='bbox 944 1755 1009 1785; x_wconf 92' lang='lat' dir='ltr'>Nat.</span> <span class='ocrx_word' id='word_1_368' title='bbox 1023 1755 1104 1786; x_wconf 89' lang='lat' dir='ltr'>Deor.</span> <span class='ocrx_word' id='word_1_369' title='bbox 1116 1762 1144 1791; x_wconf 84' lang='lat'>8.</span> 
     </span>
    </p>

    <p class='ocr_par' dir='ltr' id='par_1_24' title="bbox 99 1789 1228 2096">
     <span class='ocr_line' id='line_1_44' title="bbox 99 1789 1228 1831; baseline 0.004 -12"><span class='ocrx_word' id='word_1_370' title='bbox 99 1789 286 1822; x_wconf 91' lang='lat' dir='ltr'>Commovere</span> <span class='ocrx_word' id='word_1_371' title='bbox 298 1791 383 1821; x_wconf 87' lang='lat' dir='ltr'>labra.</span> <span class='ocrx_word' id='word_1_372' title='bbox 425 1792 568 1821; x_wconf 89' lang='lat' dir='ltr'>Petronius</span> <span class='ocrx_word' id='word_1_373' title='bbox 579 1790 687 1820; x_wconf 86' lang='lat' dir='ltr'>Arbiter</span> <span class='ocrx_word' id='word_1_374' title='bbox 700 1801 761 1829; x_wconf 89' lang='lat' dir='ltr'>cap.</span> <span class='ocrx_word' id='word_1_375' title='bbox 774 1796 819 1821; x_wconf 90' lang='lat'>26.</span> <span class='ocrx_word' id='word_1_376' title='bbox 843 1800 911 1822; x_wconf 87' lang='lat' dir='ltr'>extr.</span> <span class='ocrx_word' id='word_1_377' title='bbox 934 1793 966 1823; x_wconf 88' lang='lat' dir='ltr'>Et</span> <span class='ocrx_word' id='word_1_378' title='bbox 976 1794 1040 1831; x_wconf 82' lang='lat' dir='ltr'>quia</span> <span class='ocrx_word' id='word_1_379' title='bbox 1052 1795 1228 1824; x_wconf 84' lang='lat' dir='ltr'>consideran-</span> 
     </span>
     <span class='ocr_line' id='line_1_45' title="bbox 118 1828 1228 1867; baseline 0.005 -10"><span class='ocrx_word' id='word_1_380' title='bbox 118 1829 191 1858; x_wconf 87' lang='lat' dir='ltr'>tium</span> <span class='ocrx_word' id='word_1_381' title='bbox 201 1829 335 1859; x_wconf 84' lang='lat' dir='ltr'>haeserant</span> <span class='ocrx_word' id='word_1_382' title='bbox 342 1830 435 1860; x_wconf 89' lang='lat' dir='ltr'>vultus</span> <span class='ocrx_word' id='word_1_383' title='bbox 448 1852 456 1865; x_wconf 92' lang='lat'>,</span> <span class='ocrx_word' id='word_1_384' title='bbox 473 1828 607 1867; x_wconf 90' lang='lat' dir='ltr'>quicquid</span> <span class='ocrx_word' id='word_1_385' title='bbox 619 1838 634 1857; x_wconf 83' lang='lat' dir='ltr'>a</span> <span class='ocrx_word' id='word_1_386' title='bbox 644 1829 802 1866; x_wconf 63' lang='lat' dir='ltr'>spectaculo</span> <span class='ocrx_word' id='word_1_387' title='bbox 814 1831 939 1862; x_wconf 78' lang='lat' dir='ltr'>vacabat.</span> <span class='ocrx_word' id='word_1_388' title='bbox 961 1833 1228 1862; x_wconf 85' lang='lat' dir='ltr'>commovebatobi-</span> 
     </span>
     <span class='ocr_line' id='line_1_46' title="bbox 120 1866 1228 1906; baseline 0.003 -10"><span class='ocrx_word' id='word_1_389' title='bbox 120 1873 162 1896; x_wconf 89' lang='lat' dir='ltr'>ter</span> <span class='ocrx_word' id='word_1_390' title='bbox 172 1867 248 1897; x_wconf 90' lang='lat' dir='ltr'>labra</span> <span class='ocrx_word' id='word_1_391' title='bbox 259 1890 267 1903; x_wconf 87' lang='lat'>,</span> <span class='ocrx_word' id='word_1_392' title='bbox 288 1870 315 1898; x_wconf 75' lang='lat' dir='ltr'>Sc</span> <span class='ocrx_word' id='word_1_393' title='bbox 325 1878 369 1898; x_wconf 88' lang='lat' dir='ltr'>me</span> <span class='ocrx_word' id='word_1_394' title='bbox 380 1875 512 1905; x_wconf 90' lang='lat' dir='ltr'>tanquam</span> <span class='ocrx_word' id='word_1_395' title='bbox 524 1866 633 1896; x_wconf 89' lang='lat' dir='ltr'>furtivis</span> <span class='ocrx_word' id='word_1_396' title='bbox 643 1867 758 1896; x_wconf 81' lang='lat' dir='ltr'>subinde</span> <span class='ocrx_word' id='word_1_397' title='bbox 770 1868 858 1898; x_wconf 88' lang='lat' dir='ltr'>oculis</span> <span class='ocrx_word' id='word_1_398' title='bbox 876 1870 1047 1899; x_wconf 86' lang='lat' dir='ltr'>verberabat.</span> <span class='ocrx_word' id='word_1_399' title='bbox 1090 1871 1142 1900; x_wconf 86' lang='lat' dir='ltr'>Hic</span> <span class='ocrx_word' id='word_1_400' title='bbox 1155 1893 1163 1906; x_wconf 92' lang='lat'>,</span> <span class='ocrx_word' id='word_1_401' title='bbox 1185 1872 1228 1900; x_wconf 90' lang='lat' dir='ltr'>in-</span> 
     </span>
     <span class='ocr_line' id='line_1_47' title="bbox 119 1904 1227 1942; baseline 0.004 -8"><span class='ocrx_word' id='word_1_402' title='bbox 119 1906 180 1942; x_wconf 90' lang='lat' dir='ltr'>quit</span> <span class='ocrx_word' id='word_1_403' title='bbox 190 1905 339 1936; x_wconf 86' lang='lat' dir='ltr'>Turnebus</span> <span class='ocrx_word' id='word_1_404' title='bbox 350 1928 357 1941; x_wconf 90' lang='lat'>,</span> <span class='ocrx_word' id='word_1_405' title='bbox 379 1906 546 1936; x_wconf 84' lang='lat' dir='ltr'>commovet</span> <span class='ocrx_word' id='word_1_406' title='bbox 555 1904 631 1934; x_wconf 82' lang='lat' dir='ltr'>labra</span> <span class='ocrx_word' id='word_1_407' title='bbox 644 1928 652 1940; x_wconf 90' lang='lat'>,</span> <span class='ocrx_word' id='word_1_408' title='bbox 674 1915 734 1942; x_wconf 77' lang='lat' dir='ltr'>quae</span> <span class='ocrx_word' id='word_1_409' title='bbox 743 1905 836 1936; x_wconf 87' lang='lat' dir='ltr'>lascivi</span> <span class='ocrx_word' id='word_1_410' title='bbox 850 1908 906 1936; x_wconf 89' lang='lat' dir='ltr'>oris</span> <span class='ocrx_word' id='word_1_411' title='bbox 916 1914 995 1936; x_wconf 87' lang='lat' dir='ltr'>motu</span> <span class='ocrx_word' id='word_1_412' title='bbox 1004 1908 1038 1936; x_wconf 92' lang='lat' dir='ltr'>ad</span> <span class='ocrx_word' id='word_1_413' title='bbox 1052 1918 1176 1938; x_wconf 90' lang='lat' dir='ltr'>amorem</span> <span class='ocrx_word' id='word_1_414' title='bbox 1188 1908 1227 1938; x_wconf 89' lang='lat' dir='ltr'>al-</span> 
     </span>
     <span class='ocr_line' id='line_1_48' title="bbox 118 1942 1226 1979; baseline 0.004 -7"><span class='ocrx_word' id='word_1_415' title='bbox 118 1942 197 1979; x_wconf 86' lang='lat' dir='ltr'>licit,</span> <span class='ocrx_word' id='word_1_416' title='bbox 220 1944 293 1974; x_wconf 84' lang='lat' dir='ltr'>&amp;sic</span> <span class='ocrx_word' id='word_1_417' title='bbox 303 1945 519 1978; x_wconf 84' lang='lat' dir='ltr'>conformatos,</span> <span class='ocrx_word' id='word_1_418' title='bbox 541 1949 572 1972; x_wconf 90' lang='lat' dir='ltr'>ut</span> <span class='ocrx_word' id='word_1_419' title='bbox 588 1942 682 1972; x_wconf 86' lang='lat' dir='ltr'>basiari</span> <span class='ocrx_word' id='word_1_420' title='bbox 702 1943 777 1973; x_wconf 91' lang='lat' dir='ltr'>velit.</span> <span class='ocrx_word' id='word_1_421' title='bbox 818 1945 892 1974; x_wconf 92' lang='lat' dir='ltr'>Nam</span> <span class='ocrx_word' id='word_1_422' title='bbox 913 1947 939 1975; x_wconf 70' lang='grc' dir='ltr'>ἀ</span> <span class='ocrx_word' id='word_1_423' title='bbox 959 1945 1021 1974; x_wconf 88' lang='lat' dir='ltr'>talis</span> <span class='ocrx_word' id='word_1_424' title='bbox 1041 1947 1095 1975; x_wconf 87' lang='lat' dir='ltr'>oris</span> <span class='ocrx_word' id='word_1_425' title='bbox 1115 1947 1226 1976; x_wconf 81' lang='lat' dir='ltr'>habitus</span> 
     </span>
     <span class='ocr_line' id='line_1_49' title="bbox 118 1980 1228 2023; baseline 0.003 -12"><span class='ocrx_word' id='word_1_426' title='bbox 118 1981 243 2011; x_wconf 85' lang='lat' dir='ltr'>suavium</span> <span class='ocrx_word' id='word_1_427' title='bbox 255 1982 356 2012; x_wconf 89' lang='lat' dir='ltr'>dicitur</span> <span class='ocrx_word' id='word_1_428' title='bbox 371 2004 379 2017; x_wconf 92' lang='lat'>‚</span> <span class='ocrx_word' id='word_1_429' title='bbox 400 1992 485 2020; x_wconf 89' lang='lat' dir='ltr'>quum</span> <span class='ocrx_word' id='word_1_430' title='bbox 496 1982 533 2011; x_wconf 87' lang='lat' dir='ltr'>ita</span> <span class='ocrx_word' id='word_1_431' title='bbox 543 1980 673 2018; x_wconf 83' lang='lat' dir='ltr'>figuratur</span> <span class='ocrx_word' id='word_1_432' title='bbox 684 1981 767 2011; x_wconf 89' lang='lat' dir='ltr'>labris</span> <span class='ocrx_word' id='word_1_433' title='bbox 782 1983 919 2020; x_wconf 72' lang='lat' dir='ltr'>promissis</span> <span class='ocrx_word' id='word_1_434' title='bbox 931 2005 939 2018; x_wconf 97' lang='lat'>,</span> <span class='ocrx_word' id='word_1_435' title='bbox 960 1983 1116 2021; x_wconf 78' lang='lat' dir='ltr'>autlingua</span> <span class='ocrx_word' id='word_1_436' title='bbox 1137 1985 1228 2023; x_wconf 90' lang='lat' dir='ltr'>prola-</span> 
     </span>
     <span class='ocr_line' id='line_1_50' title="bbox 118 2020 1227 2059; baseline 0.004 -10"><span class='ocrx_word' id='word_1_437' title='bbox 118 2024 147 2049; x_wconf 83' lang='lat' dir='ltr'>ta</span> <span class='ocrx_word' id='word_1_438' title='bbox 159 2041 167 2055; x_wconf 92' lang='lat'>‚</span> <span class='ocrx_word' id='word_1_439' title='bbox 188 2026 220 2049; x_wconf 91' lang='lat' dir='ltr'>ut</span> <span class='ocrx_word' id='word_1_440' title='bbox 229 2030 315 2057; x_wconf 84' lang='lat' dir='ltr'>quum</span> <span class='ocrx_word' id='word_1_441' title='bbox 326 2020 456 2050; x_wconf 90' lang='lat' dir='ltr'>mulieres</span> <span class='ocrx_word' id='word_1_442' title='bbox 469 2020 626 2049; x_wconf 82' lang='lat' dir='ltr'>suaviantur</span> <span class='ocrx_word' id='word_1_443' title='bbox 633 2027 779 2050; x_wconf 86' lang='lat' dir='ltr'>amatores.</span> <span class='ocrx_word' id='word_1_444' title='bbox 824 2021 904 2051; x_wconf 87' lang='lat' dir='ltr'>Unde</span> <span class='ocrx_word' id='word_1_445' title='bbox 914 2021 1060 2052; x_wconf 83' lang='lat' dir='ltr'>&amp;Plautus</span> <span class='ocrx_word' id='word_1_446' title='bbox 1078 2022 1148 2053; x_wconf 84' lang='lat' dir='ltr'>Asin.</span> <span class='ocrx_word' id='word_1_447' title='bbox 1158 2035 1185 2059; x_wconf 84' lang='lat'>4.</span> <span class='ocrx_word' id='word_1_448' title='bbox 1202 2033 1227 2054; x_wconf 84' lang='lat'>1.</span> 
     </span>
     <span class='ocr_line' id='line_1_51' title="bbox 119 2056 750 2096; baseline 0 -9"><span class='ocrx_word' id='word_1_449' title='bbox 119 2068 165 2094; x_wconf 79' lang='lat'>49.</span> <span class='ocrx_word' id='word_1_450' title='bbox 178 2057 284 2096; x_wconf 84' lang='lat' dir='ltr'>scripfit</span> <span class='ocrx_word' id='word_1_451' title='bbox 296 2080 304 2094; x_wconf 95' lang='lat'>,</span> <span class='ocrx_word' id='word_1_452' title='bbox 500 2074 538 2078; x_wconf 88' lang='lat'>—-</span> <span class='ocrx_word' id='word_1_453' title='bbox 549 2067 585 2086; x_wconf 88' lang='lat' dir='ltr'>ne</span> <span class='ocrx_word' id='word_1_454' title='bbox 595 2056 631 2086; x_wconf 87' lang='lat' dir='ltr'>sic</span> <span class='ocrx_word' id='word_1_455' title='bbox 640 2057 731 2087; x_wconf 79' lang='lat' dir='ltr'>tussiat</span> <span class='ocrx_word' id='word_1_456' title='bbox 742 2080 750 2093; x_wconf 90' lang='lat'>,</span> 
     </span>
    </p>

    <p class='ocr_par' dir='ltr' id='par_1_25' title="bbox 193 2094 829 2134">
     <span class='ocr_line' id='line_1_52' title="bbox 193 2094 829 2134; baseline 0 -8"><span class='ocrx_word' id='word_1_457' title='bbox 193 2096 231 2125; x_wconf 90' lang='lat' dir='ltr'>Ut</span> <span class='ocrx_word' id='word_1_458' title='bbox 239 2097 370 2134; x_wconf 87' lang='lat' dir='ltr'>cuiquam</span> <span class='ocrx_word' id='word_1_459' title='bbox 379 2095 504 2133; x_wconf 83' lang='lat' dir='ltr'>linguam</span> <span class='ocrx_word' id='word_1_460' title='bbox 515 2094 686 2124; x_wconf 82' lang='lat' dir='ltr'>intussiendo</span> <span class='ocrx_word' id='word_1_461' title='bbox 699 2095 829 2132; x_wconf 82' lang='lat' dir='ltr'>proferat.</span> 
     </span>
    </p>

    <p class='ocr_par' dir='ltr' id='par_1_26' title="bbox 422 2132 829 2171">
     <span class='ocr_line' id='line_1_53' title="bbox 422 2132 829 2171; baseline -0.002 -8"><span class='ocrx_word' id='word_1_462' title='bbox 422 2150 460 2154; x_wconf 90' lang='lat'>—</span> <span class='ocrx_word' id='word_1_463' title='bbox 469 2141 499 2163; x_wconf 90' lang='lat' dir='ltr'>tu</span> <span class='ocrx_word' id='word_1_464' title='bbox 511 2132 645 2162; x_wconf 88' lang='lat' dir='ltr'>labellum</span> <span class='ocrx_word' id='word_1_465' title='bbox 661 2134 812 2171; x_wconf 84' lang='lat' dir='ltr'>abstergeas</span> <span class='ocrx_word' id='word_1_466' title='bbox 820 2156 829 2169; x_wconf 93' lang='lat'>,</span> 
     </span>
    </p>

    <p class='ocr_par' dir='ltr' id='par_1_27' title="bbox 192 2171 1228 2210">
     <span class='ocr_line' id='line_1_54' title="bbox 192 2171 1228 2210; baseline 0.003 -9"><span class='ocrx_word' id='word_1_467' title='bbox 192 2171 288 2202; x_wconf 84' lang='lat' dir='ltr'>Potius</span> <span class='ocrx_word' id='word_1_468' title='bbox 300 2182 384 2210; x_wconf 85' lang='lat' dir='ltr'>quam</span> <span class='ocrx_word' id='word_1_469' title='bbox 395 2173 525 2210; x_wconf 86' lang='lat' dir='ltr'>cuiquam</span> <span class='ocrx_word' id='word_1_470' title='bbox 536 2171 659 2200; x_wconf 88' lang='lat' dir='ltr'>suavium</span> <span class='ocrx_word' id='word_1_471' title='bbox 674 2172 756 2201; x_wconf 84' lang='lat' dir='ltr'>saciat</span> <span class='ocrx_word' id='word_1_472' title='bbox 767 2172 867 2209; x_wconf 87' lang='lat' dir='ltr'>palam.</span> <span class='ocrx_word' id='word_1_473' title='bbox 962 2173 981 2203; x_wconf 86' lang='lat' dir='ltr'>i.</span> <span class='ocrx_word' id='word_1_474' title='bbox 994 2183 1018 2203; x_wconf 88' lang='lat' dir='ltr'>e.</span> <span class='ocrx_word' id='word_1_475' title='bbox 1042 2173 1135 2210; x_wconf 81' lang='lat' dir='ltr'>Quam</span> <span class='ocrx_word' id='word_1_476' title='bbox 1151 2173 1187 2204; x_wconf 89' lang='lat' dir='ltr'>sic</span> <span class='ocrx_word' id='word_1_477' title='bbox 1196 2184 1228 2205; x_wconf 89' lang='lat' dir='ltr'>os</span> 
     </span>
    </p>

    <p class='ocr_par' dir='ltr' id='par_1_28' title="bbox 118 2209 1228 2248">
     <span class='ocr_line' id='line_1_55' title="bbox 118 2209 1228 2248; baseline 0.003 -9"><span class='ocrx_word' id='word_1_478' title='bbox 118 2218 263 2248; x_wconf 75' lang='lat' dir='ltr'>comparet</span> <span class='ocrx_word' id='word_1_479' title='bbox 277 2212 303 2241; x_wconf 86' lang='lat'>&amp;</span> <span class='ocrx_word' id='word_1_480' title='bbox 316 2211 436 2245; x_wconf 84' lang='lat' dir='ltr'>formet,</span> <span class='ocrx_word' id='word_1_481' title='bbox 457 2216 488 2239; x_wconf 89' lang='lat' dir='ltr'>ut</span> <span class='ocrx_word' id='word_1_482' title='bbox 511 2210 547 2238; x_wconf 90' lang='lat' dir='ltr'>ad</span> <span class='ocrx_word' id='word_1_483' title='bbox 565 2209 726 2239; x_wconf 85' lang='lat' dir='ltr'>basiandum</span> <span class='ocrx_word' id='word_1_484' title='bbox 743 2210 864 2247; x_wconf 88' lang='lat' dir='ltr'>aliquem</span> <span class='ocrx_word' id='word_1_485' title='bbox 883 2210 991 2241; x_wconf 88' lang='lat' dir='ltr'>invitet.</span> <span class='ocrx_word' id='word_1_486' title='bbox 1030 2212 1116 2248; x_wconf 83' lang='lat' dir='ltr'>Quod</span> <span class='ocrx_word' id='word_1_487' title='bbox 1133 2218 1228 2242; x_wconf 86' lang='lat' dir='ltr'>tamen</span> 
     </span>
    </p>

    <p class='ocr_par' dir='ltr' id='par_1_29' title="bbox 117 2247 1229 2285">
     <span class='ocr_line' id='line_1_56' title="bbox 117 2247 1229 2285; baseline 0.002 -7"><span class='ocrx_word' id='word_1_488' title='bbox 117 2247 265 2278; x_wconf 86' lang='lat' dir='ltr'>Petronius</span> <span class='ocrx_word' id='word_1_489' title='bbox 280 2248 373 2278; x_wconf 89' lang='lat' dir='ltr'>scribit</span> <span class='ocrx_word' id='word_1_490' title='bbox 383 2270 391 2284; x_wconf 87' lang='lat'>,</span> <span class='ocrx_word' id='word_1_491' title='bbox 413 2248 468 2277; x_wconf 84' lang='lat' dir='ltr'>effe</span> <span class='ocrx_word' id='word_1_492' title='bbox 482 2248 594 2277; x_wconf 88' lang='lat' dir='ltr'>videtur</span> <span class='ocrx_word' id='word_1_493' title='bbox 608 2248 701 2285; x_wconf 74' lang='lat' dir='ltr'>potius</span> <span class='ocrx_word' id='word_1_494' title='bbox 722 2248 829 2284; x_wconf 87' lang='lat' dir='ltr'>signum</span> <span class='ocrx_word' id='word_1_495' title='bbox 840 2249 984 2278; x_wconf 90' lang='lat' dir='ltr'>innuentis</span> <span class='ocrx_word' id='word_1_496' title='bbox 994 2271 1001 2282; x_wconf 90' lang='lat'>,</span> <span class='ocrx_word' id='word_1_497' title='bbox 1023 2251 1049 2279; x_wconf 67' lang='grc' dir='ltr'>ἃ</span> <span class='ocrx_word' id='word_1_498' title='bbox 1068 2251 1229 2280; x_wconf 86' lang='lat' dir='ltr'>invitatiun-</span> 
     </span>
    </p>

    <p class='ocr_par' dir='ltr' id='par_1_30' title="bbox 118 2285 1228 2355">
     <span class='ocr_line' id='line_1_57' title="bbox 118 2285 1228 2352; baseline 0.005 -38"><span class='ocrx_word' id='word_1_499' title='bbox 118 2285 212 2352; x_wconf 60' lang='lat' dir='ltr'>{ulam</span> <span class='ocrx_word' id='word_1_500' title='bbox 223 2287 324 2316; x_wconf 89' lang='lat' dir='ltr'>amoris</span> <span class='ocrx_word' id='word_1_501' title='bbox 334 2286 529 2325; x_wconf 81' lang='lat' dir='ltr'>significantis,</span> <span class='ocrx_word' id='word_1_502' title='bbox 550 2295 634 2323; x_wconf 85' lang='lat' dir='ltr'>quain</span> <span class='ocrx_word' id='word_1_503' title='bbox 646 2286 682 2315; x_wconf 89' lang='lat' dir='ltr'>ad</span> <span class='ocrx_word' id='word_1_504' title='bbox 692 2286 795 2315; x_wconf 84' lang='lat' dir='ltr'>basium</span> <span class='ocrx_word' id='word_1_505' title='bbox 808 2288 942 2317; x_wconf 88' lang='lat' dir='ltr'>vocantis.</span> <span class='ocrx_word' id='word_1_506' title='bbox 962 2287 1030 2317; x_wconf 84' lang='lat' dir='ltr'>Haec</span> <span class='ocrx_word' id='word_1_507' title='bbox 1047 2287 1105 2318; x_wconf 76' lang='lat' dir='ltr'>ille.</span> <span class='ocrx_word' id='word_1_508' title='bbox 1146 2288 1178 2318; x_wconf 92' lang='lat' dir='ltr'>V.</span> <span class='ocrx_word' id='word_1_509' title='bbox 1201 2290 1228 2319; x_wconf 90' lang='lat'>&amp;</span> 
     </span>
     <span class='ocr_line' id='line_1_58' title="bbox 143 2324 332 2355; baseline 0.016 -3"><span class='ocrx_word' id='word_1_510' title='bbox 143 2334 212 2353; x_wconf 90' lang='lat' dir='ltr'>urm.</span> <span class='ocrx_word' id='word_1_511' title='bbox 227 2325 263 2353; x_wconf 89' lang='lat' dir='ltr'>ad</span> <span class='ocrx_word' id='word_1_512' title='bbox 277 2324 332 2355; x_wconf 86' lang='lat' dir='ltr'>loc.</span> 
     </span>
    </p>

    <p class='ocr_par' dir='ltr' id='par_1_31' title="bbox 100 2360 972 2399">
     <span class='ocr_line' id='line_1_59' title="bbox 100 2360 972 2399; baseline 0.002 -8"><span class='ocrx_word' id='word_1_513' title='bbox 100 2360 304 2396; x_wconf 85' lang='lat' dir='ltr'>Commovere,</span> <span class='ocrx_word' id='word_1_514' title='bbox 325 2362 432 2399; x_wconf 80' lang='lat' dir='ltr'>Rapere</span> <span class='ocrx_word' id='word_1_515' title='bbox 440 2363 469 2391; x_wconf 85' lang='lat' dir='ltr'>iri</span> <span class='ocrx_word' id='word_1_516' title='bbox 477 2362 625 2399; x_wconf 88' lang='lat' dir='ltr'>stuporem.</span> <span class='ocrx_word' id='word_1_517' title='bbox 648 2360 713 2391; x_wconf 90' lang='lat' dir='ltr'>Ter.</span> <span class='ocrx_word' id='word_1_518' title='bbox 725 2361 837 2391; x_wconf 90' lang='lat' dir='ltr'>Phorm.</span> <span class='ocrx_word' id='word_1_519' title='bbox 850 2371 873 2391; x_wconf 89' lang='lat'>1.</span> <span class='ocrx_word' id='word_1_520' title='bbox 886 2371 912 2391; x_wconf 87' lang='lat'>2.</span> <span class='ocrx_word' id='word_1_521' title='bbox 928 2372 972 2399; x_wconf 81' lang='lat'>5¹.</span> 
     </span>
    </p>

    <p class='ocr_par' dir='ltr' id='par_1_32' title="bbox 98 2399 1225 2590">
     <span class='ocr_line' id='line_1_60' title="bbox 195 2399 919 2439; baseline 0 -10"><span class='ocrx_word' id='word_1_522' title='bbox 195 2399 278 2438; x_wconf 81' lang='lat' dir='ltr'>Virgo</span> <span class='ocrx_word' id='word_1_523' title='bbox 293 2400 350 2439; x_wconf 88' lang='lat' dir='ltr'>ipsa</span> <span class='ocrx_word' id='word_1_524' title='bbox 357 2401 428 2430; x_wconf 83' lang='lat' dir='ltr'>facie</span> <span class='ocrx_word' id='word_1_525' title='bbox 439 2402 564 2438; x_wconf 86' lang='lat' dir='ltr'>egregia:</span> <span class='ocrx_word' id='word_1_526' title='bbox 588 2399 656 2437; x_wconf 90' lang='lat' dir='ltr'>quid</span> <span class='ocrx_word' id='word_1_527' title='bbox 668 2399 758 2428; x_wconf 88' lang='lat' dir='ltr'>verbis</span> <span class='ocrx_word' id='word_1_528' title='bbox 772 2409 843 2437; x_wconf 92' lang='lat' dir='ltr'>opus</span> <span class='ocrx_word' id='word_1_529' title='bbox 857 2400 919 2429; x_wconf 60' lang='lat' dir='ltr'>estQ</span> 
     </span>
     <span class='ocr_line' id='line_1_61' title="bbox 194 2437 936 2473; baseline 0.001 -6"><span class='ocrx_word' id='word_1_530' title='bbox 194 2437 360 2468; x_wconf 88' lang='lat' dir='ltr'>Commorat</span> <span class='ocrx_word' id='word_1_531' title='bbox 367 2448 465 2468; x_wconf 88' lang='lat' dir='ltr'>omnes</span> <span class='ocrx_word' id='word_1_532' title='bbox 477 2448 537 2467; x_wconf 91' lang='lat' dir='ltr'>nos.</span> <span class='ocrx_word' id='word_1_533' title='bbox 635 2437 685 2466; x_wconf 88' lang='lat' dir='ltr'>Pro</span> <span class='ocrx_word' id='word_1_534' title='bbox 695 2459 703 2473; x_wconf 96' lang='lat'>,</span> <span class='ocrx_word' id='word_1_535' title='bbox 729 2437 936 2468; x_wconf 87' lang='lat' dir='ltr'>Commoverat.</span> 
     </span>
     <span class='ocr_line' id='line_1_62' title="bbox 98 2474 1188 2515; baseline 0.004 -12"><span class='ocrx_word' id='word_1_536' title='bbox 98 2474 288 2506; x_wconf 83' lang='lat' dir='ltr'>Commovere</span> <span class='ocrx_word' id='word_1_537' title='bbox 300 2499 308 2512; x_wconf 93' lang='lat'>‚</span> <span class='ocrx_word' id='word_1_538' title='bbox 326 2474 512 2512; x_wconf 61' lang='grc' dir='ltr'>[συνταρρέ-Ηειν</span> <span class='ocrx_word' id='word_1_539' title='bbox 527 2476 542 2511; x_wconf 90' lang='grc'>]</span> <span class='ocrx_word' id='word_1_540' title='bbox 564 2475 742 2510; x_wconf 87' lang='lat' dir='ltr'>Contubare,</span> <span class='ocrx_word' id='word_1_541' title='bbox 763 2476 878 2505; x_wconf 88' lang='lat' dir='ltr'>irritare.</span> <span class='ocrx_word' id='word_1_542' title='bbox 901 2476 966 2506; x_wconf 89' lang='lat' dir='ltr'>Ter.</span> <span class='ocrx_word' id='word_1_543' title='bbox 977 2476 1048 2506; x_wconf 83' lang='lat' dir='ltr'>And.</span> <span class='ocrx_word' id='word_1_544' title='bbox 1064 2487 1088 2507; x_wconf 92' lang='lat'>1.</span> <span class='ocrx_word' id='word_1_545' title='bbox 1104 2488 1126 2507; x_wconf 87' lang='lat' dir='ltr'>r.</span> <span class='ocrx_word' id='word_1_546' title='bbox 1142 2480 1188 2515; x_wconf 80' lang='lat'>67.</span> 
     </span>
     <span class='ocr_line' id='line_1_63' title="bbox 183 2514 1225 2552; baseline 0.002 -9"><span class='ocrx_word' id='word_1_547' title='bbox 183 2514 280 2550; x_wconf 86' lang='lat' dir='ltr'>Neque</span> <span class='ocrx_word' id='word_1_548' title='bbox 290 2521 485 2544; x_wconf 86' lang='lat' dir='ltr'>commovetur</span> <span class='ocrx_word' id='word_1_549' title='bbox 493 2515 602 2543; x_wconf 88' lang='lat' dir='ltr'>animus</span> <span class='ocrx_word' id='word_1_550' title='bbox 612 2514 640 2542; x_wconf 91' lang='lat' dir='ltr'>in</span> <span class='ocrx_word' id='word_1_551' title='bbox 653 2523 684 2542; x_wconf 82' lang='lat' dir='ltr'>ea</span> <span class='ocrx_word' id='word_1_552' title='bbox 693 2523 720 2542; x_wconf 90' lang='lat' dir='ltr'>re</span> <span class='ocrx_word' id='word_1_553' title='bbox 728 2520 821 2543; x_wconf 87' lang='lat' dir='ltr'>tamen</span> <span class='ocrx_word' id='word_1_554' title='bbox 832 2535 840 2550; x_wconf 87' lang='lat'>,</span> <span class='ocrx_word' id='word_1_555' title='bbox 853 2515 906 2544; x_wconf 84' lang='lat' dir='ltr'>&amp;c.</span> <span class='ocrx_word' id='word_1_556' title='bbox 989 2515 1049 2545; x_wconf 86' lang='lat' dir='ltr'>Cic.</span> <span class='ocrx_word' id='word_1_557' title='bbox 1064 2525 1087 2552; x_wconf 85' lang='lat'>3.</span> <span class='ocrx_word' id='word_1_558' title='bbox 1101 2515 1225 2546; x_wconf 89' lang='lat' dir='ltr'>Fam.ro.</span> 
     </span>
     <span class='ocr_line' id='line_1_64' title="bbox 118 2550 755 2590; baseline 0 -10"><span class='ocrx_word' id='word_1_559' title='bbox 118 2550 173 2581; x_wconf 82' lang='lat' dir='ltr'>Etsi</span> <span class='ocrx_word' id='word_1_560' title='bbox 182 2553 300 2589; x_wconf 80' lang='lat' dir='ltr'>graviter</span> <span class='ocrx_word' id='word_1_561' title='bbox 309 2553 399 2590; x_wconf 90' lang='lat' dir='ltr'>primo</span> <span class='ocrx_word' id='word_1_562' title='bbox 410 2552 509 2582; x_wconf 89' lang='lat' dir='ltr'>nuntio</span> <span class='ocrx_word' id='word_1_563' title='bbox 518 2558 678 2582; x_wconf 89' lang='lat' dir='ltr'>commotus</span> <span class='ocrx_word' id='word_1_564' title='bbox 686 2551 755 2581; x_wconf 85' lang='lat' dir='ltr'>sum.</span> 
     </span>
    </p>

    <p class='ocr_par' dir='ltr' id='par_1_33' title="bbox 100 2588 1229 2663">
     <span class='ocr_line' id='line_1_65' title="bbox 100 2588 1229 2628; baseline 0.004 -10"><span class='ocrx_word' id='word_1_565' title='bbox 100 2588 286 2620; x_wconf 90' lang='lat' dir='ltr'>Commovere</span> <span class='ocrx_word' id='word_1_566' title='bbox 298 2592 324 2620; x_wconf 89' lang='lat'>&amp;</span> <span class='ocrx_word' id='word_1_567' title='bbox 336 2589 495 2625; x_wconf 88' lang='lat' dir='ltr'>Consolari,</span> <span class='ocrx_word' id='word_1_568' title='bbox 515 2590 650 2628; x_wconf 83' lang='lat' dir='ltr'>oppofita.</span> <span class='ocrx_word' id='word_1_569' title='bbox 692 2589 750 2619; x_wconf 90' lang='lat' dir='ltr'>Cic.</span> <span class='ocrx_word' id='word_1_570' title='bbox 764 2599 816 2628; x_wconf 85' lang='lat' dir='ltr'>pro</span> <span class='ocrx_word' id='word_1_571' title='bbox 832 2589 925 2620; x_wconf 84' lang='lat' dir='ltr'>Rabit.</span> <span class='ocrx_word' id='word_1_572' title='bbox 942 2595 986 2627; x_wconf 83' lang='lat'>38.</span> <span class='ocrx_word' id='word_1_573' title='bbox 1016 2590 1097 2620; x_wconf 84' lang='lat' dir='ltr'>Nihil</span> <span class='ocrx_word' id='word_1_574' title='bbox 1113 2601 1159 2622; x_wconf 85' lang='lat' dir='ltr'>me</span> <span class='ocrx_word' id='word_1_575' title='bbox 1175 2591 1229 2622; x_wconf 79' lang='lat' dir='ltr'>cla-</span> 
     </span>
     <span class='ocr_line' id='line_1_66' title="bbox 119 2627 687 2663; baseline 0 -7"><span class='ocrx_word' id='word_1_576' title='bbox 119 2637 182 2656; x_wconf 88' lang='lat' dir='ltr'>mor</span> <span class='ocrx_word' id='word_1_577' title='bbox 195 2629 244 2658; x_wconf 89' lang='lat' dir='ltr'>iste</span> <span class='ocrx_word' id='word_1_578' title='bbox 260 2635 423 2658; x_wconf 89' lang='lat' dir='ltr'>commovet</span> <span class='ocrx_word' id='word_1_579' title='bbox 434 2650 442 2663; x_wconf 94' lang='lat'>,</span> <span class='ocrx_word' id='word_1_580' title='bbox 463 2628 509 2657; x_wconf 88' lang='lat' dir='ltr'>sed</span> <span class='ocrx_word' id='word_1_581' title='bbox 521 2627 687 2657; x_wconf 89' lang='lat' dir='ltr'>consolatur.</span> 
     </span>
    </p>

    <p class='ocr_par' dir='ltr' id='par_1_34' title="bbox 100 2665 913 2696">
     <span class='ocr_line' id='line_1_67' title="bbox 100 2665 913 2696; baseline 0.001 -2"><span class='ocrx_word' id='word_1_582' title='bbox 100 2665 217 2695; x_wconf 80' lang='lat' dir='ltr'>Animus</span> <span class='ocrx_word' id='word_1_583' title='bbox 226 2667 405 2696; x_wconf 88' lang='lat' dir='ltr'>vehementer</span> <span class='ocrx_word' id='word_1_584' title='bbox 416 2672 619 2696; x_wconf 86' lang='lat' dir='ltr'>commovetur.</span> <span class='ocrx_word' id='word_1_585' title='bbox 642 2665 702 2695; x_wconf 90' lang='lat' dir='ltr'>Cic.</span> <span class='ocrx_word' id='word_1_586' title='bbox 718 2674 742 2695; x_wconf 92' lang='lat'>1.</span> <span class='ocrx_word' id='word_1_587' title='bbox 755 2665 792 2695; x_wconf 85' lang='lat' dir='ltr'>de</span> <span class='ocrx_word' id='word_1_588' title='bbox 803 2665 913 2696; x_wconf 87' lang='lat' dir='ltr'>Invent.</span> 
     </span>
    </p>

    <p class='ocr_par' dir='ltr' id='par_1_35' title="bbox 100 2703 682 2739">
     <span class='ocr_line' id='line_1_68' title="bbox 100 2703 682 2739; baseline 0 -7"><span class='ocrx_word' id='word_1_589' title='bbox 100 2704 217 2733; x_wconf 82' lang='lat' dir='ltr'>Animus</span> <span class='ocrx_word' id='word_1_590' title='bbox 230 2703 255 2733; x_wconf 92' lang='lat' dir='ltr'>se</span> <span class='ocrx_word' id='word_1_591' title='bbox 268 2710 438 2734; x_wconf 90' lang='lat' dir='ltr'>commovet.</span> <span class='ocrx_word' id='word_1_592' title='bbox 460 2704 566 2734; x_wconf 80' lang='lat' dir='ltr'>Lucret.</span> <span class='ocrx_word' id='word_1_593' title='bbox 579 2715 604 2739; x_wconf 74' lang='grc'>4.</span> <span class='ocrx_word' id='word_1_594' title='bbox 618 2709 682 2738; x_wconf 81' lang='grc'>884.</span> 
     </span>
    </p>

    <p class='ocr_par' dir='ltr' id='par_1_36' title="bbox 101 2741 721 2780">
     <span class='ocr_line' id='line_1_69' title="bbox 101 2741 721 2780; baseline -0.002 -9"><span class='ocrx_word' id='word_1_595' title='bbox 101 2741 283 2771; x_wconf 74' lang='lat' dir='ltr'>commoveri</span> <span class='ocrx_word' id='word_1_596' title='bbox 293 2742 448 2780; x_wconf 80' lang='lat' dir='ltr'>perleviter.</span> <span class='ocrx_word' id='word_1_597' title='bbox 480 2741 512 2771; x_wconf 90' lang='lat' dir='ltr'>In</span> <span class='ocrx_word' id='word_1_598' title='bbox 531 2752 546 2770; x_wconf 82' lang='lat' dir='ltr'>P</span> <span class='ocrx_word' id='word_1_599' title='bbox 556 2752 571 2771; x_wconf 75' lang='lat' dir='ltr'>iz</span> <span class='ocrx_word' id='word_1_600' title='bbox 579 2752 595 2770; x_wconf 86' lang='lat' dir='ltr'>R</span> <span class='ocrx_word' id='word_1_601' title='bbox 604 2753 620 2770; x_wconf 82' lang='lat' dir='ltr'>L</span> <span class='ocrx_word' id='word_1_602' title='bbox 629 2751 644 2770; x_wconf 70' lang='grc' dir='ltr'><strong>Β</strong></span> <span class='ocrx_word' id='word_1_603' title='bbox 652 2751 670 2770; x_wconf 93' lang='lat' dir='ltr'>v</span> <span class='ocrx_word' id='word_1_604' title='bbox 681 2752 690 2769; x_wconf 88' lang='lat'>1</span> <span class='ocrx_word' id='word_1_605' title='bbox 699 2750 721 2770; x_wconf 87' lang='lat' dir='ltr'>s.</span> 
     </span>
    </p>

    <p class='ocr_par' dir='ltr' id='par_1_37' title="bbox 101 2778 950 2816">
     <span class='ocr_line' id='line_1_70' title="bbox 101 2778 950 2816; baseline 0 -8"><span class='ocrx_word' id='word_1_606' title='bbox 101 2780 225 2809; x_wconf 79' lang='lat' dir='ltr'>Accendi</span> <span class='ocrx_word' id='word_1_607' title='bbox 235 2786 283 2810; x_wconf 87' lang='lat' dir='ltr'>aut</span> <span class='ocrx_word' id='word_1_608' title='bbox 294 2781 467 2810; x_wconf 87' lang='lat' dir='ltr'>commoveri</span> <span class='ocrx_word' id='word_1_609' title='bbox 476 2780 611 2816; x_wconf 86' lang='lat' dir='ltr'>realiqua.</span> <span class='ocrx_word' id='word_1_610' title='bbox 635 2779 694 2808; x_wconf 88' lang='lat' dir='ltr'>Cic.</span> <span class='ocrx_word' id='word_1_611' title='bbox 708 2789 730 2808; x_wconf 91' lang='lat'>1.</span> <span class='ocrx_word' id='word_1_612' title='bbox 746 2778 784 2808; x_wconf 87' lang='lat' dir='ltr'>de</span> <span class='ocrx_word' id='word_1_613' title='bbox 794 2778 872 2809; x_wconf 86' lang='lat' dir='ltr'>Orat.</span> <span class='ocrx_word' id='word_1_614' title='bbox 888 2788 950 2815; x_wconf 83' lang='lat'>114.</span> 
     </span>
    </p>

    <p class='ocr_par' dir='ltr' id='par_1_38' title="bbox 101 2816 1080 2856">
     <span class='ocr_line' id='line_1_71' title="bbox 101 2816 1080 2856; baseline 0.001 -10"><span class='ocrx_word' id='word_1_615' title='bbox 101 2817 170 2847; x_wconf 78' lang='lat' dir='ltr'>Alvo</span> <span class='ocrx_word' id='word_1_616' title='bbox 182 2839 191 2853; x_wconf 94' lang='lat'>,</span> <span class='ocrx_word' id='word_1_617' title='bbox 212 2819 320 2854; x_wconf 88' lang='lat' dir='ltr'>nervis,</span> <span class='ocrx_word' id='word_1_618' title='bbox 339 2819 431 2856; x_wconf 86' lang='lat' dir='ltr'>capite</span> <span class='ocrx_word' id='word_1_619' title='bbox 444 2840 452 2852; x_wconf 76' lang='grc'>,</span> <span class='ocrx_word' id='word_1_620' title='bbox 472 2824 567 2848; x_wconf 88' lang='lat' dir='ltr'>mente</span> <span class='ocrx_word' id='word_1_621' title='bbox 577 2817 757 2847; x_wconf 88' lang='lat' dir='ltr'>commoveri.</span> <span class='ocrx_word' id='word_1_622' title='bbox 780 2816 848 2846; x_wconf 89' lang='lat' dir='ltr'>Plin.</span> <span class='ocrx_word' id='word_1_623' title='bbox 860 2817 907 2846; x_wconf 91' lang='lat' dir='ltr'>lib.</span> <span class='ocrx_word' id='word_1_624' title='bbox 921 2827 946 2846; x_wconf 87' lang='lat'>2.</span> <span class='ocrx_word' id='word_1_625' title='bbox 959 2826 1019 2854; x_wconf 87' lang='lat' dir='ltr'>cap.</span> <span class='ocrx_word' id='word_1_626' title='bbox 1034 2825 1080 2852; x_wconf 83' lang='lat'>41.</span> 
     </span>
    </p>

    <p class='ocr_par' dir='ltr' id='par_1_39' title="bbox 100 2854 1062 2894">
     <span class='ocr_line' id='line_1_72' title="bbox 100 2854 1062 2894; baseline 0.001 -10"><span class='ocrx_word' id='word_1_627' title='bbox 100 2855 202 2885; x_wconf 76' lang='lat' dir='ltr'>Animo</span> <span class='ocrx_word' id='word_1_628' title='bbox 215 2858 404 2891; x_wconf 89' lang='lat' dir='ltr'>commoveri,</span> <span class='ocrx_word' id='word_1_629' title='bbox 426 2856 551 2894; x_wconf 87' lang='lat' dir='ltr'>Corpore</span> <span class='ocrx_word' id='word_1_630' title='bbox 560 2854 777 2894; x_wconf 83' lang='lat' dir='ltr'>perhorrescere.</span> <span class='ocrx_word' id='word_1_631' title='bbox 799 2855 857 2884; x_wconf 91' lang='lat' dir='ltr'>Cic.</span> <span class='ocrx_word' id='word_1_632' title='bbox 870 2858 896 2885; x_wconf 92' lang='lat'>6.</span> <span class='ocrx_word' id='word_1_633' title='bbox 913 2855 987 2885; x_wconf 84' lang='lat' dir='ltr'>Verr.</span> <span class='ocrx_word' id='word_1_634' title='bbox 1000 2865 1062 2886; x_wconf 84' lang='lat'>110.</span> 
     </span>
    </p>

    <p class='ocr_par' dir='ltr' id='par_1_40' title="bbox 102 2893 875 2936">
     <span class='ocr_line' id='line_1_73' title="bbox 102 2893 875 2936; baseline 0 -14"><span class='ocrx_word' id='word_1_635' title='bbox 102 2893 310 2930; x_wconf 38' lang='lat' dir='ltr'>Conquestionve</span> <span class='ocrx_word' id='word_1_636' title='bbox 323 2895 505 2924; x_wconf 87' lang='lat' dir='ltr'>commoveri.</span> <span class='ocrx_word' id='word_1_637' title='bbox 527 2894 585 2924; x_wconf 85' lang='lat' dir='ltr'>Cic.</span> <span class='ocrx_word' id='word_1_638' title='bbox 602 2904 624 2922; x_wconf 86' lang='lat'>1.</span> <span class='ocrx_word' id='word_1_639' title='bbox 638 2893 673 2922; x_wconf 88' lang='lat' dir='ltr'>de</span> <span class='ocrx_word' id='word_1_640' title='bbox 683 2893 791 2922; x_wconf 82' lang='lat' dir='ltr'>Invent.</span> <span class='ocrx_word' id='word_1_641' title='bbox 809 2896 875 2936; x_wconf 41' lang='lat'>106..</span> 
     </span>
    </p>

    <p class='ocr_par' dir='ltr' id='par_1_41' title="bbox 100 2929 955 2969">
     <span class='ocr_line' id='line_1_74' title="bbox 100 2929 955 2969; baseline 0 -9"><span class='ocrx_word' id='word_1_642' title='bbox 100 2930 243 2961; x_wconf 85' lang='lat' dir='ltr'>Desiderio</span> <span class='ocrx_word' id='word_1_643' title='bbox 253 2932 364 2962; x_wconf 91' lang='lat' dir='ltr'>suorum</span> <span class='ocrx_word' id='word_1_644' title='bbox 378 2933 558 2962; x_wconf 86' lang='lat' dir='ltr'>commoveri.</span> <span class='ocrx_word' id='word_1_645' title='bbox 581 2932 638 2962; x_wconf 89' lang='lat' dir='ltr'>Cic.</span> <span class='ocrx_word' id='word_1_646' title='bbox 650 2941 701 2969; x_wconf 90' lang='lat' dir='ltr'>pro</span> <span class='ocrx_word' id='word_1_647' title='bbox 711 2930 785 2968; x_wconf 86' lang='lat' dir='ltr'>Lege</span> <span class='ocrx_word' id='word_1_648' title='bbox 797 2929 897 2961; x_wconf 84' lang='lat' dir='ltr'>Maml.</span> <span class='ocrx_word' id='word_1_649' title='bbox 910 2939 955 2967; x_wconf 85' lang='lat'>23·</span> 
     </span>
    </p>

    <p class='ocr_par' dir='ltr' id='par_1_42' title="bbox 100 2968 784 3008">
     <span class='ocr_line' id='line_1_75' title="bbox 100 2968 784 3008; baseline -0.001 -10"><span class='ocrx_word' id='word_1_650' title='bbox 100 2968 219 2999; x_wconf 87' lang='lat' dir='ltr'>Honore</span> <span class='ocrx_word' id='word_1_651' title='bbox 229 2980 332 3008; x_wconf 83' lang='lat' dir='ltr'>magno</span> <span class='ocrx_word' id='word_1_652' title='bbox 340 2971 465 3007; x_wconf 86' lang='lat' dir='ltr'>alicujus.</span> <span class='ocrx_word' id='word_1_653' title='bbox 488 2970 576 3000; x_wconf 87' lang='lat' dir='ltr'>Valer.</span> <span class='ocrx_word' id='word_1_654' title='bbox 589 2982 615 3004; x_wconf 71' lang='lat'>4·</span> <span class='ocrx_word' id='word_1_655' title='bbox 629 2970 728 3007; x_wconf 76' lang='lat' dir='ltr'>Argon.</span> <span class='ocrx_word' id='word_1_656' title='bbox 739 2972 784 3005; x_wconf 89' lang='lat'>76.</span> 
     </span>
    </p>

    <p class='ocr_par' dir='ltr' id='par_1_43' title="bbox 99 3006 1115 3051">
     <span class='ocr_line' id='line_1_76' title="bbox 99 3006 1115 3051; baseline -0.002 -15"><span class='ocrx_word' id='word_1_657' title='bbox 99 3006 223 3037; x_wconf 81' lang='lat' dir='ltr'>Miseriis</span> <span class='ocrx_word' id='word_1_658' title='bbox 233 3018 265 3037; x_wconf 90' lang='lat' dir='ltr'>ac</span> <span class='ocrx_word' id='word_1_659' title='bbox 274 3009 405 3046; x_wconf 89' lang='lat' dir='ltr'>periculis</span> <span class='ocrx_word' id='word_1_660' title='bbox 415 3008 541 3045; x_wconf 79' lang='lat' dir='ltr'>alicujus.</span> <span class='ocrx_word' id='word_1_661' title='bbox 564 3008 621 3037; x_wconf 92' lang='lat' dir='ltr'>Cic.</span> <span class='ocrx_word' id='word_1_662' title='bbox 633 3017 685 3045; x_wconf 89' lang='lat' dir='ltr'>pro</span> <span class='ocrx_word' id='word_1_663' title='bbox 702 3007 781 3036; x_wconf 86' lang='lat' dir='ltr'>Font.</span> <span class='ocrx_word' id='word_1_664' title='bbox 794 3009 839 3043; x_wconf 90' lang='lat'>36.</span> <span class='ocrx_word' id='word_1_665' title='bbox 959 3043 966 3050; x_wconf 47' lang='lat'>.</span> <span class='ocrx_word' id='word_1_666' title='bbox 1081 3045 1088 3050; x_wconf 37' lang='grc' dir='ltr'>ι</span> <span class='ocrx_word' id='word_1_667' title='bbox 1108 3045 1115 3051; x_wconf 94' lang='lat'>.</span> 
     </span>
    </p>

    <p class='ocr_par' dir='ltr' id='par_1_44' title="bbox 100 3044 1228 3122">
     <span class='ocr_line' id='line_1_77' title="bbox 100 3044 1228 3082; baseline 0.001 -7"><span class='ocrx_word' id='word_1_668' title='bbox 100 3044 296 3075; x_wconf 84' lang='lat' dir='ltr'>Misericordia</span> <span class='ocrx_word' id='word_1_669' title='bbox 306 3047 485 3076; x_wconf 88' lang='lat' dir='ltr'>commoveri.</span> <span class='ocrx_word' id='word_1_670' title='bbox 528 3046 585 3075; x_wconf 89' lang='lat' dir='ltr'>Cic.</span> <span class='ocrx_word' id='word_1_671' title='bbox 597 3055 622 3080; x_wconf 82' lang='lat'>4.</span> <span class='ocrx_word' id='word_1_672' title='bbox 635 3044 717 3074; x_wconf 88' lang='lat' dir='ltr'>Tusc.</span> <span class='ocrx_word' id='word_1_673' title='bbox 737 3050 779 3078; x_wconf 83' lang='lat'>18.</span> <span class='ocrx_word' id='word_1_674' title='bbox 812 3044 906 3074; x_wconf 90' lang='lat' dir='ltr'>Nemo</span> <span class='ocrx_word' id='word_1_675' title='bbox 920 3053 996 3074; x_wconf 91' lang='lat' dir='ltr'>enim</span> <span class='ocrx_word' id='word_1_676' title='bbox 1016 3044 1160 3082; x_wconf 84' lang='lat' dir='ltr'>parricidae</span> <span class='ocrx_word' id='word_1_677' title='bbox 1180 3049 1228 3076; x_wconf 79' lang='lat' dir='ltr'>aut</span> 
     </span>
     <span class='ocr_line' id='line_1_78' title="bbox 120 3083 826 3122; baseline -0.003 -9"><span class='ocrx_word' id='word_1_678' title='bbox 120 3084 274 3121; x_wconf 85' lang='lat' dir='ltr'>proditoris</span> <span class='ocrx_word' id='word_1_679' title='bbox 283 3083 419 3122; x_wconf 85' lang='lat' dir='ltr'>supplicio</span> <span class='ocrx_word' id='word_1_680' title='bbox 427 3083 613 3113; x_wconf 81' lang='lat' dir='ltr'>misericordia</span> <span class='ocrx_word' id='word_1_681' title='bbox 624 3088 826 3113; x_wconf 87' lang='lat' dir='ltr'>commovetur.</span> 
     </span>
    </p>

    <p class='ocr_par' dir='ltr' id='par_1_45' title="bbox 100 3119 1227 3235">
     <span class='ocr_line' id='line_1_79' title="bbox 100 3119 1225 3163; baseline -0.002 -13"><span class='ocrx_word' id='word_1_682' title='bbox 100 3120 142 3150; x_wconf 75' lang='lat' dir='ltr'>Ad</span> <span class='ocrx_word' id='word_1_683' title='bbox 160 3127 241 3159; x_wconf 89' lang='lat' dir='ltr'>turpe</span> <span class='ocrx_word' id='word_1_684' title='bbox 256 3123 460 3160; x_wconf 87' lang='lat' dir='ltr'>compendium</span> <span class='ocrx_word' id='word_1_685' title='bbox 483 3121 606 3159; x_wconf 86' lang='lat' dir='ltr'>aliquem</span> <span class='ocrx_word' id='word_1_686' title='bbox 621 3130 810 3151; x_wconf 87' lang='lat' dir='ltr'>commovere.</span> <span class='ocrx_word' id='word_1_687' title='bbox 852 3120 953 3149; x_wconf 62' lang='lat' dir='ltr'>Auctor</span> <span class='ocrx_word' id='word_1_688' title='bbox 963 3120 1004 3163; x_wconf 38' lang='lat' dir='ltr'>,ad</span> <span class='ocrx_word' id='word_1_689' title='bbox 1023 3119 1126 3149; x_wconf 88' lang='lat' dir='ltr'>Heren.</span> <span class='ocrx_word' id='word_1_690' title='bbox 1141 3130 1167 3155; x_wconf 84' lang='lat'>4.</span> <span class='ocrx_word' id='word_1_691' title='bbox 1182 3130 1225 3157; x_wconf 82' lang='lat'>52.</span> 
     </span>
     <span class='ocr_line' id='line_1_80' title="bbox 118 3157 1227 3198; baseline 0.001 -10"><span class='ocrx_word' id='word_1_692' title='bbox 118 3159 190 3188; x_wconf 70' lang='lat' dir='ltr'>Dure</span> <span class='ocrx_word' id='word_1_693' title='bbox 201 3169 243 3189; x_wconf 89' lang='lat' dir='ltr'>res</span> <span class='ocrx_word' id='word_1_694' title='bbox 252 3159 324 3195; x_wconf 91' lang='lat' dir='ltr'>sunt,</span> <span class='ocrx_word' id='word_1_695' title='bbox 337 3170 397 3198; x_wconf 85' lang='lat' dir='ltr'>quae</span> <span class='ocrx_word' id='word_1_696' title='bbox 405 3159 517 3198; x_wconf 78' lang='lat' dir='ltr'>possunt</span> <span class='ocrx_word' id='word_1_697' title='bbox 531 3160 661 3189; x_wconf 87' lang='lat' dir='ltr'>homines</span> <span class='ocrx_word' id='word_1_698' title='bbox 672 3159 707 3188; x_wconf 89' lang='lat' dir='ltr'>ad</span> <span class='ocrx_word' id='word_1_699' title='bbox 717 3165 799 3196; x_wconf 89' lang='lat' dir='ltr'>turpe</span> <span class='ocrx_word' id='word_1_700' title='bbox 817 3157 1020 3195; x_wconf 77' lang='lat' dir='ltr'>compendium</span> <span class='ocrx_word' id='word_1_701' title='bbox 1031 3167 1209 3189; x_wconf 85' lang='lat' dir='ltr'>commovere</span> <span class='ocrx_word' id='word_1_702' title='bbox 1217 3180 1227 3195; x_wconf 87' lang='lat'>,</span> 
     </span>
     <span class='ocr_line' id='line_1_81' title="bbox 120 3197 480 3235; baseline 0.006 -10"><span class='ocrx_word' id='word_1_703' title='bbox 120 3197 218 3235; x_wconf 89' lang='lat' dir='ltr'>inopia</span> <span class='ocrx_word' id='word_1_704' title='bbox 229 3219 238 3232; x_wconf 92' lang='lat'>,</span> <span class='ocrx_word' id='word_1_705' title='bbox 260 3204 345 3235; x_wconf 87' lang='lat' dir='ltr'>atque</span> <span class='ocrx_word' id='word_1_706' title='bbox 357 3197 480 3228; x_wconf 87' lang='lat' dir='ltr'>avaritia.</span> 
     </span>
    </p>

    <p class='ocr_par' dir='ltr' id='par_1_46' title="bbox 99 3233 1227 3303">
     <span class='ocr_line' id='line_1_82' title="bbox 99 3233 1227 3271; baseline 0.001 -7"><span class='ocrx_word' id='word_1_707' title='bbox 99 3233 183 3265; x_wconf 83' lang='lat' dir='ltr'>Prora</span> <span class='ocrx_word' id='word_1_708' title='bbox 197 3235 299 3265; x_wconf 89' lang='lat' dir='ltr'>fretum</span> <span class='ocrx_word' id='word_1_709' title='bbox 317 3241 487 3267; x_wconf 90' lang='lat' dir='ltr'>commovet.</span> <span class='ocrx_word' id='word_1_710' title='bbox 508 3235 573 3266; x_wconf 89' lang='lat' dir='ltr'>Hoc</span> <span class='ocrx_word' id='word_1_711' title='bbox 590 3235 702 3271; x_wconf 87' lang='lat' dir='ltr'>dicitur,</span> <span class='ocrx_word' id='word_1_712' title='bbox 723 3243 810 3271; x_wconf 89' lang='lat' dir='ltr'>quum</span> <span class='ocrx_word' id='word_1_713' title='bbox 823 3233 960 3271; x_wconf 88' lang='lat' dir='ltr'>linquitur</span> <span class='ocrx_word' id='word_1_714' title='bbox 970 3238 1076 3271; x_wconf 80' lang='lat' dir='ltr'>portus.</span> <span class='ocrx_word' id='word_1_715' title='bbox 1098 3233 1186 3264; x_wconf 89' lang='lat' dir='ltr'>Valer.</span> <span class='ocrx_word' id='word_1_716' title='bbox 1202 3244 1227 3271; x_wconf 89' lang='grc' dir='ltr'>ς.</span> 
     </span>
     <span class='ocr_line' id='line_1_83' title="bbox 120 3273 279 3303; baseline 0.006 -1"><span class='ocrx_word' id='word_1_717' title='bbox 120 3273 154 3302; x_wconf 79' lang='lat' dir='ltr'>Ar</span> <span class='ocrx_word' id='word_1_718' title='bbox 174 3283 221 3303; x_wconf 90' lang='lat' dir='ltr'>on.</span> <span class='ocrx_word' id='word_1_719' title='bbox 256 3283 279 3303; x_wconf 85' lang='lat'>1.</span> 
     </span>
    </p>

    <p class='ocr_par' dir='ltr' id='par_1_47' title="bbox 101 3282 1228 3390">
     <span class='ocr_line' id='line_1_84' title="bbox 101 3282 1228 3347; baseline -0.001 -6"><span class='ocrx_word' id='word_1_720' title='bbox 101 3282 287 3341; x_wconf 74' lang='lat' dir='ltr'>Congimov7ere</span> <span class='ocrx_word' id='word_1_721' title='bbox 299 3310 426 3341; x_wconf 88' lang='lat' dir='ltr'>dolorem</span> <span class='ocrx_word' id='word_1_722' title='bbox 436 3331 445 3346; x_wconf 89' lang='lat'>,</span> <span class='ocrx_word' id='word_1_723' title='bbox 465 3312 481 3347; x_wconf 92' lang='lat'>[</span> <span class='ocrx_word' id='word_1_724' title='bbox 493 3311 613 3347; x_wconf 67' lang='grc' dir='ltr'>ἐγείρειν]</span> <span class='ocrx_word' id='word_1_725' title='bbox 634 3310 693 3340; x_wconf 87' lang='lat' dir='ltr'>Cic.</span> <span class='ocrx_word' id='word_1_726' title='bbox 705 3313 730 3339; x_wconf 92' lang='lat'>6.</span> <span class='ocrx_word' id='word_1_727' title='bbox 744 3309 818 3339; x_wconf 89' lang='lat' dir='ltr'>Verr.</span> <span class='ocrx_word' id='word_1_728' title='bbox 832 3318 878 3345; x_wconf 81' lang='lat'>42.</span> <span class='ocrx_word' id='word_1_729' title='bbox 906 3308 961 3338; x_wconf 89' lang='lat' dir='ltr'>Sed</span> <span class='ocrx_word' id='word_1_730' title='bbox 972 3319 1104 3347; x_wconf 81' lang='lat' dir='ltr'>magnum</span> <span class='ocrx_word' id='word_1_731' title='bbox 1116 3311 1143 3339; x_wconf 89' lang='lat'>&amp;</span> <span class='ocrx_word' id='word_1_732' title='bbox 1154 3319 1228 3340; x_wconf 88' lang='lat' dir='ltr'>acer-</span> 
     </span>
     <span class='ocr_line' id='line_1_85' title="bbox 120 3347 1062 3390; baseline -0.004 -11"><span class='ocrx_word' id='word_1_733' title='bbox 120 3349 189 3378; x_wconf 87' lang='lat' dir='ltr'>bum</span> <span class='ocrx_word' id='word_1_734' title='bbox 201 3349 330 3379; x_wconf 92' lang='lat' dir='ltr'>dolorem</span> <span class='ocrx_word' id='word_1_735' title='bbox 338 3356 522 3378; x_wconf 87' lang='lat' dir='ltr'>commovent</span> <span class='ocrx_word' id='word_1_736' title='bbox 532 3370 541 3384; x_wconf 88' lang='lat'>,</span> <span class='ocrx_word' id='word_1_737' title='bbox 561 3348 736 3378; x_wconf 85' lang='lat' dir='ltr'>mulierculis</span> <span class='ocrx_word' id='word_1_738' title='bbox 745 3347 906 3386; x_wconf 83' lang='lat' dir='ltr'>praesertim.</span> <span class='ocrx_word' id='word_1_739' title='bbox 1056 3385 1062 3390; x_wconf 94' lang='lat'>.</span> 
     </span>
    </p>

    <p class='ocr_par' dir='ltr' id='par_1_48' title="bbox 101 3384 1229 3501">
     <span class='ocr_line' id='line_1_86' title="bbox 101 3384 1229 3424; baseline -0.001 -9"><span class='ocrx_word' id='word_1_740' title='bbox 101 3385 200 3417; x_wconf 86' lang='lat' dir='ltr'>Bilem.</span> <span class='ocrx_word' id='word_1_741' title='bbox 241 3388 299 3417; x_wconf 86' lang='lat' dir='ltr'>Cic.</span> <span class='ocrx_word' id='word_1_742' title='bbox 309 3397 335 3417; x_wconf 92' lang='lat'>2.</span> <span class='ocrx_word' id='word_1_743' title='bbox 351 3388 406 3417; x_wconf 85' lang='lat' dir='ltr'>Att.</span> <span class='ocrx_word' id='word_1_744' title='bbox 420 3396 445 3424; x_wconf 91' lang='lat'>7.</span> <span class='ocrx_word' id='word_1_745' title='bbox 468 3387 601 3416; x_wconf 82' lang='lat' dir='ltr'>Acueram</span> <span class='ocrx_word' id='word_1_746' title='bbox 614 3396 660 3416; x_wconf 91' lang='lat' dir='ltr'>me</span> <span class='ocrx_word' id='word_1_747' title='bbox 678 3387 714 3415; x_wconf 88' lang='lat' dir='ltr'>ad</span> <span class='ocrx_word' id='word_1_748' title='bbox 725 3386 920 3422; x_wconf 77' lang='lat' dir='ltr'>exagitandam</span> <span class='ocrx_word' id='word_1_749' title='bbox 942 3385 1015 3413; x_wconf 83' lang='lat' dir='ltr'>hanc</span> <span class='ocrx_word' id='word_1_750' title='bbox 1037 3394 1096 3420; x_wconf 73' lang='lat' dir='ltr'>ejus</span> <span class='ocrx_word' id='word_1_751' title='bbox 1114 3384 1229 3422; x_wconf 87' lang='lat' dir='ltr'>legatio-</span> 
     </span>
     <span class='ocr_line' id='line_1_87' title="bbox 121 3423 1229 3466; baseline -0.002 -11"><span class='ocrx_word' id='word_1_752' title='bbox 121 3434 207 3460; x_wconf 87' lang='lat' dir='ltr'>nem,</span> <span class='ocrx_word' id='word_1_753' title='bbox 227 3435 311 3463; x_wconf 87' lang='lat' dir='ltr'>quam</span> <span class='ocrx_word' id='word_1_754' title='bbox 322 3424 370 3454; x_wconf 91' lang='lat' dir='ltr'>ille</span> <span class='ocrx_word' id='word_1_755' title='bbox 380 3425 556 3454; x_wconf 87' lang='lat' dir='ltr'>contemnit:</span> <span class='ocrx_word' id='word_1_756' title='bbox 577 3425 624 3454; x_wconf 90' lang='lat' dir='ltr'>etsi</span> <span class='ocrx_word' id='word_1_757' title='bbox 645 3426 696 3461; x_wconf 85' lang='lat' dir='ltr'>(ut</span> <span class='ocrx_word' id='word_1_758' title='bbox 710 3423 826 3459; x_wconf 89' lang='lat' dir='ltr'>scribis)</span> <span class='ocrx_word' id='word_1_759' title='bbox 847 3423 933 3452; x_wconf 86' lang='lat' dir='ltr'>bilem</span> <span class='ocrx_word' id='word_1_760' title='bbox 954 3423 1180 3466; x_wconf 70' lang='lat' dir='ltr'>idconimovet,</span> <span class='ocrx_word' id='word_1_761' title='bbox 1200 3424 1229 3453; x_wconf 74' lang='grc' dir='ltr'>δε</span> 
     </span>
     <span class='ocr_line' id='line_1_88' title="bbox 121 3461 1057 3501; baseline -0.003 -9"><span class='ocrx_word' id='word_1_762' title='bbox 121 3461 256 3494; x_wconf 88' lang='lat' dir='ltr'>latoribus</span> <span class='ocrx_word' id='word_1_763' title='bbox 265 3485 274 3498; x_wconf 92' lang='lat'>,</span> <span class='ocrx_word' id='word_1_764' title='bbox 294 3465 321 3493; x_wconf 85' lang='lat'>&amp;</span> <span class='ocrx_word' id='word_1_765' title='bbox 330 3463 488 3501; x_wconf 88' lang='lat' dir='ltr'>auspicibus</span> <span class='ocrx_word' id='word_1_766' title='bbox 498 3462 566 3500; x_wconf 87' lang='lat' dir='ltr'>legis</span> <span class='ocrx_word' id='word_1_767' title='bbox 577 3462 694 3492; x_wconf 76' lang='lat' dir='ltr'>Curiatae</span> <span class='ocrx_word' id='word_1_768' title='bbox 705 3461 894 3500; x_wconf 69' lang='lat' dir='ltr'>spectaculum</span> <span class='ocrx_word' id='word_1_769' title='bbox 904 3470 1057 3499; x_wconf 83' lang='lat' dir='ltr'>egregium.</span> 
     </span>
    </p>

    <p class='ocr_par' dir='ltr' id='par_1_49' title="bbox 102 3499 603 3537">
     <span class='ocr_line' id='line_1_89' title="bbox 102 3499 603 3537; baseline -0.002 -6"><span class='ocrx_word' id='word_1_770' title='bbox 102 3499 191 3531; x_wconf 84' lang='lat' dir='ltr'>AEstus</span> <span class='ocrx_word' id='word_1_771' title='bbox 201 3500 277 3530; x_wconf 91' lang='lat' dir='ltr'>belli.</span> <span class='ocrx_word' id='word_1_772' title='bbox 299 3500 406 3533; x_wconf 86' lang='lat' dir='ltr'>Lucret.</span> <span class='ocrx_word' id='word_1_773' title='bbox 420 3500 469 3531; x_wconf 91' lang='lat' dir='ltr'>lib.</span> <span class='ocrx_word' id='word_1_774' title='bbox 484 3511 509 3536; x_wconf 86' lang='lat'>5.</span> <span class='ocrx_word' id='word_1_775' title='bbox 521 3509 603 3537; x_wconf 84' lang='lat'>1434.</span> 
     </span>
    </p>

    <p class='ocr_par' dir='ltr' id='par_1_50' title="bbox 103 3538 1126 3580">
     <span class='ocr_line' id='line_1_90' title="bbox 103 3538 1126 3580; baseline 0.003 -13"><span class='ocrx_word' id='word_1_776' title='bbox 103 3538 193 3568; x_wconf 85' lang='lat' dir='ltr'>Arma.</span> <span class='ocrx_word' id='word_1_777' title='bbox 215 3539 262 3568; x_wconf 87' lang='lat' dir='ltr'>Sil.</span> <span class='ocrx_word' id='word_1_778' title='bbox 276 3538 324 3568; x_wconf 90' lang='lat' dir='ltr'>lib.</span> <span class='ocrx_word' id='word_1_779' title='bbox 340 3544 365 3573; x_wconf 90' lang='lat'>8.</span> <span class='ocrx_word' id='word_1_780' title='bbox 381 3549 446 3574; x_wconf 73' lang='lat'>405·</span> <span class='ocrx_word' id='word_1_781' title='bbox 1119 3574 1126 3580; x_wconf 57' lang='grc'><strong>,</strong></span> 
     </span>
    </p>

    <p class='ocr_par' dir='ltr' id='par_1_51' title="bbox 103 3571 1227 3650">
     <span class='ocr_line' id='line_1_91' title="bbox 103 3571 1227 3613; baseline -0.002 -7"><span class='ocrx_word' id='word_1_782' title='bbox 103 3575 222 3606; x_wconf 87' lang='lat' dir='ltr'>Bellum.</span> <span class='ocrx_word' id='word_1_783' title='bbox 259 3576 319 3606; x_wconf 88' lang='lat' dir='ltr'>Cic.</span> <span class='ocrx_word' id='word_1_784' title='bbox 332 3587 357 3612; x_wconf 90' lang='lat'>9.</span> <span class='ocrx_word' id='word_1_785' title='bbox 371 3575 446 3606; x_wconf 86' lang='lat' dir='ltr'>Fam.</span> <span class='ocrx_word' id='word_1_786' title='bbox 460 3585 502 3610; x_wconf 78' lang='grc' dir='ltr'>η.</span> <span class='ocrx_word' id='word_1_787' title='bbox 525 3575 613 3612; x_wconf 81' lang='lat' dir='ltr'>Quod</span> <span class='ocrx_word' id='word_1_788' title='bbox 622 3574 728 3609; x_wconf 83' lang='lat' dir='ltr'>bellum</span> <span class='ocrx_word' id='word_1_789' title='bbox 740 3579 916 3605; x_wconf 87' lang='lat' dir='ltr'>commotum</span> <span class='ocrx_word' id='word_1_790' title='bbox 931 3583 947 3604; x_wconf 89' lang='lat' dir='ltr'>a</span> <span class='ocrx_word' id='word_1_791' title='bbox 957 3571 1076 3612; x_wconf 85' lang='lat' dir='ltr'>Scapula</span> <span class='ocrx_word' id='word_1_792' title='bbox 1087 3595 1096 3610; x_wconf 89' lang='lat'>‚</span> <span class='ocrx_word' id='word_1_793' title='bbox 1117 3579 1157 3604; x_wconf 87' lang='lat' dir='ltr'>ita</span> <span class='ocrx_word' id='word_1_794' title='bbox 1175 3584 1227 3613; x_wconf 86' lang='lat' dir='ltr'>po-</span> 
     </span>
     <span class='ocr_line' id='line_1_92' title="bbox 121 3613 852 3650; baseline 0 -8"><span class='ocrx_word' id='word_1_795' title='bbox 121 3614 178 3643; x_wconf 82' lang='lat' dir='ltr'>stea</span> <span class='ocrx_word' id='word_1_796' title='bbox 186 3613 380 3644; x_wconf 83' lang='lat' dir='ltr'>confirmatum</span> <span class='ocrx_word' id='word_1_797' title='bbox 393 3615 431 3644; x_wconf 86' lang='lat' dir='ltr'>est</span> <span class='ocrx_word' id='word_1_798' title='bbox 442 3624 457 3643; x_wconf 85' lang='lat' dir='ltr'>a</span> <span class='ocrx_word' id='word_1_799' title='bbox 471 3614 605 3650; x_wconf 89' lang='lat' dir='ltr'>Pompeio</span> <span class='ocrx_word' id='word_1_800' title='bbox 617 3635 625 3648; x_wconf 88' lang='lat'>,</span> <span class='ocrx_word' id='word_1_801' title='bbox 645 3613 762 3642; x_wconf 86' lang='lat' dir='ltr'>utnulla</span> <span class='ocrx_word' id='word_1_802' title='bbox 773 3635 782 3649; x_wconf 92' lang='lat'>,</span> <span class='ocrx_word' id='word_1_803' title='bbox 799 3615 852 3643; x_wconf 78' lang='grc' dir='ltr'>διο.</span> 
     </span>
    </p>

    <p class='ocr_par' dir='ltr' id='par_1_52' title="bbox 103 3650 724 3688">
     <span class='ocr_line' id='line_1_93' title="bbox 103 3650 724 3688; baseline -0.005 -6"><span class='ocrx_word' id='word_1_804' title='bbox 103 3650 340 3688; x_wconf 73' lang='lat' dir='ltr'>Indignationem.</span> <span class='ocrx_word' id='word_1_805' title='bbox 362 3654 463 3682; x_wconf 63' lang='lat' dir='ltr'>Auctor</span> <span class='ocrx_word' id='word_1_806' title='bbox 473 3652 509 3681; x_wconf 88' lang='lat' dir='ltr'>ad</span> <span class='ocrx_word' id='word_1_807' title='bbox 521 3652 623 3680; x_wconf 84' lang='lat' dir='ltr'>Hercu.</span> <span class='ocrx_word' id='word_1_808' title='bbox 641 3651 724 3686; x_wconf 83' lang='lat' dir='ltr'>lib.4.</span> 
     </span>
    </p>

    <p class='ocr_par' dir='ltr' id='par_1_53' title="bbox 100 3684 1228 3726">
     <span class='ocr_line' id='line_1_94' title="bbox 100 3684 1228 3726; baseline -0.002 -6"><span class='ocrx_word' id='word_1_809' title='bbox 100 3688 252 3720; x_wconf 82' lang='lat' dir='ltr'>Invidiam.</span> <span class='ocrx_word' id='word_1_810' title='bbox 293 3690 352 3719; x_wconf 87' lang='lat' dir='ltr'>Cic.</span> <span class='ocrx_word' id='word_1_811' title='bbox 363 3699 387 3725; x_wconf 77' lang='lat'>3.</span> <span class='ocrx_word' id='word_1_812' title='bbox 400 3691 474 3719; x_wconf 85' lang='lat' dir='ltr'>Verr.</span> <span class='ocrx_word' id='word_1_813' title='bbox 488 3701 497 3718; x_wconf 89' lang='lat' dir='ltr'>i</span> <span class='ocrx_word' id='word_1_814' title='bbox 506 3701 529 3723; x_wconf 84' lang='grc' dir='ltr'>ς.</span> <span class='ocrx_word' id='word_1_815' title='bbox 552 3690 605 3718; x_wconf 91' lang='lat' dir='ltr'>Hic</span> <span class='ocrx_word' id='word_1_816' title='bbox 615 3689 701 3718; x_wconf 83' lang='lat' dir='ltr'>etiam</span> <span class='ocrx_word' id='word_1_817' title='bbox 713 3689 804 3726; x_wconf 89' lang='lat' dir='ltr'>priore</span> <span class='ocrx_word' id='word_1_818' title='bbox 814 3687 924 3717; x_wconf 71' lang='lat' dir='ltr'>afflone</span> <span class='ocrx_word' id='word_1_819' title='bbox 937 3686 992 3723; x_wconf 85' lang='lat' dir='ltr'>Qu.</span> <span class='ocrx_word' id='word_1_820' title='bbox 1004 3684 1165 3717; x_wconf 84' lang='lat' dir='ltr'>Hortensius</span> <span class='ocrx_word' id='word_1_821' title='bbox 1176 3697 1228 3726; x_wconf 88' lang='lat' dir='ltr'>pu-</span> 
     </span>
    </p>

    <p class='ocr_par' dir='ltr' id='par_1_54' title="bbox 18 3725 1229 3803">
     <span class='ocr_line' id='line_1_95' title="bbox 18 3725 1228 3766; baseline 0 -10"><span class='ocrx_word' id='word_1_822' title='bbox 18 3736 23 3749; x_wconf 61' lang='lat'>«</span> <span class='ocrx_word' id='word_1_823' title='bbox 123 3727 225 3765; x_wconf 86' lang='lat' dir='ltr'>pillum</span> <span class='ocrx_word' id='word_1_824' title='bbox 236 3727 353 3763; x_wconf 82' lang='lat' dir='ltr'>Junium</span> <span class='ocrx_word' id='word_1_825' title='bbox 364 3729 467 3757; x_wconf 81' lang='lat' dir='ltr'>venisse</span> <span class='ocrx_word' id='word_1_826' title='bbox 482 3734 678 3766; x_wconf 79' lang='lat' dir='ltr'>praetextatum</span> <span class='ocrx_word' id='word_1_827' title='bbox 694 3728 723 3755; x_wconf 91' lang='lat' dir='ltr'>in</span> <span class='ocrx_word' id='word_1_828' title='bbox 742 3727 860 3755; x_wconf 85' lang='lat' dir='ltr'>vestrum</span> <span class='ocrx_word' id='word_1_829' title='bbox 872 3725 1053 3762; x_wconf 65' lang='lat' dir='ltr'>conspectum</span> <span class='ocrx_word' id='word_1_830' title='bbox 1069 3747 1078 3760; x_wconf 91' lang='lat'>‚</span> <span class='ocrx_word' id='word_1_831' title='bbox 1102 3727 1127 3755; x_wconf 74' lang='grc' dir='ltr'>δι</span> <span class='ocrx_word' id='word_1_832' title='bbox 1147 3727 1228 3756; x_wconf 83' lang='lat' dir='ltr'>testes</span> 
     </span>
     <span class='ocr_line' id='line_1_96' title="bbox 123 3763 1229 3803; baseline -0.002 -8"><span class='ocrx_word' id='word_1_833' title='bbox 123 3766 234 3799; x_wconf 85' lang='lat' dir='ltr'>secum,</span> <span class='ocrx_word' id='word_1_834' title='bbox 256 3773 355 3803; x_wconf 87' lang='lat' dir='ltr'>patruo</span> <span class='ocrx_word' id='word_1_835' title='bbox 379 3767 569 3795; x_wconf 75' lang='lat' dir='ltr'>testimonium</span> <span class='ocrx_word' id='word_1_836' title='bbox 592 3765 705 3794; x_wconf 85' lang='lat' dir='ltr'>dicente</span> <span class='ocrx_word' id='word_1_837' title='bbox 716 3786 724 3798; x_wconf 85' lang='lat'>,</span> <span class='ocrx_word' id='word_1_838' title='bbox 747 3764 857 3801; x_wconf 89' lang='lat' dir='ltr'>questus</span> <span class='ocrx_word' id='word_1_839' title='bbox 875 3763 931 3792; x_wconf 88' lang='lat' dir='ltr'>est:</span> <span class='ocrx_word' id='word_1_840' title='bbox 953 3764 979 3792; x_wconf 87' lang='lat'>&amp;</span> <span class='ocrx_word' id='word_1_841' title='bbox 996 3773 1041 3791; x_wconf 92' lang='lat' dir='ltr'>me</span> <span class='ocrx_word' id='word_1_842' title='bbox 1056 3763 1229 3801; x_wconf 88' lang='lat' dir='ltr'>populariter</span> 
     </span>
    </p>

    <p class='ocr_par' dir='ltr' id='par_1_55' title="bbox 37 3801 1228 3843">
     <span class='ocr_line' id='line_1_97' title="bbox 37 3801 1228 3843; baseline -0.001 -10"><span class='ocrx_word' id='word_1_843' title='bbox 37 3824 39 3843; x_wconf 73' lang='grc'>,</span> <span class='ocrx_word' id='word_1_844' title='bbox 124 3813 203 3840; x_wconf 81' lang='lat' dir='ltr'>agere</span> <span class='ocrx_word' id='word_1_845' title='bbox 212 3825 221 3838; x_wconf 86' lang='lat'>,</span> <span class='ocrx_word' id='word_1_846' title='bbox 241 3810 325 3840; x_wconf 88' lang='lat' dir='ltr'>atque</span> <span class='ocrx_word' id='word_1_847' title='bbox 337 3805 471 3833; x_wconf 80' lang='lat' dir='ltr'>invidiam</span> <span class='ocrx_word' id='word_1_848' title='bbox 482 3812 675 3835; x_wconf 85' lang='lat' dir='ltr'>commovere,</span> <span class='ocrx_word' id='word_1_849' title='bbox 693 3803 770 3838; x_wconf 88' lang='lat' dir='ltr'>quod</span> <span class='ocrx_word' id='word_1_850' title='bbox 781 3810 901 3840; x_wconf 85' lang='lat' dir='ltr'>puerum</span> <span class='ocrx_word' id='word_1_851' title='bbox 908 3801 1095 3839; x_wconf 69' lang='lat' dir='ltr'>producerem</span> <span class='ocrx_word' id='word_1_852' title='bbox 1104 3823 1114 3838; x_wconf 91' lang='lat'>‚</span> <span class='ocrx_word' id='word_1_853' title='bbox 1133 3802 1228 3832; x_wconf 77' lang='lat' dir='ltr'>clami-</span> 
     </span>
    </p>

    <p class='ocr_par' dir='ltr' id='par_1_56' title="bbox 38 3841 675 3876">
     <span class='ocr_line' id='line_1_98' title="bbox 38 3841 675 3876; baseline -0.002 -7"><span class='ocrx_word' id='word_1_854' title='bbox 38 3854 39 3868; x_wconf 81' lang='lat' dir='ltr'>i</span> <span class='ocrx_word' id='word_1_855' title='bbox 125 3842 201 3870; x_wconf 85' lang='lat' dir='ltr'>tavit.</span> <span class='ocrx_word' id='word_1_856' title='bbox 232 3842 250 3870; x_wconf 91' lang='lat' dir='ltr'>i.</span> <span class='ocrx_word' id='word_1_857' title='bbox 262 3851 286 3870; x_wconf 85' lang='lat' dir='ltr'>e.</span> <span class='ocrx_word' id='word_1_858' title='bbox 309 3841 389 3870; x_wconf 90' lang='lat' dir='ltr'>Ciere</span> <span class='ocrx_word' id='word_1_859' title='bbox 401 3864 408 3876; x_wconf 90' lang='lat'>,</span> <span class='ocrx_word' id='word_1_860' title='bbox 431 3849 461 3871; x_wconf 93' lang='lat' dir='ltr'>ut</span> <span class='ocrx_word' id='word_1_861' title='bbox 476 3842 535 3870; x_wconf 93' lang='lat' dir='ltr'>vult</span> <span class='ocrx_word' id='word_1_862' title='bbox 548 3841 675 3870; x_wconf 80' lang='lat' dir='ltr'>Budaeus.</span> 
     </span>
    </p>

    <p class='ocr_par' dir='ltr' id='par_1_57' title="bbox 104 3878 1080 3991">
     <span class='ocr_line' id='line_1_99' title="bbox 105 3878 780 3911; baseline -0.003 -4"><span class='ocrx_word' id='word_1_863' title='bbox 105 3878 275 3908; x_wconf 85' lang='lat' dir='ltr'>Memoriam</span> <span class='ocrx_word' id='word_1_864' title='bbox 286 3879 401 3911; x_wconf 76' lang='lat' dir='ltr'>alicuius</span> <span class='ocrx_word' id='word_1_865' title='bbox 413 3880 461 3908; x_wconf 89' lang='lat' dir='ltr'>rei.</span> <span class='ocrx_word' id='word_1_866' title='bbox 483 3879 542 3908; x_wconf 90' lang='lat' dir='ltr'>Cic.</span> <span class='ocrx_word' id='word_1_867' title='bbox 554 3888 580 3908; x_wconf 86' lang='lat'>2.</span> <span class='ocrx_word' id='word_1_868' title='bbox 592 3880 628 3907; x_wconf 88' lang='lat' dir='ltr'>de</span> <span class='ocrx_word' id='word_1_869' title='bbox 639 3878 717 3907; x_wconf 87' lang='lat' dir='ltr'>Orat.</span> <span class='ocrx_word' id='word_1_870' title='bbox 733 3886 780 3906; x_wconf 88' lang='lat'>20.</span> 
     </span>
     <span class='ocr_line' id='line_1_100' title="bbox 105 3916 780 3957; baseline -0.004 -11"><span class='ocrx_word' id='word_1_871' title='bbox 105 3916 326 3946; x_wconf 66' lang='lat' dir='ltr'>miserationem.</span> <span class='ocrx_word' id='word_1_872' title='bbox 345 3917 466 3953; x_wconf 84' lang='lat' dir='ltr'>Quintil.</span> <span class='ocrx_word' id='word_1_873' title='bbox 480 3917 528 3946; x_wconf 88' lang='lat' dir='ltr'>lib.</span> <span class='ocrx_word' id='word_1_874' title='bbox 544 3920 570 3946; x_wconf 90' lang='lat'>6.</span> <span class='ocrx_word' id='word_1_875' title='bbox 581 3926 644 3953; x_wconf 87' lang='lat' dir='ltr'>cap.</span> <span class='ocrx_word' id='word_1_876' title='bbox 660 3926 681 3944; x_wconf 84' lang='lat' dir='ltr'>r.</span> <span class='ocrx_word' id='word_1_877' title='bbox 775 3951 780 3957; x_wconf 38' lang='lat'>¹</span> 
     </span>
     <span class='ocr_line' id='line_1_101' title="bbox 104 3950 1080 3991; baseline -0.003 -6"><span class='ocrx_word' id='word_1_878' title='bbox 104 3954 345 3991; x_wconf 59' lang='lat' dir='ltr'>Misericordiam,</span> <span class='ocrx_word' id='word_1_879' title='bbox 365 3955 522 3991; x_wconf 81' lang='lat' dir='ltr'>invidiam,</span> <span class='ocrx_word' id='word_1_880' title='bbox 543 3953 727 3984; x_wconf 83' lang='lat' dir='ltr'>iracundiam.</span> <span class='ocrx_word' id='word_1_881' title='bbox 749 3951 808 3982; x_wconf 85' lang='lat' dir='ltr'>Cic.</span> <span class='ocrx_word' id='word_1_882' title='bbox 823 3960 851 3983; x_wconf 90' lang='lat'>2.</span> <span class='ocrx_word' id='word_1_883' title='bbox 867 3951 904 3981; x_wconf 84' lang='lat' dir='ltr'>de</span> <span class='ocrx_word' id='word_1_884' title='bbox 923 3950 1000 3982; x_wconf 75' lang='lat' dir='ltr'>Orat.</span> <span class='ocrx_word' id='word_1_885' title='bbox 1016 3960 1080 3990; x_wconf 68' lang='grc' dir='ltr'>ης.</span> 
     </span>
    </p>
   </div>
   <div class='ocr_carea' id='block_1_5' title="bbox 926 2095 1062 2134">
    <p class='ocr_par' dir='ltr' id='par_1_58' title="bbox 926 2095 1062 2134">
     <span class='ocr_line' id='line_1_102' title="bbox 926 2095 1062 2134; baseline 0.007 -7"><span class='ocrx_word' id='word_1_886' title='bbox 926 2097 962 2127; x_wconf 91' lang='lat' dir='ltr'>Et</span> <span class='ocrx_word' id='word_1_887' title='bbox 979 2095 1004 2128; x_wconf 88' lang='lat' dir='ltr'>v.</span> <span class='ocrx_word' id='word_1_888' title='bbox 1021 2106 1062 2134; x_wconf 79' lang='lat'>52.</span> 
     </span>
    </p>
   </div>
   <div class='ocr_carea' id='block_1_6' title="bbox 0 310 45 3617">
    <p class='ocr_par' dir='ltr' id='par_1_59' title="bbox 0 310 45 3617">
     <span class='ocr_line' id='line_1_103' title="bbox 0 310 45 3617; baseline 0 0"><span class='ocrx_word' id='word_1_889' title='bbox 0 310 45 3617; x_wconf 95' lang='lat' dir='ltr'> </span> 
     </span>
    </p>
   </div>
   <div class='ocr_carea' id='block_1_7' title="bbox 1666 125 1969 161">
    <p class='ocr_par' dir='ltr' id='par_1_60' title="bbox 1666 125 1969 161">
     <span class='ocr_line' id='line_1_104' title="bbox 1666 125 1969 161; baseline 0.003 -1"><span class='ocrx_word' id='word_1_890' title='bbox 1666 125 1697 160; x_wconf 88' lang='lat' dir='ltr'>C</span> <span class='ocrx_word' id='word_1_891' title='bbox 1795 125 1831 160; x_wconf 91' lang='grc' dir='ltr'>Ο</span> <span class='ocrx_word' id='word_1_892' title='bbox 1929 127 1969 161; x_wconf 90' lang='grc' dir='ltr'>Μ</span> 
     </span>
    </p>
   </div>
   <div class='ocr_carea' id='block_1_8' title="bbox 1284 204 2451 770">
    <p class='ocr_par' dir='ltr' id='par_1_61' title="bbox 1314 204 1738 236">
     <span class='ocr_line' id='line_1_105' title="bbox 1314 204 1738 236; baseline 0.002 -2"><span class='ocrx_word' id='word_1_893' title='bbox 1314 204 1480 236; x_wconf 85' lang='lat' dir='ltr'>Nummum.</span> <span class='ocrx_word' id='word_1_894' title='bbox 1512 205 1545 236; x_wconf 82' lang='lat' dir='ltr'>V.</span> <span class='ocrx_word' id='word_1_895' title='bbox 1567 214 1588 235; x_wconf 75' lang='lat' dir='ltr'>N</span> <span class='ocrx_word' id='word_1_896' title='bbox 1598 215 1646 236; x_wconf 84' lang='lat' dir='ltr'>uM</span> <span class='ocrx_word' id='word_1_897' title='bbox 1657 217 1676 235; x_wconf 87' lang='lat' dir='ltr'><strong>M</strong></span> <span class='ocrx_word' id='word_1_898' title='bbox 1686 216 1705 235; x_wconf 84' lang='lat' dir='ltr'>u</span> <span class='ocrx_word' id='word_1_899' title='bbox 1716 216 1738 236; x_wconf 88' lang='lat' dir='ltr'>s.</span> 
     </span>
    </p>

    <p class='ocr_par' dir='ltr' id='par_1_62' title="bbox 1317 243 1971 282">
     <span class='ocr_line' id='line_1_106' title="bbox 1317 243 1971 282; baseline 0.005 -10"><span class='ocrx_word' id='word_1_900' title='bbox 1317 243 1425 272; x_wconf 85' lang='lat' dir='ltr'>Odium</span> <span class='ocrx_word' id='word_1_901' title='bbox 1436 244 1601 281; x_wconf 83' lang='lat' dir='ltr'>inaliquem.</span> <span class='ocrx_word' id='word_1_902' title='bbox 1625 245 1684 274; x_wconf 85' lang='lat' dir='ltr'>Cic.</span> <span class='ocrx_word' id='word_1_903' title='bbox 1704 254 1727 274; x_wconf 86' lang='lat'>1.</span> <span class='ocrx_word' id='word_1_904' title='bbox 1741 244 1893 274; x_wconf 85' lang='lat' dir='ltr'>delnvent.</span> <span class='ocrx_word' id='word_1_905' title='bbox 1907 255 1971 282; x_wconf 80' lang='lat'>103.</span> 
     </span>
    </p>

    <p class='ocr_par' dir='ltr' id='par_1_63' title="bbox 1319 281 2443 360">
     <span class='ocr_line' id='line_1_107' title="bbox 1319 281 2443 327; baseline 0.008 -18"><span class='ocrx_word' id='word_1_906' title='bbox 1319 281 1514 318; x_wconf 83' lang='lat' dir='ltr'>Suspicionem</span> <span class='ocrx_word' id='word_1_907' title='bbox 1527 283 1555 310; x_wconf 79' lang='lat' dir='ltr'>in</span> <span class='ocrx_word' id='word_1_908' title='bbox 1568 282 1698 319; x_wconf 76' lang='lat' dir='ltr'>aliquem.</span> <span class='ocrx_word' id='word_1_909' title='bbox 1729 283 1787 312; x_wconf 89' lang='lat' dir='ltr'>Cic.</span> <span class='ocrx_word' id='word_1_910' title='bbox 1802 293 1851 320; x_wconf 88' lang='lat' dir='ltr'>pro</span> <span class='ocrx_word' id='word_1_911' title='bbox 1866 282 1976 313; x_wconf 89' lang='lat' dir='ltr'>Cluent.</span> <span class='ocrx_word' id='word_1_912' title='bbox 1990 289 2050 318; x_wconf 85' lang='lat'>180.</span> <span class='ocrx_word' id='word_1_913' title='bbox 2074 284 2158 314; x_wconf 84' lang='lat' dir='ltr'>Furto</span> <span class='ocrx_word' id='word_1_914' title='bbox 2169 284 2302 323; x_wconf 84' lang='lat' dir='ltr'>postridie</span> <span class='ocrx_word' id='word_1_915' title='bbox 2312 289 2443 327; x_wconf 82' lang='lat' dir='ltr'>cognito,</span> 
     </span>
     <span class='ocr_line' id='line_1_108' title="bbox 1336 319 2407 360; baseline 0.009 -14"><span class='ocrx_word' id='word_1_916' title='bbox 1336 320 1428 347; x_wconf 86' lang='lat' dir='ltr'>omnis</span> <span class='ocrx_word' id='word_1_917' title='bbox 1445 319 1560 356; x_wconf 84' lang='lat' dir='ltr'>suspicio</span> <span class='ocrx_word' id='word_1_918' title='bbox 1569 321 1597 349; x_wconf 91' lang='lat' dir='ltr'>in</span> <span class='ocrx_word' id='word_1_919' title='bbox 1609 330 1656 349; x_wconf 83' lang='lat' dir='ltr'>eos</span> <span class='ocrx_word' id='word_1_920' title='bbox 1669 319 1758 350; x_wconf 89' lang='lat' dir='ltr'>servos</span> <span class='ocrx_word' id='word_1_921' title='bbox 1768 343 1775 355; x_wconf 87' lang='lat'>,</span> <span class='ocrx_word' id='word_1_922' title='bbox 1797 322 1844 357; x_wconf 91' lang='lat' dir='ltr'>qui</span> <span class='ocrx_word' id='word_1_923' title='bbox 1858 331 1914 349; x_wconf 87' lang='lat' dir='ltr'>non</span> <span class='ocrx_word' id='word_1_924' title='bbox 1925 323 2126 360; x_wconf 82' lang='lat' dir='ltr'>comparebant</span> <span class='ocrx_word' id='word_1_925' title='bbox 2137 345 2146 358; x_wconf 91' lang='lat'>,</span> <span class='ocrx_word' id='word_1_926' title='bbox 2167 325 2407 357; x_wconf 85' lang='lat' dir='ltr'>commovebatur.</span> 
     </span>
    </p>

    <p class='ocr_par' dir='ltr' id='par_1_64' title="bbox 1318 355 1945 395">
     <span class='ocr_line' id='line_1_109' title="bbox 1318 355 1945 395; baseline 0.006 -11"><span class='ocrx_word' id='word_1_927' title='bbox 1318 355 1486 386; x_wconf 83' lang='lat' dir='ltr'>Tumultum</span> <span class='ocrx_word' id='word_1_928' title='bbox 1499 364 1546 386; x_wconf 85' lang='lat' dir='ltr'>aut</span> <span class='ocrx_word' id='word_1_929' title='bbox 1557 358 1673 387; x_wconf 84' lang='lat' dir='ltr'>bellum.</span> <span class='ocrx_word' id='word_1_930' title='bbox 1696 358 1754 388; x_wconf 88' lang='lat' dir='ltr'>Cic.</span> <span class='ocrx_word' id='word_1_931' title='bbox 1767 368 1793 395; x_wconf 86' lang='lat'>7.</span> <span class='ocrx_word' id='word_1_932' title='bbox 1810 359 1884 387; x_wconf 87' lang='lat' dir='ltr'>Verr.</span> <span class='ocrx_word' id='word_1_933' title='bbox 1900 369 1945 388; x_wconf 89' lang='lat'>20.</span> 
     </span>
    </p>

    <p class='ocr_par' dir='ltr' id='par_1_65' title="bbox 1319 393 2451 534">
     <span class='ocr_line' id='line_1_110' title="bbox 1319 393 2446 435; baseline 0.009 -14"><span class='ocrx_word' id='word_1_934' title='bbox 1319 393 1525 429; x_wconf 62' lang='lat' dir='ltr'>commossem.</span> <span class='ocrx_word' id='word_1_935' title='bbox 1549 406 1598 432; x_wconf 86' lang='lat' dir='ltr'>pro</span> <span class='ocrx_word' id='word_1_936' title='bbox 1611 396 1845 425; x_wconf 82' lang='lat' dir='ltr'>Commovissem:</span> <span class='ocrx_word' id='word_1_937' title='bbox 1869 398 1894 426; x_wconf 71' lang='grc' dir='ltr'>δι</span> <span class='ocrx_word' id='word_1_938' title='bbox 1907 397 2078 433; x_wconf 81' lang='lat' dir='ltr'>Commorat,</span> <span class='ocrx_word' id='word_1_939' title='bbox 2098 408 2149 435; x_wconf 91' lang='lat' dir='ltr'>pro</span> <span class='ocrx_word' id='word_1_940' title='bbox 2161 398 2365 429; x_wconf 86' lang='lat' dir='ltr'>Commoverat.</span> <span class='ocrx_word' id='word_1_941' title='bbox 2386 402 2446 432; x_wconf 87' lang='lat' dir='ltr'>Cic.</span> 
     </span>
     <span class='ocr_line' id='line_1_111' title="bbox 1339 431 2451 473; baseline 0.006 -14"><span class='ocrx_word' id='word_1_942' title='bbox 1339 441 1391 468; x_wconf 90' lang='lat' dir='ltr'>pro</span> <span class='ocrx_word' id='word_1_943' title='bbox 1402 431 1492 460; x_wconf 79' lang='lat' dir='ltr'>Plane.</span> <span class='ocrx_word' id='word_1_944' title='bbox 1503 437 1548 461; x_wconf 82' lang='lat'>60.</span> <span class='ocrx_word' id='word_1_945' title='bbox 1571 435 1611 461; x_wconf 74' lang='lat' dir='ltr'>An</span> <span class='ocrx_word' id='word_1_946' title='bbox 1621 433 1638 461; x_wconf 83' lang='lat' dir='ltr'>si</span> <span class='ocrx_word' id='word_1_947' title='bbox 1648 443 1770 469; x_wconf 87' lang='lat' dir='ltr'>unquam</span> <span class='ocrx_word' id='word_1_948' title='bbox 1783 435 1811 463; x_wconf 91' lang='lat' dir='ltr'>in</span> <span class='ocrx_word' id='word_1_949' title='bbox 1823 444 1868 462; x_wconf 88' lang='lat' dir='ltr'>me</span> <span class='ocrx_word' id='word_1_950' title='bbox 1877 435 1939 464; x_wconf 84' lang='lat' dir='ltr'>vitae</span> <span class='ocrx_word' id='word_1_951' title='bbox 1950 436 2089 473; x_wconf 85' lang='lat' dir='ltr'>cupiditas</span> <span class='ocrx_word' id='word_1_952' title='bbox 2102 435 2208 471; x_wconf 73' lang='lat' dir='ltr'>suisset,</span> <span class='ocrx_word' id='word_1_953' title='bbox 2234 446 2285 473; x_wconf 82' lang='lat' dir='ltr'>ego</span> <span class='ocrx_word' id='word_1_954' title='bbox 2294 437 2387 468; x_wconf 87' lang='lat' dir='ltr'>mense</span> <span class='ocrx_word' id='word_1_955' title='bbox 2396 440 2451 469; x_wconf 90' lang='lat' dir='ltr'>De.</span> 
     </span>
     <span class='ocr_line' id='line_1_112' title="bbox 1341 469 2448 534; baseline 0.009 -38"><span class='ocrx_word' id='word_1_956' title='bbox 1341 469 1446 534; x_wconf 50' lang='lat' dir='ltr'>{embri</span> <span class='ocrx_word' id='word_1_957' title='bbox 1464 471 1519 498; x_wconf 90' lang='lat' dir='ltr'>mei</span> <span class='ocrx_word' id='word_1_958' title='bbox 1530 470 1694 500; x_wconf 77' lang='lat' dir='ltr'>Consulatus</span> <span class='ocrx_word' id='word_1_959' title='bbox 1705 473 1831 501; x_wconf 87' lang='lat' dir='ltr'>omnium</span> <span class='ocrx_word' id='word_1_960' title='bbox 1843 473 2042 510; x_wconf 83' lang='lat' dir='ltr'>parricidarum</span> <span class='ocrx_word' id='word_1_961' title='bbox 2060 473 2115 503; x_wconf 88' lang='lat' dir='ltr'>tela</span> <span class='ocrx_word' id='word_1_962' title='bbox 2133 474 2324 504; x_wconf 83' lang='lat' dir='ltr'>commossem.</span> <span class='ocrx_word' id='word_1_963' title='bbox 2345 476 2405 507; x_wconf 87' lang='lat' dir='ltr'>Cic.</span> <span class='ocrx_word' id='word_1_964' title='bbox 2421 483 2448 512; x_wconf 84' lang='lat'>8.</span> 
     </span>
    </p>

    <p class='ocr_par' dir='ltr' id='par_1_66' title="bbox 1284 516 2446 627">
     <span class='ocr_line' id='line_1_113' title="bbox 1363 516 1481 542; baseline 0.017 -8"><span class='ocrx_word' id='word_1_965' title='bbox 1363 516 1417 535; x_wconf 80' lang='lat' dir='ltr'>ani.</span> <span class='ocrx_word' id='word_1_966' title='bbox 1440 516 1481 542; x_wconf 75' lang='grc' dir='ltr'>ις.</span> 
     </span>
     <span class='ocr_line' id='line_1_114' title="bbox 1323 542 2393 585; baseline 0.008 -14"><span class='ocrx_word' id='word_1_967' title='bbox 1323 542 1510 574; x_wconf 88' lang='lat' dir='ltr'>Commorunt</span> <span class='ocrx_word' id='word_1_968' title='bbox 1520 555 1629 582; x_wconf 76' lang='lat' dir='ltr'>aequora</span> <span class='ocrx_word' id='word_1_969' title='bbox 1640 547 1724 575; x_wconf 85' lang='lat' dir='ltr'>venti.</span> <span class='ocrx_word' id='word_1_970' title='bbox 1751 545 1856 576; x_wconf 89' lang='lat' dir='ltr'>Lucret.</span> <span class='ocrx_word' id='word_1_971' title='bbox 1870 547 1918 576; x_wconf 90' lang='lat' dir='ltr'>lib.</span> <span class='ocrx_word' id='word_1_972' title='bbox 1933 557 1958 577; x_wconf 90' lang='lat'>2.</span> <span class='ocrx_word' id='word_1_973' title='bbox 1971 551 2034 585; x_wconf 85' lang='lat'>765.</span> <span class='ocrx_word' id='word_1_974' title='bbox 2076 549 2093 577; x_wconf 91' lang='lat' dir='ltr'>i.</span> <span class='ocrx_word' id='word_1_975' title='bbox 2109 558 2133 578; x_wconf 88' lang='lat' dir='ltr'>e.</span> <span class='ocrx_word' id='word_1_976' title='bbox 2163 549 2393 581; x_wconf 88' lang='lat' dir='ltr'>Commoverunt.</span> 
     </span>
     <span class='ocr_line' id='line_1_115' title="bbox 1284 578 2446 627; baseline 0.009 -18"><span class='ocrx_word' id='word_1_977' title='bbox 1284 579 1308 609; x_wconf 94' lang='lat' dir='ltr'>C</span> <span class='ocrx_word' id='word_1_978' title='bbox 1317 591 1334 609; x_wconf 91' lang='lat'>0</span> <span class='ocrx_word' id='word_1_979' title='bbox 1345 592 1365 609; x_wconf 98' lang='lat' dir='ltr'><strong>M</strong></span> <span class='ocrx_word' id='word_1_980' title='bbox 1376 592 1395 609; x_wconf 88' lang='lat' dir='ltr'><strong>M</strong></span> <span class='ocrx_word' id='word_1_981' title='bbox 1405 585 1422 610; x_wconf 86' lang='grc' dir='ltr'>ῦ</span> <span class='ocrx_word' id='word_1_982' title='bbox 1432 591 1451 610; x_wconf 61' lang='lat' dir='ltr'>*r</span> <span class='ocrx_word' id='word_1_983' title='bbox 1461 592 1477 610; x_wconf 90' lang='lat' dir='ltr'>u</span> <span class='ocrx_word' id='word_1_984' title='bbox 1489 592 1510 617; x_wconf 87' lang='lat' dir='ltr'>s,</span> <span class='ocrx_word' id='word_1_985' title='bbox 1523 578 1693 618; x_wconf 42' lang='lat' dir='ltr'>[dammi</span> <span class='ocrx_word' id='word_1_986' title='bbox 1704 585 1717 617; x_wconf 94' lang='lat'>]</span> <span class='ocrx_word' id='word_1_987' title='bbox 1730 583 1824 614; x_wconf 89' lang='lat' dir='ltr'>Partic.</span> <span class='ocrx_word' id='word_1_988' title='bbox 1839 591 1879 619; x_wconf 85' lang='lat' dir='ltr'>ut,</span> <span class='ocrx_word' id='word_1_989' title='bbox 1890 586 2044 615; x_wconf 83' lang='lat' dir='ltr'>Commotae</span> <span class='ocrx_word' id='word_1_990' title='bbox 2055 586 2204 617; x_wconf 84' lang='lat' dir='ltr'>columnae.</span> <span class='ocrx_word' id='word_1_991' title='bbox 2213 586 2446 627; x_wconf 59' lang='lat' dir='ltr'>Ciez.Verr.r45.</span> 
     </span>
    </p>

    <p class='ocr_par' dir='ltr' id='par_1_67' title="bbox 1322 618 2058 659">
     <span class='ocr_line' id='line_1_116' title="bbox 1322 618 2058 659; baseline 0.011 -13"><span class='ocrx_word' id='word_1_992' title='bbox 1322 618 1424 647; x_wconf 89' lang='lat' dir='ltr'>Littera</span> <span class='ocrx_word' id='word_1_993' title='bbox 1436 627 1579 649; x_wconf 84' lang='lat' dir='ltr'>commota</span> <span class='ocrx_word' id='word_1_994' title='bbox 1593 629 1628 648; x_wconf 83' lang='lat' dir='ltr'>ex</span> <span class='ocrx_word' id='word_1_995' title='bbox 1639 621 1791 651; x_wconf 85' lang='lat' dir='ltr'>vocabulis.</span> <span class='ocrx_word' id='word_1_996' title='bbox 1815 623 1873 652; x_wconf 88' lang='lat' dir='ltr'>Cic.</span> <span class='ocrx_word' id='word_1_997' title='bbox 1885 635 1912 659; x_wconf 84' lang='lat'>4.</span> <span class='ocrx_word' id='word_1_998' title='bbox 1923 624 1958 653; x_wconf 87' lang='lat' dir='ltr'>de</span> <span class='ocrx_word' id='word_1_999' title='bbox 1968 624 2058 654; x_wconf 78' lang='lat' dir='ltr'>Finib.</span> 
     </span>
    </p>

    <p class='ocr_par' dir='ltr' id='par_1_68' title="bbox 1321 656 1764 688">
     <span class='ocr_line' id='line_1_117' title="bbox 1321 656 1764 688; baseline 0.007 -4"><span class='ocrx_word' id='word_1_1000' title='bbox 1321 656 1470 685; x_wconf 87' lang='lat' dir='ltr'>Commota</span> <span class='ocrx_word' id='word_1_1001' title='bbox 1480 659 1562 687; x_wconf 85' lang='lat' dir='ltr'>acies.</span> <span class='ocrx_word' id='word_1_1002' title='bbox 1593 658 1623 687; x_wconf 92' lang='lat' dir='ltr'>ln</span> <span class='ocrx_word' id='word_1_1003' title='bbox 1646 668 1664 686; x_wconf 77' lang='grc' dir='ltr'>Α</span> <span class='ocrx_word' id='word_1_1004' title='bbox 1673 668 1708 686; x_wconf 87' lang='lat' dir='ltr'>ci</span> <span class='ocrx_word' id='word_1_1005' title='bbox 1722 669 1735 687; x_wconf 75' lang='lat' dir='ltr'>s</span> <span class='ocrx_word' id='word_1_1006' title='bbox 1744 668 1764 688; x_wconf 91' lang='lat' dir='ltr'>s.</span> 
     </span>
    </p>

    <p class='ocr_par' dir='ltr' id='par_1_69' title="bbox 1320 694 1827 732">
     <span class='ocr_line' id='line_1_118' title="bbox 1320 694 1827 732; baseline 0.008 -9"><span class='ocrx_word' id='word_1_1007' title='bbox 1320 694 1438 723; x_wconf 83' lang='lat' dir='ltr'>Pulvere</span> <span class='ocrx_word' id='word_1_1008' title='bbox 1449 702 1602 724; x_wconf 87' lang='lat' dir='ltr'>commoto.</span> <span class='ocrx_word' id='word_1_1009' title='bbox 1624 695 1672 724; x_wconf 88' lang='lat' dir='ltr'>Sil.</span> <span class='ocrx_word' id='word_1_1010' title='bbox 1684 695 1730 725; x_wconf 90' lang='lat' dir='ltr'>lib.</span> <span class='ocrx_word' id='word_1_1011' title='bbox 1745 708 1769 731; x_wconf 77' lang='lat'>4.</span> <span class='ocrx_word' id='word_1_1012' title='bbox 1782 707 1827 732; x_wconf 74' lang='lat'>94.</span> 
     </span>
    </p>

    <p class='ocr_par' dir='ltr' id='par_1_70' title="bbox 1320 731 1861 770">
     <span class='ocr_line' id='line_1_119' title="bbox 1320 731 1861 770; baseline 0.009 -11"><span class='ocrx_word' id='word_1_1013' title='bbox 1320 731 1411 760; x_wconf 84' lang='lat' dir='ltr'>Sacris</span> <span class='ocrx_word' id='word_1_1014' title='bbox 1422 734 1580 762; x_wconf 87' lang='lat' dir='ltr'>commotis.</span> <span class='ocrx_word' id='word_1_1015' title='bbox 1604 733 1674 769; x_wconf 84' lang='lat' dir='ltr'>Viig.</span> <span class='ocrx_word' id='word_1_1016' title='bbox 1686 746 1710 768; x_wconf 83' lang='lat'>4.</span> <span class='ocrx_word' id='word_1_1017' title='bbox 1724 734 1782 763; x_wconf 73' lang='lat' dir='ltr'>AEn.</span> <span class='ocrx_word' id='word_1_1018' title='bbox 1799 744 1861 770; x_wconf 80' lang='lat'>30¹.</span> 
     </span>
    </p>
   </div>
   <div class='ocr_carea' id='block_1_9' title="bbox 1282 769 2462 3950">
    <p class='ocr_par' dir='ltr' id='par_1_71' title="bbox 1320 769 2453 875">
     <span class='ocr_line' id='line_1_120' title="bbox 1320 769 2452 816; baseline 0.007 -17"><span class='ocrx_word' id='word_1_1019' title='bbox 1320 769 1461 806; x_wconf 85' lang='lat' dir='ltr'>Tripodes</span> <span class='ocrx_word' id='word_1_1020' title='bbox 1471 771 1605 799; x_wconf 88' lang='lat' dir='ltr'>commoti</span> <span class='ocrx_word' id='word_1_1021' title='bbox 1619 771 1750 800; x_wconf 86' lang='lat' dir='ltr'>dicuntur</span> <span class='ocrx_word' id='word_1_1022' title='bbox 1762 794 1769 806; x_wconf 82' lang='lat'>,</span> <span class='ocrx_word' id='word_1_1023' title='bbox 1790 778 1941 810; x_wconf 86' lang='lat' dir='ltr'>propterea</span> <span class='ocrx_word' id='word_1_1024' title='bbox 1951 775 2027 811; x_wconf 91' lang='lat' dir='ltr'>quod</span> <span class='ocrx_word' id='word_1_1025' title='bbox 2039 774 2195 805; x_wconf 73' lang='lat' dir='ltr'>Phoebades</span> <span class='ocrx_word' id='word_1_1026' title='bbox 2211 775 2355 815; x_wconf 82' lang='lat' dir='ltr'>intemplo</span> <span class='ocrx_word' id='word_1_1027' title='bbox 2368 777 2452 816; x_wconf 80' lang='lat' dir='ltr'>Apol-</span> 
     </span>
     <span class='ocr_line' id='line_1_121' title="bbox 1340 806 2453 851; baseline 0.007 -16"><span class='ocrx_word' id='word_1_1028' title='bbox 1340 806 1405 835; x_wconf 88' lang='lat' dir='ltr'>linis</span> <span class='ocrx_word' id='word_1_1029' title='bbox 1417 807 1496 846; x_wconf 88' lang='lat' dir='ltr'>supra</span> <span class='ocrx_word' id='word_1_1030' title='bbox 1506 809 1647 845; x_wconf 84' lang='lat' dir='ltr'>tripodem</span> <span class='ocrx_word' id='word_1_1031' title='bbox 1657 816 1809 846; x_wconf 75' lang='lat' dir='ltr'>recepturae</span> <span class='ocrx_word' id='word_1_1032' title='bbox 1825 810 1952 848; x_wconf 90' lang='lat' dir='ltr'>spiritum</span> <span class='ocrx_word' id='word_1_1033' title='bbox 1962 834 1970 848; x_wconf 82' lang='lat'>,</span> <span class='ocrx_word' id='word_1_1034' title='bbox 1992 813 2120 851; x_wconf 87' lang='lat' dir='ltr'>strepitus</span> <span class='ocrx_word' id='word_1_1035' title='bbox 2134 813 2290 844; x_wconf 87' lang='lat' dir='ltr'>sentiebant</span> <span class='ocrx_word' id='word_1_1036' title='bbox 2300 816 2453 846; x_wconf 76' lang='lat' dir='ltr'>advenien-</span> 
     </span>
     <span class='ocr_line' id='line_1_122' title="bbox 1342 844 1751 875; baseline 0.007 -3"><span class='ocrx_word' id='word_1_1037' title='bbox 1342 845 1377 873; x_wconf 89' lang='lat' dir='ltr'>tis</span> <span class='ocrx_word' id='word_1_1038' title='bbox 1389 844 1442 874; x_wconf 90' lang='lat' dir='ltr'>dei.</span> <span class='ocrx_word' id='word_1_1039' title='bbox 1472 846 1536 875; x_wconf 89' lang='lat' dir='ltr'>Seri.</span> <span class='ocrx_word' id='word_1_1040' title='bbox 1553 846 1628 875; x_wconf 81' lang='lat' dir='ltr'>Med.</span> <span class='ocrx_word' id='word_1_1041' title='bbox 1647 855 1689 875; x_wconf 91' lang='lat'>10.</span> <span class='ocrx_word' id='word_1_1042' title='bbox 1708 857 1751 875; x_wconf 88' lang='lat'>10.</span> 
     </span>
    </p>

    <p class='ocr_par' dir='ltr' id='par_1_72' title="bbox 1321 882 2451 949">
     <span class='ocr_line' id='line_1_123' title="bbox 1321 882 2451 940; baseline 0.009 -29"><span class='ocrx_word' id='word_1_1043' title='bbox 1321 882 1500 940; x_wconf 57' lang='lat' dir='ltr'>Cominptus,</span> <span class='ocrx_word' id='word_1_1044' title='bbox 1522 883 1708 913; x_wconf 81' lang='lat' dir='ltr'>Perturbatus.</span> <span class='ocrx_word' id='word_1_1045' title='bbox 1745 884 1810 915; x_wconf 84' lang='lat' dir='ltr'>Ter.</span> <span class='ocrx_word' id='word_1_1046' title='bbox 1822 885 1932 916; x_wconf 82' lang='lat' dir='ltr'>Phorm.</span> <span class='ocrx_word' id='word_1_1047' title='bbox 1949 896 1972 916; x_wconf 77' lang='grc' dir='ltr'>ι.</span> <span class='ocrx_word' id='word_1_1048' title='bbox 1987 898 2014 923; x_wconf 87' lang='lat'>4.</span> <span class='ocrx_word' id='word_1_1049' title='bbox 2027 891 2054 918; x_wconf 84' lang='lat'>6.</span> <span class='ocrx_word' id='word_1_1050' title='bbox 2076 889 2223 926; x_wconf 78' lang='lat' dir='ltr'>Quidnam</span> <span class='ocrx_word' id='word_1_1051' title='bbox 2234 889 2451 922; x_wconf 75' lang='lat' dir='ltr'>illecommotue</span> 
     </span>
     <span class='ocr_line' id='line_1_124' title="bbox 1341 928 1437 949; baseline 0 0"><span class='ocrx_word' id='word_1_1052' title='bbox 1341 928 1420 949; x_wconf 89' lang='lat' dir='ltr'>venit</span> <span class='ocrx_word' id='word_1_1053' title='bbox 1432 944 1437 949; x_wconf 91' lang='lat'>.</span> 
     </span>
    </p>

    <p class='ocr_par' dir='ltr' id='par_1_73' title="bbox 1322 957 2041 998">
     <span class='ocr_line' id='line_1_125' title="bbox 1322 957 2041 998; baseline 0.008 -12"><span class='ocrx_word' id='word_1_1054' title='bbox 1322 957 1448 987; x_wconf 82' lang='lat' dir='ltr'>Graviter</span> <span class='ocrx_word' id='word_1_1055' title='bbox 1458 964 1618 987; x_wconf 87' lang='lat' dir='ltr'>commotus</span> <span class='ocrx_word' id='word_1_1056' title='bbox 1630 980 1637 993; x_wconf 91' lang='lat'>,</span> <span class='ocrx_word' id='word_1_1057' title='bbox 1659 958 1754 988; x_wconf 82' lang='lat' dir='ltr'>Iratus.</span> <span class='ocrx_word' id='word_1_1058' title='bbox 1777 959 1850 998; x_wconf 88' lang='lat' dir='ltr'>Virg.</span> <span class='ocrx_word' id='word_1_1059' title='bbox 1868 971 1890 989; x_wconf 85' lang='lat' dir='ltr'>r.</span> <span class='ocrx_word' id='word_1_1060' title='bbox 1905 961 1966 991; x_wconf 78' lang='lat' dir='ltr'>AEn.</span> <span class='ocrx_word' id='word_1_1061' title='bbox 1981 966 2041 994; x_wconf 81' lang='lat'>12⁶.</span> 
     </span>
    </p>

    <p class='ocr_par' dir='ltr' id='par_1_74' title="bbox 1321 995 1937 1036">
     <span class='ocr_line' id='line_1_126' title="bbox 1321 995 1937 1036; baseline 0.005 -10"><span class='ocrx_word' id='word_1_1062' title='bbox 1321 996 1422 1026; x_wconf 86' lang='lat' dir='ltr'>Mente</span> <span class='ocrx_word' id='word_1_1063' title='bbox 1433 1003 1601 1026; x_wconf 86' lang='lat' dir='ltr'>commotus.</span> <span class='ocrx_word' id='word_1_1064' title='bbox 1624 995 1692 1026; x_wconf 89' lang='lat' dir='ltr'>Plin.</span> <span class='ocrx_word' id='word_1_1065' title='bbox 1711 996 1758 1026; x_wconf 88' lang='lat' dir='ltr'>lib.</span> <span class='ocrx_word' id='word_1_1066' title='bbox 1772 1006 1817 1034; x_wconf 79' lang='lat'>23.</span> <span class='ocrx_word' id='word_1_1067' title='bbox 1837 1008 1898 1036; x_wconf 83' lang='lat' dir='ltr'>cap.</span> <span class='ocrx_word' id='word_1_1068' title='bbox 1913 1009 1937 1029; x_wconf 82' lang='lat'>1.</span> 
     </span>
    </p>

    <p class='ocr_par' dir='ltr' id='par_1_75' title="bbox 1321 1034 1782 1070">
     <span class='ocr_line' id='line_1_127' title="bbox 1321 1034 1782 1070; baseline 0.002 -7"><span class='ocrx_word' id='word_1_1069' title='bbox 1321 1034 1462 1064; x_wconf 88' lang='lat' dir='ltr'>Precibus.</span> <span class='ocrx_word' id='word_1_1070' title='bbox 1483 1034 1552 1063; x_wconf 87' lang='lat' dir='ltr'>Stat.</span> <span class='ocrx_word' id='word_1_1071' title='bbox 1569 1044 1595 1069; x_wconf 87' lang='lat'>9.</span> <span class='ocrx_word' id='word_1_1072' title='bbox 1616 1034 1782 1070; x_wconf 80' lang='lat' dir='ltr'>Theb.5ic.</span> 
     </span>
    </p>

    <p class='ocr_par' dir='ltr' id='par_1_76' title="bbox 1321 1071 1841 1109">
     <span class='ocr_line' id='line_1_128' title="bbox 1321 1071 1841 1109; baseline 0.006 -9"><span class='ocrx_word' id='word_1_1073' title='bbox 1321 1071 1460 1101; x_wconf 83' lang='lat' dir='ltr'>Promissis</span> <span class='ocrx_word' id='word_1_1074' title='bbox 1470 1072 1584 1101; x_wconf 84' lang='lat' dir='ltr'>ditibus.</span> <span class='ocrx_word' id='word_1_1075' title='bbox 1608 1071 1656 1101; x_wconf 88' lang='lat' dir='ltr'>Sil.</span> <span class='ocrx_word' id='word_1_1076' title='bbox 1670 1073 1718 1102; x_wconf 88' lang='lat' dir='ltr'>lib.</span> <span class='ocrx_word' id='word_1_1077' title='bbox 1737 1082 1761 1109; x_wconf 86' lang='lat'>3.</span> <span class='ocrx_word' id='word_1_1078' title='bbox 1778 1082 1841 1109; x_wconf 82' lang='lat'>512.</span> 
     </span>
    </p>

    <p class='ocr_par' dir='ltr' id='par_1_77' title="bbox 1322 1109 1780 1148">
     <span class='ocr_line' id='line_1_129' title="bbox 1322 1109 1780 1148; baseline 0.002 -9"><span class='ocrx_word' id='word_1_1079' title='bbox 1322 1109 1417 1139; x_wconf 89' lang='lat' dir='ltr'>Vultu.</span> <span class='ocrx_word' id='word_1_1080' title='bbox 1439 1109 1561 1146; x_wconf 82' lang='lat' dir='ltr'>Quintil.</span> <span class='ocrx_word' id='word_1_1081' title='bbox 1572 1109 1620 1138; x_wconf 93' lang='lat' dir='ltr'>lib.</span> <span class='ocrx_word' id='word_1_1082' title='bbox 1634 1113 1659 1139; x_wconf 92' lang='lat'>6.</span> <span class='ocrx_word' id='word_1_1083' title='bbox 1679 1120 1740 1148; x_wconf 89' lang='lat' dir='ltr'>cap.</span> <span class='ocrx_word' id='word_1_1084' title='bbox 1757 1120 1780 1141; x_wconf 88' lang='lat' dir='ltr'>r.</span> 
     </span>
    </p>

    <p class='ocr_par' dir='ltr' id='par_1_78' title="bbox 1322 1147 1847 1185">
     <span class='ocr_line' id='line_1_130' title="bbox 1322 1147 1847 1185; baseline 0.006 -9"><span class='ocrx_word' id='word_1_1085' title='bbox 1322 1147 1365 1177; x_wconf 88' lang='lat' dir='ltr'>Ira</span> <span class='ocrx_word' id='word_1_1086' title='bbox 1377 1154 1529 1176; x_wconf 85' lang='lat' dir='ltr'>commota.</span> <span class='ocrx_word' id='word_1_1087' title='bbox 1552 1148 1638 1177; x_wconf 87' lang='lat' dir='ltr'>Ovid.</span> <span class='ocrx_word' id='word_1_1088' title='bbox 1653 1152 1678 1177; x_wconf 91' lang='lat'>6.</span> <span class='ocrx_word' id='word_1_1089' title='bbox 1698 1149 1769 1178; x_wconf 86' lang='lat' dir='ltr'>Met.</span> <span class='ocrx_word' id='word_1_1090' title='bbox 1784 1158 1847 1185; x_wconf 76' lang='lat'>549.</span> 
     </span>
    </p>

    <p class='ocr_par' dir='ltr' id='par_1_79' title="bbox 1322 1185 1966 1224">
     <span class='ocr_line' id='line_1_131' title="bbox 1322 1185 1966 1224; baseline 0.005 -10"><span class='ocrx_word' id='word_1_1091' title='bbox 1322 1185 1406 1215; x_wconf 84' lang='lat' dir='ltr'>Mens</span> <span class='ocrx_word' id='word_1_1092' title='bbox 1415 1192 1558 1214; x_wconf 90' lang='lat' dir='ltr'>commota</span> <span class='ocrx_word' id='word_1_1093' title='bbox 1567 1192 1654 1215; x_wconf 88' lang='lat' dir='ltr'>metu.</span> <span class='ocrx_word' id='word_1_1094' title='bbox 1679 1186 1787 1216; x_wconf 86' lang='lat' dir='ltr'>Lucret.</span> <span class='ocrx_word' id='word_1_1095' title='bbox 1801 1187 1850 1216; x_wconf 91' lang='lat' dir='ltr'>lib.</span> <span class='ocrx_word' id='word_1_1096' title='bbox 1865 1195 1890 1224; x_wconf 87' lang='lat'>3.</span> <span class='ocrx_word' id='word_1_1097' title='bbox 1904 1196 1966 1222; x_wconf 70' lang='lat'>152.</span> 
     </span>
    </p>

    <p class='ocr_par' dir='ltr' id='par_1_80' title="bbox 1322 1223 2299 1266">
     <span class='ocr_line' id='line_1_132' title="bbox 1322 1223 2299 1266; baseline 0.006 -13"><span class='ocrx_word' id='word_1_1098' title='bbox 1322 1223 1444 1253; x_wconf 66' lang='lat' dir='ltr'>Pectoris</span> <span class='ocrx_word' id='word_1_1099' title='bbox 1454 1224 1590 1252; x_wconf 82' lang='lat' dir='ltr'>commoti</span> <span class='ocrx_word' id='word_1_1100' title='bbox 1602 1225 1681 1261; x_wconf 83' lang='lat' dir='ltr'>ignis.</span> <span class='ocrx_word' id='word_1_1101' title='bbox 1702 1224 1801 1254; x_wconf 85' lang='lat' dir='ltr'>Claud.</span> <span class='ocrx_word' id='word_1_1102' title='bbox 1817 1235 1840 1254; x_wconf 90' lang='lat'>1.</span> <span class='ocrx_word' id='word_1_1103' title='bbox 1852 1226 1882 1254; x_wconf 91' lang='lat' dir='ltr'>in</span> <span class='ocrx_word' id='word_1_1104' title='bbox 1895 1224 1969 1255; x_wconf 85' lang='lat' dir='ltr'>Ruff.</span> <span class='ocrx_word' id='word_1_1105' title='bbox 1987 1230 2048 1260; x_wconf 78' lang='lat'>181.</span> <span class='ocrx_word' id='word_1_1106' title='bbox 2069 1225 2145 1264; x_wconf 87' lang='lat' dir='ltr'>Ignis</span> <span class='ocrx_word' id='word_1_1107' title='bbox 2156 1249 2165 1263; x_wconf 90' lang='lat'>‚</span> <span class='ocrx_word' id='word_1_1108' title='bbox 2187 1227 2299 1266; x_wconf 78' lang='lat' dir='ltr'>prolra.</span> 
     </span>
    </p>

    <p class='ocr_par' dir='ltr' id='par_1_81' title="bbox 1321 1260 1865 1292">
     <span class='ocr_line' id='line_1_133' title="bbox 1321 1260 1865 1292; baseline 0.006 -3"><span class='ocrx_word' id='word_1_1109' title='bbox 1321 1260 1506 1290; x_wconf 91' lang='lat' dir='ltr'>Commotum</span> <span class='ocrx_word' id='word_1_1110' title='bbox 1516 1261 1643 1291; x_wconf 86' lang='lat' dir='ltr'>reddere.</span> <span class='ocrx_word' id='word_1_1111' title='bbox 1683 1262 1714 1292; x_wconf 89' lang='lat' dir='ltr'>ln</span> <span class='ocrx_word' id='word_1_1112' title='bbox 1733 1273 1749 1291; x_wconf 74' lang='lat' dir='ltr'>a</span> <span class='ocrx_word' id='word_1_1113' title='bbox 1759 1273 1773 1292; x_wconf 72' lang='lat' dir='ltr'>iz</span> <span class='ocrx_word' id='word_1_1114' title='bbox 1783 1274 1800 1291; x_wconf 84' lang='lat' dir='ltr'>o</span> <span class='ocrx_word' id='word_1_1115' title='bbox 1810 1273 1828 1292; x_wconf 82' lang='lat' dir='ltr'>n</span> <span class='ocrx_word' id='word_1_1116' title='bbox 1839 1273 1865 1292; x_wconf 89' lang='lat' dir='ltr'>o.</span> 
     </span>
    </p>

    <p class='ocr_par' dir='ltr' id='par_1_82' title="bbox 1323 1299 1988 1337">
     <span class='ocr_line' id='line_1_134' title="bbox 1323 1299 1988 1337; baseline 0.006 -10"><span class='ocrx_word' id='word_1_1117' title='bbox 1323 1299 1438 1328; x_wconf 78' lang='lat' dir='ltr'>Animus</span> <span class='ocrx_word' id='word_1_1118' title='bbox 1449 1300 1629 1329; x_wconf 82' lang='lat' dir='ltr'>commotior.</span> <span class='ocrx_word' id='word_1_1119' title='bbox 1654 1299 1712 1329; x_wconf 90' lang='lat' dir='ltr'>Cic.</span> <span class='ocrx_word' id='word_1_1120' title='bbox 1729 1310 1751 1330; x_wconf 93' lang='lat'>1.</span> <span class='ocrx_word' id='word_1_1121' title='bbox 1770 1301 1806 1330; x_wconf 91' lang='lat' dir='ltr'>de</span> <span class='ocrx_word' id='word_1_1122' title='bbox 1815 1301 1909 1330; x_wconf 91' lang='lat' dir='ltr'>Divin.</span> <span class='ocrx_word' id='word_1_1123' title='bbox 1926 1310 1988 1337; x_wconf 79' lang='lat'>1¹3.</span> 
     </span>
    </p>

    <p class='ocr_par' dir='ltr' id='par_1_83' title="bbox 1321 1335 2456 1489">
     <span class='ocr_line' id='line_1_135' title="bbox 1321 1335 2456 1378; baseline 0.007 -13"><span class='ocrx_word' id='word_1_1124' title='bbox 1321 1335 1457 1366; x_wconf 84' lang='lat' dir='ltr'>Patronus</span> <span class='ocrx_word' id='word_1_1125' title='bbox 1476 1338 1608 1366; x_wconf 86' lang='lat' dir='ltr'>fervidior</span> <span class='ocrx_word' id='word_1_1126' title='bbox 1628 1344 1710 1374; x_wconf 85' lang='lat' dir='ltr'>atque</span> <span class='ocrx_word' id='word_1_1127' title='bbox 1725 1340 1903 1368; x_wconf 77' lang='lat' dir='ltr'>commotior.</span> <span class='ocrx_word' id='word_1_1128' title='bbox 1944 1339 2003 1368; x_wconf 88' lang='lat' dir='ltr'>Cic.</span> <span class='ocrx_word' id='word_1_1129' title='bbox 2017 1339 2052 1369; x_wconf 88' lang='lat' dir='ltr'>de</span> <span class='ocrx_word' id='word_1_1130' title='bbox 2063 1339 2134 1370; x_wconf 89' lang='lat' dir='ltr'>Clar.</span> <span class='ocrx_word' id='word_1_1131' title='bbox 2145 1340 2223 1370; x_wconf 87' lang='lat' dir='ltr'>Orat.</span> <span class='ocrx_word' id='word_1_1132' title='bbox 2239 1350 2301 1378; x_wconf 81' lang='lat'>129.</span> <span class='ocrx_word' id='word_1_1133' title='bbox 2328 1341 2360 1372; x_wconf 86' lang='lat' dir='ltr'>C.</span> <span class='ocrx_word' id='word_1_1134' title='bbox 2381 1342 2456 1374; x_wconf 71' lang='lat' dir='ltr'>ffim.</span> 
     </span>
     <span class='ocr_line' id='line_1_136' title="bbox 1342 1373 2453 1416; baseline 0.007 -13"><span class='ocrx_word' id='word_1_1135' title='bbox 1342 1373 1402 1404; x_wconf 87' lang='lat' dir='ltr'>bria</span> <span class='ocrx_word' id='word_1_1136' title='bbox 1414 1375 1587 1413; x_wconf 82' lang='lat' dir='ltr'>temporibus</span> <span class='ocrx_word' id='word_1_1137' title='bbox 1599 1376 1696 1405; x_wconf 88' lang='lat' dir='ltr'>iisdem</span> <span class='ocrx_word' id='word_1_1138' title='bbox 1708 1377 1784 1412; x_wconf 90' lang='lat' dir='ltr'>fere,</span> <span class='ocrx_word' id='word_1_1139' title='bbox 1805 1377 1852 1406; x_wconf 91' lang='lat' dir='ltr'>sed</span> <span class='ocrx_word' id='word_1_1140' title='bbox 1869 1376 1980 1414; x_wconf 86' lang='lat' dir='ltr'>longius</span> <span class='ocrx_word' id='word_1_1141' title='bbox 1997 1384 2076 1407; x_wconf 86' lang='lat' dir='ltr'>aetate</span> <span class='ocrx_word' id='word_1_1142' title='bbox 2098 1380 2247 1416; x_wconf 67' lang='lat' dir='ltr'>provectus</span> <span class='ocrx_word' id='word_1_1143' title='bbox 2258 1401 2267 1414; x_wconf 81' lang='lat'>,</span> <span class='ocrx_word' id='word_1_1144' title='bbox 2288 1380 2397 1410; x_wconf 86' lang='lat' dir='ltr'>habitus</span> <span class='ocrx_word' id='word_1_1145' title='bbox 2415 1383 2453 1412; x_wconf 83' lang='lat' dir='ltr'>est</span> 
     </span>
     <span class='ocr_line' id='line_1_137' title="bbox 1342 1412 2456 1457; baseline 0.007 -16"><span class='ocrx_word' id='word_1_1146' title='bbox 1342 1412 1408 1442; x_wconf 89' lang='lat' dir='ltr'>sane</span> <span class='ocrx_word' id='word_1_1147' title='bbox 1429 1414 1527 1449; x_wconf 87' lang='lat' dir='ltr'>(utita</span> <span class='ocrx_word' id='word_1_1148' title='bbox 1541 1414 1657 1450; x_wconf 89' lang='lat' dir='ltr'>dicam)</span> <span class='ocrx_word' id='word_1_1149' title='bbox 1680 1414 1841 1445; x_wconf 89' lang='lat' dir='ltr'>luculentus</span> <span class='ocrx_word' id='word_1_1150' title='bbox 1863 1421 2014 1453; x_wconf 81' lang='lat' dir='ltr'>patronus,</span> <span class='ocrx_word' id='word_1_1151' title='bbox 2037 1415 2133 1454; x_wconf 89' lang='lat' dir='ltr'>asper,</span> <span class='ocrx_word' id='word_1_1152' title='bbox 2154 1416 2309 1448; x_wconf 86' lang='lat' dir='ltr'>maledicus</span> <span class='ocrx_word' id='word_1_1153' title='bbox 2322 1441 2331 1455; x_wconf 88' lang='lat'>,</span> <span class='ocrx_word' id='word_1_1154' title='bbox 2353 1429 2456 1457; x_wconf 83' lang='lat' dir='ltr'>genere</span> 
     </span>
     <span class='ocr_line' id='line_1_138' title="bbox 1341 1450 1924 1489; baseline 0.005 -10"><span class='ocrx_word' id='word_1_1155' title='bbox 1341 1456 1403 1479; x_wconf 84' lang='lat' dir='ltr'>toto</span> <span class='ocrx_word' id='word_1_1156' title='bbox 1414 1450 1499 1488; x_wconf 87' lang='lat' dir='ltr'>paulo</span> <span class='ocrx_word' id='word_1_1157' title='bbox 1511 1451 1643 1481; x_wconf 86' lang='lat' dir='ltr'>fervidior</span> <span class='ocrx_word' id='word_1_1158' title='bbox 1653 1459 1735 1489; x_wconf 87' lang='lat' dir='ltr'>atque</span> <span class='ocrx_word' id='word_1_1159' title='bbox 1746 1453 1924 1482; x_wconf 87' lang='lat' dir='ltr'>commotior.</span> 
     </span>
    </p>

    <p class='ocr_par' dir='ltr' id='par_1_84' title="bbox 1322 1488 2148 1527">
     <span class='ocr_line' id='line_1_139' title="bbox 1322 1488 2148 1527; baseline 0.005 -10"><span class='ocrx_word' id='word_1_1160' title='bbox 1322 1488 1478 1518; x_wconf 76' lang='lat' dir='ltr'>Consilium</span> <span class='ocrx_word' id='word_1_1161' title='bbox 1486 1490 1654 1519; x_wconf 89' lang='lat' dir='ltr'>commotius</span> <span class='ocrx_word' id='word_1_1162' title='bbox 1667 1492 1701 1519; x_wconf 89' lang='lat' dir='ltr'>ad</span> <span class='ocrx_word' id='word_1_1163' title='bbox 1712 1491 1807 1520; x_wconf 89' lang='lat' dir='ltr'>omnia</span> <span class='ocrx_word' id='word_1_1164' title='bbox 1819 1490 1964 1520; x_wconf 68' lang='lat' dir='ltr'>turbat-la.</span> <span class='ocrx_word' id='word_1_1165' title='bbox 1988 1490 2044 1521; x_wconf 89' lang='lat' dir='ltr'>Liv.</span> <span class='ocrx_word' id='word_1_1166' title='bbox 2060 1494 2085 1521; x_wconf 91' lang='lat'>6.</span> <span class='ocrx_word' id='word_1_1167' title='bbox 2106 1501 2148 1527; x_wconf 78' lang='lat'>14.</span> 
     </span>
    </p>

    <p class='ocr_par' dir='ltr' id='par_1_85' title="bbox 1284 1526 2452 1569">
     <span class='ocr_line' id='line_1_140' title="bbox 1284 1526 2452 1569; baseline 0.005 -14"><span class='ocrx_word' id='word_1_1168' title='bbox 1284 1526 1306 1556; x_wconf 90' lang='lat' dir='ltr'>C</span> <span class='ocrx_word' id='word_1_1169' title='bbox 1317 1535 1333 1555; x_wconf 94' lang='lat' dir='ltr'>o</span> <span class='ocrx_word' id='word_1_1170' title='bbox 1342 1537 1362 1555; x_wconf 87' lang='lat' dir='ltr'><strong>M</strong></span> <span class='ocrx_word' id='word_1_1171' title='bbox 1375 1538 1395 1555; x_wconf 91' lang='grc' dir='ltr'><strong><em>Μ</em></strong></span> <span class='ocrx_word' id='word_1_1172' title='bbox 1405 1537 1421 1556; x_wconf 94' lang='lat'><em>0</em></span> <span class='ocrx_word' id='word_1_1173' title='bbox 1431 1537 1446 1555; x_wconf 73' lang='lat' dir='ltr'>u</span> <span class='ocrx_word' id='word_1_1174' title='bbox 1456 1529 1467 1555; x_wconf 81' lang='lat' dir='ltr'>i</span> <span class='ocrx_word' id='word_1_1175' title='bbox 1476 1539 1491 1556; x_wconf 81' lang='lat' dir='ltr'>i.</span> <span class='ocrx_word' id='word_1_1176' title='bbox 1499 1538 1508 1555; x_wconf 89' lang='lat' dir='ltr'>i</span> <span class='ocrx_word' id='word_1_1177' title='bbox 1519 1537 1531 1556; x_wconf 89' lang='lat' dir='ltr'>s</span> <span class='ocrx_word' id='word_1_1178' title='bbox 1542 1549 1551 1562; x_wconf 91' lang='lat'>,</span> <span class='ocrx_word' id='word_1_1179' title='bbox 1573 1538 1597 1557; x_wconf 91' lang='lat' dir='ltr'>e.</span> <span class='ocrx_word' id='word_1_1180' title='bbox 1621 1527 1687 1557; x_wconf 89' lang='lat' dir='ltr'>Cael.</span> <span class='ocrx_word' id='word_1_1181' title='bbox 1703 1528 1794 1558; x_wconf 86' lang='lat' dir='ltr'>Aurel.</span> <span class='ocrx_word' id='word_1_1182' title='bbox 1807 1531 1886 1558; x_wconf 86' lang='lat' dir='ltr'>Acut.</span> <span class='ocrx_word' id='word_1_1183' title='bbox 1898 1538 1924 1558; x_wconf 85' lang='lat'>2.</span> <span class='ocrx_word' id='word_1_1184' title='bbox 1939 1539 1964 1564; x_wconf 89' lang='lat'>9.</span> <span class='ocrx_word' id='word_1_1185' title='bbox 1975 1534 2020 1565; x_wconf 79' lang='lat'>⁴8·</span> <span class='ocrx_word' id='word_1_1186' title='bbox 2043 1529 2103 1559; x_wconf 88' lang='lat' dir='ltr'>Lux</span> <span class='ocrx_word' id='word_1_1187' title='bbox 2118 1529 2299 1560; x_wconf 85' lang='lat' dir='ltr'>commobilis</span> <span class='ocrx_word' id='word_1_1188' title='bbox 2317 1532 2452 1569; x_wconf 88' lang='lat' dir='ltr'>corporis.</span> 
     </span>
    </p>

    <p class='ocr_par' dir='ltr' id='par_1_86' title="bbox 1284 1564 2457 1643">
     <span class='ocr_line' id='line_1_141' title="bbox 1284 1564 2454 1605; baseline 0.003 -11"><span class='ocrx_word' id='word_1_1189' title='bbox 1284 1564 1307 1594; x_wconf 89' lang='lat' dir='ltr'>C</span> <span class='ocrx_word' id='word_1_1190' title='bbox 1317 1574 1363 1592; x_wconf 89' lang='grc' dir='ltr'>οΜ</span> <span class='ocrx_word' id='word_1_1191' title='bbox 1373 1576 1394 1593; x_wconf 92' lang='grc' dir='ltr'><strong><em>Μ</em></strong></span> <span class='ocrx_word' id='word_1_1192' title='bbox 1405 1575 1421 1593; x_wconf 94' lang='lat'>0</span> <span class='ocrx_word' id='word_1_1193' title='bbox 1430 1573 1449 1592; x_wconf 77' lang='grc' dir='ltr'>τ</span> <span class='ocrx_word' id='word_1_1194' title='bbox 1459 1576 1467 1593; x_wconf 88' lang='grc' dir='ltr'>ι</span> <span class='ocrx_word' id='word_1_1195' title='bbox 1476 1575 1503 1599; x_wconf 94' lang='lat'>0,</span> <span class='ocrx_word' id='word_1_1196' title='bbox 1513 1566 1585 1595; x_wconf 71' lang='lat' dir='ltr'>onis.</span> <span class='ocrx_word' id='word_1_1197' title='bbox 1598 1565 1616 1595; x_wconf 91' lang='lat' dir='ltr'>f.</span> <span class='ocrx_word' id='word_1_1198' title='bbox 1631 1567 1741 1601; x_wconf 52' lang='lat' dir='ltr'>[almum</span> <span class='ocrx_word' id='word_1_1199' title='bbox 1751 1566 1857 1602; x_wconf 48' lang='grc' dir='ltr'>πέλω]</span> <span class='ocrx_word' id='word_1_1200' title='bbox 1876 1572 1917 1602; x_wconf 87' lang='lat' dir='ltr'>ut,</span> <span class='ocrx_word' id='word_1_1201' title='bbox 1938 1567 2100 1596; x_wconf 89' lang='lat' dir='ltr'>Commotio</span> <span class='ocrx_word' id='word_1_1202' title='bbox 2110 1568 2205 1597; x_wconf 89' lang='lat' dir='ltr'>animi.</span> <span class='ocrx_word' id='word_1_1203' title='bbox 2217 1568 2275 1597; x_wconf 90' lang='lat' dir='ltr'>Cic.</span> <span class='ocrx_word' id='word_1_1204' title='bbox 2294 1579 2316 1604; x_wconf 47' lang='grc' dir='ltr'>ς.</span> <span class='ocrx_word' id='word_1_1205' title='bbox 2331 1569 2412 1599; x_wconf 93' lang='lat' dir='ltr'>Tusc.</span> <span class='ocrx_word' id='word_1_1206' title='bbox 2427 1576 2454 1605; x_wconf 83' lang='lat'>8.</span> 
     </span>
     <span class='ocr_line' id='line_1_142' title="bbox 1323 1602 2457 1643; baseline 0.006 -13"><span class='ocrx_word' id='word_1_1207' title='bbox 1323 1602 1553 1632; x_wconf 85' lang='lat' dir='ltr'>Commotionem</span> <span class='ocrx_word' id='word_1_1208' title='bbox 1563 1603 1676 1639; x_wconf 85' lang='lat' dir='ltr'>quidam</span> <span class='ocrx_word' id='word_1_1209' title='bbox 1689 1605 1779 1642; x_wconf 91' lang='lat' dir='ltr'>accipi</span> <span class='ocrx_word' id='word_1_1210' title='bbox 1788 1604 1895 1640; x_wconf 86' lang='lat' dir='ltr'>volunt,</span> <span class='ocrx_word' id='word_1_1211' title='bbox 1916 1604 2131 1643; x_wconf 85' lang='lat' dir='ltr'>Temporarium</span> <span class='ocrx_word' id='word_1_1212' title='bbox 2140 1606 2226 1635; x_wconf 91' lang='lat' dir='ltr'>animi</span> <span class='ocrx_word' id='word_1_1213' title='bbox 2241 1613 2361 1643; x_wconf 80' lang='lat' dir='ltr'>motum,</span> <span class='ocrx_word' id='word_1_1214' title='bbox 2388 1608 2457 1638; x_wconf 79' lang='lat' dir='ltr'>sicut</span> 
     </span>
    </p>

    <p class='ocr_par' dir='ltr' id='par_1_87' title="bbox 1339 1639 2458 1795">
     <span class='ocr_line' id='line_1_143' title="bbox 1341 1639 2455 1681; baseline 0.005 -12"><span class='ocrx_word' id='word_1_1215' title='bbox 1341 1639 1432 1675; x_wconf 89' lang='lat' dir='ltr'>Iram,</span> <span class='ocrx_word' id='word_1_1216' title='bbox 1455 1651 1597 1678; x_wconf 88' lang='lat' dir='ltr'>pavorem.</span> <span class='ocrx_word' id='word_1_1217' title='bbox 1628 1641 1694 1671; x_wconf 85' lang='lat' dir='ltr'>Haec</span> <span class='ocrx_word' id='word_1_1218' title='bbox 1711 1642 1831 1678; x_wconf 85' lang='lat' dir='ltr'>Quintil.</span> <span class='ocrx_word' id='word_1_1219' title='bbox 1846 1642 1895 1672; x_wconf 90' lang='lat' dir='ltr'>lib.</span> <span class='ocrx_word' id='word_1_1220' title='bbox 1912 1653 1935 1679; x_wconf 82' lang='grc' dir='ltr'>ς.</span> <span class='ocrx_word' id='word_1_1221' title='bbox 1953 1653 2014 1681; x_wconf 88' lang='lat' dir='ltr'>cap.</span> <span class='ocrx_word' id='word_1_1222' title='bbox 2031 1653 2074 1672; x_wconf 74' lang='grc' dir='ltr'>ιο.</span> <span class='ocrx_word' id='word_1_1223' title='bbox 2097 1644 2166 1673; x_wconf 84' lang='lat' dir='ltr'>Haec</span> <span class='ocrx_word' id='word_1_1224' title='bbox 2183 1653 2198 1672; x_wconf 86' lang='lat' dir='ltr'>a</span> <span class='ocrx_word' id='word_1_1225' title='bbox 2211 1644 2346 1674; x_wconf 85' lang='lat' dir='ltr'>Cicerone</span> <span class='ocrx_word' id='word_1_1226' title='bbox 2367 1645 2414 1675; x_wconf 88' lang='lat' dir='ltr'>lib.</span> <span class='ocrx_word' id='word_1_1227' title='bbox 2431 1655 2455 1676; x_wconf 89' lang='lat'>1.</span> 
     </span>
     <span class='ocr_line' id='line_1_144' title="bbox 1340 1678 2456 1717; baseline 0.005 -10"><span class='ocrx_word' id='word_1_1228' title='bbox 1340 1678 1377 1707; x_wconf 84' lang='lat' dir='ltr'>de</span> <span class='ocrx_word' id='word_1_1229' title='bbox 1385 1678 1492 1708; x_wconf 89' lang='lat' dir='ltr'>[nvent.</span> <span class='ocrx_word' id='word_1_1230' title='bbox 1507 1683 1549 1715; x_wconf 85' lang='lat'>36.</span> <span class='ocrx_word' id='word_1_1231' title='bbox 1563 1686 1678 1709; x_wconf 89' lang='lat' dir='ltr'>vocatur</span> <span class='ocrx_word' id='word_1_1232' title='bbox 1693 1680 1809 1710; x_wconf 59' lang='lat' dir='ltr'>ilffeitio</span> <span class='ocrx_word' id='word_1_1233' title='bbox 1823 1702 1832 1716; x_wconf 94' lang='lat'>,</span> <span class='ocrx_word' id='word_1_1234' title='bbox 1853 1681 1945 1717; x_wconf 84' lang='lat' dir='ltr'>sicque</span> <span class='ocrx_word' id='word_1_1235' title='bbox 1961 1681 2109 1711; x_wconf 84' lang='lat' dir='ltr'>definitur:</span> <span class='ocrx_word' id='word_1_1236' title='bbox 2135 1681 2252 1711; x_wconf 61' lang='lat' dir='ltr'>Affectio</span> <span class='ocrx_word' id='word_1_1237' title='bbox 2263 1683 2299 1711; x_wconf 87' lang='lat' dir='ltr'>est</span> <span class='ocrx_word' id='word_1_1238' title='bbox 2310 1684 2395 1712; x_wconf 85' lang='lat' dir='ltr'>animi</span> <span class='ocrx_word' id='word_1_1239' title='bbox 2408 1690 2456 1713; x_wconf 82' lang='lat' dir='ltr'>aut</span> 
     </span>
     <span class='ocr_line' id='line_1_145' title="bbox 1339 1717 2458 1759; baseline 0.005 -14"><span class='ocrx_word' id='word_1_1240' title='bbox 1339 1717 1474 1754; x_wconf 89' lang='lat' dir='ltr'>corporis,</span> <span class='ocrx_word' id='word_1_1241' title='bbox 1485 1726 1520 1746; x_wconf 83' lang='lat' dir='ltr'>ex</span> <span class='ocrx_word' id='word_1_1242' title='bbox 1530 1724 1667 1755; x_wconf 89' lang='lat' dir='ltr'>tempore,</span> <span class='ocrx_word' id='word_1_1243' title='bbox 1679 1718 1771 1755; x_wconf 88' lang='lat' dir='ltr'>aliqua</span> <span class='ocrx_word' id='word_1_1244' title='bbox 1784 1719 1819 1747; x_wconf 88' lang='lat' dir='ltr'>de</span> <span class='ocrx_word' id='word_1_1245' title='bbox 1833 1719 1914 1748; x_wconf 85' lang='lat' dir='ltr'>caiisa</span> <span class='ocrx_word' id='word_1_1246' title='bbox 1930 1720 2087 1748; x_wconf 91' lang='lat' dir='ltr'>commotio</span> <span class='ocrx_word' id='word_1_1247' title='bbox 2099 1741 2107 1755; x_wconf 83' lang='lat'>,</span> <span class='ocrx_word' id='word_1_1248' title='bbox 2128 1725 2159 1748; x_wconf 92' lang='lat' dir='ltr'>ut</span> <span class='ocrx_word' id='word_1_1249' title='bbox 2171 1719 2266 1748; x_wconf 77' lang='lat' dir='ltr'>laetitia</span> <span class='ocrx_word' id='word_1_1250' title='bbox 2278 1742 2285 1755; x_wconf 93' lang='lat'>,</span> <span class='ocrx_word' id='word_1_1251' title='bbox 2308 1722 2458 1759; x_wconf 87' lang='lat' dir='ltr'>cupiditas,</span> 
     </span>
     <span class='ocr_line' id='line_1_146' title="bbox 1343 1755 2366 1795; baseline 0.003 -12"><span class='ocrx_word' id='word_1_1252' title='bbox 1343 1763 1434 1784; x_wconf 87' lang='lat' dir='ltr'>metus</span> <span class='ocrx_word' id='word_1_1253' title='bbox 1448 1777 1456 1789; x_wconf 91' lang='lat'>,</span> <span class='ocrx_word' id='word_1_1254' title='bbox 1478 1755 1621 1791; x_wconf 89' lang='lat' dir='ltr'>molestia,</span> <span class='ocrx_word' id='word_1_1255' title='bbox 1643 1756 1774 1792; x_wconf 91' lang='lat' dir='ltr'>morbus,</span> <span class='ocrx_word' id='word_1_1256' title='bbox 1796 1756 1936 1786; x_wconf 85' lang='lat' dir='ltr'>debilitas.</span> <span class='ocrx_word' id='word_1_1257' title='bbox 1984 1757 2039 1787; x_wconf 87' lang='lat' dir='ltr'>Alii</span> <span class='ocrx_word' id='word_1_1258' title='bbox 2058 1757 2155 1795; x_wconf 84' lang='lat' dir='ltr'>legunt</span> <span class='ocrx_word' id='word_1_1259' title='bbox 2169 1757 2366 1788; x_wconf 86' lang='lat' dir='ltr'>Commutatio.</span> 
     </span>
    </p>

    <p class='ocr_par' dir='ltr' id='par_1_88' title="bbox 1284 1791 2461 2060">
     <span class='ocr_line' id='line_1_147' title="bbox 1284 1791 2459 1829; baseline 0.004 -8"><span class='ocrx_word' id='word_1_1260' title='bbox 1284 1791 1363 1821; x_wconf 78' lang='lat' dir='ltr'>CoM</span> <span class='ocrx_word' id='word_1_1261' title='bbox 1375 1803 1421 1821; x_wconf 85' lang='grc' dir='ltr'>Μο</span> <span class='ocrx_word' id='word_1_1262' title='bbox 1431 1802 1495 1822; x_wconf 82' lang='grc' dir='ltr'>Τιυ</span> <span class='ocrx_word' id='word_1_1263' title='bbox 1508 1803 1527 1822; x_wconf 76' lang='grc' dir='ltr'><strong>Ν</strong></span> <span class='ocrx_word' id='word_1_1264' title='bbox 1537 1795 1581 1822; x_wconf 70' lang='grc' dir='ltr'>εἰ·</span> <span class='ocrx_word' id='word_1_1265' title='bbox 1591 1805 1607 1822; x_wconf 74' lang='grc' dir='ltr'>ι.</span> <span class='ocrx_word' id='word_1_1266' title='bbox 1617 1803 1654 1829; x_wconf 80' lang='lat' dir='ltr'>A,</span> <span class='ocrx_word' id='word_1_1267' title='bbox 1676 1804 1706 1823; x_wconf 85' lang='lat' dir='ltr'>ae.</span> <span class='ocrx_word' id='word_1_1268' title='bbox 1729 1794 1747 1823; x_wconf 93' lang='lat' dir='ltr'>f.</span> <span class='ocrx_word' id='word_1_1269' title='bbox 1771 1794 1870 1824; x_wconf 88' lang='lat' dir='ltr'>dimin.</span> <span class='ocrx_word' id='word_1_1270' title='bbox 1903 1796 1961 1824; x_wconf 90' lang='lat' dir='ltr'>Cic.</span> <span class='ocrx_word' id='word_1_1271' title='bbox 1975 1805 2018 1825; x_wconf 83' lang='lat'>12.</span> <span class='ocrx_word' id='word_1_1272' title='bbox 2031 1796 2086 1824; x_wconf 85' lang='lat' dir='ltr'>Att.</span> <span class='ocrx_word' id='word_1_1273' title='bbox 2104 1805 2144 1824; x_wconf 90' lang='lat'>11.</span> <span class='ocrx_word' id='word_1_1274' title='bbox 2180 1796 2274 1825; x_wconf 62' lang='lat' dir='ltr'>Atticae</span> <span class='ocrx_word' id='word_1_1275' title='bbox 2286 1796 2459 1828; x_wconf 83' lang='lat' dir='ltr'>hilaritatem</span> 
     </span>
     <span class='ocr_line' id='line_1_148' title="bbox 1322 1830 2457 1873; baseline 0.005 -15"><span class='ocrx_word' id='word_1_1276' title='bbox 1322 1830 1443 1859; x_wconf 88' lang='lat' dir='ltr'>libenter</span> <span class='ocrx_word' id='word_1_1277' title='bbox 1453 1832 1546 1861; x_wconf 89' lang='lat' dir='ltr'>audio.</span> <span class='ocrx_word' id='word_1_1278' title='bbox 1570 1832 1818 1862; x_wconf 91' lang='lat' dir='ltr'>commotiunculis</span> <span class='ocrx_word' id='word_1_1279' title='bbox 1831 1830 1981 1869; x_wconf 61' lang='grc' dir='ltr'>συμπάχω.</span> <span class='ocrx_word' id='word_1_1280' title='bbox 2019 1832 2277 1864; x_wconf 87' lang='lat' dir='ltr'>Commotiunculis</span> <span class='ocrx_word' id='word_1_1281' title='bbox 2289 1835 2363 1864; x_wconf 89' lang='lat' dir='ltr'>idem</span> <span class='ocrx_word' id='word_1_1282' title='bbox 2377 1836 2457 1873; x_wconf 79' lang='lat' dir='ltr'>signi-</span> 
     </span>
     <span class='ocr_line' id='line_1_149' title="bbox 1322 1867 2458 1909; baseline 0.005 -13"><span class='ocrx_word' id='word_1_1283' title='bbox 1322 1867 1415 1897; x_wconf 86' lang='lat' dir='ltr'>ficavit</span> <span class='ocrx_word' id='word_1_1284' title='bbox 1426 1890 1434 1903; x_wconf 89' lang='lat'>,</span> <span class='ocrx_word' id='word_1_1285' title='bbox 1456 1869 1531 1906; x_wconf 90' lang='lat' dir='ltr'>quod</span> <span class='ocrx_word' id='word_1_1286' title='bbox 1544 1869 1625 1906; x_wconf 84' lang='lat' dir='ltr'>Epist.</span> <span class='ocrx_word' id='word_1_1287' title='bbox 1638 1870 1745 1907; x_wconf 86' lang='lat' dir='ltr'>penult.</span> <span class='ocrx_word' id='word_1_1288' title='bbox 1759 1870 1808 1900; x_wconf 87' lang='lat' dir='ltr'>lib.</span> <span class='ocrx_word' id='word_1_1289' title='bbox 1827 1881 1867 1899; x_wconf 91' lang='lat'>10.</span> <span class='ocrx_word' id='word_1_1290' title='bbox 1881 1880 1966 1907; x_wconf 83' lang='lat' dir='ltr'>quum</span> <span class='ocrx_word' id='word_1_1291' title='bbox 1977 1871 2065 1901; x_wconf 85' lang='lat' dir='ltr'>dixit:</span> <span class='ocrx_word' id='word_1_1292' title='bbox 2090 1871 2288 1902; x_wconf 86' lang='lat' dir='ltr'>Valetudinem</span> <span class='ocrx_word' id='word_1_1293' title='bbox 2304 1879 2378 1902; x_wconf 89' lang='lat' dir='ltr'>tuam</span> <span class='ocrx_word' id='word_1_1294' title='bbox 2400 1875 2458 1909; x_wconf 65' lang='lat' dir='ltr'>jam</span> 
     </span>
     <span class='ocr_line' id='line_1_150' title="bbox 1320 1906 2458 1949; baseline 0.005 -14"><span class='ocrx_word' id='word_1_1295' title='bbox 1320 1906 1513 1936; x_wconf 82' lang='lat' dir='ltr'>confirmatam</span> <span class='ocrx_word' id='word_1_1296' title='bbox 1523 1907 1578 1936; x_wconf 89' lang='lat' dir='ltr'>esse</span> <span class='ocrx_word' id='word_1_1297' title='bbox 1594 1909 1620 1937; x_wconf 87' lang='lat'>&amp;</span> <span class='ocrx_word' id='word_1_1298' title='bbox 1632 1915 1750 1937; x_wconf 88' lang='lat' dir='ltr'>avetere</span> <span class='ocrx_word' id='word_1_1299' title='bbox 1772 1908 1890 1944; x_wconf 90' lang='lat' dir='ltr'>morbo,</span> <span class='ocrx_word' id='word_1_1300' title='bbox 1913 1911 1939 1938; x_wconf 86' lang='lat'>&amp;</span> <span class='ocrx_word' id='word_1_1301' title='bbox 1957 1919 1972 1938; x_wconf 89' lang='lat' dir='ltr'>a</span> <span class='ocrx_word' id='word_1_1302' title='bbox 1994 1910 2075 1938; x_wconf 88' lang='lat' dir='ltr'>novis</span> <span class='ocrx_word' id='word_1_1303' title='bbox 2094 1909 2315 1946; x_wconf 76' lang='lat' dir='ltr'>tentationibus,</span> <span class='ocrx_word' id='word_1_1304' title='bbox 2337 1912 2458 1949; x_wconf 82' lang='lat' dir='ltr'>gaudeo.</span> 
     </span>
     <span class='ocr_line' id='line_1_151' title="bbox 1323 1944 2461 1983; baseline 0.006 -11"><span class='ocrx_word' id='word_1_1305' title='bbox 1323 1944 1397 1973; x_wconf 77' lang='lat' dir='ltr'>Nam</span> <span class='ocrx_word' id='word_1_1306' title='bbox 1409 1946 1579 1974; x_wconf 86' lang='lat' dir='ltr'>tentationes</span> <span class='ocrx_word' id='word_1_1307' title='bbox 1590 1947 1615 1975; x_wconf 72' lang='lat' dir='ltr'>Sc</span> <span class='ocrx_word' id='word_1_1308' title='bbox 1625 1946 1875 1976; x_wconf 86' lang='lat' dir='ltr'>commotiunculae</span> <span class='ocrx_word' id='word_1_1309' title='bbox 1890 1956 1948 1976; x_wconf 89' lang='lat' dir='ltr'>non</span> <span class='ocrx_word' id='word_1_1310' title='bbox 1960 1947 2050 1976; x_wconf 90' lang='lat' dir='ltr'>morbi</span> <span class='ocrx_word' id='word_1_1311' title='bbox 2063 1947 2126 1976; x_wconf 89' lang='lat' dir='ltr'>sunt</span> <span class='ocrx_word' id='word_1_1312' title='bbox 2137 1970 2145 1983; x_wconf 93' lang='lat'>,</span> <span class='ocrx_word' id='word_1_1313' title='bbox 2167 1947 2214 1976; x_wconf 88' lang='lat' dir='ltr'>sed</span> <span class='ocrx_word' id='word_1_1314' title='bbox 2226 1949 2387 1979; x_wconf 90' lang='lat' dir='ltr'>morborum</span> <span class='ocrx_word' id='word_1_1315' title='bbox 2408 1950 2461 1979; x_wconf 88' lang='lat' dir='ltr'>ini-</span> 
     </span>
     <span class='ocr_line' id='line_1_152' title="bbox 1323 1981 2459 2023; baseline 0.005 -13"><span class='ocrx_word' id='word_1_1316' title='bbox 1323 1981 1372 2011; x_wconf 87' lang='lat' dir='ltr'>tia.</span> <span class='ocrx_word' id='word_1_1317' title='bbox 1414 1983 1669 2013; x_wconf 86' lang='lat' dir='ltr'>Commotiunculis</span> <span class='ocrx_word' id='word_1_1318' title='bbox 1681 1991 1774 2013; x_wconf 88' lang='lat' dir='ltr'>autem</span> <span class='ocrx_word' id='word_1_1319' title='bbox 1789 1985 1901 2014; x_wconf 83' lang='lat' dir='ltr'>Atticae:</span> <span class='ocrx_word' id='word_1_1320' title='bbox 1925 1995 1985 2022; x_wconf 81' lang='lat' dir='ltr'>quae</span> <span class='ocrx_word' id='word_1_1321' title='bbox 1997 1995 2054 2014; x_wconf 91' lang='lat' dir='ltr'>non</span> <span class='ocrx_word' id='word_1_1322' title='bbox 2066 1985 2149 2023; x_wconf 93' lang='lat' dir='ltr'>plane</span> <span class='ocrx_word' id='word_1_1323' title='bbox 2162 1985 2192 2014; x_wconf 89' lang='lat' dir='ltr'>in</span> <span class='ocrx_word' id='word_1_1324' title='bbox 2202 1986 2332 2016; x_wconf 87' lang='lat' dir='ltr'>morbum</span> <span class='ocrx_word' id='word_1_1325' title='bbox 2341 2009 2349 2023; x_wconf 90' lang='lat'>,</span> <span class='ocrx_word' id='word_1_1326' title='bbox 2372 1987 2459 2017; x_wconf 88' lang='lat' dir='ltr'>sedin</span> 
     </span>
     <span class='ocr_line' id='line_1_153' title="bbox 1324 2019 2212 2060; baseline 0.006 -12"><span class='ocrx_word' id='word_1_1327' title='bbox 1324 2020 1490 2050; x_wconf 84' lang='lat' dir='ltr'>febriculam</span> <span class='ocrx_word' id='word_1_1328' title='bbox 1504 2022 1658 2051; x_wconf 85' lang='lat' dir='ltr'>inciderat:</span> <span class='ocrx_word' id='word_1_1329' title='bbox 1682 2019 1818 2058; x_wconf 62' lang='grc' dir='ltr'>συμπίχω</span> <span class='ocrx_word' id='word_1_1330' title='bbox 1829 2044 1837 2058; x_wconf 85' lang='grc'><em>,</em></span> <span class='ocrx_word' id='word_1_1331' title='bbox 1860 2032 1938 2058; x_wconf 79' lang='lat' dir='ltr'>aeque</span> <span class='ocrx_word' id='word_1_1332' title='bbox 1949 2023 2054 2052; x_wconf 83' lang='lat' dir='ltr'>afficior</span> <span class='ocrx_word' id='word_1_1333' title='bbox 2062 2030 2144 2060; x_wconf 88' lang='lat' dir='ltr'>atque</span> <span class='ocrx_word' id='word_1_1334' title='bbox 2155 2022 2212 2053; x_wconf 86' lang='lat' dir='ltr'>illa.</span> 
     </span>
    </p>

    <p class='ocr_par' dir='ltr' id='par_1_89' title="bbox 1284 2057 2462 2287">
     <span class='ocr_line' id='line_1_154' title="bbox 1284 2057 2457 2100; baseline 0.004 -13"><span class='ocrx_word' id='word_1_1335' title='bbox 1284 2057 1363 2087; x_wconf 68' lang='lat' dir='ltr'>Com</span> <span class='ocrx_word' id='word_1_1336' title='bbox 1375 2068 1394 2085; x_wconf 89' lang='grc' dir='ltr'><strong><em>Μ</em></strong></span> <span class='ocrx_word' id='word_1_1337' title='bbox 1406 2068 1423 2086; x_wconf 84' lang='lat' dir='ltr'>u</span> <span class='ocrx_word' id='word_1_1338' title='bbox 1434 2069 1449 2086; x_wconf 65' lang='grc' dir='ltr'><strong>ι</strong></span> <span class='ocrx_word' id='word_1_1339' title='bbox 1461 2068 1478 2087; x_wconf 92' lang='lat' dir='ltr'>c</span> <span class='ocrx_word' id='word_1_1340' title='bbox 1489 2068 1502 2087; x_wconf 72' lang='lat' dir='ltr'>ii</span> <span class='ocrx_word' id='word_1_1341' title='bbox 1511 2069 1528 2087; x_wconf 92' lang='lat'>0</span> <span class='ocrx_word' id='word_1_1342' title='bbox 1541 2081 1548 2094; x_wconf 92' lang='lat'>,</span> <span class='ocrx_word' id='word_1_1343' title='bbox 1571 2058 1756 2095; x_wconf 61' lang='grc' dir='ltr'>[κριτα9έλγυ]</span> <span class='ocrx_word' id='word_1_1344' title='bbox 1776 2063 1832 2090; x_wconf 63' lang='lat' dir='ltr'>Ere.</span> <span class='ocrx_word' id='word_1_1345' title='bbox 1855 2060 1924 2090; x_wconf 88' lang='lat' dir='ltr'>Tiro</span> <span class='ocrx_word' id='word_1_1346' title='bbox 1942 2061 2058 2091; x_wconf 89' lang='lat' dir='ltr'>libertus</span> <span class='ocrx_word' id='word_1_1347' title='bbox 2069 2062 2212 2091; x_wconf 82' lang='lat' dir='ltr'>Ciceronis</span> <span class='ocrx_word' id='word_1_1348' title='bbox 2223 2061 2252 2090; x_wconf 89' lang='lat' dir='ltr'>iri</span> <span class='ocrx_word' id='word_1_1349' title='bbox 2265 2062 2384 2099; x_wconf 87' lang='lat' dir='ltr'>quadam</span> <span class='ocrx_word' id='word_1_1350' title='bbox 2395 2063 2457 2100; x_wconf 90' lang='lat' dir='ltr'>epi-</span> 
     </span>
     <span class='ocr_line' id='line_1_155' title="bbox 1325 2096 2462 2138; baseline 0.003 -14"><span class='ocrx_word' id='word_1_1351' title='bbox 1325 2096 1393 2124; x_wconf 86' lang='lat' dir='ltr'>stola</span> <span class='ocrx_word' id='word_1_1352' title='bbox 1402 2096 1437 2124; x_wconf 89' lang='lat' dir='ltr'>ad</span> <span class='ocrx_word' id='word_1_1353' title='bbox 1446 2097 1545 2126; x_wconf 83' lang='lat' dir='ltr'>Axium</span> <span class='ocrx_word' id='word_1_1354' title='bbox 1556 2097 1721 2127; x_wconf 81' lang='lat' dir='ltr'>familiarem</span> <span class='ocrx_word' id='word_1_1355' title='bbox 1733 2099 1842 2135; x_wconf 84' lang='lat' dir='ltr'>patroni</span> <span class='ocrx_word' id='word_1_1356' title='bbox 1855 2098 1895 2127; x_wconf 91' lang='lat' dir='ltr'>sui</span> <span class='ocrx_word' id='word_1_1357' title='bbox 1908 2120 1917 2134; x_wconf 89' lang='lat'>,</span> <span class='ocrx_word' id='word_1_1358' title='bbox 1939 2099 2014 2136; x_wconf 90' lang='lat' dir='ltr'>apud</span> <span class='ocrx_word' id='word_1_1359' title='bbox 2030 2099 2100 2129; x_wconf 90' lang='lat' dir='ltr'>Gell.</span> <span class='ocrx_word' id='word_1_1360' title='bbox 2115 2098 2165 2128; x_wconf 86' lang='lat' dir='ltr'>lib.</span> <span class='ocrx_word' id='word_1_1361' title='bbox 2176 2108 2203 2136; x_wconf 85' lang='lat'>7.</span> <span class='ocrx_word' id='word_1_1362' title='bbox 2218 2109 2278 2137; x_wconf 88' lang='lat' dir='ltr'>cap.</span> <span class='ocrx_word' id='word_1_1363' title='bbox 2296 2110 2318 2134; x_wconf 66' lang='grc' dir='ltr'>ι.</span> <span class='ocrx_word' id='word_1_1364' title='bbox 2344 2100 2372 2129; x_wconf 92' lang='lat' dir='ltr'>ln</span> <span class='ocrx_word' id='word_1_1365' title='bbox 2385 2103 2462 2138; x_wconf 89' lang='lat' dir='ltr'>prin.</span> 
     </span>
     <span class='ocr_line' id='line_1_156' title="bbox 1323 2134 2461 2174; baseline 0.004 -12"><span class='ocrx_word' id='word_1_1366' title='bbox 1323 2134 1406 2171; x_wconf 88' lang='lat' dir='ltr'>cipiis</span> <span class='ocrx_word' id='word_1_1367' title='bbox 1416 2142 1508 2163; x_wconf 89' lang='lat' dir='ltr'>autem</span> <span class='ocrx_word' id='word_1_1368' title='bbox 1520 2156 1528 2170; x_wconf 94' lang='lat'>,</span> <span class='ocrx_word' id='word_1_1369' title='bbox 1552 2136 1662 2172; x_wconf 86' lang='lat' dir='ltr'>inquit,</span> <span class='ocrx_word' id='word_1_1370' title='bbox 1685 2137 1850 2173; x_wconf 85' lang='lat' dir='ltr'>patroniqui</span> <span class='ocrx_word' id='word_1_1371' title='bbox 1861 2146 1911 2174; x_wconf 92' lang='lat' dir='ltr'>pro</span> <span class='ocrx_word' id='word_1_1372' title='bbox 1924 2138 1976 2166; x_wconf 89' lang='lat' dir='ltr'>reis</span> <span class='ocrx_word' id='word_1_1373' title='bbox 1987 2137 2100 2172; x_wconf 85' lang='lat' dir='ltr'>dicunt,</span> <span class='ocrx_word' id='word_1_1374' title='bbox 2123 2137 2274 2166; x_wconf 87' lang='lat' dir='ltr'>conciliare</span> <span class='ocrx_word' id='word_1_1375' title='bbox 2286 2137 2332 2166; x_wconf 88' lang='lat' dir='ltr'>sibi</span> <span class='ocrx_word' id='word_1_1376' title='bbox 2346 2140 2371 2168; x_wconf 70' lang='grc' dir='ltr'>ἃ</span> <span class='ocrx_word' id='word_1_1377' title='bbox 2382 2148 2461 2168; x_wconf 87' lang='lat' dir='ltr'>com-</span> 
     </span>
     <span class='ocr_line' id='line_1_157' title="bbox 1323 2172 2462 2214; baseline 0.004 -14"><span class='ocrx_word' id='word_1_1378' title='bbox 1323 2172 1434 2209; x_wconf 79' lang='lat' dir='ltr'>placare</span> <span class='ocrx_word' id='word_1_1379' title='bbox 1450 2172 1556 2207; x_wconf 86' lang='lat' dir='ltr'>]&#39;udices</span> <span class='ocrx_word' id='word_1_1380' title='bbox 1568 2173 1693 2202; x_wconf 86' lang='lat' dir='ltr'>debent:</span> <span class='ocrx_word' id='word_1_1381' title='bbox 1716 2173 1861 2211; x_wconf 87' lang='lat' dir='ltr'>sensusque</span> <span class='ocrx_word' id='word_1_1382' title='bbox 1878 2184 1977 2204; x_wconf 91' lang='lat' dir='ltr'>eorum</span> <span class='ocrx_word' id='word_1_1383' title='bbox 1997 2175 2193 2213; x_wconf 69' lang='lat' dir='ltr'>expectatione</span> <span class='ocrx_word' id='word_1_1384' title='bbox 2210 2175 2296 2205; x_wconf 87' lang='lat' dir='ltr'>causae</span> <span class='ocrx_word' id='word_1_1385' title='bbox 2317 2175 2462 2214; x_wconf 81' lang='lat' dir='ltr'>suspensos</span> 
     </span>
     <span class='ocr_line' id='line_1_158' title="bbox 1325 2210 2462 2251; baseline 0.005 -13"><span class='ocrx_word' id='word_1_1386' title='bbox 1325 2210 1499 2247; x_wconf 79' lang='lat' dir='ltr'>rigentesque</span> <span class='ocrx_word' id='word_1_1387' title='bbox 1512 2210 1672 2240; x_wconf 88' lang='lat' dir='ltr'>honorificis</span> <span class='ocrx_word' id='word_1_1388' title='bbox 1685 2212 1904 2250; x_wconf 88' lang='lat' dir='ltr'>verecundisque</span> <span class='ocrx_word' id='word_1_1389' title='bbox 1922 2212 2066 2243; x_wconf 86' lang='lat' dir='ltr'>sententiis</span> <span class='ocrx_word' id='word_1_1390' title='bbox 2082 2213 2290 2250; x_wconf 88' lang='lat' dir='ltr'>commulcere,</span> <span class='ocrx_word' id='word_1_1391' title='bbox 2312 2223 2370 2243; x_wconf 90' lang='lat' dir='ltr'>non</span> <span class='ocrx_word' id='word_1_1392' title='bbox 2386 2215 2462 2251; x_wconf 85' lang='lat' dir='ltr'>inju-</span> 
     </span>
     <span class='ocr_line' id='line_1_159' title="bbox 1324 2248 2103 2287; baseline 0.005 -11"><span class='ocrx_word' id='word_1_1393' title='bbox 1324 2248 1372 2277; x_wconf 89' lang='lat' dir='ltr'>riis</span> <span class='ocrx_word' id='word_1_1394' title='bbox 1385 2255 1468 2285; x_wconf 81' lang='lat' dir='ltr'>atque</span> <span class='ocrx_word' id='word_1_1395' title='bbox 1486 2249 1641 2287; x_wconf 76' lang='lat' dir='ltr'>imperiosis</span> <span class='ocrx_word' id='word_1_1396' title='bbox 1657 2250 1924 2280; x_wconf 79' lang='lat' dir='ltr'>comminationibus</span> <span class='ocrx_word' id='word_1_1397' title='bbox 1938 2251 2103 2280; x_wconf 85' lang='lat' dir='ltr'>confricare.</span> 
     </span>
    </p>

    <p class='ocr_par' dir='ltr' id='par_1_90' title="bbox 1285 2285 2195 2323">
     <span class='ocr_line' id='line_1_160' title="bbox 1285 2285 2195 2323; baseline 0.003 -9"><span class='ocrx_word' id='word_1_1398' title='bbox 1285 2285 1335 2315; x_wconf 80' lang='lat' dir='ltr'>Co</span> <span class='ocrx_word' id='word_1_1399' title='bbox 1348 2297 1396 2314; x_wconf 84' lang='lat' dir='ltr'>MM</span> <span class='ocrx_word' id='word_1_1400' title='bbox 1409 2296 1424 2314; x_wconf 84' lang='grc' dir='ltr'>υ</span> <span class='ocrx_word' id='word_1_1401' title='bbox 1437 2296 1527 2316; x_wconf 79' lang='lat' dir='ltr'>Nico</span> <span class='ocrx_word' id='word_1_1402' title='bbox 1543 2309 1552 2321; x_wconf 94' lang='lat'>,</span> <span class='ocrx_word' id='word_1_1403' title='bbox 1574 2287 1683 2316; x_wconf 82' lang='lat' dir='ltr'>COMM</span> <span class='ocrx_word' id='word_1_1404' title='bbox 1696 2297 1807 2323; x_wconf 60' lang='lat' dir='ltr'>ursio,</span> <span class='ocrx_word' id='word_1_1405' title='bbox 1830 2288 1901 2318; x_wconf 89' lang='lat' dir='ltr'>onis.</span> <span class='ocrx_word' id='word_1_1406' title='bbox 1931 2288 1963 2318; x_wconf 89' lang='lat' dir='ltr'>In</span> <span class='ocrx_word' id='word_1_1407' title='bbox 1984 2298 2195 2318; x_wconf 61' lang='lat' dir='ltr'>cormunis.</span> 
     </span>
    </p>

    <p class='ocr_par' dir='ltr' id='par_1_91' title="bbox 1286 2324 2459 2440">
     <span class='ocr_line' id='line_1_161' title="bbox 1286 2324 2459 2362; baseline 0.003 -9"><span class='ocrx_word' id='word_1_1408' title='bbox 1286 2324 1335 2353; x_wconf 94' lang='lat' dir='ltr'>Co</span> <span class='ocrx_word' id='word_1_1409' title='bbox 1347 2335 1367 2352; x_wconf 85' lang='grc' dir='ltr'><strong><em>Μ</em></strong></span> <span class='ocrx_word' id='word_1_1410' title='bbox 1378 2335 1399 2352; x_wconf 88' lang='grc' dir='ltr'><strong><em>Μ</em></strong></span> <span class='ocrx_word' id='word_1_1411' title='bbox 1409 2326 1454 2353; x_wconf 65' lang='lat' dir='ltr'>&amp;N</span> <span class='ocrx_word' id='word_1_1412' title='bbox 1466 2335 1474 2353; x_wconf 91' lang='lat'>1</span> <span class='ocrx_word' id='word_1_1413' title='bbox 1486 2334 1502 2353; x_wconf 93' lang='grc' dir='ltr'>ο</span> <span class='ocrx_word' id='word_1_1414' title='bbox 1513 2346 1522 2360; x_wconf 89' lang='lat'>,</span> <span class='ocrx_word' id='word_1_1415' title='bbox 1543 2326 1584 2355; x_wconf 75' lang='lat' dir='ltr'>ivi</span> <span class='ocrx_word' id='word_1_1416' title='bbox 1596 2348 1604 2359; x_wconf 91' lang='lat'>,</span> <span class='ocrx_word' id='word_1_1417' title='bbox 1624 2328 1696 2355; x_wconf 71' lang='lat' dir='ltr'>itum</span> <span class='ocrx_word' id='word_1_1418' title='bbox 1709 2347 1717 2361; x_wconf 92' lang='lat'>,</span> <span class='ocrx_word' id='word_1_1419' title='bbox 1739 2325 1876 2362; x_wconf 70' lang='grc' dir='ltr'>[ὀχυςόω]</span> <span class='ocrx_word' id='word_1_1420' title='bbox 1895 2328 1946 2355; x_wconf 69' lang='lat' dir='ltr'>ire.</span> <span class='ocrx_word' id='word_1_1421' title='bbox 1969 2326 2083 2357; x_wconf 87' lang='lat' dir='ltr'>Circum</span> <span class='ocrx_word' id='word_1_1422' title='bbox 2102 2327 2221 2356; x_wconf 90' lang='lat' dir='ltr'>munire.</span> <span class='ocrx_word' id='word_1_1423' title='bbox 2261 2325 2326 2356; x_wconf 79' lang='lat' dir='ltr'>Caes.</span> <span class='ocrx_word' id='word_1_1424' title='bbox 2341 2336 2363 2355; x_wconf 92' lang='lat' dir='ltr'>r.</span> <span class='ocrx_word' id='word_1_1425' title='bbox 2387 2326 2459 2357; x_wconf 84' lang='lat' dir='ltr'>Bell.</span> 
     </span>
     <span class='ocr_line' id='line_1_162' title="bbox 1323 2362 2459 2402; baseline 0.003 -11"><span class='ocrx_word' id='word_1_1426' title='bbox 1323 2362 1394 2391; x_wconf 90' lang='lat' dir='ltr'>Gall.</span> <span class='ocrx_word' id='word_1_1427' title='bbox 1408 2368 1434 2396; x_wconf 87' lang='lat'>8.</span> <span class='ocrx_word' id='word_1_1428' title='bbox 1463 2362 1586 2392; x_wconf 83' lang='lat' dir='ltr'>Praesidia</span> <span class='ocrx_word' id='word_1_1429' title='bbox 1599 2363 1739 2401; x_wconf 81' lang='lat' dir='ltr'>disponit,</span> <span class='ocrx_word' id='word_1_1430' title='bbox 1761 2364 1870 2393; x_wconf 88' lang='lat' dir='ltr'>castella</span> <span class='ocrx_word' id='word_1_1431' title='bbox 1880 2366 2057 2401; x_wconf 89' lang='lat' dir='ltr'>communit,</span> <span class='ocrx_word' id='word_1_1432' title='bbox 2078 2374 2134 2402; x_wconf 90' lang='lat' dir='ltr'>quo</span> <span class='ocrx_word' id='word_1_1433' title='bbox 2147 2364 2276 2400; x_wconf 83' lang='lat' dir='ltr'>facilius,</span> <span class='ocrx_word' id='word_1_1434' title='bbox 2298 2363 2354 2394; x_wconf 84' lang='lat' dir='ltr'>sise</span> <span class='ocrx_word' id='word_1_1435' title='bbox 2368 2364 2459 2395; x_wconf 84' lang='lat' dir='ltr'>invito</span> 
     </span>
     <span class='ocr_line' id='line_1_163' title="bbox 1325 2400 1915 2440; baseline 0.007 -12"><span class='ocrx_word' id='word_1_1436' title='bbox 1325 2400 1439 2429; x_wconf 83' lang='lat' dir='ltr'>transire</span> <span class='ocrx_word' id='word_1_1437' title='bbox 1454 2410 1640 2436; x_wconf 88' lang='lat' dir='ltr'>conarentur,</span> <span class='ocrx_word' id='word_1_1438' title='bbox 1664 2401 1814 2438; x_wconf 85' lang='lat' dir='ltr'>prohibere</span> <span class='ocrx_word' id='word_1_1439' title='bbox 1824 2402 1915 2440; x_wconf 81' lang='lat' dir='ltr'>possit.</span> 
     </span>
    </p>

    <p class='ocr_par' dir='ltr' id='par_1_92' title="bbox 1324 2438 2458 2506">
     <span class='ocr_line' id='line_1_164' title="bbox 1324 2438 2458 2505; baseline 0.003 -38"><span class='ocrx_word' id='word_1_1440' title='bbox 1324 2438 1509 2505; x_wconf 52' lang='lat' dir='ltr'>ComfmuGire</span> <span class='ocrx_word' id='word_1_1441' title='bbox 1535 2438 1604 2468; x_wconf 81' lang='lat' dir='ltr'>aulae</span> <span class='ocrx_word' id='word_1_1442' title='bbox 1621 2441 1836 2475; x_wconf 74' lang='lat' dir='ltr'>auctoritatem,</span> <span class='ocrx_word' id='word_1_1443' title='bbox 1858 2449 1908 2478; x_wconf 86' lang='lat' dir='ltr'>pet</span> <span class='ocrx_word' id='word_1_1444' title='bbox 1934 2439 2156 2470; x_wconf 83' lang='lat' dir='ltr'>translationem.</span> <span class='ocrx_word' id='word_1_1445' title='bbox 2200 2440 2261 2470; x_wconf 88' lang='lat' dir='ltr'>Cic.</span> <span class='ocrx_word' id='word_1_1446' title='bbox 2275 2450 2318 2477; x_wconf 72' lang='grc' dir='ltr'>ις.</span> <span class='ocrx_word' id='word_1_1447' title='bbox 2339 2439 2414 2470; x_wconf 86' lang='lat' dir='ltr'>Fam.</span> <span class='ocrx_word' id='word_1_1448' title='bbox 2429 2450 2458 2477; x_wconf 83' lang='grc'>4.</span> 
     </span>
     <span class='ocr_line' id='line_1_165' title="bbox 1344 2486 1593 2506; baseline 0.008 -2"><span class='ocrx_word' id='word_1_1449' title='bbox 1344 2486 1397 2505; x_wconf 89' lang='lat' dir='ltr'>con</span> <span class='ocrx_word' id='word_1_1450' title='bbox 1414 2499 1420 2505; x_wconf 92' lang='lat'>.</span> <span class='ocrx_word' id='word_1_1451' title='bbox 1440 2489 1448 2505; x_wconf 76' lang='lat' dir='ltr'>i</span> <span class='ocrx_word' id='word_1_1452' title='bbox 1466 2487 1481 2506; x_wconf 89' lang='lat' dir='ltr'>e</span> <span class='ocrx_word' id='word_1_1453' title='bbox 1504 2499 1511 2505; x_wconf 93' lang='lat'>.</span> <span class='ocrx_word' id='word_1_1454' title='bbox 1545 2500 1550 2506; x_wconf 93' lang='lat'>.</span> <span class='ocrx_word' id='word_1_1455' title='bbox 1586 2499 1593 2506; x_wconf 94' lang='lat'>.</span> 
     </span>
    </p>

    <p class='ocr_par' dir='ltr' id='par_1_93' title="bbox 1284 2486 2459 2663">
     <span class='ocr_line' id='line_1_166' title="bbox 1284 2486 2455 2553; baseline 0.002 -9"><span class='ocrx_word' id='word_1_1456' title='bbox 1284 2513 1308 2544; x_wconf 90' lang='lat' dir='ltr'>C</span> <span class='ocrx_word' id='word_1_1457' title='bbox 1317 2524 1334 2543; x_wconf 88' lang='lat' dir='ltr'>o</span> <span class='ocrx_word' id='word_1_1458' title='bbox 1346 2525 1364 2542; x_wconf 79' lang='lat' dir='ltr'><strong>M</strong></span> <span class='ocrx_word' id='word_1_1459' title='bbox 1376 2525 1397 2542; x_wconf 88' lang='lat' dir='ltr'><strong>M</strong></span> <span class='ocrx_word' id='word_1_1460' title='bbox 1409 2524 1426 2542; x_wconf 88' lang='grc' dir='ltr'>υ</span> <span class='ocrx_word' id='word_1_1461' title='bbox 1435 2486 1551 2545; x_wconf 48' lang='grc' dir='ltr'>ΝῖξυῚε</span> <span class='ocrx_word' id='word_1_1462' title='bbox 1561 2487 1582 2549; x_wconf 76' lang='lat'>,7</span> <span class='ocrx_word' id='word_1_1463' title='bbox 1595 2512 1809 2551; x_wconf 60' lang='grc' dir='ltr'>[ῶχυςωμῖάῷι]</span> <span class='ocrx_word' id='word_1_1464' title='bbox 1831 2514 1929 2545; x_wconf 84' lang='lat' dir='ltr'>Partic.</span> <span class='ocrx_word' id='word_1_1465' title='bbox 1953 2521 2004 2551; x_wconf 84' lang='lat' dir='ltr'>ut,</span> <span class='ocrx_word' id='word_1_1466' title='bbox 2033 2513 2083 2551; x_wconf 88' lang='lat' dir='ltr'>Jus</span> <span class='ocrx_word' id='word_1_1467' title='bbox 2109 2524 2208 2553; x_wconf 83' lang='lat' dir='ltr'>pamm</span> <span class='ocrx_word' id='word_1_1468' title='bbox 2236 2517 2455 2547; x_wconf 79' lang='lat' dir='ltr'>communitum.</span> 
     </span>
     <span class='ocr_line' id='line_1_167' title="bbox 1324 2552 2459 2592; baseline 0.004 -12"><span class='ocrx_word' id='word_1_1469' title='bbox 1324 2552 1381 2581; x_wconf 91' lang='lat' dir='ltr'>Cic.</span> <span class='ocrx_word' id='word_1_1470' title='bbox 1395 2561 1447 2589; x_wconf 87' lang='lat' dir='ltr'>pro</span> <span class='ocrx_word' id='word_1_1471' title='bbox 1461 2552 1563 2582; x_wconf 87' lang='lat' dir='ltr'>Caeciii.</span> <span class='ocrx_word' id='word_1_1472' title='bbox 1575 2563 1619 2590; x_wconf 80' lang='lat'>74.</span> <span class='ocrx_word' id='word_1_1473' title='bbox 1643 2553 1714 2589; x_wconf 80' lang='lat' dir='ltr'>Quae</span> <span class='ocrx_word' id='word_1_1474' title='bbox 1724 2562 1809 2589; x_wconf 86' lang='lat' dir='ltr'>quum</span> <span class='ocrx_word' id='word_1_1475' title='bbox 1819 2554 1913 2582; x_wconf 87' lang='lat' dir='ltr'>omnia</span> <span class='ocrx_word' id='word_1_1476' title='bbox 1924 2559 1971 2583; x_wconf 91' lang='lat' dir='ltr'>tua</span> <span class='ocrx_word' id='word_1_1477' title='bbox 1982 2554 2042 2588; x_wconf 72' lang='lat' dir='ltr'>&#39;sure</span> <span class='ocrx_word' id='word_1_1478' title='bbox 2057 2554 2193 2592; x_wconf 87' lang='lat' dir='ltr'>mancipii</span> <span class='ocrx_word' id='word_1_1479' title='bbox 2205 2553 2270 2589; x_wconf 79' lang='lat' dir='ltr'>sint,</span> <span class='ocrx_word' id='word_1_1480' title='bbox 2299 2564 2331 2584; x_wconf 83' lang='lat' dir='ltr'>ea</span> <span class='ocrx_word' id='word_1_1481' title='bbox 2339 2555 2459 2592; x_wconf 80' lang='lat' dir='ltr'>possisne</span> 
     </span>
     <span class='ocr_line' id='line_1_168' title="bbox 1322 2590 2020 2628; baseline 0.004 -10"><span class='ocrx_word' id='word_1_1482' title='bbox 1322 2591 1442 2619; x_wconf 87' lang='lat' dir='ltr'>retinere</span> <span class='ocrx_word' id='word_1_1483' title='bbox 1454 2612 1461 2625; x_wconf 95' lang='lat'>,</span> <span class='ocrx_word' id='word_1_1484' title='bbox 1484 2590 1502 2619; x_wconf 91' lang='lat' dir='ltr'>si</span> <span class='ocrx_word' id='word_1_1485' title='bbox 1518 2601 1614 2628; x_wconf 85' lang='lat' dir='ltr'>parum</span> <span class='ocrx_word' id='word_1_1486' title='bbox 1627 2591 1658 2619; x_wconf 86' lang='lat' dir='ltr'>sit</span> <span class='ocrx_word' id='word_1_1487' title='bbox 1670 2592 1877 2620; x_wconf 88' lang='lat' dir='ltr'>communitum</span> <span class='ocrx_word' id='word_1_1488' title='bbox 1887 2592 1949 2627; x_wconf 77' lang='lat' dir='ltr'>jus,</span> <span class='ocrx_word' id='word_1_1489' title='bbox 1967 2593 2020 2621; x_wconf 59' lang='lat' dir='ltr'>&amp;a</span> 
     </span>
     <span class='ocr_line' id='line_1_169' title="bbox 1322 2628 2454 2663; baseline 0.005 -6"><span class='ocrx_word' id='word_1_1490' title='bbox 1322 2628 1503 2658; x_wconf 89' lang='lat' dir='ltr'>Communita</span> <span class='ocrx_word' id='word_1_1491' title='bbox 1517 2629 1596 2658; x_wconf 87' lang='lat' dir='ltr'>causa</span> <span class='ocrx_word' id='word_1_1492' title='bbox 1612 2628 1703 2658; x_wconf 88' lang='lat' dir='ltr'>Roscii</span> <span class='ocrx_word' id='word_1_1493' title='bbox 1722 2628 1879 2659; x_wconf 79' lang='lat' dir='ltr'>firmissimis</span> <span class='ocrx_word' id='word_1_1494' title='bbox 1894 2631 1921 2659; x_wconf 65' lang='grc' dir='ltr'><strong>ἃ</strong></span> <span class='ocrx_word' id='word_1_1495' title='bbox 1938 2629 2113 2660; x_wconf 72' lang='lat' dir='ltr'>&#39;sanffiffimis</span> <span class='ocrx_word' id='word_1_1496' title='bbox 2132 2629 2298 2660; x_wconf 83' lang='lat' dir='ltr'>testimoniis</span> <span class='ocrx_word' id='word_1_1497' title='bbox 2320 2630 2454 2663; x_wconf 75' lang='lat' dir='ltr'>virorum.</span> 
     </span>
    </p>

    <p class='ocr_par' dir='ltr' id='par_1_94' title="bbox 1342 2666 1708 2704">
     <span class='ocr_line' id='line_1_170' title="bbox 1342 2666 1708 2704; baseline 0.005 -10"><span class='ocrx_word' id='word_1_1498' title='bbox 1342 2666 1399 2695; x_wconf 88' lang='lat' dir='ltr'>Cic.</span> <span class='ocrx_word' id='word_1_1499' title='bbox 1410 2676 1460 2704; x_wconf 87' lang='lat' dir='ltr'>pro</span> <span class='ocrx_word' id='word_1_1500' title='bbox 1473 2666 1551 2696; x_wconf 84' lang='lat' dir='ltr'>Rosc.</span> <span class='ocrx_word' id='word_1_1501' title='bbox 1568 2667 1648 2696; x_wconf 89' lang='lat' dir='ltr'>Com.</span> <span class='ocrx_word' id='word_1_1502' title='bbox 1663 2675 1708 2702; x_wconf 70' lang='lat'>43.</span> 
     </span>
    </p>

    <p class='ocr_par' dir='ltr' id='par_1_95' title="bbox 1282 2703 2455 2772">
     <span class='ocr_line' id='line_1_171' title="bbox 1282 2703 2455 2742; baseline 0.004 -10"><span class='ocrx_word' id='word_1_1503' title='bbox 1282 2703 1308 2733; x_wconf 84' lang='lat' dir='ltr'>C</span> <span class='ocrx_word' id='word_1_1504' title='bbox 1319 2714 1335 2732; x_wconf 93' lang='lat' dir='ltr'>o</span> <span class='ocrx_word' id='word_1_1505' title='bbox 1346 2715 1365 2733; x_wconf 85' lang='lat' dir='ltr'><strong>M</strong></span> <span class='ocrx_word' id='word_1_1506' title='bbox 1374 2715 1395 2733; x_wconf 88' lang='lat' dir='ltr'><strong>M</strong></span> <span class='ocrx_word' id='word_1_1507' title='bbox 1405 2715 1423 2733; x_wconf 87' lang='lat' dir='ltr'>u</span> <span class='ocrx_word' id='word_1_1508' title='bbox 1434 2713 1500 2733; x_wconf 86' lang='lat' dir='ltr'>N1T</span> <span class='ocrx_word' id='word_1_1509' title='bbox 1509 2716 1518 2733; x_wconf 88' lang='lat'>1</span> <span class='ocrx_word' id='word_1_1510' title='bbox 1528 2715 1545 2734; x_wconf 94' lang='lat' dir='ltr'>o</span> <span class='ocrx_word' id='word_1_1511' title='bbox 1555 2727 1563 2740; x_wconf 96' lang='lat'>,</span> <span class='ocrx_word' id='word_1_1512' title='bbox 1585 2706 1657 2735; x_wconf 78' lang='lat' dir='ltr'>onis.</span> <span class='ocrx_word' id='word_1_1513' title='bbox 1679 2704 1699 2734; x_wconf 85' lang='lat' dir='ltr'>f.</span> <span class='ocrx_word' id='word_1_1514' title='bbox 1724 2704 1781 2735; x_wconf 78' lang='lat' dir='ltr'>Cic.</span> <span class='ocrx_word' id='word_1_1515' title='bbox 1792 2714 1818 2736; x_wconf 91' lang='lat'>2.</span> <span class='ocrx_word' id='word_1_1516' title='bbox 1832 2704 1868 2735; x_wconf 89' lang='lat' dir='ltr'>de</span> <span class='ocrx_word' id='word_1_1517' title='bbox 1876 2704 1952 2735; x_wconf 86' lang='lat' dir='ltr'>Orat.</span> <span class='ocrx_word' id='word_1_1518' title='bbox 1966 2713 2029 2742; x_wconf 83' lang='lat'>3²0·</span> <span class='ocrx_word' id='word_1_1519' title='bbox 2051 2705 2149 2736; x_wconf 79' lang='lat' dir='ltr'>Aditus</span> <span class='ocrx_word' id='word_1_1520' title='bbox 2165 2706 2200 2736; x_wconf 88' lang='lat' dir='ltr'>ad</span> <span class='ocrx_word' id='word_1_1521' title='bbox 2221 2705 2330 2736; x_wconf 88' lang='lat' dir='ltr'>causam</span> <span class='ocrx_word' id='word_1_1522' title='bbox 2341 2707 2367 2736; x_wconf 75' lang='grc' dir='ltr'>ἂ</span> <span class='ocrx_word' id='word_1_1523' title='bbox 2378 2716 2455 2738; x_wconf 89' lang='lat' dir='ltr'>com-</span> 
     </span>
     <span class='ocr_line' id='line_1_172' title="bbox 1325 2742 1685 2772; baseline 0.006 -2"><span class='ocrx_word' id='word_1_1524' title='bbox 1325 2742 1456 2772; x_wconf 86' lang='lat' dir='ltr'>munitio.</span> <span class='ocrx_word' id='word_1_1525' title='bbox 1487 2742 1528 2772; x_wconf 87' lang='lat' dir='ltr'>Al.</span> <span class='ocrx_word' id='word_1_1526' title='bbox 1553 2743 1685 2772; x_wconf 85' lang='lat' dir='ltr'>Munitio.</span> 
     </span>
    </p>

    <p class='ocr_par' dir='ltr' id='par_1_96' title="bbox 1283 2777 2452 2886">
     <span class='ocr_line' id='line_1_173' title="bbox 1283 2777 2452 2819; baseline 0.003 -11"><span class='ocrx_word' id='word_1_1527' title='bbox 1283 2780 1360 2809; x_wconf 82' lang='lat' dir='ltr'>CoM</span> <span class='ocrx_word' id='word_1_1528' title='bbox 1371 2792 1389 2808; x_wconf 80' lang='lat' dir='ltr'><strong>M</strong></span> <span class='ocrx_word' id='word_1_1529' title='bbox 1400 2784 1417 2809; x_wconf 77' lang='grc' dir='ltr'><strong>ῦ</strong></span> <span class='ocrx_word' id='word_1_1530' title='bbox 1429 2790 1447 2809; x_wconf 81' lang='lat' dir='ltr'>N</span> <span class='ocrx_word' id='word_1_1531' title='bbox 1457 2791 1466 2809; x_wconf 90' lang='lat'>1</span> <span class='ocrx_word' id='word_1_1532' title='bbox 1476 2790 1488 2810; x_wconf 92' lang='lat' dir='ltr'>s</span> <span class='ocrx_word' id='word_1_1533' title='bbox 1499 2803 1506 2816; x_wconf 92' lang='lat'>,</span> <span class='ocrx_word' id='word_1_1534' title='bbox 1533 2790 1556 2810; x_wconf 88' lang='lat' dir='ltr'>e.</span> <span class='ocrx_word' id='word_1_1535' title='bbox 1579 2782 1691 2817; x_wconf 46' lang='grc' dir='ltr'>[κςινὸςῃ</span> <span class='ocrx_word' id='word_1_1536' title='bbox 1716 2779 1818 2813; x_wconf 55' lang='lat' dir='ltr'>gviiii&amp;</span> <span class='ocrx_word' id='word_1_1537' title='bbox 1828 2801 1839 2817; x_wconf 85' lang='lat'>‚</span> <span class='ocrx_word' id='word_1_1538' title='bbox 1865 2780 1944 2814; x_wconf 72' lang='grc' dir='ltr'><strong>ξυνὸς,</strong></span> <span class='ocrx_word' id='word_1_1539' title='bbox 1960 2777 2127 2816; x_wconf 56' lang='grc' dir='ltr'>πάνδὶιμῶι]</span> <span class='ocrx_word' id='word_1_1540' title='bbox 2146 2781 2234 2818; x_wconf 84' lang='lat' dir='ltr'>Quod</span> <span class='ocrx_word' id='word_1_1541' title='bbox 2255 2781 2382 2812; x_wconf 89' lang='lat' dir='ltr'>omnium</span> <span class='ocrx_word' id='word_1_1542' title='bbox 2394 2783 2452 2819; x_wconf 79' lang='lat' dir='ltr'>est,</span> 
     </span>
     <span class='ocr_line' id='line_1_174' title="bbox 1320 2818 2452 2885; baseline 0.003 -38"><span class='ocrx_word' id='word_1_1543' title='bbox 1320 2819 1392 2854; x_wconf 84' lang='lat' dir='ltr'>quali</span> <span class='ocrx_word' id='word_1_1544' title='bbox 1404 2819 1536 2885; x_wconf 51' lang='grc' dir='ltr'>οητῦῑίδιις</span> <span class='ocrx_word' id='word_1_1545' title='bbox 1548 2818 1735 2849; x_wconf 88' lang='lat' dir='ltr'>consentiens.</span> <span class='ocrx_word' id='word_1_1546' title='bbox 1758 2826 1806 2855; x_wconf 93' lang='lat' dir='ltr'>ut,</span> <span class='ocrx_word' id='word_1_1547' title='bbox 1828 2818 1994 2849; x_wconf 88' lang='lat' dir='ltr'>Communis</span> <span class='ocrx_word' id='word_1_1548' title='bbox 2002 2819 2086 2848; x_wconf 82' lang='lat' dir='ltr'>hostis</span> <span class='ocrx_word' id='word_1_1549' title='bbox 2094 2820 2222 2857; x_wconf 80' lang='lat' dir='ltr'>gentium</span> <span class='ocrx_word' id='word_1_1550' title='bbox 2244 2821 2270 2849; x_wconf 64' lang='lat' dir='ltr'>Se</span> <span class='ocrx_word' id='word_1_1551' title='bbox 2293 2821 2452 2850; x_wconf 68' lang='lat' dir='ltr'>nationum.</span> 
     </span>
     <span class='ocr_line' id='line_1_175' title="bbox 1322 2856 1519 2886; baseline 0.01 -2"><span class='ocrx_word' id='word_1_1552' title='bbox 1322 2856 1382 2885; x_wconf 85' lang='lat' dir='ltr'>Cic.</span> <span class='ocrx_word' id='word_1_1553' title='bbox 1417 2880 1422 2886; x_wconf 84' lang='lat'>.</span> <span class='ocrx_word' id='word_1_1554' title='bbox 1468 2866 1519 2886; x_wconf 89' lang='lat' dir='ltr'>err.</span> 
     </span>
    </p>

    <p class='ocr_par' dir='ltr' id='par_1_97' title="bbox 1322 2866 2455 3305">
     <span class='ocr_line' id='line_1_176' title="bbox 1322 2866 2454 2932; baseline 0.003 -9"><span class='ocrx_word' id='word_1_1555' title='bbox 1322 2866 1482 2924; x_wconf 77' lang='lat' dir='ltr'>Comr7nune</span> <span class='ocrx_word' id='word_1_1556' title='bbox 1493 2894 1603 2924; x_wconf 88' lang='lat' dir='ltr'>duobus</span> <span class='ocrx_word' id='word_1_1557' title='bbox 1615 2894 1709 2924; x_wconf 87' lang='lat' dir='ltr'>modis</span> <span class='ocrx_word' id='word_1_1558' title='bbox 1721 2895 1858 2931; x_wconf 86' lang='lat' dir='ltr'>accipi-tur</span> <span class='ocrx_word' id='word_1_1559' title='bbox 1870 2904 1877 2924; x_wconf 75' lang='grc' dir='ltr'><strong>ε</strong></span> <span class='ocrx_word' id='word_1_1560' title='bbox 1900 2904 1958 2923; x_wconf 92' lang='lat' dir='ltr'>uno</span> <span class='ocrx_word' id='word_1_1561' title='bbox 1973 2895 2062 2924; x_wconf 85' lang='lat' dir='ltr'>modo</span> <span class='ocrx_word' id='word_1_1562' title='bbox 2080 2894 2239 2924; x_wconf 81' lang='lat' dir='ltr'>Commune</span> <span class='ocrx_word' id='word_1_1563' title='bbox 2258 2894 2432 2932; x_wconf 87' lang='lat' dir='ltr'>appellamus</span> <span class='ocrx_word' id='word_1_1564' title='bbox 2441 2918 2454 2931; x_wconf 75' lang='lat'>,</span> 
     </span>
     <span class='ocr_line' id='line_1_177' title="bbox 1341 2932 2454 2971; baseline 0.002 -10"><span class='ocrx_word' id='word_1_1565' title='bbox 1341 2932 1430 2969; x_wconf 90' lang='lat' dir='ltr'>Quod</span> <span class='ocrx_word' id='word_1_1566' title='bbox 1438 2933 1475 2962; x_wconf 84' lang='lat' dir='ltr'>est</span> <span class='ocrx_word' id='word_1_1567' title='bbox 1489 2934 1610 2962; x_wconf 84' lang='lat' dir='ltr'>duorum</span> <span class='ocrx_word' id='word_1_1568' title='bbox 1621 2955 1628 2969; x_wconf 90' lang='lat'>,</span> <span class='ocrx_word' id='word_1_1569' title='bbox 1650 2939 1697 2962; x_wconf 86' lang='lat' dir='ltr'>aut</span> <span class='ocrx_word' id='word_1_1570' title='bbox 1706 2932 1829 2971; x_wconf 84' lang='lat' dir='ltr'>plurium</span> <span class='ocrx_word' id='word_1_1571' title='bbox 1841 2943 1849 2969; x_wconf 90' lang='lat'>;</span> <span class='ocrx_word' id='word_1_1572' title='bbox 1871 2938 1903 2961; x_wconf 88' lang='lat' dir='ltr'>ut</span> <span class='ocrx_word' id='word_1_1573' title='bbox 1913 2954 1921 2967; x_wconf 92' lang='lat'>,</span> <span class='ocrx_word' id='word_1_1574' title='bbox 1944 2932 2033 2962; x_wconf 82' lang='lat' dir='ltr'>Paries</span> <span class='ocrx_word' id='word_1_1575' title='bbox 2046 2933 2215 2967; x_wconf 89' lang='lat' dir='ltr'>communis,</span> <span class='ocrx_word' id='word_1_1576' title='bbox 2232 2934 2391 2962; x_wconf 87' lang='lat' dir='ltr'>communis</span> <span class='ocrx_word' id='word_1_1577' title='bbox 2404 2934 2454 2963; x_wconf 84' lang='lat' dir='ltr'>do-</span> 
     </span>
     <span class='ocr_line' id='line_1_178' title="bbox 1341 2969 2454 3008; baseline 0.001 -8"><span class='ocrx_word' id='word_1_1578' title='bbox 1341 2980 1420 3000; x_wconf 86' lang='lat' dir='ltr'>mus:</span> <span class='ocrx_word' id='word_1_1579' title='bbox 1442 2977 1525 3008; x_wconf 86' lang='lat' dir='ltr'>atque</span> <span class='ocrx_word' id='word_1_1580' title='bbox 1537 2971 1634 3000; x_wconf 87' lang='lat' dir='ltr'>harum</span> <span class='ocrx_word' id='word_1_1581' title='bbox 1653 2981 1745 3000; x_wconf 90' lang='lat' dir='ltr'>rerum</span> <span class='ocrx_word' id='word_1_1582' title='bbox 1759 2971 1954 3000; x_wconf 85' lang='lat' dir='ltr'>communium</span> <span class='ocrx_word' id='word_1_1583' title='bbox 1974 2969 2053 3000; x_wconf 83' lang='lat' dir='ltr'>causa</span> <span class='ocrx_word' id='word_1_1584' title='bbox 2069 2970 2206 3008; x_wconf 84' lang='lat' dir='ltr'>competit</span> <span class='ocrx_word' id='word_1_1585' title='bbox 2217 2971 2289 3000; x_wconf 70' lang='lat' dir='ltr'>actio</span> <span class='ocrx_word' id='word_1_1586' title='bbox 2307 2971 2454 3002; x_wconf 72' lang='lat' dir='ltr'>communi</span> 
     </span>
     <span class='ocr_line' id='line_1_179' title="bbox 1342 3008 2453 3046; baseline 0.002 -10"><span class='ocrx_word' id='word_1_1587' title='bbox 1342 3008 1516 3038; x_wconf 89' lang='lat' dir='ltr'>dividundo:</span> <span class='ocrx_word' id='word_1_1588' title='bbox 1539 3019 1554 3038; x_wconf 90' lang='lat' dir='ltr'>a</span> <span class='ocrx_word' id='word_1_1589' title='bbox 1564 3018 1679 3046; x_wconf 88' lang='lat' dir='ltr'>quarum</span> <span class='ocrx_word' id='word_1_1590' title='bbox 1691 3008 1871 3038; x_wconf 85' lang='lat' dir='ltr'>similitudine</span> <span class='ocrx_word' id='word_1_1591' title='bbox 1884 3008 2006 3037; x_wconf 86' lang='lat' dir='ltr'>dicimus</span> <span class='ocrx_word' id='word_1_1592' title='bbox 2019 3008 2138 3037; x_wconf 82' lang='lat' dir='ltr'>Martem</span> <span class='ocrx_word' id='word_1_1593' title='bbox 2154 3018 2335 3037; x_wconf 90' lang='lat' dir='ltr'>communem</span> <span class='ocrx_word' id='word_1_1594' title='bbox 2346 3031 2353 3042; x_wconf 84' lang='lat'>,</span> <span class='ocrx_word' id='word_1_1595' title='bbox 2379 3019 2453 3038; x_wconf 88' lang='lat' dir='ltr'>mor-</span> 
     </span>
     <span class='ocr_line' id='line_1_180' title="bbox 1340 3046 2454 3083; baseline 0.003 -9"><span class='ocrx_word' id='word_1_1596' title='bbox 1340 3052 1399 3075; x_wconf 86' lang='lat' dir='ltr'>tem</span> <span class='ocrx_word' id='word_1_1597' title='bbox 1410 3056 1600 3077; x_wconf 85' lang='lat' dir='ltr'>communem.</span> <span class='ocrx_word' id='word_1_1598' title='bbox 1645 3047 1737 3076; x_wconf 89' lang='lat' dir='ltr'>Altero</span> <span class='ocrx_word' id='word_1_1599' title='bbox 1759 3047 1845 3076; x_wconf 87' lang='lat' dir='ltr'>modo</span> <span class='ocrx_word' id='word_1_1600' title='bbox 1862 3046 2031 3075; x_wconf 85' lang='lat' dir='ltr'>Communia</span> <span class='ocrx_word' id='word_1_1601' title='bbox 2051 3046 2188 3081; x_wconf 83' lang='lat' dir='ltr'>dicimus,</span> <span class='ocrx_word' id='word_1_1602' title='bbox 2212 3046 2282 3083; x_wconf 79' lang='lat' dir='ltr'>Quae</span> <span class='ocrx_word' id='word_1_1603' title='bbox 2302 3056 2318 3075; x_wconf 87' lang='lat' dir='ltr'>a</span> <span class='ocrx_word' id='word_1_1604' title='bbox 2338 3047 2454 3077; x_wconf 81' lang='lat' dir='ltr'>nemine</span> 
     </span>
     <span class='ocr_line' id='line_1_181' title="bbox 1342 3083 2455 3123; baseline 0.002 -10"><span class='ocrx_word' id='word_1_1605' title='bbox 1342 3083 1405 3113; x_wconf 89' lang='lat' dir='ltr'>sunt</span> <span class='ocrx_word' id='word_1_1606' title='bbox 1425 3092 1582 3123; x_wconf 87' lang='lat' dir='ltr'>occupata,</span> <span class='ocrx_word' id='word_1_1607' title='bbox 1601 3094 1694 3122; x_wconf 87' lang='lat' dir='ltr'>neque</span> <span class='ocrx_word' id='word_1_1608' title='bbox 1712 3083 1843 3123; x_wconf 77' lang='lat' dir='ltr'>possessa,</span> <span class='ocrx_word' id='word_1_1609' title='bbox 1865 3086 1891 3114; x_wconf 72' lang='grc' dir='ltr'>ἀ</span> <span class='ocrx_word' id='word_1_1610' title='bbox 1911 3083 2024 3121; x_wconf 77' lang='lat' dir='ltr'>possunt</span> <span class='ocrx_word' id='word_1_1611' title='bbox 2045 3083 2103 3113; x_wconf 88' lang='lat' dir='ltr'>fieri</span> <span class='ocrx_word' id='word_1_1612' title='bbox 2123 3085 2306 3121; x_wconf 86' lang='lat' dir='ltr'>occupantis,</span> <span class='ocrx_word' id='word_1_1613' title='bbox 2328 3090 2359 3113; x_wconf 90' lang='lat' dir='ltr'>ut</span> <span class='ocrx_word' id='word_1_1614' title='bbox 2380 3086 2455 3121; x_wconf 80' lang='lat' dir='ltr'>Aqua.</span> 
     </span>
     <span class='ocr_line' id='line_1_182' title="bbox 1341 3121 2452 3160; baseline 0.003 -10"><span class='ocrx_word' id='word_1_1615' title='bbox 1341 3122 1483 3160; x_wconf 82' lang='lat' dir='ltr'>profluens</span> <span class='ocrx_word' id='word_1_1616' title='bbox 1495 3145 1503 3158; x_wconf 91' lang='lat'>‚</span> <span class='ocrx_word' id='word_1_1617' title='bbox 1525 3133 1569 3153; x_wconf 83' lang='lat' dir='ltr'>aer</span> <span class='ocrx_word' id='word_1_1618' title='bbox 1580 3145 1589 3158; x_wconf 83' lang='lat'>,</span> <span class='ocrx_word' id='word_1_1619' title='bbox 1610 3123 1676 3153; x_wconf 85' lang='lat' dir='ltr'>litus</span> <span class='ocrx_word' id='word_1_1620' title='bbox 1688 3123 1771 3152; x_wconf 87' lang='lat' dir='ltr'>maris</span> <span class='ocrx_word' id='word_1_1621' title='bbox 1782 3145 1789 3157; x_wconf 90' lang='lat'>‚</span> <span class='ocrx_word' id='word_1_1622' title='bbox 1810 3124 1836 3153; x_wconf 87' lang='lat'>&amp;</span> <span class='ocrx_word' id='word_1_1623' title='bbox 1846 3128 1939 3152; x_wconf 86' lang='lat' dir='ltr'>cetera</span> <span class='ocrx_word' id='word_1_1624' title='bbox 1948 3121 1978 3150; x_wconf 86' lang='lat' dir='ltr'>id</span> <span class='ocrx_word' id='word_1_1625' title='bbox 1987 3131 2090 3159; x_wconf 87' lang='lat' dir='ltr'>genus:</span> <span class='ocrx_word' id='word_1_1626' title='bbox 2124 3130 2241 3158; x_wconf 84' lang='lat' dir='ltr'>quarum</span> <span class='ocrx_word' id='word_1_1627' title='bbox 2259 3131 2353 3151; x_wconf 87' lang='lat' dir='ltr'>rerum</span> <span class='ocrx_word' id='word_1_1628' title='bbox 2370 3123 2452 3153; x_wconf 81' lang='lat' dir='ltr'>causa</span> 
     </span>
     <span class='ocr_line' id='line_1_183' title="bbox 1342 3158 2451 3197; baseline 0.002 -9"><span class='ocrx_word' id='word_1_1629' title='bbox 1342 3170 1401 3189; x_wconf 90' lang='lat' dir='ltr'>non</span> <span class='ocrx_word' id='word_1_1630' title='bbox 1417 3161 1497 3190; x_wconf 83' lang='lat' dir='ltr'>datur</span> <span class='ocrx_word' id='word_1_1631' title='bbox 1507 3162 1579 3191; x_wconf 62' lang='lat' dir='ltr'>aerio</span> <span class='ocrx_word' id='word_1_1632' title='bbox 1593 3162 1736 3190; x_wconf 90' lang='lat' dir='ltr'>communi</span> <span class='ocrx_word' id='word_1_1633' title='bbox 1758 3160 1916 3190; x_wconf 88' lang='lat' dir='ltr'>dividundo</span> <span class='ocrx_word' id='word_1_1634' title='bbox 1932 3160 2005 3197; x_wconf 85' lang='lat' dir='ltr'>apud</span> <span class='ocrx_word' id='word_1_1635' title='bbox 2025 3158 2247 3195; x_wconf 82' lang='lat' dir='ltr'>Jurisconsultos.</span> <span class='ocrx_word' id='word_1_1636' title='bbox 2291 3160 2451 3190; x_wconf 87' lang='lat' dir='ltr'>Commune</span> 
     </span>
     <span class='ocr_line' id='line_1_184' title="bbox 1342 3196 2454 3241; baseline 0.002 -15"><span class='ocrx_word' id='word_1_1637' title='bbox 1342 3206 1436 3227; x_wconf 87' lang='lat' dir='ltr'>autem</span> <span class='ocrx_word' id='word_1_1638' title='bbox 1446 3200 1600 3237; x_wconf 82' lang='lat' dir='ltr'>opponitur</span> <span class='ocrx_word' id='word_1_1639' title='bbox 1612 3199 1727 3237; x_wconf 87' lang='lat' dir='ltr'>Proprio</span> <span class='ocrx_word' id='word_1_1640' title='bbox 1740 3208 1747 3228; x_wconf 91' lang='lat'><strong>:</strong></span> <span class='ocrx_word' id='word_1_1641' title='bbox 1775 3205 1805 3228; x_wconf 92' lang='lat' dir='ltr'>ut</span> <span class='ocrx_word' id='word_1_1642' title='bbox 1817 3197 1874 3227; x_wconf 92' lang='lat' dir='ltr'>Cic.</span> <span class='ocrx_word' id='word_1_1643' title='bbox 1891 3207 1943 3236; x_wconf 86' lang='lat' dir='ltr'>pro</span> <span class='ocrx_word' id='word_1_1644' title='bbox 1956 3196 2026 3226; x_wconf 75' lang='lat' dir='ltr'>Suu.</span> <span class='ocrx_word' id='word_1_1645' title='bbox 2038 3208 2063 3232; x_wconf 89' lang='lat'>9.</span> <span class='ocrx_word' id='word_1_1646' title='bbox 2086 3197 2212 3235; x_wconf 88' lang='lat' dir='ltr'>Tempus</span> <span class='ocrx_word' id='word_1_1647' title='bbox 2225 3198 2325 3241; x_wconf 76' lang='lat' dir='ltr'>agendi</span> <span class='ocrx_word' id='word_1_1648' title='bbox 2340 3198 2391 3227; x_wconf 89' lang='lat' dir='ltr'>fuit</span> <span class='ocrx_word' id='word_1_1649' title='bbox 2404 3199 2454 3228; x_wconf 88' lang='lat' dir='ltr'>mi-</span> 
     </span>
     <span class='ocr_line' id='line_1_185' title="bbox 1343 3234 2451 3276; baseline 0.002 -11"><span class='ocrx_word' id='word_1_1650' title='bbox 1343 3236 1372 3265; x_wconf 85' lang='lat' dir='ltr'>hi</span> <span class='ocrx_word' id='word_1_1651' title='bbox 1385 3238 1470 3274; x_wconf 84' lang='lat' dir='ltr'>magis</span> <span class='ocrx_word' id='word_1_1652' title='bbox 1479 3239 1624 3276; x_wconf 87' lang='lat' dir='ltr'>proprium</span> <span class='ocrx_word' id='word_1_1653' title='bbox 1633 3259 1641 3271; x_wconf 93' lang='lat'>,</span> <span class='ocrx_word' id='word_1_1654' title='bbox 1663 3247 1746 3274; x_wconf 88' lang='lat' dir='ltr'>quam</span> <span class='ocrx_word' id='word_1_1655' title='bbox 1755 3236 1870 3266; x_wconf 89' lang='lat' dir='ltr'>ceteris:</span> <span class='ocrx_word' id='word_1_1656' title='bbox 1893 3235 2000 3267; x_wconf 85' lang='lat' dir='ltr'>doloris</span> <span class='ocrx_word' id='word_1_1657' title='bbox 2007 3244 2073 3265; x_wconf 87' lang='lat' dir='ltr'>vero</span> <span class='ocrx_word' id='word_1_1658' title='bbox 2083 3236 2110 3265; x_wconf 71' lang='grc' dir='ltr'>δι</span> <span class='ocrx_word' id='word_1_1659' title='bbox 2119 3235 2239 3273; x_wconf 85' lang='lat' dir='ltr'>periculi</span> <span class='ocrx_word' id='word_1_1660' title='bbox 2249 3236 2302 3264; x_wconf 85' lang='lat' dir='ltr'>fuit</span> <span class='ocrx_word' id='word_1_1661' title='bbox 2312 3234 2360 3265; x_wconf 86' lang='lat' dir='ltr'>illa</span> <span class='ocrx_word' id='word_1_1662' title='bbox 2370 3236 2451 3267; x_wconf 71' lang='lat' dir='ltr'>causa</span> 
     </span>
     <span class='ocr_line' id='line_1_186' title="bbox 1342 3275 1751 3305; baseline 0.002 -2"><span class='ocrx_word' id='word_1_1663' title='bbox 1342 3277 1510 3305; x_wconf 88' lang='lat' dir='ltr'>communis.</span> <span class='ocrx_word' id='word_1_1664' title='bbox 1553 3276 1593 3305; x_wconf 81' lang='lat' dir='ltr'>Ex</span> <span class='ocrx_word' id='word_1_1665' title='bbox 1609 3275 1751 3304; x_wconf 85' lang='lat' dir='ltr'>Lambino.</span> 
     </span>
    </p>

    <p class='ocr_par' dir='ltr' id='par_1_98' title="bbox 1322 3311 1971 3354">
     <span class='ocr_line' id='line_1_187' title="bbox 1322 3311 1971 3354; baseline -0.003 -13"><span class='ocrx_word' id='word_1_1666' title='bbox 1322 3311 1426 3342; x_wconf 85' lang='lat' dir='ltr'>Tribus</span> <span class='ocrx_word' id='word_1_1667' title='bbox 1435 3313 1559 3342; x_wconf 86' lang='lat' dir='ltr'>dominis</span> <span class='ocrx_word' id='word_1_1668' title='bbox 1570 3314 1736 3343; x_wconf 88' lang='lat' dir='ltr'>communis.</span> <span class='ocrx_word' id='word_1_1669' title='bbox 1760 3311 1863 3341; x_wconf 82' lang='lat' dir='ltr'>Lucan.</span> <span class='ocrx_word' id='word_1_1670' title='bbox 1876 3321 1908 3354; x_wconf 58' lang='lat'>‚¹·</span> <span class='ocrx_word' id='word_1_1671' title='bbox 1925 3315 1971 3346; x_wconf 79' lang='lat'>35.</span> 
     </span>
    </p>

    <p class='ocr_par' dir='ltr' id='par_1_99' title="bbox 1417 3348 2007 3381">
     <span class='ocr_line' id='line_1_188' title="bbox 1417 3348 2007 3381; baseline -0.007 -1"><span class='ocrx_word' id='word_1_1672' title='bbox 1417 3351 1499 3381; x_wconf 62' lang='lat' dir='ltr'>Fasta</span> <span class='ocrx_word' id='word_1_1673' title='bbox 1507 3351 1595 3380; x_wconf 85' lang='lat' dir='ltr'>tribus</span> <span class='ocrx_word' id='word_1_1674' title='bbox 1604 3351 1727 3380; x_wconf 87' lang='lat' dir='ltr'>dominis</span> <span class='ocrx_word' id='word_1_1675' title='bbox 1738 3358 1896 3379; x_wconf 83' lang='lat' dir='ltr'>communis</span> <span class='ocrx_word' id='word_1_1676' title='bbox 1909 3348 2007 3377; x_wconf 78' lang='lat' dir='ltr'>Roma.</span> 
     </span>
    </p>

    <p class='ocr_par' dir='ltr' id='par_1_100' title="bbox 1322 3381 2453 3469">
     <span class='ocr_line' id='line_1_189' title="bbox 1322 3381 2453 3426; baseline 0 -9"><span class='ocrx_word' id='word_1_1677' title='bbox 1322 3387 1442 3426; x_wconf 82' lang='lat' dir='ltr'>Vulgare</span> <span class='ocrx_word' id='word_1_1678' title='bbox 1453 3411 1461 3423; x_wconf 87' lang='lat'>,</span> <span class='ocrx_word' id='word_1_1679' title='bbox 1481 3391 1509 3419; x_wconf 71' lang='grc' dir='ltr'><strong>ἃ</strong></span> <span class='ocrx_word' id='word_1_1680' title='bbox 1520 3398 1680 3419; x_wconf 89' lang='lat' dir='ltr'>commune.</span> <span class='ocrx_word' id='word_1_1681' title='bbox 1721 3387 1781 3417; x_wconf 90' lang='lat' dir='ltr'>Cic.</span> <span class='ocrx_word' id='word_1_1682' title='bbox 1794 3396 1819 3423; x_wconf 85' lang='lat'>3.</span> <span class='ocrx_word' id='word_1_1683' title='bbox 1839 3387 1875 3415; x_wconf 93' lang='lat' dir='ltr'>de</span> <span class='ocrx_word' id='word_1_1684' title='bbox 1885 3385 1974 3415; x_wconf 89' lang='lat' dir='ltr'>Finib.</span> <span class='ocrx_word' id='word_1_1685' title='bbox 1988 3394 2013 3422; x_wconf 85' lang='lat'>3.</span> <span class='ocrx_word' id='word_1_1686' title='bbox 2036 3384 2125 3421; x_wconf 75' lang='lat' dir='ltr'>Cujus</span> <span class='ocrx_word' id='word_1_1687' title='bbox 2139 3381 2204 3415; x_wconf 90' lang='lat' dir='ltr'>usus</span> <span class='ocrx_word' id='word_1_1688' title='bbox 2213 3385 2354 3424; x_wconf 79' lang='lat' dir='ltr'>vulgaris,</span> <span class='ocrx_word' id='word_1_1689' title='bbox 2376 3396 2453 3417; x_wconf 78' lang='lat' dir='ltr'>com-</span> 
     </span>
     <span class='ocr_line' id='line_1_190' title="bbox 1342 3427 2365 3469; baseline 0.004 -14"><span class='ocrx_word' id='word_1_1690' title='bbox 1342 3427 1489 3464; x_wconf 89' lang='lat' dir='ltr'>munisque</span> <span class='ocrx_word' id='word_1_1691' title='bbox 1499 3437 1557 3456; x_wconf 85' lang='lat' dir='ltr'>non</span> <span class='ocrx_word' id='word_1_1692' title='bbox 1567 3427 1607 3455; x_wconf 88' lang='lat' dir='ltr'>sit.</span> <span class='ocrx_word' id='word_1_1693' title='bbox 2037 3460 2043 3466; x_wconf 47' lang='lat'><strong>·</strong></span> <span class='ocrx_word' id='word_1_1694' title='bbox 2187 3461 2193 3467; x_wconf 61' lang='grc'><strong>,</strong></span> <span class='ocrx_word' id='word_1_1695' title='bbox 2357 3462 2365 3469; x_wconf 21' lang='grc' dir='ltr'>,ι</span> 
     </span>
    </p>

    <p class='ocr_par' dir='ltr' id='par_1_101' title="bbox 1320 3460 2452 3575">
     <span class='ocr_line' id='line_1_191' title="bbox 1320 3460 2449 3502; baseline -0.003 -8"><span class='ocrx_word' id='word_1_1696' title='bbox 1320 3463 1643 3502; x_wconf 67' lang='grc' dir='ltr'>Οοιηῐηυηεδινυίςετε.</span> <span class='ocrx_word' id='word_1_1697' title='bbox 1681 3462 1741 3492; x_wconf 86' lang='lat' dir='ltr'>Cic.</span> <span class='ocrx_word' id='word_1_1698' title='bbox 1756 3472 1780 3492; x_wconf 87' lang='lat'>1.</span> <span class='ocrx_word' id='word_1_1699' title='bbox 1798 3462 1833 3491; x_wconf 85' lang='lat' dir='ltr'>de</span> <span class='ocrx_word' id='word_1_1700' title='bbox 1847 3460 1925 3491; x_wconf 88' lang='lat' dir='ltr'>Orat.</span> <span class='ocrx_word' id='word_1_1701' title='bbox 1934 3466 1980 3497; x_wconf 81' lang='lat'>48.</span> <span class='ocrx_word' id='word_1_1702' title='bbox 2003 3460 2084 3490; x_wconf 74' lang='lat' dir='ltr'>Aliud</span> <span class='ocrx_word' id='word_1_1703' title='bbox 2097 3460 2136 3490; x_wconf 86' lang='lat' dir='ltr'>est</span> <span class='ocrx_word' id='word_1_1704' title='bbox 2147 3469 2224 3490; x_wconf 87' lang='lat' dir='ltr'>enim</span> <span class='ocrx_word' id='word_1_1705' title='bbox 2242 3461 2297 3491; x_wconf 83' lang='lat' dir='ltr'>esse</span> <span class='ocrx_word' id='word_1_1706' title='bbox 2313 3461 2449 3491; x_wconf 83' lang='lat' dir='ltr'>artificem</span> 
     </span>
     <span class='ocr_line' id='line_1_192' title="bbox 1338 3499 2452 3540; baseline -0.004 -8"><span class='ocrx_word' id='word_1_1707' title='bbox 1338 3502 1483 3538; x_wconf 78' lang='lat' dir='ltr'>cujusdam</span> <span class='ocrx_word' id='word_1_1708' title='bbox 1499 3503 1607 3540; x_wconf 87' lang='lat' dir='ltr'>generis</span> <span class='ocrx_word' id='word_1_1709' title='bbox 1619 3507 1701 3538; x_wconf 88' lang='lat' dir='ltr'>atque</span> <span class='ocrx_word' id='word_1_1710' title='bbox 1712 3502 1794 3530; x_wconf 88' lang='lat' dir='ltr'>artis:</span> <span class='ocrx_word' id='word_1_1711' title='bbox 1816 3499 1892 3528; x_wconf 82' lang='lat' dir='ltr'>aliud</span> <span class='ocrx_word' id='word_1_1712' title='bbox 1907 3500 1936 3528; x_wconf 91' lang='lat' dir='ltr'>in</span> <span class='ocrx_word' id='word_1_1713' title='bbox 1949 3499 2095 3528; x_wconf 85' lang='lat' dir='ltr'>communi</span> <span class='ocrx_word' id='word_1_1714' title='bbox 2112 3499 2168 3528; x_wconf 79' lang='lat' dir='ltr'>vita</span> <span class='ocrx_word' id='word_1_1715' title='bbox 2185 3499 2213 3529; x_wconf 86' lang='lat'>&amp;</span> <span class='ocrx_word' id='word_1_1716' title='bbox 2230 3500 2339 3538; x_wconf 81' lang='lat' dir='ltr'>vulgari</span> <span class='ocrx_word' id='word_1_1717' title='bbox 2359 3499 2452 3529; x_wconf 84' lang='lat' dir='ltr'>homi-</span> 
     </span>
     <span class='ocr_line' id='line_1_193' title="bbox 1340 3537 2056 3575; baseline -0.007 -5"><span class='ocrx_word' id='word_1_1718' title='bbox 1340 3550 1409 3569; x_wconf 88' lang='lat' dir='ltr'>num</span> <span class='ocrx_word' id='word_1_1719' title='bbox 1418 3541 1620 3570; x_wconf 89' lang='lat' dir='ltr'>consuetudine</span> <span class='ocrx_word' id='word_1_1720' title='bbox 1633 3561 1640 3575; x_wconf 89' lang='lat'>,</span> <span class='ocrx_word' id='word_1_1721' title='bbox 1664 3548 1722 3567; x_wconf 84' lang='lat' dir='ltr'>non</span> <span class='ocrx_word' id='word_1_1722' title='bbox 1740 3537 1871 3567; x_wconf 86' lang='lat' dir='ltr'>hebetem</span> <span class='ocrx_word' id='word_1_1723' title='bbox 1885 3546 1939 3566; x_wconf 89' lang='lat' dir='ltr'>nec</span> <span class='ocrx_word' id='word_1_1724' title='bbox 1949 3537 2056 3566; x_wconf 89' lang='lat' dir='ltr'>rudem.</span> 
     </span>
    </p>

    <p class='ocr_par' dir='ltr' id='par_1_102' title="bbox 1322 3575 2089 3615">
     <span class='ocr_line' id='line_1_194' title="bbox 1322 3575 2089 3615; baseline -0.008 -7"><span class='ocrx_word' id='word_1_1725' title='bbox 1322 3577 1504 3615; x_wconf 80' lang='lat' dir='ltr'>AEquabilitas</span> <span class='ocrx_word' id='word_1_1726' title='bbox 1516 3577 1673 3606; x_wconf 88' lang='lat' dir='ltr'>communis</span> <span class='ocrx_word' id='word_1_1727' title='bbox 1685 3577 1759 3612; x_wconf 79' lang='lat' dir='ltr'>juris.</span> <span class='ocrx_word' id='word_1_1728' title='bbox 1780 3575 1839 3604; x_wconf 91' lang='lat' dir='ltr'>Cic.</span> <span class='ocrx_word' id='word_1_1729' title='bbox 1851 3585 1876 3604; x_wconf 88' lang='lat'>2.</span> <span class='ocrx_word' id='word_1_1730' title='bbox 1887 3575 1923 3604; x_wconf 91' lang='lat' dir='ltr'>de</span> <span class='ocrx_word' id='word_1_1731' title='bbox 1936 3575 2013 3604; x_wconf 85' lang='lat' dir='ltr'>Orat.</span> <span class='ocrx_word' id='word_1_1732' title='bbox 2024 3584 2089 3606; x_wconf 82' lang='lat'>209.</span> 
     </span>
    </p>

    <p class='ocr_par' dir='ltr' id='par_1_103' title="bbox 1321 3610 2294 3656">
     <span class='ocr_line' id='line_1_195' title="bbox 1321 3610 2294 3656; baseline -0.006 -11"><span class='ocrx_word' id='word_1_1733' title='bbox 1321 3617 1458 3645; x_wconf 80' lang='lat' dir='ltr'>Amicitia:</span> <span class='ocrx_word' id='word_1_1734' title='bbox 1467 3624 1641 3645; x_wconf 88' lang='lat' dir='ltr'>communes.</span> <span class='ocrx_word' id='word_1_1735' title='bbox 1670 3615 1688 3643; x_wconf 91' lang='lat' dir='ltr'>i.</span> <span class='ocrx_word' id='word_1_1736' title='bbox 1700 3623 1725 3643; x_wconf 90' lang='lat' dir='ltr'>e.</span> <span class='ocrx_word' id='word_1_1737' title='bbox 1748 3613 1889 3652; x_wconf 84' lang='lat' dir='ltr'>Vulgares.</span> <span class='ocrx_word' id='word_1_1738' title='bbox 1912 3613 1968 3642; x_wconf 88' lang='lat' dir='ltr'>Cic.</span> <span class='ocrx_word' id='word_1_1739' title='bbox 1984 3622 2007 3648; x_wconf 86' lang='lat'>3.</span> <span class='ocrx_word' id='word_1_1740' title='bbox 2023 3610 2080 3641; x_wconf 84' lang='lat' dir='ltr'>Off.</span> <span class='ocrx_word' id='word_1_1741' title='bbox 2152 3648 2160 3655; x_wconf 52' lang='grc'><strong>.</strong></span> <span class='ocrx_word' id='word_1_1742' title='bbox 2275 3649 2294 3656; x_wconf 92' lang='lat'>..</span> 
     </span>
    </p>

    <p class='ocr_par' dir='ltr' id='par_1_104' title="bbox 1320 3648 2451 3731">
     <span class='ocr_line' id='line_1_196' title="bbox 1320 3648 2451 3691; baseline -0.005 -8"><span class='ocrx_word' id='word_1_1743' title='bbox 1320 3655 1433 3684; x_wconf 78' lang='lat' dir='ltr'>Amicus</span> <span class='ocrx_word' id='word_1_1744' title='bbox 1445 3654 1560 3691; x_wconf 89' lang='lat' dir='ltr'>simplex</span> <span class='ocrx_word' id='word_1_1745' title='bbox 1573 3655 1598 3682; x_wconf 73' lang='grc' dir='ltr'>ἃ</span> <span class='ocrx_word' id='word_1_1746' title='bbox 1610 3651 1787 3687; x_wconf 84' lang='lat' dir='ltr'>communis,</span> <span class='ocrx_word' id='word_1_1747' title='bbox 1809 3652 1835 3680; x_wconf 87' lang='lat'>&amp;</span> <span class='ocrx_word' id='word_1_1748' title='bbox 1846 3650 2025 3680; x_wconf 83' lang='lat' dir='ltr'>consentieris</span> <span class='ocrx_word' id='word_1_1749' title='bbox 2036 3671 2046 3685; x_wconf 92' lang='lat'>,</span> <span class='ocrx_word' id='word_1_1750' title='bbox 2066 3650 2094 3679; x_wconf 91' lang='lat'>&amp;</span> <span class='ocrx_word' id='word_1_1751' title='bbox 2112 3658 2160 3686; x_wconf 79' lang='lat' dir='ltr'>qm</span> <span class='ocrx_word' id='word_1_1752' title='bbox 2175 3648 2258 3679; x_wconf 88' lang='lat' dir='ltr'>rebus</span> <span class='ocrx_word' id='word_1_1753' title='bbox 2272 3648 2374 3679; x_wconf 80' lang='lat' dir='ltr'>iisdem</span> <span class='ocrx_word' id='word_1_1754' title='bbox 2389 3659 2451 3680; x_wconf 68' lang='lat' dir='ltr'>mo..</span> 
     </span>
     <span class='ocr_line' id='line_1_197' title="bbox 1342 3691 2351 3731; baseline -0.007 -10"><span class='ocrx_word' id='word_1_1755' title='bbox 1342 3701 1429 3721; x_wconf 85' lang='lat' dir='ltr'>vetur.</span> <span class='ocrx_word' id='word_1_1756' title='bbox 1451 3691 1509 3720; x_wconf 90' lang='lat' dir='ltr'>Cic.</span> <span class='ocrx_word' id='word_1_1757' title='bbox 1522 3691 1557 3720; x_wconf 89' lang='lat' dir='ltr'>de</span> <span class='ocrx_word' id='word_1_1758' title='bbox 1569 3691 1678 3719; x_wconf 80' lang='lat' dir='ltr'>Amicit.</span> <span class='ocrx_word' id='word_1_1759' title='bbox 1692 3694 1736 3718; x_wconf 80' lang='lat'>6⁶.</span> <span class='ocrx_word' id='word_1_1760' title='bbox 2346 3726 2351 3731; x_wconf 31' lang='grc' dir='ltr'>Π</span> 
     </span>
    </p>

    <p class='ocr_par' dir='ltr' id='par_1_105' title="bbox 1321 3723 2380 3767">
     <span class='ocr_line' id='line_1_198' title="bbox 1321 3723 2380 3767; baseline -0.007 -8"><span class='ocrx_word' id='word_1_1761' title='bbox 1321 3730 1433 3759; x_wconf 81' lang='lat' dir='ltr'>Amicus</span> <span class='ocrx_word' id='word_1_1762' title='bbox 1444 3729 1609 3758; x_wconf 87' lang='lat' dir='ltr'>communis.</span> <span class='ocrx_word' id='word_1_1763' title='bbox 1634 3726 1803 3756; x_wconf 85' lang='lat' dir='ltr'>Proculusin</span> <span class='ocrx_word' id='word_1_1764' title='bbox 1813 3725 1831 3755; x_wconf 86' lang='lat'>1.</span> <span class='ocrx_word' id='word_1_1765' title='bbox 1853 3726 2023 3756; x_wconf 84' lang='lat' dir='ltr'>Societatem</span> <span class='ocrx_word' id='word_1_1766' title='bbox 2035 3733 2156 3767; x_wconf 79' lang='lat' dir='ltr'>mecum.</span> <span class='ocrx_word' id='word_1_1767' title='bbox 2180 3723 2213 3753; x_wconf 92' lang='lat' dir='ltr'>D.</span> <span class='ocrx_word' id='word_1_1768' title='bbox 2232 3733 2284 3762; x_wconf 88' lang='lat' dir='ltr'>pro</span> <span class='ocrx_word' id='word_1_1769' title='bbox 2297 3725 2380 3754; x_wconf 89' lang='lat' dir='ltr'>socio.</span> 
     </span>
    </p>

    <p class='ocr_par' dir='ltr' id='par_1_106' title="bbox 1321 3761 2448 3800">
     <span class='ocr_line' id='line_1_199' title="bbox 1321 3761 2448 3800; baseline -0.004 -4"><span class='ocrx_word' id='word_1_1770' title='bbox 1321 3768 1422 3797; x_wconf 77' lang='lat' dir='ltr'>Animo</span> <span class='ocrx_word' id='word_1_1771' title='bbox 1432 3777 1464 3796; x_wconf 87' lang='lat' dir='ltr'>ac</span> <span class='ocrx_word' id='word_1_1772' title='bbox 1473 3767 1616 3795; x_wconf 86' lang='lat' dir='ltr'>voluntate</span> <span class='ocrx_word' id='word_1_1773' title='bbox 1625 3764 1770 3794; x_wconf 88' lang='lat' dir='ltr'>communi</span> <span class='ocrx_word' id='word_1_1774' title='bbox 1781 3764 1887 3800; x_wconf 84' lang='lat' dir='ltr'>aliquid</span> <span class='ocrx_word' id='word_1_1775' title='bbox 1898 3764 2060 3792; x_wconf 76' lang='lat' dir='ltr'>defendere.</span> <span class='ocrx_word' id='word_1_1776' title='bbox 2084 3762 2141 3791; x_wconf 87' lang='lat' dir='ltr'>Cic.</span> <span class='ocrx_word' id='word_1_1777' title='bbox 2159 3761 2194 3790; x_wconf 88' lang='lat' dir='ltr'>de</span> <span class='ocrx_word' id='word_1_1778' title='bbox 2208 3762 2285 3791; x_wconf 82' lang='lat' dir='ltr'>Prov.</span> <span class='ocrx_word' id='word_1_1779' title='bbox 2305 3762 2386 3792; x_wconf 85' lang='lat' dir='ltr'>Coris.</span> <span class='ocrx_word' id='word_1_1780' title='bbox 2402 3771 2448 3791; x_wconf 76' lang='lat'>20.</span> 
     </span>
    </p>

    <p class='ocr_par' dir='ltr' id='par_1_107' title="bbox 1321 3800 2448 3839">
     <span class='ocr_line' id='line_1_200' title="bbox 1321 3800 2448 3839; baseline -0.004 -5"><span class='ocrx_word' id='word_1_1781' title='bbox 1321 3807 1392 3834; x_wconf 75' lang='lat' dir='ltr'>Aura</span> <span class='ocrx_word' id='word_1_1782' title='bbox 1408 3804 1568 3834; x_wconf 88' lang='lat' dir='ltr'>communis</span> <span class='ocrx_word' id='word_1_1783' title='bbox 1585 3803 1688 3832; x_wconf 75' lang='lat' dir='ltr'>dicitur</span> <span class='ocrx_word' id='word_1_1784' title='bbox 1699 3824 1709 3838; x_wconf 75' lang='lat'>,</span> <span class='ocrx_word' id='word_1_1785' title='bbox 1730 3801 1816 3839; x_wconf 79' lang='lat' dir='ltr'>Quod</span> <span class='ocrx_word' id='word_1_1786' title='bbox 1831 3811 1931 3831; x_wconf 79' lang='lat' dir='ltr'>omnes</span> <span class='ocrx_word' id='word_1_1787' title='bbox 1948 3801 1995 3831; x_wconf 85' lang='lat' dir='ltr'>illa</span> <span class='ocrx_word' id='word_1_1788' title='bbox 2008 3810 2043 3830; x_wconf 82' lang='lat' dir='ltr'>ex</span> <span class='ocrx_word' id='word_1_1789' title='bbox 2066 3809 2145 3837; x_wconf 66' lang='lat' dir='ltr'>aequo</span> <span class='ocrx_word' id='word_1_1790' title='bbox 2167 3800 2301 3830; x_wconf 85' lang='lat' dir='ltr'>fruamur.</span> <span class='ocrx_word' id='word_1_1791' title='bbox 2322 3800 2407 3830; x_wconf 88' lang='lat' dir='ltr'>Ovid.</span> <span class='ocrx_word' id='word_1_1792' title='bbox 2420 3809 2448 3836; x_wconf 59' lang='lat'>7.</span> 
     </span>
    </p>

    <p class='ocr_par' dir='ltr' id='par_1_108' title="bbox 1319 3844 2157 3950">
     <span class='ocr_line' id='line_1_201' title="bbox 1391 3850 1487 3871; baseline 0 0"><span class='ocrx_word' id='word_1_1793' title='bbox 1391 3850 1410 3871; x_wconf 87' lang='lat' dir='ltr'>t.</span> <span class='ocrx_word' id='word_1_1794' title='bbox 1427 3852 1458 3871; x_wconf 87' lang='lat'>12</span> <span class='ocrx_word' id='word_1_1795' title='bbox 1481 3865 1487 3871; x_wconf 96' lang='lat'>.</span> 
     </span>
     <span class='ocr_line' id='line_1_202' title="bbox 1319 3844 2157 3914; baseline -0.006 -4"><span class='ocrx_word' id='word_1_1796' title='bbox 1319 3844 1423 3911; x_wconf 49' lang='lat' dir='ltr'>Alivilrsim</span> <span class='ocrx_word' id='word_1_1797' title='bbox 1432 3852 1612 3909; x_wconf 50' lang='lat' dir='ltr'>cci-inmunem</span> <span class='ocrx_word' id='word_1_1798' title='bbox 1622 3878 1739 3907; x_wconf 87' lang='lat' dir='ltr'>haurire.</span> <span class='ocrx_word' id='word_1_1799' title='bbox 1763 3875 1883 3913; x_wconf 75' lang='lat' dir='ltr'>Quintil.</span> <span class='ocrx_word' id='word_1_1800' title='bbox 1896 3876 1925 3904; x_wconf 81' lang='lat' dir='ltr'>in</span> <span class='ocrx_word' id='word_1_1801' title='bbox 1935 3884 2055 3914; x_wconf 85' lang='lat' dir='ltr'>prooem.</span> <span class='ocrx_word' id='word_1_1802' title='bbox 2068 3874 2118 3905; x_wconf 90' lang='lat' dir='ltr'>lib.</span> <span class='ocrx_word' id='word_1_1803' title='bbox 2130 3878 2157 3905; x_wconf 87' lang='lat'>6.</span> 
     </span>
     <span class='ocr_line' id='line_1_203' title="bbox 1320 3915 1919 3950; baseline -0.005 -4"><span class='ocrx_word' id='word_1_1804' title='bbox 1320 3917 1430 3947; x_wconf 86' lang='lat' dir='ltr'>Bonum</span> <span class='ocrx_word' id='word_1_1805' title='bbox 1440 3924 1602 3946; x_wconf 90' lang='lat' dir='ltr'>commune.</span> <span class='ocrx_word' id='word_1_1806' title='bbox 1626 3915 1734 3945; x_wconf 89' lang='lat' dir='ltr'>Lucret.</span> <span class='ocrx_word' id='word_1_1807' title='bbox 1751 3915 1798 3944; x_wconf 90' lang='lat' dir='ltr'>lib.</span> <span class='ocrx_word' id='word_1_1808' title='bbox 1812 3924 1836 3949; x_wconf 74' lang='grc' dir='ltr'>ς.</span> <span class='ocrx_word' id='word_1_1809' title='bbox 1855 3918 1919 3950; x_wconf 86' lang='grc' dir='ltr'>9ς6.</span> 
     </span>
    </p>
   </div>
   <div class='ocr_carea' id='block_1_10' title="bbox 1319 3950 2207 4026">
    <p class='ocr_par' dir='ltr' id='par_1_109' title="bbox 1319 3950 2207 4026">
     <span class='ocr_line' id='line_1_204' title="bbox 1319 3950 2207 4026; baseline -0.007 -41"><span class='ocrx_word' id='word_1_1810' title='bbox 1319 3955 1470 3986; x_wconf 77' lang='lat' dir='ltr'>Cala-initas</span> <span class='ocrx_word' id='word_1_1811' title='bbox 1482 3954 1623 3992; x_wconf 72' lang='lat' dir='ltr'>utrIusque</span> <span class='ocrx_word' id='word_1_1812' title='bbox 1636 3954 1761 3983; x_wconf 81' lang='lat' dir='ltr'>nostrum</span> <span class='ocrx_word' id='word_1_1813' title='bbox 1771 3953 1953 4021; x_wconf 52' lang='lat' dir='ltr'>comm}ns}f</span> <span class='ocrx_word' id='word_1_1814' title='bbox 1964 3951 2024 4026; x_wconf 51' lang='lat' dir='ltr'>(gie.</span> <span class='ocrx_word' id='word_1_1815' title='bbox 2039 3961 2082 3988; x_wconf 86' lang='lat'>14.</span> <span class='ocrx_word' id='word_1_1816' title='bbox 2095 3950 2169 3980; x_wconf 88' lang='lat' dir='ltr'>Fam.</span> <span class='ocrx_word' id='word_1_1817' title='bbox 2181 3956 2207 3986; x_wconf 77' lang='lat'>3.</span> 
     </span>
    </p>
   </div>
   <div class='ocr_carea' id='block_1_11' title="bbox 2378 144 2450 183">
    <p class='ocr_par' dir='ltr' id='par_1_110' title="bbox 2378 144 2450 183">
     <span class='ocr_line' id='line_1_205' title="bbox 2378 144 2450 183; baseline 0.042 -6"><span class='ocrx_word' id='word_1_1818' title='bbox 2378 144 2450 183; x_wconf 85' lang='lat'>597</span> 
     </span>
    </p>
   </div>
   <div class='ocr_carea' id='block_1_12' title="bbox 2346 3984 2448 4014">
    <p class='ocr_par' dir='ltr' id='par_1_111' title="bbox 2346 3984 2448 4014">
     <span class='ocr_line' id='line_1_206' title="bbox 2346 3984 2448 4014; baseline 0 -1"><span class='ocrx_word' id='word_1_1819' title='bbox 2346 3984 2448 4014; x_wconf 77' lang='lat' dir='ltr'>Civitas</span> 
     </span>
    </p>
   </div>
  </div>
 </body>
</html>
