2667 4145
209 69 253 105 52
627 52 912 94 ΑΒΔ

262 141 337 208 {istri
347 141 471 178 equitum
481 138 625 177 praefectos
633 137 763 168 Praetorio
773 134 926 172 antiquitus
936 129 989 161 effe
1001 129 1139 159 institutos
1146 150 1155 165 ,
1170 138 1186 158 a
1197 128 1366 166 quibusdam

275 189 289 208 c

292 178 439 222 riptoribus
449 178 581 207 traditum
596 176 642 205 est.
850 209 855 213 ι
878 208 883 213 .
1346 204 1352 209 ⁵

245 217 287 247 Ad
299 226 394 245 vinum
412 215 536 244 disertus.
566 214 599 243 Id
610 214 664 249 est,
684 212 760 243 Inter
775 216 952 240 convwmm,
980 205 1056 247 Inter
1075 203 1201 247 pocula,
1223 203 1307 246 Juxta
1326 214 1367 233 vi-

264 264 342 284 num.
375 254 432 283 Cic.
450 263 500 291 pro
517 251 608 280 Coelio
621 254 666 288 67.
707 250 800 286 Quam
813 245 909 274 volent
925 244 954 271 in
971 252 1105 271 conViviis
1122 242 1201 271 faceti
1215 264 1222 276 ,
1245 241 1363 276 dicaces,

265 300 467 328 nonnunquam
479 291 563 319 etiam
573 289 607 318 ad
617 289 715 317 vinum
724 285 815 315 diserti
828 283 896 311 lint:
918 280 971 309 alia
981 280 1033 308 fori
1047 280 1087 322 yis
1099 280 1153 313 est,
1174 279 1227 308 alia
1243 279 1366 308 triclinii.

265 329 299 360 In
314 339 361 360 eos
382 330 499 362 dicitur,
521 327 568 364 qui
584 327 618 355 ad
635 326 715 354 serias
731 321 822 353 caussis
834 318 952 385 agendas
965 318 1070 354 inepti,
1091 317 1179 346 multa
1191 318 1313 354 garriunt
1326 317 1368 345 in-

265 372 308 396 ter
326 366 445 403 pocula,
475 365 523 394 ubi
539 364 609 393 nihil
628 373 708 401 opus.
743 358 838 390 Allusit
868 354 1005 397 ’166101ιᾴ
1023 364 1130 384 morem
1142 355 1261 393 priscum
1273 376 1280 390 ,
1311 364 1366 391 quo

266 405 354 434 causae
371 404 405 434 ad
426 402 582 432 mensuram
596 411 673 438 aquae
689 398 849 435 agebantur.
883 393 921 422 Ea
929 392 1114 436 .d¹Y¹d‘5b‚atu¹'
1134 394 1163 422 in
1184 399 1239 436 tres
1258 400 1367 436 partes:

266 452 323 472 una
334 440 533 471 infundebatur
546 440 647 472 actori,
678 437 760 465 altera
777 442 823 462 reo
834 453 843 466 ⁷
871 436 952 459 tertia
969 430 1068 466 judici.
1103 432 1138 461 At
1156 441 1203 469 qui
1220 431 1256 460 ad
1272 439 1369 460 Vinum

268 480 360 509 diserti
377 480 456 513 sunt,
477 478 512 506 ad
523 486 621 514 aquam
636 476 692 504 fere
709 472 778 501 muti
792 470 863 498 sunt.

246 518 290 548 Ad
301 518 397 547 vinum
407 515 526 545 transire.
558 514 626 543 Plin.
643 512 691 540 lib.
703 520 747 539 20.
762 517 822 545 cap.
836 516 860 542 5.

265 555 340 584 tibus
355 555 389 584 ad
403 555 499 584 vinum
513 549 724 581 transeuntibus.
757 583 761 588 Ι

249 593 290 624 Ad
306 594 401 622 vivum
421 591 549 620 resecare.
587 584 724 617 Columel.
743 582 792 612 lib.
808 585 834 611 6.
856 591 916 619 cap.
934 590 976 611 12.
1016 582 1045 612 Si
1063 582 1171 619 sanguis
1191 582 1221 611 in
1239 582 1369 610 inferiore

289 638 345 660 arte
364 629 473 667 ungulae
489 628 544 661 est,
572 632 695 655 extrema
708 621 789 660 parsi
813 620 864 649 sius
881 621 983 656 unguis
1000 621 1035 650 ad
1053 622 1148 650 vivum
1161 620 1314 654 resecatur,
1344 620 1370 648 &

268 675 306 698 ita
316 668 459 697 emittitur.
479 665 535 694 Cic.
549 664 583 692 (16
593 661 702 691 Amicit.
710 665 751 693 18.
770 669 786 688 u
800 667 832 687 us
840 657 879 686 est
887 666 940 695 pro
952 668 984 687 eo
995 659 1071 696 quod
1082 659 1119 688 est
1128 658 1199 688 Rem
1208 658 1331 686 exactius
1343 658 1370 686 ὁὶ

268 706 423 735 accuratius
436 703 592 732 examinare
613 701 639 729 Sc
658 704 797 728 excutere.
840 696 957 733 Sumpta
979 697 1142 734 metaphora
1166 706 1181 725 a
1200 695 1371 724 Tonsoribus

267 743 382 781 capillos
401 748 448 771 aut
468 748 575 775 ungues
594 735 789 767 resecantibus.
828 733 903 762 Nam
922 733 942 762 ii
960 735 1149 773 saepenumero
1167 733 1275 762 molesti
1291 733 1370 768 sunt,

268 782 334 810 dum
347 780 464 809 nimium
479 778 626 813 diligentes
637 774 691 804 esse
703 773 822 814 student.

247 819 289 849 Ad
302 818 446 851 ultimum,
462 825 512 853 pro
524 815 564 844 Ad
576 813 661 843 finem
671 821 768 849 usque.
789 809 846 841 Liv.
861 821 884 846 ς.
896 809 1001 840 Decad.
1012 808 1060 838 lib.
1074 821 1098 846 5.
1134 809 1283 851 Pietatem,
1305 818 1372 837 con-

267 857 447 891 stantiamque
458 852 617 883 laudaturos
628 873 636 887 ,
657 850 675 879 si
687 850 772 879 fidem
783 848 818 877 ad
832 848 964 878 ultimum
979 848 1055 876 fratri
1070 847 1259 885 praestitii'ient.

248 894 290 923 Ad
307 902 440 929 unguem.
476 891 509 920 ld
522 890 579 926 est,
608 888 747 926 Exquisita
764 887 927 923 diligentia,
956 892 1038 922 atque
1054 884 1221 914 exactissima
1237 894 1311 913 cura.
1350 884 1372 912 A

265 930 453 961 Marniorariis
467 928 575 966 sumpta
593 926 773 964 metaphora,
803 925 850 961 qui
867 924 1065 962 superinducto
1084 924 1170 960 ungui
1184 921 1373 964 comniiisuras

264 968 412 1006 explorant
430 975 609 995 marmorum.
640 963 780 994 Columel.
796 962 844 991 lib.
860 972 902 991 11.
917 972 977 999 cap.
992 972 1018 991 2.
1054 962 1094 991 Ab
1113 971 1171 991 uno
1189 960 1268 990 fabro
1284 959 1373 989 dolari

264 1007 300 1036 ad
313 1015 437 1044 unguem
453 1015 503 1043 per
514 1004 617 1042 quadra
629 1002 722 1032 debet.
751 1002 819 1031 Hor.
835 1011 857 1030 1-
871 1000 926 1029 Sat.
942 1009 986 1036 32.

363 1060 401 1065 —
411 1043 547 1073 Cocceius
558 1041 594 1071 ad
607 1050 731 1078 unguem
881 1038 981 1067 Factus
994 1036 1091 1066 homo.

247 1083 289 1114 Ad
299 1091 424 1119 unguem
435 1081 571 1117 castigare.
599 1079 667 1108 Hor.
682 1079 711 1107 in
723 1078 786 1106 Arte
796 1077 873 1106 Poet.
885 1085 949 1112 294.

247 1121 290 1151 Ad
300 1120 473 1150 voluntatem
486 1118 571 1155 loqui.
601 1117 634 1146 V.
655 1125 810 1151 LoQuoR.
898 1151 903 1157 ι
1044 1150 1050 1156 ἢ
1072 1150 1077 1156 .
1245 1150 1250 1155 “
1273 1149 1278 1154 .
1295 1149 1301 1155 ·

247 1159 289 1188 Ad
299 1168 389 1187 unum
398 1180 406 1193 ,
428 1156 515 1186 Nullo
526 1161 645 1193 excepto
655 1177 663 1190 ,
684 1154 722 1183 ait
732 1153 850 1182 Servius.
873 1151 932 1180 Cic.
943 1151 977 1180 de
990 1150 1102 1180 Amicit.
1140 1149 1183 1179 De
1197 1156 1319 1178 amieitia
1328 1158 1375 1178 ve-

266 1206 299 1225 ro
315 1205 413 1225 omnes
423 1195 459 1224 ad
469 1204 557 1223 unuin
568 1194 644 1222 idem
654 1192 785 1221 sentiunt.
818 1191 877 1219 Cic.
891 1199 933 1218 12.
950 1188 1026 1218 Fam.
1042 1198 1084 1225 14.
1121 1188 1263 1218 Onerariae
1275 1196 1374 1216 omnes

267 1234 304 1264 ad
317 1244 400 1264 unam
415 1243 432 1262 a
443 1232 523 1261 nobis
538 1231 600 1260 sunt
610 1237 745 1268 exeeptae.
774 1229 847 1266 Virg.
862 1239 885 1263 ς.
899 1227 970 1257 AEn..
982 1230 1048 1263 687.
1222 1263 1227 1268 ι

328 1271 457 1310 Juppiter
470 1270 650 1308 omnipotens
661 1291 670 1304 ,
691 1268 710 1296 si
724 1277 782 1296 non
796 1265 893 1296 exosus
907 1265 942 1294 ad
957 1274 1045 1293 unum
1158 1261 1307 1298 Troianos.

249 1310 292 1340 Ad
301 1317 399 1340 votum
409 1331 417 1344 ,
439 1310 465 1338 ἃ
479 1308 520 1337 Ex
533 1307 669 1337 sententia
678 1327 685 1341 ,
707 1305 808 1334 eodem
819 1305 875 1333 fere
889 1301 1094 1341 significationis
1105 1301 1233 1330 veniunt.
1255 1299 1376 1338 Quintil.

267 1348 397 1379 Habesne
408 1355 525 1376 uxorem
537 1355 572 1374 ex
582 1344 667 1374 animi
685 1344 726 1372 tui
736 1342 895 1372 sententiat>
925 1341 960 1370 Et
975 1339 1054 1370 Decl.
1070 1348 1094 1375 3.
1117 1348 1159 1369 12.
1192 1338 1227 1368 Et
1243 1340 1279 1368 ad
1290 1347 1375 1368 omne

267 1392 366 1416 votum
382 1385 487 1414 fluente
500 1383 611 1412 fortuna
624 1382 729 1411 lascivit
742 1381 840 1409 otium.

248 1423 394 1455 Interdum
404 1421 567 1452 subauditur
582 1420 687 1457 aliquid
697 1441 705 1454 ,
734 1419 811 1448 unde
827 1417 948 1455 pendeat
962 1415 1052 1454 ipsum
1066 1415 1106 1444 Ad
1118 1436 1126 1449 ‚
1148 1424 1213 1457 cum
1229 1412 1277 1442 suo
1295 1423 1375 1443 accu-

267 1462 363 1491 sativo.
392 1460 454 1490 Ter.
468 1459 537 1488 And.
550 1469 573 1495 3.
585 1468 611 1487 2.
629 1468 652 1487 1.
695 1457 764 1493 Quae
782 1455 898 1485 assolent
908 1463 1025 1492 quaeque
1042 1458 1155 1491 oportet
1172 1452 1291 1494 ligna-ad
1306 1451 1376 1495 salu-

267 1505 326 1529 tem
343 1498 406 1529 else.
441 1497 495 1527 Ubi
507 1497 651 1532 Donatus,
671 1495 771 1530 Deest,
792 1494 885 1531 inquit
904 1492 1081 1530 (haei-entia)
1101 1496 1150 1519 aut
1168 1493 1357 1528 (pertinentia.

267 1538 314 1569 Sic
326 1537 355 1566 in
366 1536 467 1566 Heaut.
482 1545 505 1565 1.
522 1545 548 1564 2.
563 1544 574 1571 3
599 1556 605 1561 .

305 1576 393 1612 Atque
405 1574 464 1603 haec
480 1573 544 1602 sunt
556 1544 593 1602 aci
607 1572 738 1601 virtutem
757 1570 861 1599 omnia.
1216 1604 1221 1608 ι

267 1613 374 1651 aliquid
384 1612 447 1641 tale.
485 1611 566 1641 Unde
583 1612 609 1640 &
626 1620 677 1639 nos
692 1609 810 1638 dicimus
820 1630 828 1643 ,
850 1607 929 1644 Quid
942 1607 977 1635 ad
990 1606 1071 1634 reni‘?
1093 1606 1119 1634 ὃ(
1129 1626 1137 1639 ,
1166 1603 1248 1646 Quid·
1257 1604 1292 1632 ad
1305 1612 1350 1646 me
1359 1604 1374 1632 ἱ)

267 1651 336 1682 Haec
346 1650 480 1680 Donatus.
515 1649 556 1678 Ex
568 1649 647 1684 cujus
657 1647 793 1677 sententia
807 1646 869 1675 satis
880 1650 994 1683 apparet
1012 1653 1103 1680 neque
1124 1646 1136 1678 1
1146 1641 1199 1670 6116
1208 1642 1229 1684 >-
1242 1652 1272 1670 111
1282 1651 1374 1679 priore

255 1688 417 1726 exemplo:
448 1696 539 1723 neque
563 1685 665 1721 (sunt)
690 1686 721 1714 in
740 1684 891 1722 posteriore
907 1683 962 1720 legi
983 1681 1093 1711 debere.
1142 1678 1279 1716 [Judleet
1292 1678 1322 1709 L.
1338 1689 1375 1708 an

268 1733 394 1756 mentem
409 1726 468 1762 ejus
481 1724 619 1754 Robertus
632 1723 768 1753 aisecutus
782 1722 822 1752 sit.
1350 1755 1355 1761 .

247 1765 290 1795 Ad
301 1787 309 1801 ,
338 1764 480 1793 interdum
493 1762 667 1800 postponitur
683 1760 847 1790 accusativo.
874 1759 965 1790 Tacit.
978 1757 1028 1787 lib.
1044 1766 1085 1786 12.
1130 1755 1185 1786 Seu
1203 1755 1314 1799 delecto
1328 1755 1374 1784 die

266 1802 424 1840 augendam
441 1801 476 1830 ad
493 1801 638 1830 invidiam.
675 1799 721 1829 Sic
737 1799 804 1828 alibi
820 1798 908 1836 saepe,
934 1797 982 1826 sed
998 1796 1055 1825 fere
1075 1795 1148 1824 inter
1166 1793 1336 1830 adjectivum
1348 1795 1374 1823 Sc

265 1840 472 1870 substantivum.

249 1878 322 1909 Sunt
334 1880 360 1908 6<
371 1877 424 1906 alia
435 1876 601 1914 fignificata,
622 1875 669 1906 sed
683 1885 744 1912 quae
761 1873 869 1903 facilius
882 1882 918 1902 ex
935 1871 998 1910 ipsis
1017 1870 1210 1913 intelligentur
1226 1868 1373 1912 exemplis,

268 1926 351 1954 quam
368 1915 597 1952 interpretatione
613 1924 662 1952 per
675 1914 727 1942 alia
740 1913 823 1942 verba
833 1934 841 1948 ,
863 1910 954 1948 qualia
972 1909 1036 1938 sunt
1050 1909 1079 1951 in
1097 1908 1169 1944 illis,
1190 1907 1275 1936 Canis
1287 1909 1322 1936 ad
1334 1907 1374 1944 ly-

266 1964 344 1989 ram,
365 1953 465 1983 Studet
482 1953 516 1981 ad
528 1953 688 1986 lucernam,
710 1951 751 1980 Ad
763 1950 862 1979 sonum
873 1958 996 1985 mergere
1014 1947 1041 1977 se
1055 1946 1162 1976 solent:
1184 1955 1235 1984 pro
1252 1955 1286 1974 eo
1297 1945 1375 1983 quod

266 1993 323 2029 est,
344 1991 446 2021 Audito
462 1990 538 2019 sono.
575 1990 610 2020 Et
627 1991 656 2019 in
670 1989 720 2018 illo
734 1989 801 2018 Hor.
818 1998 842 2017 1.
858 1987 941 2025 Epist.
954 1995 980 2015 2.
997 1995 1039 2022 31.

328 2030 370 2059 Ad
386 2029 529 2066 strepitum
540 2029 651 2058 citharae
666 2027 819 2057 cessantum
836 2026 939 2055 ducere
954 2034 1059 2053 curam.

265 2067 424 2098 Cessantem
438 2067 540 2095 ducere
552 2066 691 2095 somnum.
986 2099 990 2105 ι

407 2105 487 2133 --ad
499 2111 546 2133 tua
558 2104 641 2133 verba
654 2103 748 2132 revixi.
784 2101 869 2131 Ovid.
886 2110 928 2129 11.
940 2098 1023 2138 Epist.
1038 2102 1084 2135 63.

406 2149 533 2171 —canet
543 2142 686 2171 frondator
700 2141 735 2170 ad
749 2149 836 2169 auras.
873 2138 945 2175 Virg.
960 2148 984 2168 1.
1003 2136 1059 2166 Ecl.
1076 2146 1119 2174 57.

900 504 961 536 Effe
979 511 1075 536 tamen
1088 507 1157 537 utile
1177 505 1373 536 convalescen-

919 1568 991 1605 Ergo
1004 1566 1129 1596 absolute
1148 1565 1238 1600 dixit,
1260 1572 1291 1594 ut
1306 1565 1375 1594 desit

1134 2022 1277 2054 Bentleius
1294 2021 1372 2059 legit,

264 2180 353 2217 Item,
383 2180 425 2210 Ad
440 2180 587 2209 tibicinem
602 2179 755 2208 immolare.
784 2178 842 2207 Cic.
862 2186 913 2214 pro
931 2175 1077 2217 Lege-Agr.
1112 2174 1145 2204 Id
1162 2173 1217 2208 est,
1247 2173 1372 2203 Canente
1413 2194 1418 2197 -

264 2220 389 2249 tibicine·
426 2217 484 2254 Et,
513 2218 554 2248 Ad
575 2227 640 2247 eum
660 2217 792 2246 nuntium
805 2237 814 2252 ,
845 2225 917 2253 pro,
946 2214 1049 2243 Audito
1069 2223 1103 2242 eo
1121 2212 1231 2242 nuntio·
1266 2211 1325 2241 Liv.
1345 2221 1373 2241 2.

263 2258 298 2287 ab
315 2256 382 2286 Urb.

245 2296 288 2324 Ad
301 2293 424 2332 aliquid,
455 2293 541 2329 [weit
560 2289 604 2328 τὶ]
635 2291 754 2329 Quintil.
768 2291 816 2320 lib.
833 2300 857 2320 1.
878 2299 938 2327 cap.
959 2299 1001 2317 10.
1041 2288 1086 2318 Illi
1104 2294 1198 2317 autem
1212 2287 1296 2329 idem*
1308 2297 1374 2316 cum

264 2334 469 2369 interrogantur
480 2341 529 2360 cur
540 2340 605 2368 aper
617 2331 675 2368 apri
688 2332 715 2360 &
726 2339 804 2368 pater
814 2329 900 2367 patris
909 2327 1000 2357 faciat.
1039 2326 1115 2357 Illud
1125 2336 1230 2356 nomen
1241 2328 1371 2364 politum,

264 2371 320 2401 hoc
330 2370 365 2399 ad
376 2369 482 2406 aliquid
494 2368 548 2398 esse
559 2369 745 2398 contendunt.

245 2409 288 2441 Ad
299 2407 455 2446 praepositio
465 2429 472 2442 ,
500 2407 575 2444 apud
592 2407 721 2444 antiquos
735 2406 841 2442 integra
857 2404 888 2432 in
904 2402 1107 2440 compositione
1119 2401 1291 2432 servabatur:
1323 2406 1371 2436 ut,

264 2446 391 2480 Adficio,
412 2445 541 2480 adservo,
562 2444 696 2480 adfirmo,
716 2444 851 2477 adcurro,
873 2441 1012 2483 adquiro3
1038 2440 1103 2469 Ter.
1115 2440 1221 2477 And.3.
1235 2449 1298 2483 337.

327 2484 399 2521 Quae
417 2483 540 2521 incoepta
557 2492 572 2511 a
589 2483 679 2520 parvis
691 2504 699 2517 ,
729 2491 794 2510 cum
808 2486 887 2510 aetate
904 2479 1027 2508 adcrevit
1043 2478 1129 2507 simul.
1211 2477 1265 2507 Ubi
1281 2477 1375 2507 Dona-

263 2528 326 2567 tus,
348 2521 494 2557 Adcrevit,
515 2528 546 2550 ut
559 2520 640 2559 supra
650 2520 789 2550 adcurate.
830 2518 872 2548 Ad
890 2517 966 2547 enini
983 2516 1181 2555 praepoiitione
1193 2516 1281 2546 utitur
1293 2515 1374 2546 fami-

263 2561 377 2592 liariter.

659 2670 691 2707 A
779 2671 812 2706 D
906 2670 937 2707 A

209 2786 257 2815 Λι)
268 2793 288 2813 Α
297 2805 307 2819 ,
327 2793 359 2813 ae.
386 2782 456 2814 Filia
472 2783 526 2812 fnit
537 2781 705 2813 Hecatomni
717 2780 803 2811 Cariae
820 2780 891 2817 regis
903 2802 912 2816 ,
933 2780 1086 2817 eademque
1096 2777 1243 2808 Artemifiae
1255 2778 1281 2807 ἀ
1293 2777 1373 2807 Mau-

244 2821 294 2851 soli
308 2820 401 2856 soror,
423 2821 530 2851 Hidriei
540 2821 629 2850 fratris
638 2820 679 2849 sui
690 2828 778 2848 uxor:
808 2828 868 2855 quae
884 2818 1051 2847 aPexodziro
1070 2818 1150 2846 iiatre
1167 2817 1228 2854 post
1239 2816 1288 2845 viri
1300 2825 1372 2844 mor-

244 2867 302 2889 tem
312 2859 425 2897 expulsa
434 2869 519 2896 regno
529 2881 537 2895 ,
558 2858 673 2888 tandein
689 2867 774 2896 opera
785 2857 878 2894 magni
892 2855 1040 2885 Alexandri
1053 2856 1175 2884 restituta
1186 2854 1232 2884 est.
1265 2854 1371 2883 Autlior

244 2898 361 2933 Strabo,
382 2897 430 2926 lib.
446 2907 488 2931 14-

208 2936 398 2971 ADACTio,
420 2935 608 2964 ADACTus.
643 2933 676 2962 V.
699 2942 823 2962 Aureo.

209 2977 229 3005 Α
239 2983 257 3001 1)
269 2983 288 3002 Α
300 2983 317 3002 1)
329 2995 337 3009 ,
370 2973 382 3010 [
394 2968 490 3007 Αδὲὂ]
518 2972 571 3002 sive
586 2971 697 3001 Adadus
708 2993 716 3006 ,
744 2970 820 3000 Deus
837 2969 876 2999 est
892 2978 975 3007 quem
988 2967 1083 3006 Assyrii
1096 2967 1236 2996 summum
1255 2966 1368 3003 habent,

246 3020 278 3040 ac
298 3012 450 3040 maximum
471 3016 643 3039 venerantur.
681 3008 823 3046 Significat
844 3007 902 3036 hzec
922 3016 977 3036 vox
1001 3016 1058 3035 non
1079 3005 1155 3035 aliud
1174 3006 1251 3040 fere,
1285 3015 1369 3042 quam

246 3058 343 3077 unum.
379 3049 521 3085 Adjiciunt
541 3049 567 3078 Sa
585 3048 667 3077 deam
685 3047 799 3075 nomine
819 3045 965 3082 Adargatin
976 3066 983 3078 ,
1005 3044 1058 3073 five
1071 3055 1101 3072 ea
1117 3044 1148 3072 {it
1162 3044 1246 3072 etiam
1261 3043 1369 3079 Aterga-

245 3087 299 3120 tis,
321 3086 355 3114 (16
368 3097 421 3123 qua
435 3087 484 3115 suo
502 3085 577 3115 loco.
617 3085 721 3115 Omnia
738 3084 838 3112 horum
856 3083 976 3112 (1110111111
996 3083 1145 3110 111111111111111
1162 3081 1288 3118 potestati
1308 3080 1368 3109 sub-

245 3124 318 3160 jefta
327 3125 493 3165 opinantur,
514 3124 600 3153 solem
610 3123 800 3160 interpretati,
821 3129 985 3157 terramque.
1024 3121 1194 3155 Argumento
1205 3118 1274 3153 eise,
1291 3119 1367 3155 quod

245 3161 324 3191 Adad
342 3162 535 3191 iiniulachrum
551 3161 656 3198 insigne
673 3160 755 3189 radiis
771 3165 898 3188 cernatur
917 3157 1077 3195 proclinatis
1088 3179 1096 3192 ,
1118 3164 1249 3193 tanquam
1263 3156 1302 3184 illi
1316 3157 1368 3185 lint

246 3198 355 3228 virtutis
373 3199 488 3228 coelestis
506 3201 535 3228 in
553 3206 654 3228 terram
673 3197 853 3228 vehiculum:
883 3204 961 3225 terra:
980 3202 1072 3224 autem
1087 3194 1132 3223 seu
1148 3195 1286 3231 Adiirgatis
1301 3195 1367 3223 ima-

245 3236 374 3274 giinculae
391 3237 495 3266 diverso
506 3237 609 3267 fiebant
627 3235 835 3270 schematismo,
857 3235 886 3263 in
897 3233 1012 3262 sublime
1032 3233 1114 3261 radiis
1129 3232 1269 3266 iiirreetis,
1291 3232 1368 3269 quod

246 3273 349 3303 coelesti
361 3274 463 3303 affluxu
480 3275 688 3312 progerminent
703 3276 820 3308 cuncta,
848 3273 882 3301 de
899 3279 1008 3305 terreno
1026 3271 1104 3300 velut
1122 3271 1267 3298 fermento.
1301 3269 1365 3299 Cael.

244 3312 336 3348 Antiq.
353 3311 426 3340 Leet.
442 3312 490 3340 lib.
504 3323 545 3340 10.
559 3323 618 3350 cap.
632 3322 676 3349 34.
704 3312 738 3342 Et
753 3311 878 3341 Macrob.
892 3309 941 3338 lib.
956 3319 978 3338 1.
995 3309 1103 3338 Saturn.
1120 3318 1180 3345 cap-
1194 3317 1238 3344 23.
1267 3307 1370 3337 Memi-

246 3349 288 3378 nit
304 3348 371 3378 Plin.
387 3349 436 3378 lib.
449 3359 493 3386 27.
510 3360 568 3387 cap.
583 3361 625 3379 11.

207 3387 284 3453 [11ῗὲ
294 3396 313 3415 D
322 3397 342 3414 A
350 3396 397 3415 ΤΛ
407 3409 415 3423 ,
437 3384 608 3424 madan...]
629 3387 777 3417 Pisidarum
792 3387 887 3417 civitas
899 3408 907 3422 ,
929 3385 964 3415 ad
975 3385 1100 3415 Taurum
1112 3389 1238 3412 montem
1247 3405 1255 3418 ,
1277 3382 1365 3412 Strab.

257 3435 264 3453 i
288 3447 293 3453 .
314 3433 356 3453 12.

206 3462 281 3492 Anii
292 3471 309 3490 1)
319 3471 335 3490 u
346 3471 463 3490 ΜΞΝ-111
473 3472 528 3497 us,
549 3463 567 3491 i.
589 3472 625 3492 m.
649 3463 764 3492 Gemma
779 3473 794 3491 a
808 3462 919 3492 renibus
935 3461 1009 3490 dieta
1023 3460 1095 3495 Dei,
1116 3458 1162 3496 qui
1176 3458 1276 3487 colitur
1286 3458 1368 3495 Syris.

246 3499 315 3528 Plin.
329 3509 371 3536 37.
391 3509 433 3529 11.
455 3500 527 3528 ridde
541 3507 619 3528 notas
632 3500 821 3538 Dalechampii
842 3503 868 3530 ὅ(
887 3499 970 3529 llard.

208 3538 308 3572 ΑΒΕ,
330 3546 416 3566 arum.
448 3538 512 3566 Aliae
525 3538 671 3574 oppidum.
700 3539 786 3567 Strab.
804 3538 850 3567 lib.
867 3547 908 3574 13.

208 3576 230 3605 A
239 3585 258 3603 D
268 3585 291 3603 aa
302 3586 310 3602 i
320 3596 327 3609 ,
349 3574 448 3604 Arabes
461 3575 580 3612 JEgypto
592 3575 700 3603 finitimi
712 3597 719 3609 ,
741 3582 771 3604 ut
786 3576 878 3604 scribit
893 3574 1064 3604 Ptolemaeus.

208 3613 365 3647 AnAEQuo
377 3634 384 3647 ,
407 3609 507 3647 [ἑξισέω
519 3633 526 3644 ,
545 3612 654 3640 aimo-ea.
676 3611 850 3649 ι’πφοςλζωᾹ
878 3623 929 3642 are.
965 3612 1043 3642 Idem
1060 3610 1171 3648 proprie
1183 3608 1258 3645 quod
1269 3607 1368 3645 AEqua.

245 3659 274 3678 re
285 3671 294 3684 ,
316 3650 370 3678 hoc
384 3650 421 3678 est
432 3649 630 3687 Complanare.
662 3649 719 3678 Liv.
732 3660 752 3679 1.
777 3660 821 3686 29.
859 3651 1002 3681 Romanus
1013 3649 1110 3687 pallini
1127 3647 1239 3685 publica
1250 3668 1257 3680 ,
1279 3647 1367 3684 priva-

244 3693 327 3723 taque
340 3688 433 3716 omnia
446 3690 517 3716 tecta
532 3687 657 3724 adfequat
666 3687 732 3715 solo.

244 3725 394 3760 Adieqiiare
410 3724 584 3754 altitudinem
596 3746 604 3759 ,
625 3724 733 3753 cursum
745 3746 752 3759 ,
775 3726 825 3753 &cu
858 3725 981 3754 similiter
998 3734 1048 3761 pro
1067 3723 1202 3760 IEquare,
1225 3721 1270 3751 sed
1281 3727 1368 3750 meta-

285 3762 385 3790 horicc.
416 3762 479 3790 Cres.
497 3774 519 3797 5.
537 3762 603 3790 Bell.
618 3762 687 3791 (iall.
727 3762 781 3797 Qui
795 3764 940 3796 vectoriis,
962 3763 1142 3798 ,urivibusquc
1155 3760 1285 3796 navigiis,
1308 3769 1366 3790 non

263 3798 415 3829 intermiiso
429 3800 573 3835 navigandi
591 3799 683 3828 labore
695 3821 702 3832 ,
728 3799 872 3833 lonit‘ii'iim
888 3801 999 3828 naviuin
1017 3800 1125 3829 cursum
1142 3799 1365 3835 adaequaverunt.

262 3837 295 3867 ld
315 3838 371 3872 cii,
403 3837 536 3866 Currendi
557 3836 696 3865 celeritate
716 3846 792 3873 pares
807 3837 860 3865 illis
881 3839 1000 3865 iueriint.
1049 3838 1169 3866 Deorum
1190 3837 1274 3864 vitum
1294 3836 1364 3864 :idae-

263 3884 355 3909 quare.
380 3874 438 3903 Cic.
453 3875 487 3904 de
501 3874 621 3903 Univers.
637 3879 681 3910 36.
719 3872 750 3902 1(1
762 3874 798 3902 est
809 3896 816 3908 ,
838 3875 879 3903 Ad
895 3875 1010 3903 deorum
1026 3874 1260 3903 immortalitatem
1270 3883 1366 3911 perve-

1891 46 1920 81 A
2014 46 2048 80 D
2143 47 2172 82 A

1477 129 1546 158 nire.
1573 127 1654 157 Idem
1666 137 1690 157 2.
1709 127 1745 164 Q.
1758 127 1832 157 fratr.
1846 131 1873 157 6.
1910 129 2078 158 Sen‘torum
2096 139 2163 158 urna
2175 126 2286 165 copiose
2304 127 2438 163 absolvit,
2460 130 2587 166 equitum

1479 166 1642 203 adaequavit.
1679 165 1711 194 Id
1728 166 1783 200 est,
1813 166 1861 194 Par
1881 168 2011 203 utrinque
2027 176 2159 196 numerus
2175 166 2245 201 fuit,
2268 165 2469 195 absolverim
2484 168 2587 198 scilicet

1484 203 1723 234 &damnantium
1752 203 1877 232 Budaeus.

1461 241 1611 278 Adarquare
1624 249 1688 269 cum
1701 240 1802 269 virtute
1819 241 1968 270 fortunam.
2001 241 2057 270 Cic.
2072 251 2122 278 pro
2142 241 2237 270 Archia
2252 250 2289 275 24
2337 241 2415 277 Quid
2435 241 2525 270 noster
2540 242 2586 271 hic

1484 279 1622 315 Magnus,
1644 278 1770 314 quicum
1785 278 1886 307 virtute
1905 279 2045 308 fortunaun
2063 278 2241 316 adaequavit?
2273 278 2335 307 Hoc
2355 278 2411 314 est,
2442 288 2519 316 aeque
2536 280 2589 309 fuit

1482 317 1638 346 fortunatus
1648 337 1656 349 ,
1678 325 1709 343 ac
1723 315 1822 345 virtute
1837 317 1975 353 praeditus.

1463 355 1614 391 Adaequare
1628 354 1791 394 iirenioiiain
1809 355 1931 383 nominis
1946 354 2029 382 nostri
2041 362 2104 382 cum
2117 353 2193 381 omni
2205 352 2370 389 posteritate.
2401 352 2459 382 Cic.
2476 362 2526 390 pro
2542 351 2588 383 Ar.

1483 392 1545 422 chia
1557 413 1564 425 ,
1593 390 1696 419 Inlidet
1709 391 1835 427 quaedam
1852 393 1880 420 in
1897 392 2005 429 optimo
2020 401 2131 428 quoque
2153 391 2239 419 virtus
2250 412 2258 424 ,
2289 400 2349 426 quse
2368 392 2464 420 noctes
2484 392 2510 420 ἃ
2530 391 2589 421 dies

1486 430 1611 459 animum
1621 427 1714 464 glorire
1728 429 1842 458 stimulis
1857 430 1979 458 concitat
1993 435 2074 465 atque
2086 429 2220 457 admonet
2229 449 2237 462 ,
2259 437 2316 456 non
2328 437 2392 457 cum
2404 429 2466 457 vitae
2480 434 2589 466 tempo-

1484 477 1514 496 re
1532 466 1586 495 else
1599 465 1794 495 dimittendam
1806 467 2102 496 commemorationem
2117 466 2239 495 nominis
2254 465 2354 500 nostri,
2374 465 2423 495 sed
2436 476 2501 495 cum
2511 468 2589 496 omni

1484 504 1641 542 posteritate
1655 503 1864 540 adaequandam.

1466 543 1615 578 Adiequare
1629 540 1749 577 aliquem
1764 541 1820 571 sibi.
1851 542 1941 571 Tacit.
1957 549 1998 570 12.
2016 541 2086 569 Ann-

1428 581 1602 614 ADAEQUE,
1624 588 1674 620 pro
1688 579 1793 615 AEque,
1815 577 1939 616 [km'm]
1967 579 2032 617 Adv.
2055 578 2234 615 quantitatis,
2255 578 2333 608 Idem
2349 579 2426 616 quod
2435 579 2539 616 AEqiie,
2560 579 2591 609 id
2624 595 2628 598 ·

1466 618 1521 652 est,
1550 616 1622 645 Tam
1639 617 1691 645 live
1705 616 1837 646 Tantum.
1870 617 1955 646 Plaut.
1975 616 2063 645 Casiri.
2082 625 2105 653 3.
2124 626 2146 652 ς.
2160 627 2186 652 4.
2232 616 2384 654 Nunquam
2407 618 2511 647 ecastor
2531 616 2590 647 ullo

1467 656 1512 684 die
1527 654 1567 683 risi
1581 654 1704 690 adaeque.
1732 654 1790 684 Liv.
1805 665 1829 685 1.
1841 666 1868 691 4.
1885 664 1930 690 43.

1429 694 1678 760 Afflffilcbiugi'rus,
1699 701 1731 727 a,
1752 703 1809 723 um.
1839 693 1951 723 Amicus
1962 701 2027 721 cum
2038 690 2251 721 familiarissimis
2268 692 2438 729 adaequatus.
2469 692 2527 722 Cic.
2538 702 2590 731 pro
2626 728 2628 735 ,

1490 741 1504 759 a
1536 740 1552 758 0
1588 738 1613 765 3.

1430 769 1686 803 ADAEQUATIO,
1712 768 1782 797 onis.
1801 767 1820 796 f.
1850 768 1928 797 Aetio
1947 766 2119 804 adaequandi.
2156 766 2233 796 Tert-
2252 767 2288 796 ad
2303 767 2368 797 Nat.
2386 778 2409 798 1.
2430 777 2454 798 1.
2490 768 2593 799 Deficit

1468 805 1622 842 adaequatio
1634 806 1847 843 comparationis
1859 806 1941 835 istius.
1963 806 2034 835 adde
2049 805 2112 834 eod.
2126 804 2174 833 lib.
2185 814 2246 842 cap.
2264 816 2304 840 ις.

1430 845 1510 874 ADAE
1519 853 1535 871 R
1544 853 1560 871 o
1571 864 1579 877 ,
1601 839 1821 878 [ωσχαλκέω]
1841 853 1895 872 are.
1923 843 2042 873 Budaeus
2051 865 2059 878 ,
2081 843 2205 872 Adaerare
2217 865 2225 878 ,
2247 842 2284 871 est
2294 843 2357 872 AEre
2369 844 2516 873 aestimare:
2538 843 2594 874 hoc

1468 881 1522 916 est,
1552 881 1592 909 Ad
1611 881 1669 909 ieris
1689 882 1810 918 pretium
1827 881 1884 911 redi
1906 891 1960 910 ere.
1999 881 2183 918 Imperatores
2200 881 2229 909 in
2246 880 2263 909 l.
2281 891 2322 909 12.
2341 881 2372 910 C.
2390 882 2424 910 de
2443 891 2517 919 erog.
2534 881 2592 911 mil.

1468 920 1581 957 Septem
1597 918 1696 947 diebus
1713 928 1761 956 per
1775 929 1844 956 quos
1858 920 1891 948 tri
1914 920 1961 948 uni
1976 918 2133 956 praetoriani
2146 918 2329 948 emolumenti
2346 919 2430 956 gratia
2443 919 2593 949 solenniter

1468 957 1613 987 stellatiirae
1629 957 1744 986 nomine
1765 956 1870 994 species
1889 956 2113 994 consequuntur:
2145 956 2249 994 species
2268 956 2419 986 resistentes
2441 967 2498 986 non
2515 958 2594 987 aliter

1469 995 1640 1029 adaerentui·,
1669 994 1717 1022 nisi
1738 1000 1770 1023 ut
1785 995 1813 1023 in
1831 995 1892 1024 foro
1907 1004 1999 1023 rerum
2019 994 2159 1024 venalium
2180 994 2374 1023 distrahuntur.
2422 995 2521 1024 Sensus
2539 995 2593 1031 est,

1470 1033 1583 1070 Species
1602 1041 1662 1069 quae
1680 1031 1815 1062 militibus
1833 1032 1979 1061 stellatum:
1997 1032 2076 1061 causa
2090 1033 2254 1070 penduntur
2271 1042 2286 1061 a
2303 1032 2521 1070 provincialibus
2536 1055 2545 1068 ,
2573 1033 2594 1063 fi

1490 1070 1589 1099 ecunia
1606 1069 1790 1105 aestimentur,
1818 1070 1942 1099 aestimari
1954 1071 2023 1099 tanti
2040 1070 2159 1105 debere,
2188 1077 2323 1107 quantum
2343 1070 2381 1099 est
2392 1070 2446 1099 fori
2461 1071 2592 1108 pretium.

1467 1109 1580 1146 Species
1590 1113 1683 1136 autem
1695 1108 1846 1137 resistentes
1857 1108 1985 1145 intelligo
1996 1130 2004 1143 ,
2030 1108 2160 1137 restantes
2173 1118 2234 1145 quse
2246 1108 2441 1145 reliquamenti
2454 1108 2532 1138 causa
2547 1109 2593 1139 de-

1468 1146 1585 1175 bentur:
1615 1145 1648 1174 ld
1661 1146 1716 1181 est,
1738 1156 1798 1183 quae
1810 1155 1845 1175 ex
1859 1148 1998 1184 praeterito
2013 1146 2160 1176 debentur.

1468 1184 1539 1215 Item
1549 1184 1598 1213 Per
1612 1193 1664 1212 cera
1676 1185 1701 1213 &
1712 1183 1834 1213 calculos
1849 1184 1985 1213 summani
1995 1183 2135 1221 colligere.
2176 1183 2325 1214 Frontinus
2338 1184 2367 1212 in
2377 1183 2484 1221 Fragm.
2499 1183 2603 1221 Agrar..

1487 1222 1563 1260 apud
1583 1220 1683 1258 Rigalt.
1721 1221 1863 1257 Subjecias
1880 1222 1984 1252 deinde
2001 1222 2209 1251 extremitatum
2227 1227 2317 1258 partes
2337 1221 2372 1250 ad
2388 1223 2496 1250 rectum
2510 1232 2594 1259 angu-

1488 1259 1564 1295 lum,
1586 1259 1719 1288 Podisniis
1734 1259 1788 1288 suis
1805 1260 1965 1289 adaeranius.
2001 1259 2043 1289 Ita
2059 1259 2135 1288 hunc
2149 1258 2244 1288 locum
2260 1258 2375 1296 peffime
2392 1259 2519 1289 habitum
2535 1259 2596 1288 vul-

1487 1308 1522 1335 go
1534 1320 1541 1332 ,
1572 1298 1672 1335 partim
1691 1306 1726 1326 ex
1743 1298 1889 1327 Arceriano
1904 1298 2003 1327 codice
2014 1319 2022 1333 ,
2053 1298 2154 1335 partim
2173 1296 2207 1326 ab
2223 1297 2336 1333 ingenio
2347 1297 2471 1326 ‘restituit
2482 1296 2593 1328 Salmas.

1488 1336 1585 1366 Exere.
1598 1334 1666 1364 Plin.
1681 1345 1709 1372 p.
1721 1341 1784 1371 483.
1813 1335 1867 1364 Ubi
1878 1335 2010 1365 Podismis
2021 1335 2144 1364 Adaerare
2155 1357 2163 1370 ,
2185 1334 2256 1364 nihil
2269 1334 2345 1363 aliud
2359 1335 2398 1364 est
2408 1357 2416 1370 ,
2438 1345 2521 1372 quam
2533 1336 2597 1372 Agri

1486 1374 1604 1403 modum
1622 1372 1754 1402 Podifinis
1768 1373 1822 1402 sive
1841 1373 1884 1403 Ad
1900 1373 2056 1403 mensuram
2071 1374 2178 1411 pedum
2194 1373 2322 1410 exigere,
2349 1371 2396 1402 seu
2414 1372 2493 1410 Quot
2506 1373 2595 1412 pedes

1486 1422 1549 1449 ager
1559 1411 1641 1440 faciat
1649 1433 1657 1447 ,
1679 1418 1851 1449 computare.

1467 1450 1591 1480 Adaerata
1607 1449 1727 1487 praedia,
1756 1449 1786 1478 in
1803 1449 1822 1479 l.
1837 1459 1860 1478 1.
1877 1448 1908 1478 C.
1926 1449 1961 1478 de
1978 1448 2072 1480 collat.
2087 1448 2182 1478 donat.
2202 1448 2350 1484 dicuntur,
2377 1457 2414 1479 ex
2431 1447 2542 1485 Quibus
2558 1457 2596 1478 aes

1487 1494 1595 1517 certum
1610 1487 1792 1525 praestabatur.
1821 1487 1974 1516 Hotoman.

1431 1528 1656 1560 ADAERA'rio,
1678 1525 1750 1554 onis.
1771 1524 1830 1554 inl.
1850 1524 1988 1554 Militaris.
2011 1524 2039 1554 C.
2061 1525 2097 1553 de
2115 1523 2227 1553 militari
2241 1524 2322 1553 veste.
2344 1523 2394 1553 lib.
2409 1533 2452 1552 12.
2475 1524 2501 1553 8<
2517 1523 2535 1553 l.
2555 1533 2596 1553 16-

1468 1565 1565 1603 petita.
1577 1563 1626 1630 HC.
1647 1563 1682 1591 de
1703 1572 1776 1600 erog.
1798 1562 1859 1592 mil.
1883 1563 1954 1592 nihil
1976 1562 2054 1592 aliud
2071 1562 2110 1592 est
2128 1571 2211 1600 quam
2229 1562 2383 1592 AEstimatio
2403 1561 2438 1591 ad
2456 1562 2515 1591 aeris
2534 1572 2596 1600 pre-

1468 1603 1547 1631 tium.
1606 1607 1730 1630 otoman.

1430 1640 1625 1674 Anfflswo,
1647 1635 1866 1674 [maus-eodm]
1886 1648 1941 1668 are.
1969 1637 2057 1667 Valde
2072 1637 2192 1667 aestuare.
2233 1637 2301 1667 Stat.
2317 1636 2367 1667 lib.
2383 1648 2407 1674 5.
2424 1637 2516 1667 Theb.
2530 1646 2596 1675 517.

1589 1676 1838 1714 —squammisque
1851 1676 1953 1706 incisus
1966 1676 2096 1705 adaestuat
2109 1677 2207 1705 amnis.

1430 1716 1479 1746 AD
1488 1719 1505 1744 Ti
1514 1725 1532 1743 6
1541 1724 1558 1743 6
1567 1716 1607 1743 {a
1616 1724 1633 1743 0
1643 1737 1652 1751 ,
1674 1715 1906 1751 [ωπππχωνιόω]
1934 1718 1988 1743 are.
2018 1713 2208 1743 Accumulare.
2239 1712 2309 1742 Cato
2322 1713 2357 1742 de
2372 1713 2406 1743 R.
2418 1714 2452 1743 R.
2473 1723 2533 1752 cap.
2548 1724 2594 1750 94.

1468 1753 1541 1819 0111111
1554 1763 1601 1782 ver
1619 1753 1742 1791 appetit,
1763 1758 1864 1782 terram
1875 1753 2040 1790 adaggerato
2055 1751 2135 1781 bene.
2165 1751 2234 1781 Plin.
2250 1751 2299 1780 lib.
2314 1755 2357 1788 36.
2374 1761 2434 1789 cap.
2452 1762 2493 1781 12.
2512 1751 2595 1782 Colu-

1467 1801 1512 1821 me
1527 1814 1532 1820 .
1548 1801 1572 1827 ς.
1592 1800 1634 1821 11.

1468 1830 1615 1858 derivatur.

1429 1868 1453 1897 A
1461 1877 1479 1896 1)
1488 1877 1508 1896 A
1516 1877 1533 1895 c
1543 1876 1561 1895 G
1570 1877 1584 1895 r.
1592 1877 1636 1895 aa
1644 1876 1664 1895 T
1673 1876 1692 1896 u
1700 1876 1712 1896 s
1722 1889 1730 1902 ‚
1750 1865 1847 1896 Partic.
1875 1865 1945 1895 Plin.
1962 1875 2004 1902 13.
2024 1876 2035 1895 1
2043 1876 2066 1894 1.
2106 1865 2242 1903 AEgyptus
2253 1865 2416 1902 adaggerata
2426 1865 2503 1894 Nilo.

1429 1906 1451 1936 A
1460 1915 1478 1934 D
1488 1915 1507 1933 A
1516 1914 1533 1933 G
1542 1915 1550 1933 1
1559 1915 1577 1933 u
1586 1915 1606 1933 M
1617 1926 1624 1940 ,
1646 1905 1673 1934 ii.
1704 1906 1730 1935 δε
1747 1905 1823 1941 apud
1841 1905 1969 1941 antiquos
1978 1926 1986 1939 ,
2008 1905 2055 1933 An
2064 1913 2111 1932 Ac
2120 1914 2128 1931 i
2138 1913 2155 1932 o
2167 1925 2175 1938 ,
2197 1903 2270 1932 61113.
2296 1904 2469 1939 [memmae]
2496 1902 2595 1940 signifi-

1468 1950 1513 1972 cat
1528 1942 1715 1972 Proverbium.
1753 1942 1827 1971 Varr.
1842 1945 1867 1971 6.
1886 1942 1922 1971 de
1938 1941 1969 1971 L.
1987 1940 2017 1971 L.
2033 1951 2058 1978 3.
2097 1941 2179 1979 Apud
2197 1940 2337 1970 Valerium
2359 1941 2495 1971 Soranum
2514 1947 2596 1970 vetus

1467 1981 1566 2017 adagio
1582 1981 1628 2009 est.
1669 1981 1773 2018 Adagio
1789 1980 1844 2015 est,
1864 1979 1944 2009 litera
1956 1984 2144 2014 commutata,
2169 1979 2291 2016 Abagio:
2323 1978 2398 2008 dieta
2415 1979 2448 2008 ab
2464 1988 2499 2008 60
2517 1978 2594 2016 quod

1467 2018 1555 2047 ambit
1568 2019 1722 2047 orationem
1732 2041 1740 2054 ,
1769 2027 1860 2055 neque
1874 2018 1903 2047 in
1923 2017 2013 2055 aliqua
2025 2027 2082 2046 una
2096 2027 2125 2046 re
2142 2016 2263 2046 consistit
2280 2016 2344 2046 sola.
2387 2017 2479 2047 Festus
2489 2039 2497 2052 ,
2524 2016 2594 2045 Ada-

1468 2057 1511 2094 gia
1522 2078 1529 2091 ,
1551 2057 1592 2085 Ad
1604 2057 1744 2094 agendum
1755 2062 1827 2094 apta.
1858 2055 1961 2085 Donat.
1976 2057 2006 2084 in
2022 2055 2092 2084 Eun.
2130 2055 2165 2084 Et
2181 2055 2255 2084 dicta
2266 2056 2292 2084 δε
2304 2055 2448 2092 proverbia
2459 2077 2467 2090 ,
2489 2057 2515 2085 Sc
2531 2054 2596 2083 ada-

1466 2095 1563 2131 giones
1574 2116 1581 2129 ,
1603 2095 1679 2132 quod
1689 2105 1749 2124 rein
1760 2099 1842 2132 agant
1851 2116 1858 2130 ,
1879 2094 1976 2123 facetis
1987 2092 2149 2123 hominibus
2160 2092 2360 2123 adscribuntur.
2392 2092 2481 2123 Plaut.
2492 2091 2594 2131 Amph.

1468 2141 1494 2169 3·
1512 2143 1535 2169 5·
1551 2143 1598 2169 40·
1814 2146 1820 2151 '
1872 2170 1877 2175 ,

1616 2176 1741 2199 —vetus
1752 2169 1789 2199 est
1800 2170 1929 2208 adagium
1939 2191 1947 2205 ,
1967 2169 2065 2199 Fames
2079 2169 2106 2199 Sc
2119 2178 2197 2198 mora

1546 2206 1635 2237 Bilem
1649 2208 1678 2236 in
1693 2207 1789 2237 nasum
1800 2209 1945 2237 conciunt.
2000 2207 2033 2238 V.
2048 2206 2149 2237 Erasm.
2164 2206 2318 2244 Prolegom.
2339 2205 2460 2236 Chiliad.
2475 2203 2596 2244 praemiss

1466 2245 1512 2281 sa;
1534 2247 1559 2275 Sc
1572 2245 1643 2274 Voss.
1656 2246 1742 2275 instit.
1759 2246 1835 2276 Orat.
1847 2257 1874 2282 4.
1888 2257 1913 2282 9.
1930 2256 1957 2284 p.
1971 2255 2034 2275 211.

1430 2283 1643 2318 ADALtho,
1666 2280 1863 2320 [wem-mita]
1883 2287 1938 2314 are.
1968 2283 2046 2314 Idem
2062 2282 2140 2320 quod
2158 2282 2282 2319 [illigare.
2322 2281 2386 2311 Hoc
2403 2282 2441 2311 est
2452 2304 2460 2317 ,
2490 2281 2533 2310 Ad
2546 2280 2596 2310 ali-

1469 2321 1537 2358 quid
1547 2321 1639 2359 ligare.
1665 2321 1734 2351 Plin.
1750 2321 1799 2352 lib.
1811 2331 1856 2359 27.
1872 2331 1933 2361 cap.
1947 2329 1991 2351 10.
2026 2321 2106 2358 Quos
2116 2320 2221 2359 pyxide
2235 2320 2365 2350 conditos
2376 2319 2516 2358 adalligari
2527 2327 2595 2349 cum

1466 2369 1538 2398 pane
1548 2382 1556 2394 ,
1578 2359 1690 2389 brachio
1700 2382 1708 2395 ,
1727 2361 1780 2390 &Q

1469 2397 1620 2435 Adalligcire
1631 2397 1736 2435 aliquid
1747 2397 1829 2427 alicui
1840 2398 1888 2428 rei.
1918 2397 1987 2426 Plin.
1999 2407 2044 2427 20.
2062 2406 2107 2426 21.
2130 2396 2203 2426 corff.
2217 2404 2260 2432 30.
2274 2399 2299 2425 6.
2322 2397 2348 2426 Sc
2362 2405 2405 2433 32.
2422 2406 2464 2425 io.

1430 2435 1451 2465 A
1460 2445 1478 2464 D
1487 2445 1506 2463 A
1516 2446 1531 2464 1.
1541 2447 1557 2463 L
1566 2446 1573 2463 1
1583 2446 1601 2464 c
1610 2439 1627 2465 K
1637 2446 1654 2464 vr
1664 2447 1680 2465 u
1690 2446 1701 2465 s
1711 2458 1719 2471 ,
1741 2435 1838 2466 Partic.
1858 2435 1928 2466 Plin.
1944 2435 1993 2465 lib.
2008 2445 2049 2472 17.
2066 2444 2127 2472 cap.
2140 2444 2183 2469 23.
2219 2433 2373 2471 Adalligato
2386 2434 2594 2472 protenduntur

1467 2474 1497 2502 in
1512 2474 1624 2503 viduam
1635 2474 1759 2503 arborem
1773 2484 1846 2503 unco
1885 2473 1977 2504 Herba
1990 2472 2137 2510 adalligata
2149 2472 2219 2501 laevo
2234 2471 2357 2502 brachio.
2396 2471 2476 2502 idem
2487 2482 2532 2509 24.
2548 2482 2592 2509 19.

1469 2512 1496 2540 Sc
1510 2512 1582 2540 circa
1596 2518 1689 2549 eaput.
1724 2511 1803 2542 Idem
1816 2522 1860 2550 27.
1882 2522 1925 2541 10.

1430 2549 1452 2579 A
1461 2559 1479 2578 1)
1490 2559 1507 2578 A
1517 2560 1536 2578 M
1548 2571 1556 2585 ,
1583 2546 1711 2586 [Αὲὶὶμ]
1738 2550 1840 2579 111(1661.
1861 2551 1888 2580 Sc
1907 2550 1952 2578 AD
1961 2552 1977 2577 Ᾰ
1987 2559 2007 2577 M
2017 2559 2035 2577 u
2045 2558 2056 2578 s
2067 2570 2074 2584 ,
2096 2548 2114 2578 i.
2145 2547 2251 2577 Primus
2267 2547 2370 2582 homo,
2391 2546 2528 2577 Hebraica
2542 2546 2594 2576 lin.

1469 2597 1539 2624 gua,
1572 2588 1640 2617 {icut
1655 2598 1676 2617 1.
1692 2587 1740 2617 lib.
1770 2587 1906 2625 Josephus
1922 2587 2031 2621 scribit,
2061 2586 2139 2616 Idem
2158 2586 2196 2615 est
2211 2585 2286 2622 quod
2298 2585 2409 2619 Riiber,
2430 2586 2562 2622 quoniam
2577 2595 2593 2615 e

1468 2625 1550 2654 rubra
1562 2633 1633 2655 terra
1641 2626 1730 2655 factus
1744 2627 1782 2655 est
1799 2627 1894 2655 Adam.
1918 2624 1948 2654 V.
1961 2625 2053 2654 isidor.
2069 2634 2094 2661 7.
2109 2628 2133 2653 6.
2176 2623 2229 2652 Hic
2239 2623 2343 2661 politus
2360 2623 2449 2653 custos
2460 2624 2591 2656 Adamus.

1468 2662 1545 2693 Tert.
1562 2664 1631 2693 Gen.
1645 2674 1669 2693 v.
1688 2668 1733 2700 64.
1775 2664 1827 2693 Ubi
1841 2664 1930 2701 prima
1948 2662 2048 2699 longa,
2077 2672 2137 2699 quae
2155 2663 2181 2692 Sc
2194 2661 2292 2691 brevis.
2321 2671 2346 2691 v.
2364 2670 2408 2698 93.
2450 2662 2491 2691 Ex
2505 2662 2594 2691 Adam

1468 2701 1558 2731 malus
1581 2708 1662 2739 atque
1684 2702 1808 2732 carnalis.
1842 2701 1983 2739 Aiigustin.
2007 2700 2037 2729 C.
2056 2700 2090 2730 D.
2111 2711 2152 2736 15.
2176 2710 2200 2730 1.
2240 2700 2384 2729 lnvenitiir
2402 2701 2428 2729 ok
2447 2700 2593 2729 Genitivus

1468 2739 1533 2768 Adae
1544 2762 1551 2775 ,
1573 2747 1603 2768 iit
1616 2741 1767 2770 l’eccamen
1778 2740 1912 2777 Principis
1922 2738 1995 2768 Adae.
2022 2738 2152 2767 Prudent.
2169 2737 2269 2776 Apoth.
2283 2748 2308 2767 v.
2328 2747 2391 2774 911.
2429 2738 2480 2767 1³10
2495 2738 2595 2767 Pecca-

1468 2783 1508 2806 to.
1539 2778 1608 2807 lbid.
1623 2788 1647 2807 v.
1665 2783 1727 2814 926.
1810 2777 1938 2807 Veterem
1953 2777 2044 2805 anima
2061 2783 2144 2805 exuat
2157 2777 2252 2804 Adam.

1429 2815 1477 2844 AD
1487 2825 1507 2844 Α
1517 2820 1613 2845 MiTAE
1623 2838 1631 2851 ,
1652 2819 1738 2845 sirum.
1754 2825 1791 2845 m.
1806 2815 1844 2853 pl.
1865 2815 1962 2845 Adami
1973 2814 2071 2843 Posteri
2081 2813 2164 2851 vulgo
2175 2819 2318 2842 vocantur.
2341 2813 2372 2842 V.
2391 2814 2418 2843 &
2428 2823 2590 2843 amimam.

1428 2853 1450 2882 A
1459 2863 1476 2881 1)
1487 2863 1504 2880 A
1515 2864 1534 2881 M
1545 2864 1563 2881 a
1573 2863 1593 2882 N
1602 2863 1638 2882 'ri
1649 2865 1657 2882 1
1669 2877 1676 2889 ,
1699 2854 1863 2891 Cognomen
1873 2853 1941 2881 olim
1954 2851 2090 2881 tributum
2100 2852 2137 2881 est
2150 2851 2271 2888 Didymo
2285 2852 2464 2888 grammatico
2473 2873 2481 2886 ,
2503 2851 2539 2880 ob
2552 2851 2592 2880 in-

1464 2891 1671 2959 ἓ61ῑῐ1118110111ῗ11
1686 2892 1823 2921 scribendi
1837 2890 2002 2921 instantiam.
2045 2890 2083 2919 Ab
2094 2889 2149 2919 1106
2161 2889 2323 2918 translatum
2337 2889 2415 2919 estin
2427 2889 2589 2926 Origenem.

1488 2939 1515 2957 ra
1528 2939 1563 2958 in.
1578 2939 1607 2958 in
1648 2940 1734 2959 ieron.

1425 2967 1584 2997 ADAMAN
1595 2977 1652 2997 *ris
1663 2990 1671 3003 ,
1691 2969 1755 2998 idis.
1782 2961 1967 3004 [ἀδὴμᾳνπὲς]
1997 2964 2091 2994 Herba
2111 2964 2238 3001 quiedam
2254 2963 2308 2992 esse
2323 2964 2440 2993 traditur
2457 2973 2473 2992 a
2490 2963 2592 3001 Magis,

1463 3006 1616 3040 Armeniae,
1645 3005 1885 3043 Cappadociaeque
1902 3003 2031 3038 alumna,
2061 3012 2115 3039 qua
2133 3003 2245 3030 admota
2263 3001 2369 3031 Leones
2387 3001 2537 3039 resupinari
2554 3002 2592 3030 fe-

1463 3049 1560 3072 runtur
1575 3043 1650 3072 hiatu
1667 3043 1741 3073 laxo.
1783 3042 1912 3072 Nominis
1932 3042 2070 3070 i‘aiionem
2086 3040 2171 3068 iidem
2190 3040 2260 3068 hanc
2278 3039 2409 3075 tradunt,
2437 3039 2512 3077 quod
2526 3049 2592 3068 con.-

1676 1790 1867 1829 Compofitum
1889 1800 1925 1820 ex
1945 1790 2005 1826 Ad,
2033 1791 2060 1820 ὃ(
2073 1790 2198 1827 Aggero,
2227 1789 2304 1827 quod
2327 1789 2362 1818 ab
2381 1791 2469 1828 Agger
2489 1790 2598 1828 aggeris

1462 3082 1512 3109 teri
1530 3087 1666 3118 nequeat,
1688 3081 1926 3118 quemadmodum
1938 3089 1990 3108 nec
2005 3079 2126 3108 adamas.
2158 3077 2226 3106 Plin.
2243 3077 2291 3107 lib.
2306 3087 2350 3113 24.
2368 3087 2428 3116 cap.
2444 3087 2485 3115 17.
2508 3077 2592 3116 Apul.
2642 3079 2648 3081 ⁴

1461 3119 1496 3148 de
1507 3119 1591 3148 Herb.
1608 3129 1639 3148 ca
1650 3130 1668 3148 1.
1704 3141 1709 3147 .

1423 3157 1529 3186 Animi
1542 3167 1599 3192 AS,
1630 3130 1710 3186 ainis.
1738 3166 1775 3185 m.
1808 3150 1963 3193 [άὲὶέμοκ]
1994 3153 2032 3183 est
2057 3153 2137 3191 Lapis
2160 3151 2334 3182 durissimus:
2368 3153 2402 3182 ab
2423 3164 2440 3179 οι
2456 3152 2592 3191 particula

1460 3195 1593 3232 privativa
1605 3217 1612 3229 ,
1634 3197 1659 3225 <Sc
1676 3194 1760 3224 verbo
1775 3189 1904 3229 ἆὲιμρέζω,
1925 3192 2022 3228 idest,
2044 3192 2153 3227 Domo,
2175 3191 2249 3229 quasi
2264 3191 2432 3221 indomitus.
2474 3191 2546 3228 Virg.
2562 3194 2588 3220 6.

1460 3233 1522 3262 AEn.
1543 3242 1604 3269 552.

1621 3287 1657 3291 —
1669 3269 1812 3306 solidoque
1826 3267 1972 3297 adamante
1988 3267 2137 3302 coliimnae,

1541 3307 1588 3336 Vis
1603 3313 1633 3336 ut
1649 3307 1724 3336 nulla
1737 3307 1825 3335 viri'im
1835 3327 1843 3341 ,
1864 3315 1921 3334 non
1936 3306 1983 3343 ipsi
1999 3306 2149 3334 excindere
2163 3305 2235 3334 ferro

1542 3345 1685 3374 Coelicolze
1700 3344 1816 3373 valeant.
1896 3343 1964 3372 Plin.
1983 3343 2029 3372 lib.
2044 3352 2086 3379 37.
2103 3353 2162 3380 cap.
2176 3354 2202 3378 4.
2251 3341 2358 3370 Genera
2374 3339 2529 3370 adamantis
2543 3340 2588 3373 sex

1461 3382 1621 3412 noscuntur.
1664 3383 1744 3412 Unde
1758 3384 1783 3412 Sc
1803 3391 1908 3410 nomen
1922 3381 2059 3409 indomita
2069 3381 2109 3410 vis
2122 3383 2216 3410 Graeca
2227 3379 2455 3416 interpretatione
2473 3380 2589 3417 accepit.

1462 3421 1532 3450 Item
1549 3421 1632 3458 paulo
1649 3421 1725 3464 post,
1747 3420 1891 3457 Siquidem
1905 3418 1951 3447 illa
1964 3419 2065 3448 invicta
2077 3419 2116 3447 vis
2132 3419 2248 3447 duarum
2265 3416 2467 3458 violentissima*
2484 3424 2588 3446 naturae

1462 3468 1553 3487 rerum
1563 3481 1571 3494 ,
1592 3459 1655 3487 ferri
1671 3459 1797 3495 ignisque
1808 3457 1995 3493 contemptrix
2007 3479 2014 3490 ,
2038 3457 2146 3485 hircino
2158 3455 2295 3492 rumpitur
2309 3455 2454 3492 sanguine,
2476 3464 2528 3484 nec
2540 3454 2588 3483 ali-

1462 3502 1503 3524 tei·
1522 3507 1604 3532 quani
1624 3497 1748 3531 recenti,
1775 3495 1921 3531 calidoque
1936 3501 2080 3523 macerata.
2119 3492 2267 3522 Dillidiuni
2287 3493 2312 3520 ei
2330 3491 2453 3520 naturale
2468 3493 2506 3521 est
2522 3502 2587 3521 cum

1461 3541 1589 3570 magnete
1599 3557 1607 3568 ,
1629 3535 1673 3563 cui
1686 3534 1701 3563 si
1713 3540 1872 3571 opponatur
1881 3555 1888 3567 ,
1903 3533 1959 3560 vim
1971 3541 2085 3560 omnem
2098 3532 2123 3560 ei
2133 3531 2289 3560 trac'tricem
2299 3531 2390 3568 eripit.
2413 3530 2483 3566 Quat
2494 3530 2588 3559 omnia

1461 3581 1496 3599 ex
1512 3571 1600 3600 Plinio
1614 3572 1684 3601 sunt.
1716 3572 1748 3600 V.
1765 3571 1858 3600 Rueus
1871 3570 1906 3598 de
1919 3570 2041 3599 (jeiuniis
2055 3580 2079 3598 2.
2097 3579 2138 3605 15.

1460 3609 1620 3638 Ad;ini;intis
1638 3611 1709 3638 {erro
1730 3608 1896 3638 indomitam
1915 3608 2045 3636 virtutem
2061 3607 2114 3636 else
2133 3606 2229 3635 fulsum
2241 3606 2296 3639 est,
2324 3610 2356 3634 ut
2374 3604 2506 3633 testantur
2522 3604 2589 3635 λθ)-

1480 3650 1570 3679 γλύφοι
1587 3647 1712 3676 artifices.
1752 3646 1866 3684 Quippe
1884 3645 1930 3682 qui
1945 3645 1974 3673 in
1989 3645 2101 3673 scobem
2118 3643 2219 3674 malleo
2237 3643 2344 3680 redigi,
2372 3644 2397 3672 ὁὶ
2409 3643 2438 3671 111
2455 3642 2586 3671 mortario

1480 3686 1530 3712 tei-i
1554 3685 1654 3721 pistillo
1673 3685 1760 3713 ferreo
1778 3684 1877 3721 potest.
1920 3683 1953 3711 Et
1969 3683 1997 3711 id
2015 3683 2180 3717 jamdudum
2199 3681 2303 3719 Lipsius
2322 3680 2357 3709 ad
2377 3680 2440 3709 Seii.
2464 3680 2499 3709 de
2514 3680 2587 3709 Con-

1478 3722 1556 3751 stant.
1573 3724 1634 3759 Siip.
1649 3733 1708 3760 cap.
1726 3732 1748 3755 ζ.
1766 3732 1798 3752 ex·
1813 3721 1902 3751 (iarsiii
1913 3720 2072 3749 observavit.
2096 3720 2179 3749 Ovid.
2194 3730 2219 3754 4.
2235 3719 2314 3748 Trist.
2327 3724 2352 3752 8.
2366 3728 2412 3754 45.

1539 3759 1586 3788 Nil
1598 3760 1667 3788 adeo
1680 3760 1802 3789 validum
1815 3760 1869 3793 est,
1892 3759 2006 3787 Adamas
2018 3757 2084 3786 licet
2095 3757 2189 3794 alliget
2199 3756 2278 3793 illud,

1576 3797 1639 3826 Non
1657 3797 1687 3826 iit
1702 3805 1732 3826 ut
1746 3798 1859 3826 inferius
1874 3795 2098 3834 liippolitumque
2113 3794 2182 3824 Deo.

1457 3833 1592 3873 Infragilis
1605 3835 1724 3864 adsimus.
1754 3835 1823 3864 Pliii.
1839 3834 1886 3864 lib.
1902 3844 1945 3863 20.
1962 3833 1992 3861 in
2003 3842 2122 3870 prooem.

2484 3904 2586 3937 Durus.
