2604 4222
210 174 277 212 :48
634 167 661 199 A
756 165 787 200 R
882 163 907 196 Ε

248 248 399 277 Informare
412 251 495 276 areas.
519 246 656 276 Columel.
674 245 722 275 lib.
737 255 748 274 r
759 255 779 274 i.
795 255 856 282 cap.
872 253 897 279 3.
1012 273 1014 275 ,
1262 276 1277 281 ..
1359 275 1366 283 „

251 289 318 315 Area
336 284 467 321 scelerum
481 307 487 318 .
511 295 558 321 per
568 285 784 313 translationem.
808 283 866 311 Cic.
880 293 905 317 9.
924 280 974 309 Att.
989 285 1031 312 18.
1051 277 1169 314 Reliqua
1182 298 1190 311 ,
1212 275 1229 304 ὁ
1241 276 1299 309 dii,
1320 284 1368 312 qui

269 324 433 352 comi‘ntus:
458 333 516 359 quae
532 332 541 356 i
555 332 583 351 ut
600 330 629 351 tu
647 322 715 350 soles
728 321 842 355 dicere)
864 330 950 351 vzuzqz,
973 318 1001 346 in
1013 326 1066 353 qua
1084 324 1142 344 erat
1151 324 1212 343 area
1224 313 1367 342 scelerum.

270 362 325 390 Sed
340 363 368 389 in
381 360 457 389 MSS.
477 359 674 397 iiliterlegitur.
716 358 746 387 V.
770 355 980 386 Victoruadloc.

253 401 337 432 Area,
363 398 466 426 Ulceris
481 406 567 434 genus
589 399 617 425 in
635 397 743 433 capite,
764 404 827 424 cuni
847 393 1012 430 capillorum.
1024 390 1171 428 profluvio.
1211 388 1274 417 Vid.
1296 386 1365 417 Cels.

271 446 391 465 arearum
404 435 622 472 geriemabunde
633 438 795 463 tractantem
807 454 814 465 ,
834 431 880 459 lib.
894 435 917 459 ὁ.
939 440 999 466 cap.
1012 440 1038 464 4.
1359 428 1361 432 ’

214 474 257 503 Aa
271 485 282 502 r.
293 480 309 503 o
320 486 334 502 L
346 485 375 506 A.
397 473 494 501 dimin.
516 472 549 500 ab
558 474 632 500 Area.
655 473 669 507 [
684 471 779 496 ammon
794 471 807 503 ν]
829 466 966 498 Columel.
991 467 1089 503 Qium
1099 472 1199 495 terram
1210 463 1282 493 bene
1294 462 1371 492 sube-

255 513 333 549 geris,
354 512 458 539 areolas
467 511 558 538 tacito.
569 511 622 538 viz.
636 509 790 537 hui-torum,

255 550 352 579 Areola
370 549 477 576 domus.
507 547 574 576 l’lin.
591 547 637 575 lib.
652 557 675 582 5.
691 545 771 582 Epist.
786 548 811 573 6.

218 591 262 616 Aa
275 591 312 615 iij&
326 596 380 614 Lis
395 607 403 619 ,
431 596 454 614 e.
478 585 517 613 Ad
541 594 630 613 aream
650 584 800 620 pertinens.
822 580 896 610 Serv.
912 581 942 608 in
963 589 985 608 1.
999 579 1097 616 Georg.
1115 581 1176 608 166.

410 639 446 643 ——
467 622 499 651 Et
517 622 628 658 mystica
646 630 752 649 vannus
772 618 873 648 Iacchi.
923 618 940 646 i.
960 628 984 647 e.
1006 617 1134 646 Cribrum
1154 616 1252 645 areale.

218 664 263 692 Ar<
275 672 287 695 a
298 671 316 689 A
327 670 414 693 Tua,
443 660 506 688 oris.
529 670 565 687 in.
597 659 654 695 Qui
665 667 755 687 aream
767 664 874 694 purgat.
905 655 1045 685 Columel.
1055 665 1080 684 2.
1096 664 1140 684 21.
1160 659 1229 682 extr.
1260 652 1315 682 Sed
1333 661 1373 681 re-

255 699 379 728 ctiusnie
396 698 447 733 leg.
469 698 596 726 sii-aroris.

219 740 265 767 Ar.
277 745 371 765 acor«
383 739 415 763 iu..
427 746 434 762 i
446 757 453 768 .
473 736 488 769 [
506 735 647 765 Armeniae}
663 734 677 768 ]
697 732 795 770 Populi
813 732 841 760 in
854 730 942 761 Gallia
954 730 1125 760 Narbonensi
1145 751 1153 763 ,
1175 729 1222 766 qui
1240 729 1266 757 8(
1283 727 1373 756 Voleae

258 775 386 802 dicuntur
405 773 470 801 teste
484 771 571 801 Strab.
592 771 640 800 lib.
652 783 678 805 4.
700 780 817 807 quorum
831 777 926 807 portus
945 771 970 798 Sc
982 769 1137 806 emporium
1148 766 1241 796 Narbo
1260 766 1370 794 dicitur.

255 812 284 840 V.
306 810 433 856 Plixrlib.
449 820 472 845 ζ.
484 819 543 846 cap.
555 820 582 844 4.
605 809 717 846 Legitur
727 808 975 846 apudSti·abOiiem
987 806 1154 835 Aricomisci.
1180 804 1247 834 Ptol.
1263 806 1372 838 Ovo'mcoq

256 857 397 881 Aasxfopvot,

216 889 427 920 ARN-Anio,
466 885 498 914 V.
522 895 625 914 Anao.

216 927 237 954 A
248 928 386 957 nicom,
408 924 490 952 oritis.
512 924 527 958 [
543 923 629 958 A‘gn'pm
644 922 661 957 J
681 920 794 951 Pictoris
803 930 926 950 nomen:
947 920 1053 956 dequo
1066 918 1163 948 Strabo
1174 917 1221 946 lib.
1234 923 1260 951 8.
1283 917 1312 945 in
1329 915 1372 945 Al-

254 962 382 1000 pheoniae
399 962 493 997 Dianrc
516 960 641 998 templo,
675 959 818 989 Cleanthis
838 961 864 988 &
884 959 1027 994 Aregontis
1043 957 1158 994 picturae
1179 955 1310 988 visuntur,
1323 954 1372 982 ho-

253 1001 361 1028 minum
384 999 601 1027 Corinthiorum.
648 997 764 1026 Alterius
788 997 901 1033 quidem
918 996 1009 1030 Troiae
1028 995 1192 1032 captivitas,
1221 994 1247 1022 ὁὶ
1267 992 1372 1021 Miner-

253 1047 293 1066 va>
308 1035 426 1066 natalia:
452 1037 562 1066 alterius
579 1035 618 1065 est
635 1034 731 1065 Dianae
752 1036 782 1064 in
802 1035 880 1064 cunis
898 1033 1073 1071 deportatio:
1105 1041 1189 1069 opera
1207 1030 1288 1060 laude
1309 1030 1371 1068 piu-

252 1076 321 1104 rima
339 1075 483 1104 celebrata.

217 1114 237 1142 A
247 1123 260 1141 s
272 1116 286 1142 ὲ
295 1123 311 1141 1.
322 1123 337 1141 A
348 1122 360 1142 s
369 1135 377 1147 ,
400 1114 470 1147 ati53
493 1113 518 1142 ἃ
529 1112 548 1140 Λ
559 1121 573 1140 a
584 1121 623 1140 si.
632 1120 651 1140 A
660 1120 680 1140 T
690 1120 703 1139 a
714 1132 722 1145 ,
744 1120 780 1139 es.
803 1110 821 1138 f.
833 1107 928 1138 Galliae
937 1107 1123 1138 Narbonensis
1133 1106 1198 1136 urbs
1207 1107 1284 1143 justa
1295 1106 1370 1136 Rho-

252 1152 364 1179 danum.
386 1150 475 1179 Plinio
490 1150 608 1179 Colonia
626 1149 809 1178 Sextanorum
821 1148 893 1176 dicffa
904 1169 911 1181 ,
933 1145 1009 1183 quod
1022 1156 1038 1174 e
1054 1145 1127 1174 sexta
1145 1145 1256 1182 legione
1268 1145 1370 1173 milites

252 1188 347 1217 coloni
365 1198 398 1217 eo
414 1189 528 1217 deducti
545 1188 605 1216 sint.
652 1186 748 1215 Strabo
769 1185 903 1214 Arelatem
918 1185 995 1219 juxta
1013 1183 1180 1212 Rhodanum
1201 1183 1292 1216 sitam.
1314 1191 1370 1210 ain-

251 1226 373 1264 pliffimo
401 1227 527 1263 emporio
552 1225 686 1262 insignem
716 1224 770 1253 else
796 1221 898 1251 scribit.
946 1221 1032 1258 Vulgo
1063 1223 1145 1250 Arles.
1186 1220 1320 1251 Ausonius
1340 1220 1370 1248 in.

252 1264 363 1293 urbium
382 1264 524 1301 catalogo.
547 1273 570 1292 c.
584 1269 608 1296 8.

328 1301 417 1331 Prode
436 1301 541 1338 duplex
561 1300 666 1329 Arelas:
686 1302 771 1336 'quain
788 1298 881 1326 Narbo
902 1297 1017 1326 Martius
1038 1318 1046 1332 ,
1069 1298 1095 1326 Sc.
1115 1305 1197 1333 quam

333 1339 439 1368 Accolit
456 1339 561 1377 Alpinis
583 1337 716 1376 opulenta
734 1336 842 1365 Vienna
861 1335 978 1364 colonis.

213 1379 496 1411 ΑκειᾼτεΝειε,
518 1387 542 1405 e.
564 1376 633 1413 Ager
650 1373 817 1404 Arelatensis.
839 1373 907 1402 Plin.
927 1383 969 1401 10.
986 1381 1031 1408 42.
1243 1404 1245 1406 ¹
1352 1392 1353 1395 .

212 1417 394 1449 Annius.
424 1414 541 1444 celebris
564 1413 659 1442 Romae
677 1413 787 1450 pictor,
818 1410 902 1448 paulo
926 1416 990 1439 ante
1013 1410 1109 1439 divum
1128 1409 1295 1446 Augustum,
1317 1408 1367 1438 nisi

250 1454 354 1490 flagitio
367 1453 463 1489 insigni
476 1451 636 1489 corrupisset
646 1458 742 1483 artem,
764 1449 871 1486 semper
881 1448 998 1483 alicujus
1007 1448 1129 1476 foeminae
1138 1457 1232 1476 amore
1240 1448 1366 1484 flagrans,

250 1493 276 1521 Sc
296 1491 332 1520 ob
352 1491 380 1520 id
401 1491 466 1520 deas
483 1493 620 1528 pingens,
649 1488 696 1517 sed
718 1487 883 1517 dilectarum
902 1486 1032 1523 imagine.
1086 1486 1154 1515 Haec
1170 1484 1240 1514 Plin.
1260 1485 1307 1514 lib.
1324 1495 1366 1522 35.

248 1539 308 1562 cap.
327 1540 369 1558 10.

248 1565 316 1596 Item
329 1567 406 1596 Avari
417 1565 560 1601 cujusdam
570 1574 674 1593 nomen
688 1564 763 1601 apud
775 1563 841 1592 Hor.
854 1572 880 1592 2.
895 1562 981 1591 Serm.
994 1564 1020 1591 6.
1034 1566 1079 1598 78.
1190 1590 1192 1593 ,

210 1606 233 1635 A
243 1616 258 1634 a
270 1615 313 1634 EM
322 1615 339 1633 o
350 1615 383 1633 Rr
394 1614 436 1633 CA
447 1626 454 1638 ,
477 1602 571 1632 Galliae
582 1603 658 1639 regio
668 1623 676 1637 ,
697 1611 757 1638 quae
776 1600 922 1637 Aquitania
937 1609 1013 1629 nunc
1024 1621 1032 1633 ,
1052 1598 1152 1636 partini
1176 1598 1260 1627 etiam
1279 1598 1365 1628 Buta-

247 1643 294 1672 nia
313 1642 423 1671 dicitur.
463 1641 494 1670 V.
517 1640 586 1670 Plin.
608 1640 658 1670 lib.
669 1650 696 1675 4.
718 1649 777 1676 cap.
798 1648 839 1675 17.
862 1637 927 1667 Caes.
944 1647 970 1674 7.
991 1636 1058 1666 Bell.
1073 1636 1141 1666 Gall.
1154 1645 1198 1673 75.
1231 1636 1364 1666 Universis

247 1680 405 1710 civitatibus
415 1688 475 1716 quae
495 1679 642 1708 Oceanum
655 1678 795 1713 attingunt
808 1698 816 1711 ,
839 1686 955 1713 quaeque
971 1685 1067 1704 eorum
1087 1673 1288 1704 consuetudine
1302 1677 1366 1704 Are-

246 1719 357 1748 moricre
369 1717 560 1755 appellantur,
581 1726 637 1753 quo
648 1715 749 1744 suntin
759 1724 894 1749 numero,
917 1713 1094 1743 Coriosolites
1106 1735 1113 1747 .,
1135 1712 1280 1745 Redones,
1301 1714 1364 1742 Am-

248 1756 349 1791 bibari,
371 1756 506 1789 Cadetes,
529 1754 655 1789 Osismii,
678 1753 861 1788 Lemovices,
884 1752 1004 1787 Veneti,
1026 1751 1129 1781 Unelli.
1174 1749 1287 1788 Legitur
1305 1758 1364 1780 AR-

247 1806 267 1823 M
277 1805 293 1822 0
303 1805 319 1823 R
330 1805 339 1822 1
350 1803 398 1822 cAE
419 1794 447 1822 in
468 1792 552 1822 codd.
569 1791 680 1821 emend.
814 1824 815 1827 Ἴ
1318 1822 1320 1824 .

206 1833 254 1862 AR
266 1842 336 1861 ENA
348 1854 356 1866 ,
378 1841 408 1860 ae.
431 1833 445 1867 [
460 1830 576 1866 ἅμμῶυ,
593 1829 738 1862 spargas&
748 1851 756 1864 ‚
780 1826 906 1864 ψοίμμῶυ
917 1845 924 1857 ,
939 1826 1059 1862 ἔκφθῶυ
1075 1826 1089 1860 ]
1109 1825 1202 1856 Pulvis
1217 1825 1363 1855 minutiffi-

243 1879 326 1905 mus,
347 1869 448 1898 aridus.
468 1867 539 1905 Vir-g.
556 1878 577 1897 i.
599 1868 660 1898 AEn.
680 1875 740 1903 172.
1208 1881 1210 1883 ν

357 1922 360 1930 ·
399 1923 436 1927 —
457 1913 550 1944 optata
564 1906 709 1943 potiuntur
727 1904 816 1934 Troes
838 1913 930 1933 arena.
1028 1902 1084 1932 Ubi
1101 1903 1230 1937 Servius,
1250 1903 1357 1932 Arena:

243 1945 372 1982 quaeritur
386 1944 501 1979 habeat,
523 1953 627 1979 necne,
648 1952 753 1972 nomen
764 1942 819 1971 hoc
837 1941 1040 1979 aspirationem.
1063 1942 1090 1970 ἅ
1106 1940 1188 1969 Varro
1198 1940 1234 1969 sic
1246 1940 1360 1970 definit:

241 1984 269 2013 Si
284 1983 317 2012 ab
329 1983 456 2012 ariditate
478 1982 597 2016 dicitur,
618 1991 675 2010 non
694 1980 791 2010 habet:
814 1980 831 2009 si
851 1980 885 2008 ab
903 1979 1050 2014 haerendo,
1071 1984 1102 2008 ut
1119 1979 1149 2007 in
1160 1978 1270 2008 fabricis
1287 1978 1362 2007 vide-

241 2031 302 2050 mus
313 2042 320 2056 ,
343 2021 444 2050 habet:
467 2019 567 2049 melior
579 2026 671 2048 tamen
684 2019 722 2047 est
732 2018 854 2056 superior
863 2016 1041 2055 etymologia.
1065 2016 1136 2046 Gell.
1147 2016 1244 2052 lib.19.
1258 2027 1318 2053 cap.
1332 2021 1359 2048 8.

239 2059 366 2090 Eandem
391 2066 502 2096 quoque
520 2058 557 2087 'de
581 2067 664 2086 arena
683 2057 818 2086 rationem
837 2055 1014 2089 habendam,
1044 2056 1071 2084 Sc
1089 2055 1118 2083 in
1139 2054 1231 2092 specie
1249 2055 1358 2092 dispari.

239 2107 305 2126 nam
326 2107 411 2134 quum
431 2106 513 2125 arena
533 2094 659 2133 singulari
678 2104 795 2124 numero
816 2094 905 2128 dieta,
923 2092 1135 2121 multitudinem
1154 2099 1248 2121 tamen
1269 2094 1295 2122 Sc
1315 2102 1361 2121 con

239 2135 316 2173 piam
348 2134 481 2172 significet
508 2134 684 2162 minimarum
704 2142 739 2161 ex
760 2131 858 2169 quibus
878 2131 999 2164 constat,
1027 2131 1147 2167 partium
1161 2153 1168 2163 .
1199 2131 1312 2160 indofte

239 2173 338 2202 inscite
357 2182 445 2202 arenae
466 2172 521 2200 dici
543 2171 688 2200 videntur:
720 2178 852 2206 tanquam
873 2169 901 2198 id
920 2168 1088 2198 vocabulum
1109 2169 1232 2205 indigeat
1251 2167 1360 2197 numeri

239 2210 436 2248 amplitudine,
458 2219 544 2246 quum
560 2210 587 2238 ei
603 2208 771 2244 singulariter
791 2208 848 2236 dici
868 2207 994 2244 ingenita
1013 2206 1044 2235 sit
1063 2206 1194 2236 naturalis
1213 2206 1253 2237 sui
1267 2206 1361 2236 multi=

239 2249 318 2278 tudo,
341 2249 406 2278 Haec
419 2248 521 2277 Fronto
539 2257 585 2284 ap.
601 2246 731 2275 Gellium.

239 2288 326 2316 Arena
337 2295 452 2315 numero
474 2295 578 2314 carens.
600 2283 668 2313 Hor.
683 2294 705 2313 1.
728 2283 875 2316 Carm.28.
889 2291 913 2312 1.

238 2325 353 2354 Arentes
371 2333 468 2352 arenae.
488 2323 555 2354 Hor.
571 2331 594 2359 3.
609 2321 698 2351 Carm.
710 2333 735 2357 4.
755 2331 797 2357 32.

238 2362 344 2392 Bibula.
371 2362 442 2399 Virg.
458 2371 480 2390 1.
500 2361 598 2399 Georg.
614 2370 675 2395 114.
698 2359 780 2388 Ovid.
793 2369 835 2394 19.
854 2357 936 2396 Epist.
949 2366 1011 2388 201.

238 2400 390 2430 Flaventes.
412 2399 482 2436 Virg.
496 2408 518 2433 3.
538 2399 637 2435 Georg.
657 2406 719 2434 350.

237 2438 330 2468 Fulva.
354 2438 423 2474 Virg.
438 2448 460 2472 ς.
474 2437 535 2466 AEn.
549 2445 612 2472 374.

237 2476 349 2505 Molles.
381 2475 465 2504 Ovid.
479 2485 505 2504 2.
528 2474 737 2512 Aiiior.,11.47.

237 2514 361 2551 Pingues.
386 2512 523 2542 Columel.
536 2522 562 2541 2.
578 2522 620 2541 10.

237 2551 341 2581 Putres.
361 2551 440 2580 Idem
456 2552 483 2579 in
501 2550 575 2588 praef.
595 2548 643 2578 ljb.
661 2557 686 2578 1.

236 2590 324 2619 Sicca.
349 2589 419 2624 Virg.
437 2599 459 2617 1.
481 2588 579 2625 Georg.
595 2593 657 2624 389.

236 2628 351 2656 Sterilis.
376 2627 446 2664 Virg.
463 2637 485 2655 1.
510 2626 609 2662 Georg.
628 2633 673 2661 70.

236 2666 352 2695 Tenuis.
373 2665 471 2693 Claud.
491 2664 526 2692 de
538 2663 605 2692 Bell.
623 2661 697 2692 Gild.
711 2665 771 2697 398.

237 2703 348 2733 Adverti
360 2712 457 2731 arente.
490 2702 563 2738 virg.
578 2711 601 2736 ς.
620 2699 682 2729 JEn.
700 2708 744 2733 34.
772 2698 807 2727 de
818 2697 899 2727 class'e
908 2698 1073 2736 appellente.

317 2741 351 2770 Et
369 2741 483 2769 tandem
501 2739 557 2768 laeti
578 2743 651 2767 notae
663 2737 843 2766 advertuntur
860 2746 957 2766 arenae.
1144 2765 1147 2771 .

236 2778 335 2808 Arcere
343 2788 425 2807 arena
435 2777 570 2814 aliquem,
594 2777 611 2804 A
622 2775 714 2804 littore
724 2774 881 2811 prohibere.
905 2774 976 2812 Virg.
990 2777 1017 2803 6.
1029 2775 1091 2804 ffin.
1105 2776 1166 2811 316.

237 2817 303 2846 Acta
319 2817 418 2845 ventis.
450 2815 534 2844 Ovid.
548 2815 576 2842 in
588 2813 649 2843 Ibin
659 2834 667 2848 ‚
691 2821 753 2848 314.

192 2885 196 2889 ,
236 2853 412 2883 Descendere
426 2854 455 2882 in
475 2861 595 2881 arenam.
617 2851 651 2880 H.
670 2850 708 2879 St.
745 2848 776 2878 V.
799 2857 939 2878 DESCEN
951 2855 1003 2878 Do.

236 2892 364 2922 Eruciare
375 2901 486 2920 arenam
500 2890 602 2919 dicitur
615 2898 712 2925 gurges
727 2887 848 2916 aestuans.
871 2886 944 2924 Virg.
957 2890 982 2916 6.
993 2887 1055 2917 AEn.
1066 2896 1130 2923 297.

235 2929 360 2965 Eiectare
373 2939 483 2958 arenam
494 2928 594 2958 dicitur
604 2926 765 2964 Typhoeus.
788 2924 871 2954 Ovid.
887 2935 910 2958 ς.
929 2924 997 2961 Met.
1010 2934 1072 2959 35³-
1112 2924 1168 2954 Sub
1184 2925 1273 2955 AEtna.

237 2968 364 2998 Fundere
381 2976 476 2996 arenas
494 2966 522 2994 in
545 2965 638 2995 littus:
670 2964 699 2992 ln
710 2973 757 2991 eos
774 2961 983 2999 proverbialiter
994 2963 1100 2992 dictum
1112 2985 1119 2998 ,
1142 2963 1189 3000 qui
1208 2962 1354 2992 ditioribus

256 3005 361 3043 aliquid
374 3005 448 3034 dant.
472 3003 555 3033 Ovid.
571 3014 594 3037 ς.
614 3001 693 3031 Trist.
710 3005 791 3036 6.43.

316 3042 367 3072 His
386 3043 433 3079 qui
450 3047 599 3071 contentus
622 3049 679 3068 non
701 3038 754 3073 est,
776 3039 805 3066 in
820 3037 898 3068 littus
915 3047 1009 3067 arenas
1021 3059 1029 3071 ,

192 3110 198 3117 ,
354 3081 385 3110 In
405 3080 526 3117 segetem
545 3078 560 3107 s
577 3079 631 3107 icas
644 3099 652 3112 ‚
673 3078 703 3105 in
723 3085 797 3105 mare
816 3075 916 3104 fundat
935 3085 1026 3112 aquas.

237 3118 319 3148 Fusus
330 3128 419 3148 arena.
442 3118 543 3147 Lucan.
553 3089 601 3145 sib.
613 3126 636 3151 9.
651 3120 714 3149 885.

316 3157 429 3186 Summa
441 3156 520 3185 ducis
540 3155 626 3183 virtus
638 3175 646 3188 ,
667 3152 713 3189 qui
731 3150 806 3180 nuda
827 3149 900 3179 fusus
917 3160 1001 3180 arena

255 3193 319 3222 Non
331 3195 438 3223 instrata
449 3201 496 3222 aut
508 3192 580 3221 veste
591 3214 599 3227 ,
622 3196 669 3220 aut
680 3189 779 3218 fronde
795 3210 803 3223 ‚
824 3194 871 3217 aut
882 3188 990 3217 culmis.

236 3229 332 3260 Libare
346 3241 456 3261 arenam
470 3230 604 3269 pedibus,
626 3227 760 3258 Celeriter
769 3226 839 3255 adeo
858 3235 907 3263 per
916 3235 1026 3255 arenam
1044 3225 1188 3255 decurrere
1199 3248 1207 3261 ,
1228 3232 1259 3255 ut
1277 3226 1354 3257 illam

253 3269 372 3335 'ffidibus
382 3270 428 3298 vix
438 3269 538 3298 levner
547 3276 661 3304 tangas,
683 3263 949 3302 nullisvestigiorum
958 3263 1184 3301 notisimpreffis.
1205 3264 1289 3295 Ovid.
1307 3275 1349 3294 10.

289 3313 324 3335 et.
342 3311 374 3341 65
399 3330 404 3335 .

315 3317 398 3380 Signii
415 3344 488 3373 tubae
507 3343 656 3377 dederant,
677 3350 762 3378 quum
783 3348 891 3369 carcere
909 3337 1002 3375 iiiiffus
1020 3345 1135 3376 uterque

314 3380 420 3410 Emicat
433 3404 440 3416 ‚
458 3384 483 3412 ἂ
501 3381 635 3410 summam
651 3379 733 3409 celeri
753 3378 824 3415 pede
841 3377 909 3406 libat
922 3385 1042 3406 arenam.

235 3417 387 3447 Miscentur
402 3429 489 3448 arenae
509 3419 581 3448 aestu.
607 3418 678 3454 Virg.
693 3426 715 3453 3.
731 3416 792 3446 AEn.
808 3424 870 3452 557.

234 3454 318 3484 Potiti
329 3466 410 3485 arena
425 3464 533 3493 optata,
554 3466 606 3494 pro
617 3455 721 3485 Littore
741 3453 835 3491 potiri.
868 3452 938 3488 Virg.
954 3461 977 3480 1.
991 3450 1052 3481 AEn.
1067 3459 1128 3486 172.

234 3492 338 3522 Potitur
353 3493 439 3522 classis
450 3504 529 3523 arena
540 3516 548 3529 ,
569 3504 619 3531 pro
630 3494 671 3523 Ad
682 3492 758 3521 littus
767 3491 889 3520 devenit.
912 3489 996 3519 Ovid.
1015 3497 1055 3525 13.
1069 3488 1137 3517 Met.
1156 3496 1218 3525 729.

232 3530 389 3568 Impingere
417 3531 536 3568 aliquem
562 3541 651 3561 arenae
672 3531 773 3559 dicitur
799 3529 927 3562 fortuna,
954 3533 1002 3556 aut
1030 3533 1136 3555 ventus.
1176 3526 1278 3556 Lucan.
1298 3527 1345 3558 lib.

232 3605 342 3634 Sulcare
359 3615 453 3634 arenas
470 3606 598 3634 dicuntur
614 3606 701 3643 pisoes
712 3627 719 3641 ‚
741 3614 827 3642 quum
845 3604 876 3633 in
899 3604 955 3632 imo
972 3602 1121 3631 fluviorum
1148 3610 1241 3630 arenas
1257 3601 1348 3640 super-

251 3649 355 3671 natant.
378 3642 475 3671 Claud.
491 3643 525 3671 de
539 3643 625 3680 Nupt.
644 3644 715 3672 lion.
734 3648 795 3678 148.

232 3681 363 3717 Spargere
378 3689 488 3708 arenam
503 3680 628 3716 pedibus.
662 3681 730 3717 Virg.
746 3689 769 3716 3.
786 3678 844 3709 Ecl.
859 3684 903 3715 87.

231 3717 373 3753 Sub-iectat
383 3727 492 3745 arenam
504 3717 577 3745 unda
586 3718 743 3747 exaestuans.
768 3717 836 3753 Virg.
853 3726 875 3753 3.
897 3715 996 3753 Georg.
1008 3723 1072 3751 241.

231 3755 375 3791 Torquent
388 3764 482 3782 arenas
500 3755 585 3782 fluvii.
607 3755 678 3791 Virg.
694 3764 717 3790 3.
736 3756 834 3792 Georg.
849 3764 911 3790 350.

231 3792 390 3822 Turbantur
405 3792 534 3828 Zephyro
548 3801 643 3820 arena:
669 3792 738 3825 vira.
752 3801 777 3820 2.
800 3794 890 3829 Georg
910 3794 970 3821 106.

231 3829 468 3860 Arenainterdum
484 3828 596 3857 Terram
616 3829 718 3858 aridam
730 3829 874 3865 significat,
896 3839 956 3866 quae
967 3828 1005 3858 cst
1024 3827 1091 3857 licut
1105 3835 1187 3857 arena
1199 3848 1208 3862 ,
1228 3826 1343 3856 authore

248 3867 351 3897 Servio.
376 3866 445 3901 virg.
460 3876 480 3894 i.
501 3866 598 3902 Georg.
614 3875 658 3902 70.

309 3904 430 3940 Exiguus
445 3902 562 3931 sterilem
580 3912 615 3931 ne
636 3902 740 3932 deserat
763 3903 861 3932 humor
880 3913 999 3932 arenam.
1100 3902 1158 3932 Cic.
1171 3912 1196 3932 2.
1219 3902 1254 3932 de
1268 3901 1342 3938 Lege

246 3943 306 3980 Agr.
321 3951 363 3979 70.
407 3940 442 3970 Ut
451 3950 515 3969 vero
525 3949 610 3976 quum
619 3949 716 3969 onmes
729 3940 818 3978 urbes,
833 3951 920 3979 agros,
940 3939 1095 3979 vectigalia,
1116 3936 1200 3977 regna
1209 3940 1342 3971 vendide‹

1081 3149 1215 3181 Excubat.
1284 3151 1311 3181 h.
1326 3162 1351 3182 e.

1408 2579 1410 2581 ‚
1456 2546 1538 2574 Arere
1548 2556 1598 2583 pro
1607 2546 1687 2582 Sitire
1703 2545 1798 2575 dixiss'e
1810 2545 1926 2574 videtur.
1950 2546 2033 2574 Ovid.
2048 2545 2083 2574 de
2093 2543 2172 2574 Rem.
2193 2545 2286 2574 Amor.
2305 2547 2370 2582 6'17.

1861 159 1886 191 A
1983 155 2011 189 R
2111 155 2137 190 E

1479 235 1516 267 'rit
1528 261 1536 272 ,
1554 244 1617 267 tuin
1635 233 1746 266 arenam
1764 238 1883 274 aliquam
1896 259 1904 272 ,
1931 242 1979 266 aut
1998 237 2114 274 paludes
2134 241 2225 272 emat,
2247 237 2277 266 id
2298 247 2347 267 vos
2362 239 2491 277 potestis,
2511 247 2575 280 quma

1482 275 1510 304 so
1521 298 1529 310 .,
1551 275 1727 304 concedere?

1463 314 1549 343 Arena
1561 335 1569 347 ,
1590 313 1845 350 Amphitheatrum:
1867 318 2033 341 contentum
2050 321 2101 349 pro
2112 312 2283 341 continente.
2323 313 2409 343 Arena
2425 314 2498 343 enim
2510 316 2575 354 spara

1483 353 1508 388 gi
1520 351 1755 388 amphitheatrum
1768 350 1888 384 solebat,
1909 360 1944 379 ne
1958 349 2003 378 vel
2015 358 2169 386 pugnantes
2184 350 2353 378 foedarentui·
2370 360 2466 381 cruore
2481 352 2578 385 occiso.

1484 399 1544 418 rum
1555 410 1562 423 ,
1585 388 1628 416 vel.
1642 398 1722 416 cruor
1731 387 1833 425 sparsus
1843 387 2030 425 spectantibus
2051 387 2115 416 esset
2127 387 2233 415 horrori
2249 409 2257 422 ,
2278 387 2427 424 praesertim
2441 390 2471 419 in
2484 391 2578 429 gladiaz.

1483 431 1577 455 torum
1590 426 1779 454 dimicatione.
1803 426 1921 454 Μαι-[131.
1938 425 1973 453 de
1983 425 2107 462 Spectae.
2119 436 2146 460 4.
2290 458 2292 460 ¹

1545 463 1658 492 Tradita
1675 462 1780 491 Getulis
1791 484 1798 496 ,
1820 473 1872 491 nec
1889 463 1964 501 cepit
1974 471 2055 491 arena
2068 468 2210 491 nocentes.
2292 461 2310 491 i.
2331 471 2355 491 e.
2378 463 2444 492 Non
2460 463 2521 496 sunt
2530 460 2580 505 pil«

1484 501 1536 566 11101
1549 500 1691 566 ldelatores
1707 501 1736 529 in
1753 500 1957 538 amphitheatro
1970 523 1978 536 ‚
2000 499 2047 528 sed
2058 501 2111 529 aeti
2125 501 2154 528 in
2166 499 2289 529 exilium.
2338 500 2372 530 V.
2388 496 2459 540 'Lipfi
2472 503 2505 532 de
2519 507 2577 536 Am.

1485 546 1574 575 puti.
1594 548 1656 575 cap.
1682 547 1706 573 3.

1462 576 1581 605 'Arenam
1592 575 1820 609 meamtranslate
1829 575 1897 604 dicit
1908 575 1975 605 Plin.
1996 574 2043 603 lib.
2055 578 2080 603 6.
2099 574 2182 612 Epist.
2199 583 2241 604 12.
2282 574 2379 612 Itaque
2389 574 2576 611 BetitioPrifcd

1485 620 1618 650 quantum
1632 613 1782 651 plurimum
1794 620 1921 652 potuero,
1934 612 2066 650 praestabo
2079 622 2085 641 :
2106 612 2255 650 praeserrtim
2270 612 2301 642 in
2311 622 2390 642 arena
2402 622 2474 650 mea,
2484 616 2535 646 hoc
2542 611 2576 649 est

1486 651 1561 688 apud
1587 650 1790 680 Centumviros.
1822 652 1853 681 In
1873 651 1936 680 loco
1956 651 1984 679 in
2005 659 2060 686 quo
2080 650 2201 679 exerceri
2221 649 2296 679 soleo
2318 659 2421 689 nempe
2439 650 2558 685 Budaeus.

1431 714 1437 720 .
1469 689 1555 717 Arena
1567 688 1734 718 lustatoruni
1747 689 2016 726 palaestritarumque.

1428 728 1475 757 *Aa
1486 736 1499 754 ε
1510 735 1530 754 N
1540 736 1558 754 A
1568 736 1585 755 c
1596 736 1636 754 izu
1646 736 1658 755 s
1671 748 1679 760 ‚
1701 727 1878 762 [ὰμμθυὲς]
1900 727 1961 762 Adj.
1984 725 2024 754 Ex
2038 725 2152 755 materia
2164 735 2261 755 arenae.

1467 766 1606 794 Arenacea
1620 761 1728 793 duritia.
1747 764 1815 793 Plin.
1833 764 1880 793 lib.
1894 774 1936 801 30.
1951 773 2011 801 cap.
2027 773 2069 799 15.
2102 763 2284 793 Inveniuntur
2301 764 2331 793 in
2343 765 2490 796 corniculis
2501 766 2576 800 coch'a
2602 764 2604 799 i

1489 802 1594 830 learum
1610 809 1749 831 arenaceae
1766 802 1883 832 d'uritiae.
2542 826 2545 835 ,

1467 839 1561 869 Terra.
1592 839 1661 868 Plin.
1672 839 1720 869 lib.
1736 849 1777 877 17.
1799 850 1860 877 cap.
1873 849 1899 877 7.
1930 838 1974 868 Est
1989 839 2066 868 enim
2075 836 2153 873 alba,
2173 838 2259 874 ruffa,
2280 839 2459 876 columbina,
2480 842 2576 880 argillaz.

1428 906 1431 911 ,
1485 886 1535 906 cea
1545 898 1553 911 ,
1573 877 1710 914 tophacea
1721 899 1729 913 ,
1751 886 1890 920 arenacea.
1931 878 1948 905 i.
1967 886 1990 905 e.
2022 876 2054 906 In
2066 886 2119 913 qua
2129 876 2167 906 est
2177 875 2290 906 admista
2300 887 2390 908 arena.

1430 916 1474 944 Aa
1485 924 1665 957 ΚΝΑ-3103,
1688 916 1703 951 [
1717 917 1843 947 άμᾳθυως
1858 916 1872 950 ]
1893 915 1953 950 Adj.
1975 914 2062 951 Quod
2079 914 2114 943 ad
2123 923 2234 943 arenam
2243 916 2372 953 pertinet.
2410 914 2448 945 Ut
2459 917 2583 951 Arenaria*

1428 984 1429 987 Ἴ
1467 956 1538 987 iera,
1561 963 1579 980 i.
1596 962 1620 981 e.
1642 953 1892 990 Amphitheatralis.
1918 953 1994 990 apud
2005 954 2093 981 Amm.
2105 952 2229 981 Marcell.
2248 962 2293 988 29.
2308 963 2333 990 7.
2437 985 2439 987 .

1429 991 1473 1020 Ar.
1485 1000 1663 1025 sumnus,
1685 991 1704 1019 i.
1730 993 1745 1027 [
1760 988 1929 1026 ψαμιφιπιαὶς
1944 991 1959 1025 ]
1981 990 2082 1019 dicitur
2102 990 2159 1026 Qui
2178 991 2208 1018 in
2218 992 2480 1029 arenampugnandi
2494 986 2576 1026 cauil'a

1466 1028 1535 1057 solet
1553 1027 1720 1057 descendere
1734 1051 1742 1064 ,
1764 1029 1850 1066 quiin
1859 1038 1941 1058 arena
1950 1028 2091 1066 pugnavit.
2124 1027 2282 1057 Calistratus
2297 1029 2316 1058 1.
2331 1034 2374 1066 38.
2397 1029 2431 1059 D.
2452 1029 2487 1059 de
2505 1040 2574 1070 oper.

1466 1066 1556 1095 libert.
1594 1065 1644 1095 Hae
1653 1066 1766 1096 demum
1776 1067 1909 1104 impositae
1919 1075 2009 1104 operae
2019 1064 2213 1103 intelliguntur
2231 1076 2292 1104 quae
2310 1067 2366 1096 fine
2378 1067 2503 1105 periculo
2519 1062 2575 1102 vitae

1467 1104 1583 1141 praestari
1602 1104 1722 1140 poffunt.
1763 1105 1824 1134 Nec
1840 1105 1917 1133 enim
1932 1104 2068 1132 arenarius
2077 1103 2256 1133 manumissus
2269 1104 2336 1134 tales
2351 1115 2449 1142 operas
2459 1099 2575 1144 prestiti-e

1432 1164 1434 1167 .
1465 1142 1558 1170 debet.
1601 1141 1690 1171 Utitur
1706 1151 1816 1180 quoque
1826 1142 1956 1171 Arcadius
1972 1141 1990 1170 l.
2002 1150 2046 1170 21.
2070 1141 2102 1170 D.
2118 1141 2153 1170 de
2165 1141 2286 1171 testibus.
2519 1171 2521 1174 .

1428 1179 1476 1208 Aa
1486 1189 1500 1207 a
1510 1189 1528 1207 N
1539 1189 1557 1207 A
1567 1189 1582 1207 R
1592 1190 1601 1208 1
1612 1190 1652 1214 az,
1673 1182 1759 1209 arum.
1782 1181 1797 1216 [
1813 1179 1959 1216 ψαιφιθᾶκ
1975 1180 1990 1214 ]
2010 1179 2123 1208 Fodinae
2134 1180 2165 1208 in
2184 1180 2283 1216 quibus
2298 1180 2403 1210 foditur
2415 1190 2504 1211 aretia.
2518 1178 2574 1215 Cic.
2602 1186 2604 1191 ‘

1465 1217 1688 1284 pro-glumam.
1710 1218 1742 1247 In
1760 1218 1894 1247 arenarias
1907 1217 2039 1255 quasdam
2052 1226 2128 1246 exu'a
2135 1224 2245 1255 portam
2256 1217 2425 1254 Esquilinam
2433 1220 2576 1257 perdustiin

1466 1264 1526 1284 0001
1550 1262 1611 1284 itur.

1427 1293 1645 1327 ARsNATio,
1673 1293 1743 1322 onis.
1764 1293 1783 1322 f.
1806 1293 1896 1323 Calcis
1911 1292 1937 1322 δι
1953 1302 2042 1322 arenae
2055 1293 2182 1322 mixtura.
2204 1291 2310 1322 Vitruv.
2326 1302 2353 1330 7.
2364 1302 2389 1330 3.

1425 1332 1449 1360 Ἀ
1457 1341 1472 1359 a
1483 1341 1496 1359 a
1504 1340 1525 1359 N
1533 1340 1552 1359 A
1560 1340 1580 1358 ‘r
1590 1341 1607 1359 u
1616 1340 1639 1365 s,
1650 1340 1674 1366 a,
1683 1341 1739 1361 um.
1762 1331 1822 1367 Adj.
1842 1326 2046 1368 [ipoewffhiohs]
2068 1331 2153 1367 Quod
2167 1341 2247 1360 arena
2257 1332 2378 1361 mixtum
2388 1332 2444 1362 est:
2465 1338 2504 1369 ut,
2515 1330 2575 1370 0911

1464 1375 1599 1397 arenatus.
1618 1368 1687 1397 Cato
1697 1370 1732 1398 de
1742 1369 1773 1398 R.
1784 1369 1816 1398 R.
1842 1375 1902 1407 cap.
1918 1373 1959 1402 18.
1981 1367 2074 1397 Postea
2085 1370 2227 1399 caementis
2234 1369 2351 1399 minutis
2364 1392 2372 1406 ‚
2393 1371 2420 1399 δε
2436 1370 2510 1401 calce
2523 1369 2574 1404 am

1426 1430 1435 1446 .-
1465 1413 1531 1435 nato
1542 1428 1550 1441 ‚
1571 1405 1741 1444 semipedem
1755 1407 1973 1444 unumquodque
1983 1407 2089 1435 corium
2102 1406 2205 1436 struito.

1426 1445 1449 1473 A
1460 1454 1477 1473 R
1487 1454 1500 1472 0
1512 1454 1531 1472 Ν
1542 1448 1558 1472 A
1566 1453 1586 1472 T
1596 1454 1614 1473 υ
1623 1456 1644 1473 M
1653 1466 1661 1479 ,
1681 1445 1699 1474 i.
1709 1483 1714 1488 ι
1723 1454 1750 1474 n.
1772 1446 1786 1480 [
1802 1438 1945 1479 ἀμμεᾶὶετέν
1960 1445 1975 1479 ]
1996 1444 2082 1481 Quod
2092 1444 2124 1474 fit
2135 1455 2169 1474 ex
2179 1444 2255 1475 calce
2267 1447 2294 1475 ἃ
2304 1445 2393 1475 arena.
2416 1445 2518 1478 Vitruv.
2528 1435 2572 1495 lib)

1466 1492 1491 1519 7.
1508 1492 1569 1519 cap.
1583 1491 1609 1518 3.
1638 1492 1696 1511 non
1708 1488 1745 1512 ita
1758 1482 1856 1520 procul
1875 1493 1891 1511 a
1908 1483 1963 1512 fine
1974 1504 1982 1517 ,
2013 1483 2083 1519 Quae
2103 1491 2196 1512 autem
2214 1484 2329 1513 teetoria
2346 1483 2462 1513 fundata
2479 1491 2573 1517 arentin

1464 1521 1491 1549 ὅ(
1514 1521 1673 1549 marmorati
1690 1519 1827 1555 soliditate
1845 1520 1924 1556 sunt,
1952 1529 2038 1557 quum
2059 1520 2111 1550 sint
2125 1520 2308 1558 politionibus
2328 1521 2430 1551 crebris
2456 1518 2558 1554 subada

1462 1567 1520 1586 non
1541 1558 1627 1587 modo
1647 1558 1718 1587 fiunt
1736 1559 1854 1588 nitentia
1874 1581 1882 1594 ,
1906 1558 1953 1587 sed
1971 1559 2056 1587 etiam
2076 1558 2210 1596 imagines
2230 1559 2368 1598 expressas
2387 1546 2573 1597 aspicientibuz

1457 1605 1497 1631 ¹ex
1518 1606 1552 1625 eo
1572 1606 1655 1634 opere
1680 1597 1832 1626 remittunt.
1876 1596 1945 1626 Cato
1976 1597 2011 1625 de
2032 1596 2064 1625 R.
2080 1597 2114 1626 R.
2143 1607 2202 1635 cap.
2240 1604 2282 1631 18.
2339 1597 2394 1626 Ubi
2422 1597 2571 1637 libraveris,

1462 1633 1497 1663 de
1518 1634 1608 1677 glarea
1628 1636 1654 1664 St
1675 1634 1765 1670 calce,
1794 1642 1936 1664 arenatum
1955 1635 2046 1672 primo
2067 1635 2144 1664 corio
2163 1635 2256 1664 fficsto.
2303 1633 2355 1664 Alii
2375 1633 2488 1673 legunt,
2517 1635 2572 1669 A'tes

1460 1678 1526 1700 nato
1547 1681 1668 1709 primum
1689 1674 1797 1702 corium
1816 1673 1910 1702 facito.
1970 1674 2119 1702 Arenatum
2139 1673 2225 1702 hodie
2244 1672 2411 1703 Mortarium
2439 1684 2570 1708 vocamus

1457 1708 1578 1739 vBudaeus
1596 1710 1625 1738 in
1646 1712 1743 1748 primis
1763 1712 1863 1740 Annot.
1887 1709 2001 1739 Vitruvii
2021 1710 2115 1740 locum
2135 1710 2182 1740 alii
2202 1711 2238 1740 {ic
2257 1711 2354 1749 legunt
2368 1733 2376 1746 ,
2399 1712 2468 1749 Quae
2487 1709 2570 1745 autei'i’i

1458 1747 1581 1814 fundati}
1594 1749 1761 1816 arenassionis
1790 1751 1816 1779 δι
1835 1749 1979 1778 marmoris
2009 1746 2147 1779 soliditate
2168 1748 2258 1786 sunt,
2286 1749 2462 1781 crassitudine
2481 1747 2569 1790 spissa„

1421 1816 1423 1818 ,
1460 1795 1545 1822 quum
1576 1793 1636 1821 int,
1662 1790 1680 1816 μ’
1691 1796 1714 1816 0.

1421 1822 1443 1852 A
1453 1833 1469 1852 R
1480 1833 1494 1851 a
1504 1833 1523 1852 N
1535 1834 1543 1851 i
1553 1833 1570 1852 c
1578 1826 1595 1853 ὁ
1605 1835 1621 1852 1..
1631 1834 1648 1853 A
1659 1846 1667 1860 ,
1690 1835 1720 1854 ae.
1743 1834 1765 1854 0.
1785 1822 1937 1854 Arenicolae
1956 1823 2073 1854 colubri.
2094 1823 2241 1854 mantuan.
2588 1842 2592 1854 ι

1421 1862 1691 1898 Aacvacus,
1714 1863 1774 1898 Adj.
1797 1862 2076 1898 Lucan.lib.9.941.
2102 1874 2106 1878 ⁴
2587 1860 2604 1923 Ε

1538 1899 1583 1930 Bis
1603 1900 1697 1938 positis
1716 1900 1820 1930 Phoebe
1838 1900 1957 1938 flammis
1971 1922 1978 1933 .
2009 1900 2050 1929 bis
2072 1899 2136 1929 luce
2154 1909 2266 1938 recepta
2279 1922 2288 1936 ,

1540 1937 1614 1967 Vidit
1633 1939 1811 1976 arenivagum
1829 1935 1941 1976 surgens
1960 1937 2124 1976 fugiensque
2145 1938 2290 1968 Catonem.
2329 1935 2334 1946 “
2590 1934 2595 1956 i

1420 1998 1429 2013 ‚·
1459 1980 1517 2004 tem
1534 1985 1583 2013 per
1607 1986 1701 2009 arenas
1720 1977 1821 2013 Libyae.

1421 2012 1517 2042 AREN
1529 2017 1615 2043 osus
1627 2036 1635 2049 ‚
1657 2010 1832 2050 [ἀμμώὲὶῃς]
1852 2014 1913 2050 Adj.
1936 2012 2021 2050 Quod
2043 2021 2126 2043 arena
2149 2014 2281 2044 abundat.
2324 2013 2392 2045 Piin.
2411 2015 2497 2046 Littus
2515 2011 2588 2051 nohis

1458 2051 1620 2086 arenosum,
1641 2051 1690 2082 sed
1708 2053 1767 2090 alga
1777 2054 1802 2082 δε
1816 2053 1963 2081 fluviorum
1975 2051 2102 2081 sordibus
2112 2051 2236 2087 plenum.
2258 2053 2330 2090 Virg.
2342 2064 2368 2089 4.
2381 2054 2443 2083 ΖΕΗ.
2457 2064 2518 2092 257.
2585 2046 2593 2083 J

1537 2089 1627 2119 Littus
1636 2091 1780 2120 arenosum
1792 2090 1894 2128 Libyae.
1936 2090 2019 2119 Ovid.
2038 2100 2079 2126 14.
2095 2090 2164 2120 Met.
2176 2096 2219 2125 82.
2251 2091 2368 2120 Arenosa
2386 2098 2465 2121 terra.
2583 2081 2592 2131 li

1419 2125 1490 2165 Anba
1502 2130 1547 2156 Νῠ
1558 2139 1618 2163 La,
1641 2129 1739 2158 dimin.
1763 2131 1776 2165 [
1791 2127 1923 2162 abamiffiav
1938 2127 1953 2162 ]
1982 2128 2050 2157 Plin.
2066 2128 2115 2157 lib.
2136 2138 2178 2163 30.
2197 2138 2256 2166 cap.
2267 2138 2292 2164 3.
2328 2129 2453 2159 Arenuiae
2463 2125 2592 2167 quaeinss

1457 2166 1607 2232 veniiigtpr
1619 2167 1648 2195 in
1662 2166 1793 2202 cornibus
1806 2165 1983 2196 cochlearum
1993 2188 2001 2201 ,
2029 2167 2104 2195 cavis
2119 2166 2246 2196 dentium
2268 2167 2364 2196 inditae
2375 2190 2383 2202 ,
2404 2168 2492 2197 statim
2505 2161 2567 2199 libe'·

1424 2227 1427 2230 .
1457 2210 1519 2231 rant
1559 2214 1575 2232 o
1589 2215 1645 2233 ore.

1419 2239 1534 2277 Amo,
1555 2243 1602 2285 ui,
1620 2244 1639 2278 [
1652 2240 1792 2280 ,ξηςαένομοᾳ
1809 2243 1824 2278 ]
1844 2244 1898 2271 ere.
1922 2240 2034 2270 Aridum
2051 2243 2076 2271 ἃ
2097 2241 2199 2271 siccum
2219 2241 2281 2271 effe.
2316 2242 2400 2272 Plaut.
2422 2243 2492 2273 Rud.
2503 2253 2528 2273 2.
2541 2245 2575 2273 6.‹

1459 2289 1503 2313 50.
1526 2279 1638 2309 Utinam
1650 2281 1761 2309 sort-una
1770 2290 1845 2309 nunc
1854 2278 1964 2309 anafum
1975 2286 2080 2314 uterer,
2103 2287 2133 2309 ut
2143 2282 2228 2317 quum
2237 2279 2361 2310 exiissem
2373 2291 2406 2310 ex
2417 2291 2500 2319 aqua,
2516 2281 2565 2312 dte·

1457 2327 1516 2346 rem
1525 2323 1628 2348 tamen.
1652 2319 1725 2355 Virg.
1739 2328 1764 2355 7.
1784 2317 1858 2347 Eccl.
1874 2328 1915 2354 57.
1939 2318 2002 2347 Aret
2015 2319 2086 2355 ager.

1454 2355 1587 2422 'Afrlengem
1608 2356 1636 2385 in
1657 2356 1769 2394 sylvam.
1791 2356 1862 2393 Virg.
1888 2365 1930 2384 12.
1951 2356 2013 2385 AEn.
2038 2365 2099 2392 522.
2137 2355 2188 2385 Ubi
2200 2356 2308 2385 Servius
2323 2378 2331 2391 ,
2353 2356 2501 2393 Arentem,
2517 2357 2565 2396 §21¹0

1463 2420 1465 2422 .
1499 2404 1519 2422 ri
1543 2402 1596 2423 am.

1456 2432 1538 2460 Arere
1551 2432 1601 2461 liti.
1620 2432 1684 2461 Seri.
1699 2442 1723 2469 3.
1745 2430 1780 2461 de
1790 2431 1883 2461 Benef.
1898 2432 1958 2469 cap.
1973 2437 1998 2466 8.
2031 2430 2204 2461 Beneficium
2221 2430 2274 2467 est,
2295 2430 2436 2462 arentibus
2445 2431 2485 2462 fiti
2493 2431 2564 2463 m‘on'-

1477 2469 1557 2498 strare
1577 2470 1692 2499 fontem.

1454 2503 1558 2536 *Arente
1572 2507 1655 2550 sauce—
1666 2507 1766 2546 pocula
1784 2507 1899 2536 trahere.
1923 2506 1986 2536 Hor.
2002 2507 2090 2544 Epod.
2110 2517 2152 2543 14·
2162 2517 2188 2542 4.

1535 2584 1670 2613 Tantalus
1690 2585 1718 2613 in
1737 2583 1830 2612 inedia
1850 2582 1971 2620 garrulus
1991 2590 2048 2612 aret
2069 2592 2147 2619 aqua.
2182 2599 2186 2604 =

1455 2621 1519 2650 Aret
1536 2622 1623 2651 succis
1640 2622 1779 2659 ademptis
1794 2620 1885 2650 tellus.
1915 2621 1998 2650 Ovid.
2011 2630 2038 2650 2.
2057 2620 2127 2650 Met.
2140 2630 2204 2650 211.

1455 2657 1558 2689 Fauces
1570 2667 1655 2689 arent.
1677 2659 1760 2689 Ovid.
1774 2663 1798 2688 6.
1815 2659 1883 2688 Met.
1899 2668 1960 2695 355.

1453 2698 1550 2726 Arenti
1565 2707 1612 2726 ore
1627 2698 1743 2727 haurire.
1767 2697 1850 2726 Ovid.
1868 2707 1909 2733 ¹4-
1929 2696 1998 2726 Met.
2009 2696 2072 2733 277.

1453 2735 1584 2765 Arentem
1602 2733 1673 2765 sitim
1689 2735 1788 2765 levare.
1812 2735 1896 2764 Ovid.
1908 2747 1934 2767 4.
1947 2734 2026 2771 Epist.
2041 2744 2101 2771 ¹74·

1452 2770 1535 2838 Pllaga
1554 2777 1631 2803 ar'ens
1641 2796 1648 2810 ‚
1679 2774 1695 2803 i.
1714 2783 1738 2803 e.
1761 2772 1847 2810 Regio
1873 2771 1996 2802 calidior.
2026 2772 2089 2801 Sen.
2108 2770 2189 2800 Herc.
2217 2770 2268 2800 fu‘r.
2292 2781 2315 2807 5.

1483 2817 1541 2848 igit.

1415 2845 1485 2876 Asis
1496 2859 1563 2878 rAc
1576 2860 1583 2877 i
1594 2859 1611 2878 o
1622 2871 1630 2884 ,
1652 2849 1695 2878 Eoi
1707 2871 1715 2886 ,
1737 2849 1845 2882 astum,
1867 2845 1992 2884 [ξηροάνω
2005 2869 2013 2883 ,
2035 2843 2124 2873 ...1st
2138 2847 2151 2881 ]
2170 2847 2222 2876 ere.
2258 2847 2370 2876 Aridum
2381 2846 2475 2877 facere.
2497 2846 2558 2877 Cato
2577 2848 2579 2850 ’

1453 2895 1514 2923 cap.
1530 2890 1574 2922 69.
1596 2887 1688 2916 Postea
1697 2886 1836 2916 amurcam
1851 2886 1984 2920 eximito,
2006 2886 2031 2914 ἃ
2042 2885 2180 2914 arefacitO.
2202 2883 2269 2913 Plin.
2280 2884 2326 2914 lil'i.
2342 2894 2380 2920 13.
2397 2895 2454 2922 cap.
2465 2893 2513 2914 22.
2536 2890 2542 2895 “
2576 2895 2577 2901 ’

1414 2921 1483 2952 Ass
1493 2934 1504 2953 s
1516 2934 1574 2959 co,
1595 2927 1609 2961 [
1625 2921 1757 2959 αάοάνομιᾳ
1771 2925 1786 2963 J
1809 2926 1863 2953 ete.
1886 2924 2020 2960 significat
2029 2923 2142 2952 Aridum
2153 2922 2220 2957 fieri.
2231 2922 2359 2952 exiccari.
2395 2920 2478 2952 Plaut.
2492 2921 2555 2952 th.

1453 2972 1514 2998 2.7.
1530 2971 1572 2998 17.
1596 2961 1714 2992 Damihi
1736 2962 1892 2990 vestimenti
1904 2961 2006 2998 aliquid
2019 2961 2086 2989 aridi
2100 2982 2108 2993 .
2129 2961 2195 2988 dum
2205 2969 2265 2988 mea
2276 2959 2408 2989 arescunt.
2439 2960 2556 2998 Lacryma

1452 3000 1509 3036 cito
1520 2999 1635 3035 arescit,
1656 2999 1842 3038 przesertimin
1857 2999 1953 3028 alienis
1964 2998 2050 3027 malis.
2073 2998 2130 3029 Cic.
2150 2998 2179 3026 in
2189 2997 2276 3027 Partit.
2292 3004 2333 3034 57.

1450 3037 1590 3067 Arescitin
1601 3048 1741 3076 gemmas,
1762 3036 1789 3066 h.
1807 3047 1831 3066 e.
1860 3036 2026 3066 Conci-escit.
2060 3036 2127 3065 Plin.
2144 3034 2191 3064 lib.
2206 3040 2231 3068 8.
2246 3045 2305 3073 cap.
2323 3041 2364 3071 38.
2385 3027 2561 3072 Lyncumliu·.

1467 3082 1530 3104 mor
1541 3077 1579 3105 ita
1589 3077 1714 3106 redditus
1725 3074 1864 3112 glaciatur,
1881 3074 2009 3104 arescitve
2019 3074 2049 3102 in
2060 3080 2181 3111 gemmas
2198 3073 2374 3102 carbunculis
2385 3073 2488 3102 similes.

1451 3113 1553 3143 Arescit
1563 3120 1633 3144 terra
1643 3114 1742 3143 calore.
1764 3112 1872 3141 Lucret.
1891 3112 1938 3148 lib.
1952 3116 1977 3141 6.
1991 3118 2054 3147 841.

1413 3151 1459 3180 ΑΚ
1470 3162 1482 3180 a
1493 3163 1505 3180 r
1516 3163 1524 3180 i
1535 3152 1552 3180 ὀ
1562 3174 1569 3187 ,
1592 3153 1641 3182 eii.
1665 3150 1743 3188 Apul.
1765 3150 1800 3179 de
1808 3150 1894 3179 Herb.
1908 3160 1966 3187 cap.
1982 3153 2025 3186 8²]-
2051 3148 2127 3178 Folia
2136 3147 2398 3178 arefiantinumbra.

1413 3190 1434 3217 A
1444 3199 1460 3217 R
1470 3199 1505 3218 ar
1515 3200 1533 3218 A
1543 3200 1560 3218 c
1569 3199 1589 3218 T
1599 3201 1615 3219 u
1627 3200 1659 3227 sb,
1681 3188 1776 3218 Partic.
1806 3187 1874 3217 Plin.
1890 3197 1930 3222 13.
1944 3197 1988 3217 22.
2012 3187 2150 3216 Arefaetus
2168 3185 2272 3215 succus.
2514 3210 2516 3214 .

1410 3227 1457 3256 AR
1467 3230 1503 3256 ‘in
1515 3238 1569 3263 us,
1592 3230 1606 3263 [
1619 3230 1689 3256 ab&
1699 3249 1707 3261 ,
1731 3225 1795 3261 ξκξὸς
1805 3247 1812 3260 ‚
1833 3224 1978 3259 urdene&
1993 3225 2008 3260 ]
2029 3225 2088 3260 Adj.
2112 3224 2212 3253 dicitur
2225 3225 2335 3261 proprie
2352 3224 2396 3260 (ut
2411 3223 2447 3254 ait
2456 3217 2552 3258 Festus)
2570 3244 2571 3249 ,

1448 3265 1534 3301 Quod
1547 3264 1699 3294 naturalem
1713 3263 1858 3292 humorem
1872 3264 1967 3292 amisit.
1990 3270 2040 3297 ut,
2061 3262 2133 3292 Fons
2146 3261 2246 3290 aridus.

1447 3303 1562 3332 Aridum
1577 3305 1602 3333 ὁὶ
1613 3302 1723 3331 siccum.
1750 3299 1819 3330 Plin.
1835 3300 1882 3330 lib.
1898 3310 1939 3330 12.
1956 3302 2019 3338 cap.
2032 3310 2075 3329 12.
2098 3299 2179 3329 Arida
2189 3298 2240 3328 sint
2253 3299 2347 3337 potius
2359 3305 2439 3336 quam
2448 3295 2555 3328 ficcafo-
2569 3329 2573 3340 Ι

1464 3340 1510 3370 lia.
1534 3340 1632 3370 Catull.
1646 3350 1691 3369 21.
1710 3346 1750 3373 13'.
2576 3337 2587 3364 ι’

1525 3379 1607 3415 Atqui
1626 3386 1742 3415 corpora
1759 3376 1870 3405 ficciora
1885 3385 1990 3410 cornu,
2561 3388 2564 3407 ,
2579 3367 2589 3407 ζ

1525 3416 1579 3445 Aut
1596 3416 1683 3453 siquid
1700 3415 1785 3451 inagis
1803 3413 1910 3442 aridum
1930 3414 1985 3447 est,
2006 3412 2121 3442 habetis.
2602 3417 2604 3428 ¹

1443 3453 1590 3483 Exiccatus
1607 3462 1688 3490 atque
1705 3453 1817 3485 aridus,
1840 3450 1984 3480 Pituitosus
2002 3452 2027 3480 ἃ
2046 3450 2118 3487 quali
2132 3447 2290 3479 redundans
2304 3471 2312 3483 ,
2333 3447 2474 3478 contraria.
2494 3444 2546 3476 Cic.
2580 3475 2582 3478 ,

1461 3492 1497 3520 de
1513 3491 1579 3520 Fato
1589 3501 1614 3529 7.
1654 3491 1726 3520 lnter
1741 3490 1867 3518 locorum
1876 3495 1984 3518 naturas
2002 3487 2406 3525 quantuminterlitvideauius,
2425 3485 2489 3515 alios
2499 3482 2547 3513 effe
2580 3494 2582 3509 ν

1459 3529 1596 3563 salubres,
1617 3528 1685 3557 alios
1698 3527 1854 3565 pestilentes
1866 3548 1873 3560 ,
1894 3526 1923 3554 in
1938 3526 1997 3555 aliis
2016 3527 2069 3555 elle
2091 3525 2255 3562 pituitosos,
2276 3526 2302 3554 ἃ·
2318 3525 2388 3561 quali
2406 3521 2547 3553 redundan-
2574 3525 2585 3539 ¹¹

1461 3575 1502 3595 tes
1515 3589 1522 3600 ,
1544 3568 1571 3604 in
1580 3566 1640 3595 aliis
1650 3566 1791 3595 exiccaios
1801 3571 1882 3601 atque
1892 3564 1983 3593 aridos·
1995 3574 2001 3593 ;
2038 3562 2178 3600 multaque
2189 3562 2251 3591 sunt
2258 3561 2308 3592 alia
2318 3572 2376 3598 quae
2386 3562 2455 3591 inter
2463 3560 2547 3589 locum

1461 3604 1591 3633 &locum
1603 3603 1753 3641 plurimum
1762 3600 1899 3642 diii'erant.
1930 3599 1998 3630 l'lin.
2010 3601 2057 3630 lib.
2071 3610 2112 3630 12.
2127 3610 2187 3638 cap.
2201 3608 2243 3638 17.
2278 3598 2371 3637 Ipsum
2384 3598 2440 3628 visu
2449 3596 2545 3628 aridum
2573 3598 2594 3648 ᾖ

1462 3643 1552 3671 statim
1561 3643 1635 3671 tac‘tu
1648 3640 1815 3669 mollescere.
1840 3639 1911 3675 Virg.
1926 3649 1948 3667 1.
1969 3639 2030 3669 AEn.
2046 3647 2107 3675 175.

1601 3695 1637 3699 —-
1657 3686 1739 3715 atque
1758 3677 1833 3706 arida
1850 3677 1956 3705 circum
2072 3674 2248 3705 Nutrimei‘ita
2266 3673 2352 3704 dedit.
2557 3694 2559 3703 ,

1441 3714 1535 3746 Genus
1546 3716 1678 3745 sermonis
1691 3715 1799 3744 aridum
1809 3736 1816 3749 ,
1836 3714 2035 3751 ἰτιεῑιιρῐιοτίεε.
2071 3714 2130 3743 Cic.
2142 3723 2166 3742 2.
2180 3713 2215 3751 de
2225 3712 2302 3741 Orat.
2315 3722 2357 3748 59.
2379 3710 2436 3742 Nos
2446 3710 2543 3740 Stoicus
2556 3707 2559 3748 Ι

1460 3754 1509 3782 iste
1524 3754 1594 3782 nihil
1605 3755 1732 3789 adjuvat:
1763 3754 1788 3782 ἃ
1799 3762 1884 3787 genus
1894 3751 2025 3780 sermonis
2035 3751 2130 3785 affert,
2152 3759 2209 3779 non
2220 3749 2359 3786 liquidum
2369 3771 2377 3785 ,
2397 3757 2454 3778 non
2462 3745 2541 3777 fusum
2556 3750 2558 3783 l

1458 3801 1489 3819 ac
1501 3791 1642 3826 profluens
1653 3814 1660 3825 ,
1682 3792 1729 3820 sed
1737 3790 1810 3820 exile
1820 3811 1828 3824 ,
1849 3789 1956 3818 aridum
1968 3811 1976 3825 ‚
1997 3788 2138 3818 concisum
2148 3810 2156 3824 ,
2176 3797 2207 3817 ac
2220 3788 2369 3816 minutum.
2556 3789 2558 3823 ζ
2580 3790 2584 3798 ’

1437 3828 1553 3857 Aridum
1569 3828 1635 3857 fieri.
1656 3829 1738 3858 Ovid.
1755 3838 1778 3862 ς.
1797 3826 1878 3865 Epist.
1897 3836 1956 3855 110.
2556 3830 2557 3859 1
2584 3841 2586 3851 i

1437 3866 1535 3894 Aridus
1554 3866 1699 3895 anhelitus.
1721 3865 1803 3895 Ovid.
1820 3874 1861 3893 10.
1873 3864 1941 3893 Met.
1959 3868 2023 3900 663.

1436 3903 1585 3939 Argentum
1604 3905 1731 3939 aridum,
1752 3911 1871 3941 purum,
1890 3901 2025 3931 lucidum.
2048 3900 2133 3931 Plaut.
2145 3900 2218 3930 Rud.
2230 3909 2255 3937 3.
2267 3911 2294 3936 4.
2309 3909 2356 3931 21.
2377 3897 2488 3929 Nonius-

1437 3941 1536 3970 Aristre.
1569 3941 1658 3972 Catnl.
1669 3945 1715 3978 46.
1730 3951 1753 3978 ς’.
2492 3937 2496 3940 ’

2435 3968 2538 4009 Aspeeku

2357 2769 2471 2801 Afficam
2489 2770 2560 2802 intel·
2577 2779 2582 2803 i*
