<?xml version="1.0" encoding="UTF-8"?>
<!DOCTYPE html PUBLIC "-//W3C//DTD XHTML 1.0 Transitional//EN"
    "http://www.w3.org/TR/xhtml1/DTD/xhtml1-transitional.dtd">
<html xmlns="http://www.w3.org/1999/xhtml" xml:lang="en" lang="en">
 <head>
  <title>
</title>
<meta http-equiv="Content-Type" content="text/html;charset=utf-8" />
  <meta name='ocr-system' content='tesseract 3.04.00' />
  <meta name='ocr-capabilities' content='ocr_page ocr_carea ocr_par ocr_line ocrx_word'/>
</head>
<body>
  <div class='ocr_page' id='page_1' title='image "./robertistephanil01esti_0212.png"; bbox 0 0 2604 4222; ppageno 0'>
   <div class='ocr_carea' id='block_1_1' title="bbox 175 81 885 129">
    <p class='ocr_par' dir='ltr' id='par_1_1' title="bbox 175 81 885 129">
     <span class='ocr_line' id='line_1_1' title="bbox 175 81 885 129; baseline -0.007 -7"><span class='ocrx_word' id='word_1_1' title='bbox 175 90 242 129; x_wconf 77' lang='lat'>138</span> <span class='ocrx_word' id='word_1_2' title='bbox 604 83 634 117; x_wconf 82' lang='lat' dir='ltr'>A</span> <span class='ocrx_word' id='word_1_3' title='bbox 728 81 758 120; x_wconf 89' lang='lat' dir='ltr'>L</span> <span class='ocrx_word' id='word_1_4' title='bbox 856 81 885 117; x_wconf 80' lang='lat' dir='ltr'>A</span> 
     </span>
    </p>
   </div>
   <div class='ocr_carea' id='block_1_2' title="bbox 164 155 1359 3944">
    <p class='ocr_par' dir='ltr' id='par_1_2' title="bbox 243 155 1342 278">
     <span class='ocr_line' id='line_1_2' title="bbox 244 155 1342 205; baseline -0.009 -10"><span class='ocrx_word' id='word_1_5' title='bbox 244 166 313 205; x_wconf 83' lang='lat' dir='ltr'>pulsi</span> <span class='ocrx_word' id='word_1_6' title='bbox 328 174 443 204; x_wconf 79' lang='lat' dir='ltr'>regnum</span> <span class='ocrx_word' id='word_1_7' title='bbox 466 165 623 195; x_wconf 83' lang='lat' dir='ltr'>amiserunt.</span> <span class='ocrx_word' id='word_1_8' title='bbox 664 164 769 193; x_wconf 82' lang='lat' dir='ltr'>Author</span> <span class='ocrx_word' id='word_1_9' title='bbox 789 163 922 192; x_wconf 85' lang='lat' dir='ltr'>Volaterr.</span> <span class='ocrx_word' id='word_1_10' title='bbox 942 160 1089 190; x_wconf 84' lang='lat' dir='ltr'>Alanorum</span> <span class='ocrx_word' id='word_1_11' title='bbox 1100 155 1264 201; x_wconf 75' lang='lat' dir='ltr'>amplillime</span> <span class='ocrx_word' id='word_1_12' title='bbox 1282 166 1342 186; x_wconf 86' lang='lat' dir='ltr'>me-</span> 
     </span>
     <span class='ocr_line' id='line_1_3' title="bbox 243 195 1341 241; baseline -0.009 -8"><span class='ocrx_word' id='word_1_13' title='bbox 243 204 480 241; x_wconf 67' lang='lat' dir='ltr'>minitEgelippus</span> <span class='ocrx_word' id='word_1_14' title='bbox 490 205 524 232; x_wconf 87' lang='lat' dir='ltr'>de</span> <span class='ocrx_word' id='word_1_15' title='bbox 538 202 632 232; x_wconf 76' lang='lat' dir='ltr'>Excid.</span> <span class='ocrx_word' id='word_1_16' title='bbox 646 202 780 232; x_wconf 89' lang='lat' dir='ltr'>Hierosol.</span> <span class='ocrx_word' id='word_1_17' title='bbox 794 201 841 230; x_wconf 84' lang='lat' dir='ltr'>lib.</span> <span class='ocrx_word' id='word_1_18' title='bbox 857 211 880 235; x_wconf 85' lang='lat'>5.</span> <span class='ocrx_word' id='word_1_19' title='bbox 900 209 959 236; x_wconf 78' lang='lat' dir='ltr'>cap.</span> <span class='ocrx_word' id='word_1_20' title='bbox 975 209 1018 234; x_wconf 83' lang='lat'>50.</span> <span class='ocrx_word' id='word_1_21' title='bbox 1047 197 1077 226; x_wconf 90' lang='lat' dir='ltr'>V.</span> <span class='ocrx_word' id='word_1_22' title='bbox 1097 203 1184 226; x_wconf 83' lang='lat' dir='ltr'>etiam</span> <span class='ocrx_word' id='word_1_23' title='bbox 1198 195 1290 225; x_wconf 86' lang='lat' dir='ltr'>Barth.</span> <span class='ocrx_word' id='word_1_24' title='bbox 1306 195 1341 224; x_wconf 82' lang='lat' dir='ltr'>ad</span> 
     </span>
     <span class='ocr_line' id='line_1_4' title="bbox 243 242 702 278; baseline -0.011 -6"><span class='ocrx_word' id='word_1_25' title='bbox 243 242 347 272; x_wconf 79' lang='lat' dir='ltr'>Briton.</span> <span class='ocrx_word' id='word_1_26' title='bbox 371 243 489 270; x_wconf 82' lang='lat' dir='ltr'>Areinor.</span> <span class='ocrx_word' id='word_1_27' title='bbox 504 251 529 278; x_wconf 90' lang='lat' dir='ltr'>p.</span> <span class='ocrx_word' id='word_1_28' title='bbox 543 251 585 274; x_wconf 86' lang='lat'>29.</span> <span class='ocrx_word' id='word_1_29' title='bbox 597 250 639 275; x_wconf 80' lang='lat'>30.</span> <span class='ocrx_word' id='word_1_30' title='bbox 660 249 702 275; x_wconf 86' lang='lat'>31.</span> 
     </span>
    </p>

    <p class='ocr_par' dir='ltr' id='par_1_3' title="bbox 226 277 915 313">
     <span class='ocr_line' id='line_1_5' title="bbox 226 277 915 313; baseline -0.012 -3"><span class='ocrx_word' id='word_1_31' title='bbox 226 279 359 310; x_wconf 75' lang='lat' dir='ltr'><strong>Ardentes</strong></span> <span class='ocrx_word' id='word_1_32' title='bbox 372 279 459 308; x_wconf 70' lang='lat' dir='ltr'>Alani.</span> <span class='ocrx_word' id='word_1_33' title='bbox 482 278 568 307; x_wconf 82' lang='lat' dir='ltr'>Valet.</span> <span class='ocrx_word' id='word_1_34' title='bbox 586 278 674 307; x_wconf 76' lang='lat' dir='ltr'>Flacc.</span> <span class='ocrx_word' id='word_1_35' title='bbox 688 281 714 306; x_wconf 86' lang='lat'>6.</span> <span class='ocrx_word' id='word_1_36' title='bbox 745 277 844 313; x_wconf 81' lang='lat' dir='ltr'>Argon.</span> <span class='ocrx_word' id='word_1_37' title='bbox 869 282 915 309; x_wconf 83' lang='lat'>42.</span> 
     </span>
    </p>

    <p class='ocr_par' dir='ltr' id='par_1_4' title="bbox 227 317 603 351">
     <span class='ocr_line' id='line_1_6' title="bbox 227 317 603 351; baseline -0.008 -4"><span class='ocrx_word' id='word_1_38' title='bbox 227 318 305 348; x_wconf 87' lang='lat' dir='ltr'>Duri.</span> <span class='ocrx_word' id='word_1_39' title='bbox 329 318 429 346; x_wconf 86' lang='lat' dir='ltr'>Lucan.</span> <span class='ocrx_word' id='word_1_40' title='bbox 444 317 492 345; x_wconf 91' lang='lat' dir='ltr'>lib.</span> <span class='ocrx_word' id='word_1_41' title='bbox 505 322 530 349; x_wconf 83' lang='lat'>8.</span> <span class='ocrx_word' id='word_1_42' title='bbox 541 325 603 351; x_wconf 83' lang='lat'>223.</span> 
     </span>
    </p>

    <p class='ocr_par' dir='ltr' id='par_1_5' title="bbox 310 348 899 392">
     <span class='ocr_line' id='line_1_7' title="bbox 310 348 899 392; baseline -0.014 -8"><span class='ocrx_word' id='word_1_43' title='bbox 310 356 341 384; x_wconf 84' lang='lat' dir='ltr'>Et</span> <span class='ocrx_word' id='word_1_44' title='bbox 352 355 475 392; x_wconf 85' lang='lat' dir='ltr'>sequerer</span> <span class='ocrx_word' id='word_1_45' title='bbox 485 354 568 382; x_wconf 86' lang='lat' dir='ltr'>duros</span> <span class='ocrx_word' id='word_1_46' title='bbox 580 352 674 383; x_wconf 78' lang='lat' dir='ltr'>aeterni</span> <span class='ocrx_word' id='word_1_47' title='bbox 683 350 779 381; x_wconf 81' lang='lat' dir='ltr'>Martis</span> <span class='ocrx_word' id='word_1_48' title='bbox 789 348 899 378; x_wconf 79' lang='lat' dir='ltr'><strong>Alanos.</strong></span> 
     </span>
    </p>

    <p class='ocr_par' dir='ltr' id='par_1_6' title="bbox 228 391 570 428">
     <span class='ocr_line' id='line_1_8' title="bbox 228 391 570 428; baseline -0.012 -5"><span class='ocrx_word' id='word_1_49' title='bbox 228 394 298 424; x_wconf 77' lang='lat' dir='ltr'>Feri.</span> <span class='ocrx_word' id='word_1_50' title='bbox 320 391 382 421; x_wconf 77' lang='lat' dir='ltr'>Seii.</span> <span class='ocrx_word' id='word_1_51' title='bbox 413 392 524 428; x_wconf 86' lang='lat' dir='ltr'>Thyest.</span> <span class='ocrx_word' id='word_1_52' title='bbox 545 397 570 424; x_wconf 85' lang='lat'>8.</span> 
     </span>
    </p>

    <p class='ocr_par' dir='ltr' id='par_1_7' title="bbox 226 421 1040 462">
     <span class='ocr_line' id='line_1_9' title="bbox 226 421 1040 462; baseline -0.012 -2"><span class='ocrx_word' id='word_1_53' title='bbox 226 431 335 462; x_wconf 83' lang='lat' dir='ltr'>Incauti</span> <span class='ocrx_word' id='word_1_54' title='bbox 350 430 428 459; x_wconf 82' lang='lat' dir='ltr'>Alani</span> <span class='ocrx_word' id='word_1_55' title='bbox 438 429 521 458; x_wconf 85' lang='lat' dir='ltr'>calor.</span> <span class='ocrx_word' id='word_1_56' title='bbox 552 426 649 457; x_wconf 84' lang='lat' dir='ltr'>Claud.</span> <span class='ocrx_word' id='word_1_57' title='bbox 661 426 695 454; x_wconf 91' lang='lat' dir='ltr'>de</span> <span class='ocrx_word' id='word_1_58' title='bbox 705 425 779 454; x_wconf 76' lang='lat' dir='ltr'>Sext.</span> <span class='ocrx_word' id='word_1_59' title='bbox 792 422 874 452; x_wconf 83' lang='lat' dir='ltr'>Cons.</span> <span class='ocrx_word' id='word_1_60' title='bbox 886 421 961 451; x_wconf 88' lang='lat' dir='ltr'>Hon.</span> <span class='ocrx_word' id='word_1_61' title='bbox 976 431 1040 459; x_wconf 84' lang='lat'>224.</span> 
     </span>
    </p>

    <p class='ocr_par' dir='ltr' id='par_1_8' title="bbox 228 465 790 500">
     <span class='ocr_line' id='line_1_10' title="bbox 228 465 790 500; baseline -0.016 -2"><span class='ocrx_word' id='word_1_62' title='bbox 228 469 330 498; x_wconf 78' lang='lat' dir='ltr'>Miseri.</span> <span class='ocrx_word' id='word_1_63' title='bbox 353 467 440 496; x_wconf 73' lang='lat' dir='ltr'>Valer.</span> <span class='ocrx_word' id='word_1_64' title='bbox 459 466 548 496; x_wconf 84' lang='lat' dir='ltr'>Flacc.</span> <span class='ocrx_word' id='word_1_65' title='bbox 562 469 587 494; x_wconf 91' lang='lat'>6.</span> <span class='ocrx_word' id='word_1_66' title='bbox 610 465 708 500; x_wconf 82' lang='lat' dir='ltr'>Argon.</span> <span class='ocrx_word' id='word_1_67' title='bbox 726 466 790 497; x_wconf 77' lang='lat'>⁶48·</span> 
     </span>
    </p>

    <p class='ocr_par' dir='ltr' id='par_1_9' title="bbox 226 497 985 539">
     <span class='ocr_line' id='line_1_11' title="bbox 226 497 985 539; baseline -0.009 -4"><span class='ocrx_word' id='word_1_68' title='bbox 226 507 334 535; x_wconf 78' lang='lat' dir='ltr'>Patiens</span> <span class='ocrx_word' id='word_1_69' title='bbox 349 505 463 533; x_wconf 87' lang='lat' dir='ltr'>ditionis</span> <span class='ocrx_word' id='word_1_70' title='bbox 472 503 578 532; x_wconf 70' lang='lat' dir='ltr'>Alanus</span> <span class='ocrx_word' id='word_1_71' title='bbox 602 500 698 539; x_wconf 77' lang='lat' dir='ltr'>Claud.</span> <span class='ocrx_word' id='word_1_72' title='bbox 709 499 753 528; x_wconf 83' lang='lat' dir='ltr'>de.</span> <span class='ocrx_word' id='word_1_73' title='bbox 765 497 832 528; x_wconf 85' lang='lat' dir='ltr'>Bell.</span> <span class='ocrx_word' id='word_1_74' title='bbox 842 498 904 527; x_wconf 87' lang='lat' dir='ltr'>Get.</span> <span class='ocrx_word' id='word_1_75' title='bbox 923 502 985 534; x_wconf 84' lang='lat'>581.</span> 
     </span>
    </p>

    <p class='ocr_par' dir='ltr' id='par_1_10' title="bbox 229 538 811 574">
     <span class='ocr_line' id='line_1_12' title="bbox 229 538 811 574; baseline -0.015 -1"><span class='ocrx_word' id='word_1_76' title='bbox 229 545 303 574; x_wconf 84' lang='lat' dir='ltr'>Gens</span> <span class='ocrx_word' id='word_1_77' title='bbox 315 543 405 572; x_wconf 85' lang='lat' dir='ltr'>Alana.</span> <span class='ocrx_word' id='word_1_78' title='bbox 430 541 526 570; x_wconf 82' lang='lat' dir='ltr'>Claud.</span> <span class='ocrx_word' id='word_1_79' title='bbox 546 538 656 568; x_wconf 75' lang='lat' dir='ltr'>dessell.</span> <span class='ocrx_word' id='word_1_80' title='bbox 675 538 736 566; x_wconf 81' lang='lat' dir='ltr'>Get.</span> <span class='ocrx_word' id='word_1_81' title='bbox 751 542 811 572; x_wconf 73' lang='lat'>583.</span> 
     </span>
    </p>

    <p class='ocr_par' dir='ltr' id='par_1_11' title="bbox 193 572 1348 764">
     <span class='ocr_line' id='line_1_13' title="bbox 193 572 1345 614; baseline -0.009 -3"><span class='ocrx_word' id='word_1_82' title='bbox 193 582 215 612; x_wconf 98' lang='lat' dir='ltr'>A</span> <span class='ocrx_word' id='word_1_83' title='bbox 224 593 239 610; x_wconf 87' lang='lat'>1.</span> <span class='ocrx_word' id='word_1_84' title='bbox 249 592 267 610; x_wconf 94' lang='lat' dir='ltr'>A</span> <span class='ocrx_word' id='word_1_85' title='bbox 277 592 295 610; x_wconf 99' lang='lat' dir='ltr'>N</span> <span class='ocrx_word' id='word_1_86' title='bbox 308 592 324 610; x_wconf 85' lang='lat' dir='ltr'>u</span> <span class='ocrx_word' id='word_1_87' title='bbox 335 591 346 609; x_wconf 88' lang='lat' dir='ltr'>s</span> <span class='ocrx_word' id='word_1_88' title='bbox 357 603 365 614; x_wconf 81' lang='lat'>,</span> <span class='ocrx_word' id='word_1_89' title='bbox 388 580 492 608; x_wconf 84' lang='lat' dir='ltr'>Author</span> <span class='ocrx_word' id='word_1_90' title='bbox 502 577 621 606; x_wconf 84' lang='lat' dir='ltr'>vetustus</span> <span class='ocrx_word' id='word_1_91' title='bbox 634 586 641 610; x_wconf 78' lang='lat'><em>3</em></span> <span class='ocrx_word' id='word_1_92' title='bbox 672 574 774 612; x_wconf 88' lang='lat' dir='ltr'>scriplit</span> <span class='ocrx_word' id='word_1_93' title='bbox 784 573 927 612; x_wconf 73' lang='lat' dir='ltr'>parabolas</span> <span class='ocrx_word' id='word_1_94' title='bbox 938 573 1070 610; x_wconf 84' lang='lat' dir='ltr'>quasdam</span> <span class='ocrx_word' id='word_1_95' title='bbox 1079 573 1199 602; x_wconf 87' lang='lat' dir='ltr'>versibus</span> <span class='ocrx_word' id='word_1_96' title='bbox 1214 572 1345 607; x_wconf 68' lang='lat' dir='ltr'>indorftis‚</span> 
     </span>
     <span class='ocr_line' id='line_1_14' title="bbox 231 610 1348 656; baseline -0.009 -8"><span class='ocrx_word' id='word_1_97' title='bbox 231 630 290 656; x_wconf 66' lang='lat' dir='ltr'>quae</span> <span class='ocrx_word' id='word_1_98' title='bbox 303 620 354 653; x_wconf 62' lang='lat' dir='ltr'>inim</span> <span class='ocrx_word' id='word_1_99' title='bbox 365 617 478 645; x_wconf 74' lang='lat' dir='ltr'>exstant.</span> <span class='ocrx_word' id='word_1_100' title='bbox 529 612 803 650; x_wconf 74' lang='lat' dir='ltr'>Cognominarisolet</span> <span class='ocrx_word' id='word_1_101' title='bbox 814 611 957 641; x_wconf 80' lang='lat' dir='ltr'>lnsuleiifis</span> <span class='ocrx_word' id='word_1_102' title='bbox 967 633 975 645; x_wconf 83' lang='lat'>,</span> <span class='ocrx_word' id='word_1_103' title='bbox 996 611 1030 640; x_wconf 90' lang='lat' dir='ltr'>ab</span> <span class='ocrx_word' id='word_1_104' title='bbox 1044 611 1141 640; x_wconf 76' lang='lat' dir='ltr'><strong>Infulis</strong></span> <span class='ocrx_word' id='word_1_105' title='bbox 1151 611 1258 648; x_wconf 87' lang='lat' dir='ltr'>oppido</span> <span class='ocrx_word' id='word_1_106' title='bbox 1269 610 1348 639; x_wconf 84' lang='lat' dir='ltr'>Flan-</span> 
     </span>
     <span class='ocr_line' id='line_1_15' title="bbox 231 648 1346 687; baseline -0.009 -1"><span class='ocrx_word' id='word_1_107' title='bbox 231 651 355 686; x_wconf 52' lang='lat' dir='ltr'>driae&#39;ubi</span> <span class='ocrx_word' id='word_1_108' title='bbox 370 662 448 683; x_wconf 85' lang='lat' dir='ltr'>natus</span> <span class='ocrx_word' id='word_1_109' title='bbox 461 654 507 682; x_wconf 87' lang='lat' dir='ltr'>est.</span> <span class='ocrx_word' id='word_1_110' title='bbox 562 650 673 680; x_wconf 81' lang='lat' dir='ltr'>Titulus</span> <span class='ocrx_word' id='word_1_111' title='bbox 684 651 767 679; x_wconf 86' lang='lat' dir='ltr'>etiam</span> <span class='ocrx_word' id='word_1_112' title='bbox 790 650 917 679; x_wconf 59' lang='lat' dir='ltr'>Dostoris</span> <span class='ocrx_word' id='word_1_113' title='bbox 933 649 1091 678; x_wconf 81' lang='lat' dir='ltr'>universalis</span> <span class='ocrx_word' id='word_1_114' title='bbox 1107 649 1155 687; x_wconf 88' lang='lat' dir='ltr'>ipsi</span> <span class='ocrx_word' id='word_1_115' title='bbox 1167 649 1298 677; x_wconf 78' lang='lat' dir='ltr'>tribuitur</span> <span class='ocrx_word' id='word_1_116' title='bbox 1310 648 1346 676; x_wconf 83' lang='lat' dir='ltr'>ob</span> 
     </span>
     <span class='ocr_line' id='line_1_16' title="bbox 231 685 1346 731; baseline -0.008 -8"><span class='ocrx_word' id='word_1_117' title='bbox 231 695 409 731; x_wconf 66' lang='lat' dir='ltr'>omnigenam</span> <span class='ocrx_word' id='word_1_118' title='bbox 421 690 615 720; x_wconf 87' lang='lat' dir='ltr'>eruditionem.</span> <span class='ocrx_word' id='word_1_119' title='bbox 657 688 700 718; x_wconf 89' lang='lat' dir='ltr'>De</span> <span class='ocrx_word' id='word_1_120' title='bbox 714 698 748 717; x_wconf 90' lang='lat' dir='ltr'>eo</span> <span class='ocrx_word' id='word_1_121' title='bbox 770 688 801 717; x_wconf 89' lang='lat' dir='ltr'>V.</span> <span class='ocrx_word' id='word_1_122' title='bbox 827 688 912 717; x_wconf 88' lang='lat' dir='ltr'>Henr.</span> <span class='ocrx_word' id='word_1_123' title='bbox 930 687 1054 717; x_wconf 79' lang='lat' dir='ltr'>Gandav.</span> <span class='ocrx_word' id='word_1_124' title='bbox 1079 687 1115 715; x_wconf 89' lang='lat' dir='ltr'>de</span> <span class='ocrx_word' id='word_1_125' title='bbox 1128 688 1227 724; x_wconf 86' lang='lat' dir='ltr'>Script.</span> <span class='ocrx_word' id='word_1_126' title='bbox 1250 685 1306 715; x_wconf 65' lang='lat'>1:101.</span> <span class='ocrx_word' id='word_1_127' title='bbox 1319 687 1346 714; x_wconf 70' lang='lat' dir='ltr'>Sc</span> 
     </span>
     <span class='ocr_line' id='line_1_17' title="bbox 229 723 1346 764; baseline -0.007 -4"><span class='ocrx_word' id='word_1_128' title='bbox 229 732 267 762; x_wconf 84' lang='lat' dir='ltr'>ibi</span> <span class='ocrx_word' id='word_1_129' title='bbox 282 732 424 764; x_wconf 69' lang='lat' dir='ltr'>Alincum,</span> <span class='ocrx_word' id='word_1_130' title='bbox 445 729 464 758; x_wconf 88' lang='lat' dir='ltr'>f.</span> <span class='ocrx_word' id='word_1_131' title='bbox 480 731 541 757; x_wconf 88' lang='lat'>166.</span> <span class='ocrx_word' id='word_1_132' title='bbox 563 726 702 756; x_wconf 85' lang='lat' dir='ltr'>Trithem.</span> <span class='ocrx_word' id='word_1_133' title='bbox 720 727 756 755; x_wconf 91' lang='lat' dir='ltr'>de</span> <span class='ocrx_word' id='word_1_134' title='bbox 765 726 866 764; x_wconf 88' lang='lat' dir='ltr'>Script.</span> <span class='ocrx_word' id='word_1_135' title='bbox 879 725 937 755; x_wconf 87' lang='lat' dir='ltr'>Ecl.</span> <span class='ocrx_word' id='word_1_136' title='bbox 948 736 976 763; x_wconf 90' lang='lat' dir='ltr'>p.</span> <span class='ocrx_word' id='word_1_137' title='bbox 990 735 1035 761; x_wconf 89' lang='lat'>99.</span> <span class='ocrx_word' id='word_1_138' title='bbox 1070 724 1142 754; x_wconf 84' lang='lat' dir='ltr'>Vols.</span> <span class='ocrx_word' id='word_1_139' title='bbox 1153 725 1188 753; x_wconf 90' lang='lat' dir='ltr'>de</span> <span class='ocrx_word' id='word_1_140' title='bbox 1198 725 1271 754; x_wconf 84' lang='lat' dir='ltr'>Poet.</span> <span class='ocrx_word' id='word_1_141' title='bbox 1288 723 1346 752; x_wconf 83' lang='lat' dir='ltr'>Lat.</span> 
     </span>
    </p>

    <p class='ocr_par' dir='ltr' id='par_1_12' title="bbox 189 778 1350 876">
     <span class='ocr_line' id='line_1_18' title="bbox 189 778 1350 841; baseline -0.008 -5"><span class='ocrx_word' id='word_1_142' title='bbox 189 809 205 837; x_wconf 71' lang='grc' dir='ltr'>λ’</span> <span class='ocrx_word' id='word_1_143' title='bbox 216 778 378 839; x_wconf 38' lang='grc' dir='ltr'>ιέἷᾈῖςᾎε.</span> <span class='ocrx_word' id='word_1_144' title='bbox 399 803 478 833; x_wconf 82' lang='lat' dir='ltr'>Idem</span> <span class='ocrx_word' id='word_1_145' title='bbox 488 803 563 841; x_wconf 88' lang='lat' dir='ltr'>quod</span> <span class='ocrx_word' id='word_1_146' title='bbox 574 802 725 840; x_wconf 85' lang='lat' dir='ltr'>Colaphus.</span> <span class='ocrx_word' id='word_1_147' title='bbox 765 801 821 832; x_wconf 87' lang='lat' dir='ltr'>Sed</span> <span class='ocrx_word' id='word_1_148' title='bbox 831 802 886 832; x_wconf 90' lang='lat' dir='ltr'>hoc</span> <span class='ocrx_word' id='word_1_149' title='bbox 895 801 1022 831; x_wconf 81' lang='lat' dir='ltr'>Graecum</span> <span class='ocrx_word' id='word_1_150' title='bbox 1032 801 1048 837; x_wconf 92' lang='lat'>[</span> <span class='ocrx_word' id='word_1_151' title='bbox 1059 796 1204 836; x_wconf 58' lang='grc' dir='ltr'>νώλσιφέυ]</span> <span class='ocrx_word' id='word_1_152' title='bbox 1230 798 1305 829; x_wconf 87' lang='lat' dir='ltr'>Valla</span> <span class='ocrx_word' id='word_1_153' title='bbox 1319 798 1350 828; x_wconf 88' lang='lat' dir='ltr'>in</span> 
     </span>
     <span class='ocr_line' id='line_1_19' title="bbox 230 841 750 876; baseline -0.01 -2"><span class='ocrx_word' id='word_1_154' title='bbox 230 842 412 874; x_wconf 80' lang='lat' dir='ltr'>Raudensem.</span> <span class='ocrx_word' id='word_1_155' title='bbox 453 841 552 876; x_wconf 85' lang='lat' dir='ltr'>Juven.</span> <span class='ocrx_word' id='word_1_156' title='bbox 565 846 590 875; x_wconf 81' lang='lat'>8.</span> <span class='ocrx_word' id='word_1_157' title='bbox 621 841 675 870; x_wconf 85' lang='lat' dir='ltr'>Sat.</span> <span class='ocrx_word' id='word_1_158' title='bbox 690 850 750 875; x_wconf 85' lang='lat'>192.</span> 
     </span>
    </p>

    <p class='ocr_par' dir='ltr' id='par_1_13' title="bbox 307 878 712 954">
     <span class='ocr_line' id='line_1_20' title="bbox 384 878 712 916; baseline 0 -8"><span class='ocrx_word' id='word_1_159' title='bbox 384 896 421 900; x_wconf 57' lang='grc'>»-</span> <span class='ocrx_word' id='word_1_160' title='bbox 440 878 542 908; x_wconf 76' lang='lat' dir='ltr'>Ridere</span> <span class='ocrx_word' id='word_1_161' title='bbox 557 879 645 916; x_wconf 83' lang='lat' dir='ltr'>potest</span> <span class='ocrx_word' id='word_1_162' title='bbox 665 879 712 916; x_wconf 90' lang='lat' dir='ltr'>qui</span> 
     </span>
     <span class='ocr_line' id='line_1_21' title="bbox 307 918 640 954; baseline -0.006 -6"><span class='ocrx_word' id='word_1_163' title='bbox 307 918 516 948; x_wconf 83' lang='lat' dir='ltr'>Mamercorum</span> <span class='ocrx_word' id='word_1_164' title='bbox 538 918 640 954; x_wconf 79' lang='lat' dir='ltr'>alapas.</span> 
     </span>
    </p>

    <p class='ocr_par' dir='ltr' id='par_1_14' title="bbox 227 953 813 994">
     <span class='ocr_line' id='line_1_22' title="bbox 227 953 813 994; baseline -0.005 -8"><span class='ocrx_word' id='word_1_165' title='bbox 227 956 333 994; x_wconf 81' lang='lat' dir='ltr'>Alapae,</span> <span class='ocrx_word' id='word_1_166' title='bbox 354 956 514 984; x_wconf 85' lang='lat' dir='ltr'>mimorum.</span> <span class='ocrx_word' id='word_1_167' title='bbox 537 954 656 985; x_wconf 82' lang='lat' dir='ltr'>Martial.</span> <span class='ocrx_word' id='word_1_168' title='bbox 672 953 721 983; x_wconf 84' lang='lat' dir='ltr'>lib.</span> <span class='ocrx_word' id='word_1_169' title='bbox 735 965 758 990; x_wconf 83' lang='grc' dir='ltr'><strong>ς.</strong></span> <span class='ocrx_word' id='word_1_170' title='bbox 769 956 813 983; x_wconf 88' lang='lat'>62.</span> 
     </span>
    </p>

    <p class='ocr_par' dir='ltr' id='par_1_15' title="bbox 309 989 1007 1031">
     <span class='ocr_line' id='line_1_23' title="bbox 309 989 1007 1031; baseline -0.007 -9"><span class='ocrx_word' id='word_1_171' title='bbox 309 994 335 1023; x_wconf 93' lang='lat' dir='ltr'>O</span> <span class='ocrx_word' id='word_1_172' title='bbox 353 1003 435 1031; x_wconf 87' lang='lat' dir='ltr'>quam</span> <span class='ocrx_word' id='word_1_173' title='bbox 459 993 559 1030; x_wconf 70' lang='lat' dir='ltr'>dignus</span> <span class='ocrx_word' id='word_1_174' title='bbox 577 1003 635 1022; x_wconf 87' lang='lat' dir='ltr'>eras</span> <span class='ocrx_word' id='word_1_175' title='bbox 655 992 695 1022; x_wconf 82' lang='lat' dir='ltr'>ala</span> <span class='ocrx_word' id='word_1_176' title='bbox 706 993 741 1022; x_wconf 67' lang='lat' dir='ltr'>³is</span> <span class='ocrx_word' id='word_1_177' title='bbox 756 992 881 1022; x_wconf 81' lang='lat' dir='ltr'>Mariane</span> <span class='ocrx_word' id='word_1_178' title='bbox 896 989 987 1019; x_wconf 84' lang='lat' dir='ltr'>Latini</span> <span class='ocrx_word' id='word_1_179' title='bbox 1001 990 1007 1018; x_wconf 92' lang='lat'>!</span> 
     </span>
    </p>

    <p class='ocr_par' dir='ltr' id='par_1_16' title="bbox 371 1025 1350 1067">
     <span class='ocr_line' id='line_1_24' title="bbox 371 1025 1350 1067; baseline -0.005 -7"><span class='ocrx_word' id='word_1_180' title='bbox 371 1031 414 1061; x_wconf 88' lang='lat' dir='ltr'>Te</span> <span class='ocrx_word' id='word_1_181' title='bbox 433 1030 618 1060; x_wconf 83' lang='lat' dir='ltr'>succeffurum</span> <span class='ocrx_word' id='word_1_182' title='bbox 640 1041 685 1060; x_wconf 91' lang='lat' dir='ltr'>cre</span> <span class='ocrx_word' id='word_1_183' title='bbox 708 1040 725 1059; x_wconf 94' lang='lat' dir='ltr'>o</span> <span class='ocrx_word' id='word_1_184' title='bbox 743 1040 795 1067; x_wconf 81' lang='lat' dir='ltr'>ego</span> <span class='ocrx_word' id='word_1_185' title='bbox 815 1027 977 1067; x_wconf 84' lang='lat' dir='ltr'>panniculo.</span> <span class='ocrx_word' id='word_1_186' title='bbox 1071 1025 1155 1056; x_wconf 85' lang='lat' dir='ltr'>Mimi</span> <span class='ocrx_word' id='word_1_187' title='bbox 1174 1026 1203 1055; x_wconf 90' lang='lat' dir='ltr'>in</span> <span class='ocrx_word' id='word_1_188' title='bbox 1217 1025 1350 1056; x_wconf 80' lang='lat' dir='ltr'>Theatra-</span> 
     </span>
    </p>

    <p class='ocr_par' dir='ltr' id='par_1_17' title="bbox 223 1064 1351 1183">
     <span class='ocr_line' id='line_1_25' title="bbox 223 1064 1350 1107; baseline -0.006 -8"><span class='ocrx_word' id='word_1_189' title='bbox 223 1068 300 1100; x_wconf 87' lang='lat' dir='ltr'>libus</span> <span class='ocrx_word' id='word_1_190' title='bbox 310 1068 482 1107; x_wconf 68' lang='lat' dir='ltr'>spectaculis,</span> <span class='ocrx_word' id='word_1_191' title='bbox 494 1079 581 1106; x_wconf 86' lang='lat' dir='ltr'>quum</span> <span class='ocrx_word' id='word_1_192' title='bbox 590 1069 743 1103; x_wconf 75' lang='lat' dir='ltr'>dabantur,</span> <span class='ocrx_word' id='word_1_193' title='bbox 759 1067 827 1096; x_wconf 91' lang='lat' dir='ltr'>alios</span> <span class='ocrx_word' id='word_1_194' title='bbox 844 1067 945 1095; x_wconf 89' lang='lat' dir='ltr'>mimos</span> <span class='ocrx_word' id='word_1_195' title='bbox 956 1065 991 1094; x_wconf 83' lang='lat' dir='ltr'>ad</span> <span class='ocrx_word' id='word_1_196' title='bbox 1002 1064 1085 1093; x_wconf 84' lang='lat' dir='ltr'>risum</span> <span class='ocrx_word' id='word_1_197' title='bbox 1100 1065 1283 1094; x_wconf 79' lang='lat' dir='ltr'>excitandum</span> <span class='ocrx_word' id='word_1_198' title='bbox 1296 1064 1350 1093; x_wconf 84' lang='lat' dir='ltr'>ala-</span> 
     </span>
     <span class='ocr_line' id='line_1_26' title="bbox 251 1102 1348 1144; baseline -0.005 -8"><span class='ocrx_word' id='word_1_199' title='bbox 251 1111 272 1137; x_wconf 84' lang='lat' dir='ltr'>is</span> <span class='ocrx_word' id='word_1_200' title='bbox 284 1108 389 1136; x_wconf 72' lang='lat' dir='ltr'>caedere</span> <span class='ocrx_word' id='word_1_201' title='bbox 407 1106 549 1141; x_wconf 84' lang='lat' dir='ltr'>solebant,</span> <span class='ocrx_word' id='word_1_202' title='bbox 572 1106 647 1144; x_wconf 89' lang='lat' dir='ltr'>quod</span> <span class='ocrx_word' id='word_1_203' title='bbox 658 1109 684 1136; x_wconf 68' lang='grc' dir='ltr'>ἃ</span> <span class='ocrx_word' id='word_1_204' title='bbox 695 1105 847 1143; x_wconf 78' lang='lat' dir='ltr'>Septimius</span> <span class='ocrx_word' id='word_1_205' title='bbox 858 1104 969 1134; x_wconf 85' lang='lat' dir='ltr'>Florens</span> <span class='ocrx_word' id='word_1_206' title='bbox 989 1102 1122 1139; x_wconf 82' lang='lat' dir='ltr'>significat</span> <span class='ocrx_word' id='word_1_207' title='bbox 1140 1113 1226 1140; x_wconf 86' lang='lat' dir='ltr'>quum</span> <span class='ocrx_word' id='word_1_208' title='bbox 1244 1102 1348 1137; x_wconf 78' lang='lat' dir='ltr'>scribit,</span> 
     </span>
     <span class='ocr_line' id='line_1_27' title="bbox 228 1119 1351 1183; baseline -0.004 -9"><span class='ocrx_word' id='word_1_209' title='bbox 228 1119 345 1183; x_wconf 61' lang='lat' dir='ltr'>llisuper</span> <span class='ocrx_word' id='word_1_210' title='bbox 358 1145 538 1174; x_wconf 87' lang='lat' dir='ltr'>contumeliis</span> <span class='ocrx_word' id='word_1_211' title='bbox 554 1145 693 1183; x_wconf 74' lang='lat' dir='ltr'>alaparum</span> <span class='ocrx_word' id='word_1_212' title='bbox 705 1144 741 1172; x_wconf 83' lang='lat' dir='ltr'>sic</span> <span class='ocrx_word' id='word_1_213' title='bbox 757 1143 856 1178; x_wconf 80' lang='lat' dir='ltr'>objicit</span> <span class='ocrx_word' id='word_1_214' title='bbox 866 1165 874 1176; x_wconf 85' lang='lat'>,</span> <span class='ocrx_word' id='word_1_215' title='bbox 895 1141 967 1178; x_wconf 85' lang='lat' dir='ltr'>quasi</span> <span class='ocrx_word' id='word_1_216' title='bbox 985 1141 1020 1170; x_wconf 87' lang='lat' dir='ltr'>de</span> <span class='ocrx_word' id='word_1_217' title='bbox 1032 1148 1171 1178; x_wconf 81' lang='lat' dir='ltr'>praecepto</span> <span class='ocrx_word' id='word_1_218' title='bbox 1186 1141 1294 1170; x_wconf 87' lang='lat' dir='ltr'>domini</span> <span class='ocrx_word' id='word_1_219' title='bbox 1309 1140 1351 1169; x_wconf 91' lang='lat' dir='ltr'>lu-</span> 
     </span>
    </p>

    <p class='ocr_par' dir='ltr' id='par_1_18' title="bbox 228 1178 1350 1219">
     <span class='ocr_line' id='line_1_28' title="bbox 228 1178 1350 1219; baseline -0.004 -7"><span class='ocrx_word' id='word_1_220' title='bbox 228 1184 285 1213; x_wconf 88' lang='lat' dir='ltr'>dat.</span> <span class='ocrx_word' id='word_1_221' title='bbox 324 1183 426 1212; x_wconf 61' lang='lat' dir='ltr'>Phar-dr.</span> <span class='ocrx_word' id='word_1_222' title='bbox 438 1192 463 1212; x_wconf 94' lang='lat'>2.</span> <span class='ocrx_word' id='word_1_223' title='bbox 483 1192 561 1219; x_wconf 81' lang='lat'>5.25.</span> <span class='ocrx_word' id='word_1_224' title='bbox 602 1182 696 1212; x_wconf 78' lang='lat' dir='ltr'>Multo</span> <span class='ocrx_word' id='word_1_225' title='bbox 706 1182 818 1217; x_wconf 84' lang='lat' dir='ltr'>majoris</span> <span class='ocrx_word' id='word_1_226' title='bbox 829 1180 920 1217; x_wconf 80' lang='lat' dir='ltr'>Alapae</span> <span class='ocrx_word' id='word_1_227' title='bbox 932 1189 1045 1208; x_wconf 89' lang='lat' dir='ltr'>mecum</span> <span class='ocrx_word' id='word_1_228' title='bbox 1054 1185 1196 1214; x_wconf 72' lang='lat' dir='ltr'>veneunt,</span> <span class='ocrx_word' id='word_1_229' title='bbox 1220 1180 1238 1208; x_wconf 92' lang='lat' dir='ltr'>i.</span> <span class='ocrx_word' id='word_1_230' title='bbox 1260 1188 1284 1208; x_wconf 85' lang='lat' dir='ltr'>e.</span> <span class='ocrx_word' id='word_1_231' title='bbox 1306 1178 1350 1207; x_wconf 87' lang='lat' dir='ltr'>Li-</span> 
     </span>
    </p>

    <p class='ocr_par' dir='ltr' id='par_1_19' title="bbox 227 1216 1349 1255">
     <span class='ocr_line' id='line_1_29' title="bbox 227 1216 1349 1255; baseline -0.005 -4"><span class='ocrx_word' id='word_1_232' title='bbox 227 1222 319 1251; x_wconf 83' lang='lat' dir='ltr'>bertas</span> <span class='ocrx_word' id='word_1_233' title='bbox 330 1221 420 1250; x_wconf 87' lang='lat' dir='ltr'>carius</span> <span class='ocrx_word' id='word_1_234' title='bbox 438 1231 506 1250; x_wconf 81' lang='lat' dir='ltr'>anie</span> <span class='ocrx_word' id='word_1_235' title='bbox 516 1221 669 1249; x_wconf 87' lang='lat' dir='ltr'>redimitur.</span> <span class='ocrx_word' id='word_1_236' title='bbox 711 1219 752 1248; x_wconf 92' lang='lat' dir='ltr'>De</span> <span class='ocrx_word' id='word_1_237' title='bbox 765 1219 816 1248; x_wconf 87' lang='lat' dir='ltr'>hac</span> <span class='ocrx_word' id='word_1_238' title='bbox 825 1218 907 1255; x_wconf 82' lang='lat' dir='ltr'>Alapa</span> <span class='ocrx_word' id='word_1_239' title='bbox 919 1216 1139 1246; x_wconf 76' lang='lat' dir='ltr'>manumissionis</span> <span class='ocrx_word' id='word_1_240' title='bbox 1158 1216 1189 1246; x_wconf 89' lang='lat' dir='ltr'>V.</span> <span class='ocrx_word' id='word_1_241' title='bbox 1212 1216 1303 1246; x_wconf 86' lang='lat' dir='ltr'>Barth.</span> <span class='ocrx_word' id='word_1_242' title='bbox 1314 1217 1349 1245; x_wconf 89' lang='lat' dir='ltr'>ad</span> 
     </span>
    </p>

    <p class='ocr_par' dir='ltr' id='par_1_20' title="bbox 227 1254 1348 1296">
     <span class='ocr_line' id='line_1_30' title="bbox 227 1254 1348 1296; baseline -0.006 -7"><span class='ocrx_word' id='word_1_243' title='bbox 227 1260 333 1290; x_wconf 91' lang='lat' dir='ltr'>Briton.</span> <span class='ocrx_word' id='word_1_244' title='bbox 344 1260 463 1288; x_wconf 81' lang='lat' dir='ltr'>Aremor.</span> <span class='ocrx_word' id='word_1_245' title='bbox 473 1269 500 1296; x_wconf 88' lang='lat' dir='ltr'>p.</span> <span class='ocrx_word' id='word_1_246' title='bbox 514 1262 578 1294; x_wconf 85' lang='lat'>406.</span> <span class='ocrx_word' id='word_1_247' title='bbox 622 1258 653 1288; x_wconf 84' lang='lat' dir='ltr'>Et</span> <span class='ocrx_word' id='word_1_248' title='bbox 667 1257 759 1287; x_wconf 85' lang='lat' dir='ltr'>Burin.</span> <span class='ocrx_word' id='word_1_249' title='bbox 774 1257 808 1286; x_wconf 85' lang='lat' dir='ltr'>ad</span> <span class='ocrx_word' id='word_1_250' title='bbox 822 1257 929 1285; x_wconf 83' lang='lat' dir='ltr'>Petron.</span> <span class='ocrx_word' id='word_1_251' title='bbox 943 1264 1004 1292; x_wconf 78' lang='lat' dir='ltr'>cap.</span> <span class='ocrx_word' id='word_1_252' title='bbox 1019 1260 1062 1290; x_wconf 80' lang='lat'>38.</span> <span class='ocrx_word' id='word_1_253' title='bbox 1075 1264 1102 1291; x_wconf 87' lang='lat' dir='ltr'>p.</span> <span class='ocrx_word' id='word_1_254' title='bbox 1123 1258 1185 1290; x_wconf 87' lang='lat'>164.</span> <span class='ocrx_word' id='word_1_255' title='bbox 1226 1256 1240 1290; x_wconf 98' lang='lat'>[</span> <span class='ocrx_word' id='word_1_256' title='bbox 1254 1254 1348 1283; x_wconf 82' lang='lat' dir='ltr'>Wilh.</span> 
     </span>
    </p>

    <p class='ocr_par' dir='ltr' id='par_1_21' title="bbox 229 1292 1353 1411">
     <span class='ocr_line' id='line_1_31' title="bbox 229 1292 1352 1331; baseline -0.006 -4"><span class='ocrx_word' id='word_1_257' title='bbox 229 1297 340 1328; x_wconf 86' lang='lat' dir='ltr'>aLoon.</span> <span class='ocrx_word' id='word_1_258' title='bbox 351 1297 386 1325; x_wconf 92' lang='lat' dir='ltr'>de</span> <span class='ocrx_word' id='word_1_259' title='bbox 397 1296 621 1326; x_wconf 77' lang='lat' dir='ltr'>Manumill&#39;ione.</span> <span class='ocrx_word' id='word_1_260' title='bbox 647 1306 668 1324; x_wconf 88' lang='lat'>1.</span> <span class='ocrx_word' id='word_1_261' title='bbox 685 1305 707 1331; x_wconf 83' lang='lat'>3.</span> <span class='ocrx_word' id='word_1_262' title='bbox 726 1305 751 1324; x_wconf 91' lang='lat'>2.</span> <span class='ocrx_word' id='word_1_263' title='bbox 775 1295 970 1324; x_wconf 81' lang='lat' dir='ltr'>Miraritameii</span> <span class='ocrx_word' id='word_1_264' title='bbox 982 1292 1009 1321; x_wconf 87' lang='lat' dir='ltr'>se</span> <span class='ocrx_word' id='word_1_265' title='bbox 1017 1295 1055 1321; x_wconf 83' lang='lat' dir='ltr'>ait</span> <span class='ocrx_word' id='word_1_266' title='bbox 1063 1292 1204 1329; x_wconf 89' lang='lat' dir='ltr'>Bentlejus</span> <span class='ocrx_word' id='word_1_267' title='bbox 1222 1298 1265 1321; x_wconf 81' lang='lat' dir='ltr'>tot</span> <span class='ocrx_word' id='word_1_268' title='bbox 1276 1302 1352 1330; x_wconf 81' lang='lat' dir='ltr'>egre-</span> 
     </span>
     <span class='ocr_line' id='line_1_32' title="bbox 249 1330 1353 1372; baseline -0.005 -8"><span class='ocrx_word' id='word_1_269' title='bbox 249 1337 289 1365; x_wconf 96' lang='lat' dir='ltr'>ios</span> <span class='ocrx_word' id='word_1_270' title='bbox 302 1336 374 1364; x_wconf 88' lang='lat' dir='ltr'>viros</span> <span class='ocrx_word' id='word_1_271' title='bbox 387 1335 425 1364; x_wconf 86' lang='lat' dir='ltr'>ita</span> <span class='ocrx_word' id='word_1_272' title='bbox 435 1335 579 1364; x_wconf 65' lang='lat' dir='ltr'>Phaedrum</span> <span class='ocrx_word' id='word_1_273' title='bbox 586 1335 782 1372; x_wconf 82' lang='lat' dir='ltr'>interpretatos</span> <span class='ocrx_word' id='word_1_274' title='bbox 792 1332 855 1362; x_wconf 81' lang='lat' dir='ltr'>esse.</span> <span class='ocrx_word' id='word_1_275' title='bbox 895 1332 968 1361; x_wconf 87' lang='lat' dir='ltr'>Sane</span> <span class='ocrx_word' id='word_1_276' title='bbox 980 1330 1112 1360; x_wconf 77' lang='lat' dir='ltr'>miramur</span> <span class='ocrx_word' id='word_1_277' title='bbox 1121 1340 1172 1360; x_wconf 87' lang='lat' dir='ltr'>nos</span> <span class='ocrx_word' id='word_1_278' title='bbox 1182 1330 1261 1361; x_wconf 87' lang='lat' dir='ltr'>aliter</span> <span class='ocrx_word' id='word_1_279' title='bbox 1269 1330 1353 1360; x_wconf 89' lang='lat' dir='ltr'>Bent-</span> 
     </span>
     <span class='ocr_line' id='line_1_33' title="bbox 241 1373 513 1411; baseline -0.007 -8"><span class='ocrx_word' id='word_1_280' title='bbox 241 1374 316 1408; x_wconf 83' lang='lat' dir='ltr'>eium</span> <span class='ocrx_word' id='word_1_281' title='bbox 330 1373 513 1411; x_wconf 84' lang='lat' dir='ltr'>interpretari.</span> 
     </span>
    </p>

    <p class='ocr_par' dir='ltr' id='par_1_22' title="bbox 191 1405 1354 1639">
     <span class='ocr_line' id='line_1_34' title="bbox 191 1405 1353 1447; baseline -0.006 -6"><span class='ocrx_word' id='word_1_282' title='bbox 191 1413 329 1447; x_wconf 74' lang='lat' dir='ltr'>ALAro,</span> <span class='ocrx_word' id='word_1_283' title='bbox 351 1414 405 1440; x_wconf 69' lang='lat' dir='ltr'>are.</span> <span class='ocrx_word' id='word_1_284' title='bbox 428 1409 511 1440; x_wconf 85' lang='lat' dir='ltr'>Gloff.</span> <span class='ocrx_word' id='word_1_285' title='bbox 534 1409 579 1439; x_wconf 92' lang='lat' dir='ltr'>Gr.</span> <span class='ocrx_word' id='word_1_286' title='bbox 602 1408 660 1438; x_wconf 88' lang='lat' dir='ltr'>Lat.</span> <span class='ocrx_word' id='word_1_287' title='bbox 682 1406 792 1444; x_wconf 62' lang='grc' dir='ltr'>ῥοιπέζω,</span> <span class='ocrx_word' id='word_1_288' title='bbox 814 1407 960 1445; x_wconf 71' lang='lat' dir='ltr'>Expalnio.</span> <span class='ocrx_word' id='word_1_289' title='bbox 1001 1406 1150 1444; x_wconf 83' lang='lat' dir='ltr'>Etiampro</span> <span class='ocrx_word' id='word_1_290' title='bbox 1161 1405 1210 1435; x_wconf 93' lang='lat' dir='ltr'>illo</span> <span class='ocrx_word' id='word_1_291' title='bbox 1223 1406 1299 1443; x_wconf 88' lang='lat' dir='ltr'>quod</span> <span class='ocrx_word' id='word_1_292' title='bbox 1311 1406 1353 1435; x_wconf 84' lang='lat' dir='ltr'>di-</span> 
     </span>
     <span class='ocr_line' id='line_1_35' title="bbox 229 1443 1353 1486; baseline -0.005 -8"><span class='ocrx_word' id='word_1_293' title='bbox 229 1450 320 1479; x_wconf 88' lang='lat' dir='ltr'>cimus</span> <span class='ocrx_word' id='word_1_294' title='bbox 334 1448 447 1486; x_wconf 87' lang='lat' dir='ltr'>Alapam</span> <span class='ocrx_word' id='word_1_295' title='bbox 460 1448 615 1486; x_wconf 81' lang='lat' dir='ltr'>impingere</span> <span class='ocrx_word' id='word_1_296' title='bbox 625 1469 633 1481; x_wconf 84' lang='lat'>,</span> <span class='ocrx_word' id='word_1_297' title='bbox 669 1446 815 1476; x_wconf 82' lang='lat' dir='ltr'>Gloffatori</span> <span class='ocrx_word' id='word_1_298' title='bbox 834 1446 923 1475; x_wconf 87' lang='lat' dir='ltr'>veteri</span> <span class='ocrx_word' id='word_1_299' title='bbox 934 1444 973 1474; x_wconf 88' lang='lat' dir='ltr'>est</span> <span class='ocrx_word' id='word_1_300' title='bbox 986 1444 1113 1482; x_wconf 84' lang='lat' dir='ltr'>Alapari;</span> <span class='ocrx_word' id='word_1_301' title='bbox 1140 1444 1199 1472; x_wconf 83' lang='lat' dir='ltr'>Vox</span> <span class='ocrx_word' id='word_1_302' title='bbox 1215 1443 1353 1482; x_wconf 84' lang='lat' dir='ltr'>scriptori-</span> 
     </span>
     <span class='ocr_line' id='line_1_36' title="bbox 229 1481 1350 1524; baseline -0.005 -7"><span class='ocrx_word' id='word_1_303' title='bbox 229 1487 281 1517; x_wconf 87' lang='lat' dir='ltr'>bus</span> <span class='ocrx_word' id='word_1_304' title='bbox 293 1487 387 1524; x_wconf 85' lang='lat' dir='ltr'>probis</span> <span class='ocrx_word' id='word_1_305' title='bbox 404 1487 506 1524; x_wconf 84' lang='lat' dir='ltr'>ignota.</span> <span class='ocrx_word' id='word_1_306' title='bbox 538 1485 652 1522; x_wconf 86' lang='lat' dir='ltr'>Alapare</span> <span class='ocrx_word' id='word_1_307' title='bbox 664 1485 785 1521; x_wconf 83' lang='lat' dir='ltr'>aliquem</span> <span class='ocrx_word' id='word_1_308' title='bbox 798 1494 856 1513; x_wconf 91' lang='lat' dir='ltr'>non</span> <span class='ocrx_word' id='word_1_309' title='bbox 874 1484 990 1517; x_wconf 84' lang='lat' dir='ltr'>dixero,</span> <span class='ocrx_word' id='word_1_310' title='bbox 1012 1482 1103 1519; x_wconf 88' lang='lat' dir='ltr'>inquit</span> <span class='ocrx_word' id='word_1_311' title='bbox 1117 1481 1225 1511; x_wconf 83' lang='lat' dir='ltr'>Voffius</span> <span class='ocrx_word' id='word_1_312' title='bbox 1243 1482 1278 1511; x_wconf 88' lang='lat' dir='ltr'>de</span> <span class='ocrx_word' id='word_1_313' title='bbox 1296 1482 1350 1511; x_wconf 89' lang='lat' dir='ltr'>Vit.</span> 
     </span>
     <span class='ocr_line' id='line_1_37' title="bbox 227 1519 1354 1563; baseline -0.005 -8"><span class='ocrx_word' id='word_1_314' title='bbox 227 1526 316 1556; x_wconf 88' lang='lat' dir='ltr'>Serm.</span> <span class='ocrx_word' id='word_1_315' title='bbox 332 1536 359 1563; x_wconf 91' lang='lat' dir='ltr'>p.</span> <span class='ocrx_word' id='word_1_316' title='bbox 371 1529 434 1560; x_wconf 80' lang='lat'>⁶5³·</span> <span class='ocrx_word' id='word_1_317' title='bbox 472 1523 526 1553; x_wconf 86' lang='lat' dir='ltr'>Sed</span> <span class='ocrx_word' id='word_1_318' title='bbox 536 1523 686 1560; x_wconf 83' lang='lat' dir='ltr'>colaphum</span> <span class='ocrx_word' id='word_1_319' title='bbox 696 1521 780 1552; x_wconf 88' lang='lat' dir='ltr'>alicui</span> <span class='ocrx_word' id='word_1_320' title='bbox 791 1522 894 1551; x_wconf 88' lang='lat' dir='ltr'>ducere</span> <span class='ocrx_word' id='word_1_321' title='bbox 904 1543 913 1556; x_wconf 92' lang='lat'>,</span> <span class='ocrx_word' id='word_1_322' title='bbox 933 1520 977 1550; x_wconf 89' lang='lat' dir='ltr'>vel</span> <span class='ocrx_word' id='word_1_323' title='bbox 989 1520 1148 1557; x_wconf 81' lang='lat' dir='ltr'>infringere.</span> <span class='ocrx_word' id='word_1_324' title='bbox 1187 1519 1256 1549; x_wconf 88' lang='lat' dir='ltr'>Usus</span> <span class='ocrx_word' id='word_1_325' title='bbox 1270 1520 1307 1550; x_wconf 84' lang='lat' dir='ltr'>est</span> <span class='ocrx_word' id='word_1_326' title='bbox 1315 1520 1354 1549; x_wconf 92' lang='lat' dir='ltr'>se-</span> 
     </span>
     <span class='ocr_line' id='line_1_38' title="bbox 229 1557 1352 1602; baseline -0.005 -9"><span class='ocrx_word' id='word_1_327' title='bbox 229 1563 335 1602; x_wconf 90' lang='lat' dir='ltr'>quioris</span> <span class='ocrx_word' id='word_1_328' title='bbox 343 1565 393 1592; x_wconf 84' lang='lat' dir='ltr'>aevi</span> <span class='ocrx_word' id='word_1_329' title='bbox 403 1562 519 1600; x_wconf 84' lang='lat' dir='ltr'>scriptor</span> <span class='ocrx_word' id='word_1_330' title='bbox 530 1561 724 1590; x_wconf 83' lang='lat' dir='ltr'>Bonaventura</span> <span class='ocrx_word' id='word_1_331' title='bbox 739 1569 809 1589; x_wconf 89' lang='lat' dir='ltr'>voce</span> <span class='ocrx_word' id='word_1_332' title='bbox 820 1559 923 1597; x_wconf 82' lang='lat' dir='ltr'>passiva</span> <span class='ocrx_word' id='word_1_333' title='bbox 933 1581 941 1595; x_wconf 87' lang='lat'>,</span> <span class='ocrx_word' id='word_1_334' title='bbox 963 1559 1031 1588; x_wconf 90' lang='lat' dir='ltr'>Part.</span> <span class='ocrx_word' id='word_1_335' title='bbox 1047 1569 1069 1587; x_wconf 90' lang='lat' dir='ltr'>i.</span> <span class='ocrx_word' id='word_1_336' title='bbox 1079 1558 1159 1587; x_wconf 86' lang='lat' dir='ltr'>Stim.</span> <span class='ocrx_word' id='word_1_337' title='bbox 1178 1557 1240 1587; x_wconf 89' lang='lat' dir='ltr'>Div.</span> <span class='ocrx_word' id='word_1_338' title='bbox 1257 1559 1352 1588; x_wconf 87' lang='lat' dir='ltr'>Amor.</span> 
     </span>
     <span class='ocr_line' id='line_1_39' title="bbox 228 1595 1240 1639; baseline -0.005 -8"><span class='ocrx_word' id='word_1_339' title='bbox 228 1611 289 1639; x_wconf 89' lang='lat' dir='ltr'>cap.</span> <span class='ocrx_word' id='word_1_340' title='bbox 304 1610 345 1637; x_wconf 80' lang='lat'>13.</span> <span class='ocrx_word' id='word_1_341' title='bbox 367 1601 402 1630; x_wconf 93' lang='lat' dir='ltr'>de</span> <span class='ocrx_word' id='word_1_342' title='bbox 412 1600 559 1630; x_wconf 85' lang='lat' dir='ltr'>Salvatore.</span> <span class='ocrx_word' id='word_1_343' title='bbox 601 1599 722 1627; x_wconf 88' lang='lat' dir='ltr'>Sustinet</span> <span class='ocrx_word' id='word_1_344' title='bbox 734 1598 835 1635; x_wconf 85' lang='lat' dir='ltr'>alapari</span> <span class='ocrx_word' id='word_1_345' title='bbox 845 1598 892 1635; x_wconf 91' lang='lat' dir='ltr'>qui</span> <span class='ocrx_word' id='word_1_346' title='bbox 903 1597 1042 1626; x_wconf 90' lang='lat' dir='ltr'>mundum</span> <span class='ocrx_word' id='word_1_347' title='bbox 1051 1595 1240 1634; x_wconf 77' lang='lat' dir='ltr'>plasmaverat.</span> 
     </span>
    </p>

    <p class='ocr_par' dir='ltr' id='par_1_23' title="bbox 191 1633 1352 1715">
     <span class='ocr_line' id='line_1_40' title="bbox 191 1633 1352 1674; baseline -0.005 -5"><span class='ocrx_word' id='word_1_348' title='bbox 191 1640 213 1671; x_wconf 88' lang='lat' dir='ltr'>A</span> <span class='ocrx_word' id='word_1_349' title='bbox 221 1652 237 1669; x_wconf 99' lang='lat' dir='ltr'>L</span> <span class='ocrx_word' id='word_1_350' title='bbox 247 1650 264 1669; x_wconf 84' lang='lat' dir='ltr'>A</span> <span class='ocrx_word' id='word_1_351' title='bbox 275 1649 289 1668; x_wconf 77' lang='grc' dir='ltr'>Ρ</span> <span class='ocrx_word' id='word_1_352' title='bbox 297 1643 314 1668; x_wconf 68' lang='lat' dir='ltr'>A</span> <span class='ocrx_word' id='word_1_353' title='bbox 325 1648 344 1667; x_wconf 99' lang='grc' dir='ltr'><strong>Τ</strong></span> <span class='ocrx_word' id='word_1_354' title='bbox 355 1649 371 1668; x_wconf 95' lang='lat'>0</span> <span class='ocrx_word' id='word_1_355' title='bbox 380 1649 396 1667; x_wconf 77' lang='lat' dir='ltr'>R</span> <span class='ocrx_word' id='word_1_356' title='bbox 405 1661 413 1674; x_wconf 89' lang='lat'>‚</span> <span class='ocrx_word' id='word_1_357' title='bbox 434 1638 497 1668; x_wconf 74' lang='lat' dir='ltr'>oris.</span> <span class='ocrx_word' id='word_1_358' title='bbox 520 1647 558 1666; x_wconf 91' lang='lat' dir='ltr'>m.</span> <span class='ocrx_word' id='word_1_359' title='bbox 590 1636 649 1674; x_wconf 82' lang='lat' dir='ltr'>Qui</span> <span class='ocrx_word' id='word_1_360' title='bbox 657 1635 791 1674; x_wconf 86' lang='lat' dir='ltr'>colaphos</span> <span class='ocrx_word' id='word_1_361' title='bbox 800 1635 860 1665; x_wconf 88' lang='lat' dir='ltr'>aliis</span> <span class='ocrx_word' id='word_1_362' title='bbox 869 1635 973 1674; x_wconf 87' lang='lat' dir='ltr'>gaudet</span> <span class='ocrx_word' id='word_1_363' title='bbox 983 1635 1118 1664; x_wconf 83' lang='lat' dir='ltr'>incutere.</span> <span class='ocrx_word' id='word_1_364' title='bbox 1141 1633 1225 1663; x_wconf 75' lang='lat' dir='ltr'>Gloss.</span> <span class='ocrx_word' id='word_1_365' title='bbox 1234 1633 1292 1664; x_wconf 90' lang='lat' dir='ltr'>Lat.</span> <span class='ocrx_word' id='word_1_366' title='bbox 1305 1634 1352 1664; x_wconf 86' lang='lat' dir='ltr'>Gr.</span> 
     </span>
     <span class='ocr_line' id='line_1_41' title="bbox 229 1672 534 1715; baseline -0.01 -7"><span class='ocrx_word' id='word_1_367' title='bbox 229 1677 358 1715; x_wconf 86' lang='lat' dir='ltr'>Alapator</span> <span class='ocrx_word' id='word_1_368' title='bbox 371 1699 379 1712; x_wconf 81' lang='lat'>,</span> <span class='ocrx_word' id='word_1_369' title='bbox 407 1672 534 1713; x_wconf 65' lang='grc' dir='ltr'><strong>κεωχηπὶς.</strong></span> 
     </span>
    </p>

    <p class='ocr_par' dir='ltr' id='par_1_24' title="bbox 190 1709 1355 1751">
     <span class='ocr_line' id='line_1_42' title="bbox 190 1709 1355 1751; baseline -0.006 -6"><span class='ocrx_word' id='word_1_370' title='bbox 190 1716 215 1748; x_wconf 84' lang='lat' dir='ltr'>A</span> <span class='ocrx_word' id='word_1_371' title='bbox 224 1728 241 1745; x_wconf 91' lang='lat' dir='ltr'>L</span> <span class='ocrx_word' id='word_1_372' title='bbox 251 1727 268 1744; x_wconf 93' lang='lat' dir='ltr'>A</span> <span class='ocrx_word' id='word_1_373' title='bbox 280 1726 293 1744; x_wconf 81' lang='lat' dir='ltr'>r&gt;</span> <span class='ocrx_word' id='word_1_374' title='bbox 303 1725 321 1744; x_wconf 81' lang='lat' dir='ltr'>u</span> <span class='ocrx_word' id='word_1_375' title='bbox 330 1725 343 1744; x_wconf 90' lang='lat' dir='ltr'>s</span> <span class='ocrx_word' id='word_1_376' title='bbox 353 1738 360 1750; x_wconf 81' lang='grc'><em>,</em></span> <span class='ocrx_word' id='word_1_377' title='bbox 394 1715 412 1744; x_wconf 83' lang='lat' dir='ltr'>i.</span> <span class='ocrx_word' id='word_1_378' title='bbox 434 1725 472 1744; x_wconf 87' lang='lat' dir='ltr'>in.</span> <span class='ocrx_word' id='word_1_379' title='bbox 492 1713 623 1743; x_wconf 85' lang='lat' dir='ltr'>Parasitus</span> <span class='ocrx_word' id='word_1_380' title='bbox 629 1718 745 1751; x_wconf 87' lang='lat' dir='ltr'>propter</span> <span class='ocrx_word' id='word_1_381' title='bbox 755 1711 916 1742; x_wconf 84' lang='lat' dir='ltr'>mercedem</span> <span class='ocrx_word' id='word_1_382' title='bbox 927 1710 1024 1749; x_wconf 87' lang='lat' dir='ltr'>Alapas</span> <span class='ocrx_word' id='word_1_383' title='bbox 1035 1710 1142 1746; x_wconf 85' lang='lat' dir='ltr'>ferens,</span> <span class='ocrx_word' id='word_1_384' title='bbox 1162 1710 1194 1740; x_wconf 84' lang='lat' dir='ltr'>in</span> <span class='ocrx_word' id='word_1_385' title='bbox 1210 1709 1294 1739; x_wconf 80' lang='lat' dir='ltr'>Gloff.</span> <span class='ocrx_word' id='word_1_386' title='bbox 1309 1709 1355 1740; x_wconf 87' lang='lat' dir='ltr'>Ifi-</span> 
     </span>
    </p>

    <p class='ocr_par' dir='ltr' id='par_1_25' title="bbox 164 1751 724 1789">
     <span class='ocr_line' id='line_1_43' title="bbox 164 1751 724 1789; baseline -0.007 -5"><span class='ocrx_word' id='word_1_387' title='bbox 164 1786 167 1789; x_wconf 23' lang='grc' dir='ltr'><strong>Δ</strong></span> <span class='ocrx_word' id='word_1_388' title='bbox 229 1754 289 1783; x_wconf 91' lang='lat' dir='ltr'>dor.</span> <span class='ocrx_word' id='word_1_389' title='bbox 332 1753 362 1783; x_wconf 92' lang='lat' dir='ltr'>V.</span> <span class='ocrx_word' id='word_1_390' title='bbox 385 1753 475 1782; x_wconf 81' lang='lat' dir='ltr'>Barth.</span> <span class='ocrx_word' id='word_1_391' title='bbox 488 1751 596 1781; x_wconf 86' lang='lat' dir='ltr'>Advers.</span> <span class='ocrx_word' id='word_1_392' title='bbox 621 1762 663 1787; x_wconf 88' lang='lat'>19.</span> <span class='ocrx_word' id='word_1_393' title='bbox 680 1760 724 1781; x_wconf 90' lang='lat'>22.</span> 
     </span>
    </p>

    <p class='ocr_par' dir='ltr' id='par_1_26' title="bbox 190 1785 1357 1978">
     <span class='ocr_line' id='line_1_44' title="bbox 190 1785 1352 1825; baseline -0.005 -3"><span class='ocrx_word' id='word_1_394' title='bbox 190 1793 212 1823; x_wconf 92' lang='lat' dir='ltr'>A</span> <span class='ocrx_word' id='word_1_395' title='bbox 222 1804 238 1822; x_wconf 88' lang='lat' dir='ltr'>L</span> <span class='ocrx_word' id='word_1_396' title='bbox 248 1802 267 1821; x_wconf 90' lang='lat' dir='ltr'>A</span> <span class='ocrx_word' id='word_1_397' title='bbox 276 1802 291 1821; x_wconf 74' lang='grc' dir='ltr'><strong>Ρ</strong></span> <span class='ocrx_word' id='word_1_398' title='bbox 300 1803 309 1821; x_wconf 88' lang='lat'>1</span> <span class='ocrx_word' id='word_1_399' title='bbox 320 1802 332 1821; x_wconf 91' lang='lat' dir='ltr'>s</span> <span class='ocrx_word' id='word_1_400' title='bbox 341 1801 360 1820; x_wconf 91' lang='grc' dir='ltr'><strong>Τ</strong></span> <span class='ocrx_word' id='word_1_401' title='bbox 369 1801 389 1820; x_wconf 97' lang='lat' dir='ltr'>A</span> <span class='ocrx_word' id='word_1_402' title='bbox 400 1813 408 1825; x_wconf 76' lang='grc'><em>,</em></span> <span class='ocrx_word' id='word_1_403' title='bbox 429 1801 460 1820; x_wconf 85' lang='lat' dir='ltr'>ae.</span> <span class='ocrx_word' id='word_1_404' title='bbox 481 1800 518 1819; x_wconf 88' lang='lat' dir='ltr'>m.</span> <span class='ocrx_word' id='word_1_405' title='bbox 547 1790 636 1819; x_wconf 88' lang='lat' dir='ltr'>Idem.</span> <span class='ocrx_word' id='word_1_406' title='bbox 667 1789 742 1818; x_wconf 86' lang='lat' dir='ltr'>Hinc</span> <span class='ocrx_word' id='word_1_407' title='bbox 752 1788 800 1818; x_wconf 84' lang='lat' dir='ltr'>Ala</span> <span class='ocrx_word' id='word_1_408' title='bbox 822 1788 932 1817; x_wconf 89' lang='lat' dir='ltr'>istarum</span> <span class='ocrx_word' id='word_1_409' title='bbox 940 1787 1067 1825; x_wconf 82' lang='lat' dir='ltr'>strepitus</span> <span class='ocrx_word' id='word_1_410' title='bbox 1075 1785 1151 1824; x_wconf 86' lang='lat' dir='ltr'>apud</span> <span class='ocrx_word' id='word_1_411' title='bbox 1164 1785 1265 1815; x_wconf 91' lang='lat' dir='ltr'>Arnob.</span> <span class='ocrx_word' id='word_1_412' title='bbox 1283 1794 1308 1822; x_wconf 89' lang='lat'>7.</span> <span class='ocrx_word' id='word_1_413' title='bbox 1322 1796 1352 1824; x_wconf 89' lang='lat' dir='ltr'>p.</span> 
     </span>
     <span class='ocr_line' id='line_1_45' title="bbox 229 1799 1351 1868; baseline -0.007 -8"><span class='ocrx_word' id='word_1_414' title='bbox 229 1839 293 1865; x_wconf 86' lang='lat'>239.</span> <span class='ocrx_word' id='word_1_415' title='bbox 316 1840 366 1868; x_wconf 91' lang='lat' dir='ltr'>pro</span> <span class='ocrx_word' id='word_1_416' title='bbox 386 1828 481 1858; x_wconf 83' lang='lat' dir='ltr'>Mimis</span> <span class='ocrx_word' id='word_1_417' title='bbox 495 1830 521 1858; x_wconf 73' lang='grc' dir='ltr'>ἃ</span> <span class='ocrx_word' id='word_1_418' title='bbox 541 1827 704 1857; x_wconf 87' lang='lat' dir='ltr'>ludionibus</span> <span class='ocrx_word' id='word_1_419' title='bbox 714 1827 779 1864; x_wconf 87' lang='lat' dir='ltr'>qui,</span> <span class='ocrx_word' id='word_1_420' title='bbox 800 1799 883 1855; x_wconf 55' lang='lat' dir='ltr'>sinito</span> <span class='ocrx_word' id='word_1_421' title='bbox 900 1825 1058 1863; x_wconf 66' lang='lat' dir='ltr'>spectaculo</span> <span class='ocrx_word' id='word_1_422' title='bbox 1070 1846 1078 1859; x_wconf 84' lang='lat'>,</span> <span class='ocrx_word' id='word_1_423' title='bbox 1099 1832 1131 1853; x_wconf 92' lang='lat' dir='ltr'>ut</span> <span class='ocrx_word' id='word_1_424' title='bbox 1150 1824 1275 1861; x_wconf 90' lang='lat' dir='ltr'>loquitur</span> <span class='ocrx_word' id='word_1_425' title='bbox 1284 1823 1351 1853; x_wconf 88' lang='lat' dir='ltr'>Ter.</span> 
     </span>
     <span class='ocr_line' id='line_1_46' title="bbox 228 1862 1353 1905; baseline -0.005 -8"><span class='ocrx_word' id='word_1_426' title='bbox 228 1867 291 1897; x_wconf 91' lang='lat' dir='ltr'>tull.</span> <span class='ocrx_word' id='word_1_427' title='bbox 312 1868 347 1897; x_wconf 91' lang='lat' dir='ltr'>de</span> <span class='ocrx_word' id='word_1_428' title='bbox 359 1868 482 1905; x_wconf 59' lang='lat' dir='ltr'>Sper-tac.</span> <span class='ocrx_word' id='word_1_429' title='bbox 497 1875 556 1904; x_wconf 87' lang='lat' dir='ltr'>cap.</span> <span class='ocrx_word' id='word_1_430' title='bbox 568 1875 612 1902; x_wconf 81' lang='lat'>23.</span> <span class='ocrx_word' id='word_1_431' title='bbox 635 1865 736 1895; x_wconf 88' lang='lat' dir='ltr'>faciem</span> <span class='ocrx_word' id='word_1_432' title='bbox 757 1864 832 1894; x_wconf 90' lang='lat' dir='ltr'>suam</span> <span class='ocrx_word' id='word_1_433' title='bbox 850 1863 1030 1893; x_wconf 88' lang='lat' dir='ltr'>contumeliis</span> <span class='ocrx_word' id='word_1_434' title='bbox 1044 1862 1186 1900; x_wconf 78' lang='lat' dir='ltr'>alaparum</span> <span class='ocrx_word' id='word_1_435' title='bbox 1195 1862 1353 1898; x_wconf 85' lang='lat' dir='ltr'>objiciunt:</span> 
     </span>
     <span class='ocr_line' id='line_1_47' title="bbox 230 1900 1357 1943; baseline -0.006 -8"><span class='ocrx_word' id='word_1_436' title='bbox 230 1907 273 1935; x_wconf 80' lang='lat' dir='ltr'>his</span> <span class='ocrx_word' id='word_1_437' title='bbox 289 1905 366 1935; x_wconf 89' lang='lat' dir='ltr'>enim</span> <span class='ocrx_word' id='word_1_438' title='bbox 390 1904 476 1943; x_wconf 85' lang='lat' dir='ltr'>alapis</span> <span class='ocrx_word' id='word_1_439' title='bbox 497 1904 545 1933; x_wconf 84' lang='lat' dir='ltr'>sibi</span> <span class='ocrx_word' id='word_1_440' title='bbox 564 1903 686 1932; x_wconf 89' lang='lat' dir='ltr'>invicem</span> <span class='ocrx_word' id='word_1_441' title='bbox 706 1902 820 1932; x_wconf 64' lang='lat' dir='ltr'>inflictis</span> <span class='ocrx_word' id='word_1_442' title='bbox 839 1902 1006 1940; x_wconf 65' lang='lat' dir='ltr'>spectatores</span> <span class='ocrx_word' id='word_1_443' title='bbox 1035 1901 1070 1930; x_wconf 89' lang='lat' dir='ltr'>ad</span> <span class='ocrx_word' id='word_1_444' title='bbox 1094 1900 1177 1929; x_wconf 88' lang='lat' dir='ltr'>risum</span> <span class='ocrx_word' id='word_1_445' title='bbox 1196 1909 1357 1929; x_wconf 89' lang='lat' dir='ltr'>commove-</span> 
     </span>
     <span class='ocr_line' id='line_1_48' title="bbox 228 1938 1314 1978; baseline -0.006 -5"><span class='ocrx_word' id='word_1_446' title='bbox 228 1944 305 1973; x_wconf 83' lang='lat' dir='ltr'>bant.</span> <span class='ocrx_word' id='word_1_447' title='bbox 346 1943 386 1973; x_wconf 87' lang='lat' dir='ltr'>Ita</span> <span class='ocrx_word' id='word_1_448' title='bbox 405 1942 500 1972; x_wconf 89' lang='lat' dir='ltr'>locum</span> <span class='ocrx_word' id='word_1_449' title='bbox 520 1941 635 1971; x_wconf 91' lang='lat' dir='ltr'>Arnobii</span> <span class='ocrx_word' id='word_1_450' title='bbox 649 1941 766 1970; x_wconf 89' lang='lat' dir='ltr'>restituit</span> <span class='ocrx_word' id='word_1_451' title='bbox 784 1940 906 1978; x_wconf 78' lang='lat' dir='ltr'>Scaliger</span> <span class='ocrx_word' id='word_1_452' title='bbox 923 1950 974 1977; x_wconf 93' lang='lat' dir='ltr'>pro</span> <span class='ocrx_word' id='word_1_453' title='bbox 991 1939 1175 1976; x_wconf 86' lang='lat' dir='ltr'>Salapitarum</span> <span class='ocrx_word' id='word_1_454' title='bbox 1192 1938 1314 1975; x_wconf 89' lang='lat' dir='ltr'>strepitu.</span> 
     </span>
    </p>

    <p class='ocr_par' dir='ltr' id='par_1_27' title="bbox 190 1975 1359 2093">
     <span class='ocr_line' id='line_1_49' title="bbox 190 1975 1359 2017; baseline -0.006 -6"><span class='ocrx_word' id='word_1_455' title='bbox 190 1984 213 2013; x_wconf 85' lang='lat' dir='ltr'>A</span> <span class='ocrx_word' id='word_1_456' title='bbox 223 1994 238 2011; x_wconf 92' lang='lat' dir='ltr'>L</span> <span class='ocrx_word' id='word_1_457' title='bbox 248 1984 263 2011; x_wconf 63' lang='lat' dir='ltr'>A</span> <span class='ocrx_word' id='word_1_458' title='bbox 273 1993 286 2010; x_wconf 78' lang='grc' dir='ltr'>Ρ</span> <span class='ocrx_word' id='word_1_459' title='bbox 296 1985 312 2011; x_wconf 68' lang='lat' dir='ltr'>A</span> <span class='ocrx_word' id='word_1_460' title='bbox 321 1991 341 2010; x_wconf 89' lang='grc' dir='ltr'><strong>Τ</strong></span> <span class='ocrx_word' id='word_1_461' title='bbox 352 1991 370 2010; x_wconf 81' lang='lat' dir='ltr'>H</span> <span class='ocrx_word' id='word_1_462' title='bbox 381 1991 400 2009; x_wconf 82' lang='lat' dir='ltr'>u</span> <span class='ocrx_word' id='word_1_463' title='bbox 408 1991 420 2010; x_wconf 91' lang='lat' dir='ltr'>s</span> <span class='ocrx_word' id='word_1_464' title='bbox 430 2003 438 2016; x_wconf 91' lang='lat'>,</span> <span class='ocrx_word' id='word_1_465' title='bbox 464 1980 656 2017; x_wconf 53' lang='grc' dir='ltr'>[ἀλ-ἐπιθῶ]</span> <span class='ocrx_word' id='word_1_466' title='bbox 678 1979 771 2008; x_wconf 78' lang='lat' dir='ltr'>Herba</span> <span class='ocrx_word' id='word_1_467' title='bbox 784 1978 943 2017; x_wconf 88' lang='lat' dir='ltr'>purgatoria</span> <span class='ocrx_word' id='word_1_468' title='bbox 953 2000 961 2013; x_wconf 85' lang='lat'>,</span> <span class='ocrx_word' id='word_1_469' title='bbox 986 1987 1068 2014; x_wconf 87' lang='lat' dir='ltr'>quam</span> <span class='ocrx_word' id='word_1_470' title='bbox 1083 1976 1227 2014; x_wconf 88' lang='lat' dir='ltr'>Lapathon</span> <span class='ocrx_word' id='word_1_471' title='bbox 1241 1975 1359 2005; x_wconf 89' lang='lat' dir='ltr'>Diosco-</span> 
     </span>
     <span class='ocr_line' id='line_1_50' title="bbox 228 2014 1355 2055; baseline -0.005 -6"><span class='ocrx_word' id='word_1_472' title='bbox 228 2020 303 2050; x_wconf 89' lang='lat' dir='ltr'>rides</span> <span class='ocrx_word' id='word_1_473' title='bbox 313 2042 320 2054; x_wconf 84' lang='lat'><strong>‚</strong></span> <span class='ocrx_word' id='word_1_474' title='bbox 343 2021 368 2049; x_wconf 85' lang='lat'>&amp;</span> <span class='ocrx_word' id='word_1_475' title='bbox 380 2018 470 2048; x_wconf 87' lang='lat' dir='ltr'>Latini</span> <span class='ocrx_word' id='word_1_476' title='bbox 482 2018 629 2048; x_wconf 86' lang='lat' dir='ltr'>Rumicem</span> <span class='ocrx_word' id='word_1_477' title='bbox 642 2017 794 2055; x_wconf 81' lang='lat' dir='ltr'>appellant.</span> <span class='ocrx_word' id='word_1_478' title='bbox 816 2016 904 2046; x_wconf 66' lang='lat' dir='ltr'>Graeci</span> <span class='ocrx_word' id='word_1_479' title='bbox 920 2016 998 2046; x_wconf 90' lang='lat' dir='ltr'>enim</span> <span class='ocrx_word' id='word_1_480' title='bbox 1008 2016 1131 2042; x_wconf 67' lang='grc' dir='ltr'>ἀλάπαθοι</span> <span class='ocrx_word' id='word_1_481' title='bbox 1145 2036 1154 2050; x_wconf 86' lang='grc'><strong>,</strong></span> <span class='ocrx_word' id='word_1_482' title='bbox 1174 2014 1355 2052; x_wconf 82' lang='lat' dir='ltr'>purgationes</span> 
     </span>
     <span class='ocr_line' id='line_1_51' title="bbox 228 2056 690 2093; baseline -0.006 -5"><span class='ocrx_word' id='word_1_483' title='bbox 228 2063 339 2088; x_wconf 85' lang='lat' dir='ltr'>vocant.</span> <span class='ocrx_word' id='word_1_484' title='bbox 362 2057 451 2086; x_wconf 83' lang='lat' dir='ltr'>Ruell.</span> <span class='ocrx_word' id='word_1_485' title='bbox 463 2056 512 2086; x_wconf 90' lang='lat' dir='ltr'>lib.</span> <span class='ocrx_word' id='word_1_486' title='bbox 523 2066 549 2086; x_wconf 91' lang='lat'>2.</span> <span class='ocrx_word' id='word_1_487' title='bbox 565 2066 626 2093; x_wconf 88' lang='lat' dir='ltr'>cap.</span> <span class='ocrx_word' id='word_1_488' title='bbox 645 2066 690 2091; x_wconf 83' lang='lat'>49.</span> 
     </span>
    </p>

    <p class='ocr_par' dir='ltr' id='par_1_28' title="bbox 191 2089 1355 2278">
     <span class='ocr_line' id='line_1_52' title="bbox 191 2089 1354 2131; baseline -0.007 -5"><span class='ocrx_word' id='word_1_489' title='bbox 191 2096 212 2126; x_wconf 91' lang='lat' dir='ltr'>A</span> <span class='ocrx_word' id='word_1_490' title='bbox 221 2108 237 2125; x_wconf 92' lang='lat' dir='ltr'>L</span> <span class='ocrx_word' id='word_1_491' title='bbox 247 2101 262 2125; x_wconf 77' lang='lat' dir='ltr'>A</span> <span class='ocrx_word' id='word_1_492' title='bbox 271 2106 287 2124; x_wconf 71' lang='lat' dir='ltr'>a</span> <span class='ocrx_word' id='word_1_493' title='bbox 295 2099 308 2124; x_wconf 80' lang='grc' dir='ltr'>ῑ</span> <span class='ocrx_word' id='word_1_494' title='bbox 316 2105 334 2125; x_wconf 78' lang='lat' dir='ltr'>c</span> <span class='ocrx_word' id='word_1_495' title='bbox 342 2105 361 2124; x_wconf 81' lang='lat' dir='ltr'>u</span> <span class='ocrx_word' id='word_1_496' title='bbox 370 2105 382 2124; x_wconf 89' lang='lat' dir='ltr'>s</span> <span class='ocrx_word' id='word_1_497' title='bbox 392 2117 400 2129; x_wconf 79' lang='grc'><em>,</em></span> <span class='ocrx_word' id='word_1_498' title='bbox 430 2096 445 2131; x_wconf 87' lang='grc'>[</span> <span class='ocrx_word' id='word_1_499' title='bbox 459 2094 608 2129; x_wconf 56' lang='grc' dir='ltr'>Α’λάεβιως]</span> <span class='ocrx_word' id='word_1_500' title='bbox 637 2094 750 2123; x_wconf 87' lang='lat' dir='ltr'>Nomen</span> <span class='ocrx_word' id='word_1_501' title='bbox 760 2092 917 2122; x_wconf 86' lang='lat' dir='ltr'>Gothorum</span> <span class='ocrx_word' id='word_1_502' title='bbox 929 2091 1002 2129; x_wconf 82' lang='lat' dir='ltr'>regis</span> <span class='ocrx_word' id='word_1_503' title='bbox 1011 2113 1019 2126; x_wconf 85' lang='lat'>,</span> <span class='ocrx_word' id='word_1_504' title='bbox 1041 2092 1088 2128; x_wconf 91' lang='lat' dir='ltr'>qui</span> <span class='ocrx_word' id='word_1_505' title='bbox 1097 2090 1219 2120; x_wconf 89' lang='lat' dir='ltr'>Romam</span> <span class='ocrx_word' id='word_1_506' title='bbox 1227 2089 1336 2119; x_wconf 83' lang='lat' dir='ltr'>obsedit</span> <span class='ocrx_word' id='word_1_507' title='bbox 1344 2112 1354 2125; x_wconf 85' lang='lat'><em>‚</em></span> 
     </span>
     <span class='ocr_line' id='line_1_53' title="bbox 229 2128 1355 2171; baseline -0.006 -8"><span class='ocrx_word' id='word_1_508' title='bbox 229 2133 426 2171; x_wconf 75' lang='lat' dir='ltr'>destruxitque.</span> <span class='ocrx_word' id='word_1_509' title='bbox 478 2132 511 2162; x_wconf 83' lang='lat' dir='ltr'>V.</span> <span class='ocrx_word' id='word_1_510' title='bbox 532 2132 633 2161; x_wconf 89' lang='lat' dir='ltr'>Zosim.</span> <span class='ocrx_word' id='word_1_511' title='bbox 648 2143 671 2168; x_wconf 87' lang='lat'>5.</span> <span class='ocrx_word' id='word_1_512' title='bbox 690 2137 733 2169; x_wconf 84' lang='lat'>38.</span> <span class='ocrx_word' id='word_1_513' title='bbox 765 2131 828 2161; x_wconf 88' lang='lat' dir='ltr'>Fuit</span> <span class='ocrx_word' id='word_1_514' title='bbox 838 2132 864 2161; x_wconf 73' lang='lat' dir='ltr'>&lt;Sc</span> <span class='ocrx_word' id='word_1_515' title='bbox 876 2130 944 2160; x_wconf 84' lang='lat' dir='ltr'>alter</span> <span class='ocrx_word' id='word_1_516' title='bbox 958 2129 1081 2159; x_wconf 81' lang='lat' dir='ltr'>Alaricus</span> <span class='ocrx_word' id='word_1_517' title='bbox 1095 2151 1104 2165; x_wconf 89' lang='lat'>‚</span> <span class='ocrx_word' id='word_1_518' title='bbox 1135 2128 1291 2158; x_wconf 89' lang='lat' dir='ltr'>Gothorum</span> <span class='ocrx_word' id='word_1_519' title='bbox 1305 2137 1355 2157; x_wconf 83' lang='lat' dir='ltr'>rex</span> 
     </span>
     <span class='ocr_line' id='line_1_54' title="bbox 229 2165 1355 2210; baseline -0.006 -9"><span class='ocrx_word' id='word_1_520' title='bbox 229 2178 358 2210; x_wconf 78' lang='lat' dir='ltr'>quartus,</span> <span class='ocrx_word' id='word_1_521' title='bbox 387 2177 494 2200; x_wconf 85' lang='lat' dir='ltr'>creatus</span> <span class='ocrx_word' id='word_1_522' title='bbox 510 2180 584 2199; x_wconf 90' lang='lat' dir='ltr'>anno</span> <span class='ocrx_word' id='word_1_523' title='bbox 601 2175 665 2204; x_wconf 76' lang='lat'>854-</span> <span class='ocrx_word' id='word_1_524' title='bbox 688 2170 734 2207; x_wconf 91' lang='lat' dir='ltr'>qui</span> <span class='ocrx_word' id='word_1_525' title='bbox 747 2169 835 2198; x_wconf 85' lang='lat' dir='ltr'>etiam</span> <span class='ocrx_word' id='word_1_526' title='bbox 854 2169 973 2198; x_wconf 82' lang='lat' dir='ltr'>Romam</span> <span class='ocrx_word' id='word_1_527' title='bbox 986 2167 1085 2197; x_wconf 89' lang='lat' dir='ltr'>urbem</span> <span class='ocrx_word' id='word_1_528' title='bbox 1099 2167 1196 2204; x_wconf 88' lang='lat' dir='ltr'>cepit:</span> <span class='ocrx_word' id='word_1_529' title='bbox 1218 2165 1266 2195; x_wconf 91' lang='lat' dir='ltr'>sed</span> <span class='ocrx_word' id='word_1_530' title='bbox 1282 2166 1355 2204; x_wconf 88' lang='lat' dir='ltr'>post-</span> 
     </span>
     <span class='ocr_line' id='line_1_55' title="bbox 229 2203 1353 2247; baseline -0.005 -8"><span class='ocrx_word' id='word_1_531' title='bbox 229 2210 346 2239; x_wconf 87' lang='lat' dir='ltr'>modum</span> <span class='ocrx_word' id='word_1_532' title='bbox 367 2218 416 2247; x_wconf 91' lang='lat' dir='ltr'>per</span> <span class='ocrx_word' id='word_1_533' title='bbox 434 2208 560 2238; x_wconf 87' lang='lat' dir='ltr'>fraudem</span> <span class='ocrx_word' id='word_1_534' title='bbox 579 2208 663 2237; x_wconf 87' lang='lat' dir='ltr'>indie</span> <span class='ocrx_word' id='word_1_535' title='bbox 674 2207 782 2237; x_wconf 84' lang='lat' dir='ltr'>Paschae</span> <span class='ocrx_word' id='word_1_536' title='bbox 799 2206 882 2236; x_wconf 87' lang='lat' dir='ltr'>occisi</span> <span class='ocrx_word' id='word_1_537' title='bbox 900 2206 964 2236; x_wconf 93' lang='lat' dir='ltr'>sunt</span> <span class='ocrx_word' id='word_1_538' title='bbox 985 2206 1079 2235; x_wconf 87' lang='lat' dir='ltr'>Gothi.</span> <span class='ocrx_word' id='word_1_539' title='bbox 1109 2204 1206 2235; x_wconf 86' lang='lat' dir='ltr'>Claud.</span> <span class='ocrx_word' id='word_1_540' title='bbox 1228 2204 1264 2233; x_wconf 90' lang='lat' dir='ltr'>de</span> <span class='ocrx_word' id='word_1_541' title='bbox 1285 2203 1353 2234; x_wconf 86' lang='lat' dir='ltr'>Bell.</span> 
     </span>
     <span class='ocr_line' id='line_1_56' title="bbox 229 2248 370 2278; baseline -0.014 0"><span class='ocrx_word' id='word_1_542' title='bbox 229 2248 290 2278; x_wconf 87' lang='lat' dir='ltr'>Get.</span> <span class='ocrx_word' id='word_1_543' title='bbox 344 2251 370 2276; x_wconf 91' lang='lat'>6.</span> 
     </span>
    </p>

    <p class='ocr_par' dir='ltr' id='par_1_29' title="bbox 301 2259 1083 2361">
     <span class='ocr_line' id='line_1_57' title="bbox 301 2259 1083 2323; baseline -0.006 -8"><span class='ocrx_word' id='word_1_544' title='bbox 301 2259 413 2323; x_wconf 56' lang='lat' dir='ltr'>Aimipe</span> <span class='ocrx_word' id='word_1_545' title='bbox 430 2294 528 2313; x_wconf 87' lang='lat' dir='ltr'>omnes</span> <span class='ocrx_word' id='word_1_546' title='bbox 550 2282 655 2312; x_wconf 87' lang='lat' dir='ltr'>Alarice</span> <span class='ocrx_word' id='word_1_547' title='bbox 672 2291 778 2311; x_wconf 87' lang='lat' dir='ltr'>moras:</span> <span class='ocrx_word' id='word_1_548' title='bbox 800 2282 855 2311; x_wconf 86' lang='lat' dir='ltr'>hoe</span> <span class='ocrx_word' id='word_1_549' title='bbox 871 2281 990 2319; x_wconf 87' lang='lat' dir='ltr'>impiger</span> <span class='ocrx_word' id='word_1_550' title='bbox 1008 2290 1083 2311; x_wconf 87' lang='lat' dir='ltr'>anno</span> 
     </span>
     <span class='ocr_line' id='line_1_58' title="bbox 302 2320 991 2361; baseline -0.006 -8"><span class='ocrx_word' id='word_1_551' title='bbox 302 2323 417 2361; x_wconf 85' lang='lat' dir='ltr'>Alpibus</span> <span class='ocrx_word' id='word_1_552' title='bbox 436 2322 520 2352; x_wconf 87' lang='lat' dir='ltr'>Italiae</span> <span class='ocrx_word' id='word_1_553' title='bbox 536 2322 626 2360; x_wconf 86' lang='lat' dir='ltr'>ruptis</span> <span class='ocrx_word' id='word_1_554' title='bbox 645 2320 804 2360; x_wconf 85' lang='lat' dir='ltr'>penetrabis</span> <span class='ocrx_word' id='word_1_555' title='bbox 825 2320 861 2349; x_wconf 86' lang='lat' dir='ltr'>ad</span> <span class='ocrx_word' id='word_1_556' title='bbox 877 2320 991 2350; x_wconf 89' lang='lat' dir='ltr'>Urbem.</span> 
     </span>
    </p>

    <p class='ocr_par' dir='ltr' id='par_1_30' title="bbox 232 2362 347 2391">
     <span class='ocr_line' id='line_1_59' title="bbox 232 2362 347 2391; baseline 0 0"><span class='ocrx_word' id='word_1_557' title='bbox 232 2371 277 2391; x_wconf 88' lang='lat'>20.</span> <span class='ocrx_word' id='word_1_558' title='bbox 292 2362 318 2391; x_wconf 87' lang='lat' dir='ltr'>se</span> <span class='ocrx_word' id='word_1_559' title='bbox 341 2384 347 2391; x_wconf 93' lang='lat'>.</span> 
     </span>
    </p>

    <p class='ocr_par' dir='ltr' id='par_1_31' title="bbox 195 2372 533 2435">
     <span class='ocr_line' id='line_1_60' title="bbox 195 2372 533 2435; baseline -0.009 -6"><span class='ocrx_word' id='word_1_560' title='bbox 195 2400 243 2430; x_wconf 82' lang='lat' dir='ltr'>AL</span> <span class='ocrx_word' id='word_1_561' title='bbox 256 2372 359 2435; x_wconf 61' lang='lat' dir='ltr'>Aiziqs,</span> <span class='ocrx_word' id='word_1_562' title='bbox 399 2398 431 2428; x_wconf 93' lang='lat' dir='ltr'>V.</span> <span class='ocrx_word' id='word_1_563' title='bbox 450 2407 533 2427; x_wconf 88' lang='lat' dir='ltr'>ALA.</span> 
     </span>
    </p>

    <p class='ocr_par' dir='ltr' id='par_1_32' title="bbox 192 2432 1357 2505">
     <span class='ocr_line' id='line_1_61' title="bbox 192 2432 1357 2505; baseline -0.007 -37"><span class='ocrx_word' id='word_1_564' title='bbox 192 2440 213 2468; x_wconf 97' lang='lat' dir='ltr'>A</span> <span class='ocrx_word' id='word_1_565' title='bbox 223 2449 248 2505; x_wconf 50' lang='lat' dir='ltr'>ii)</span> <span class='ocrx_word' id='word_1_566' title='bbox 247 2448 265 2467; x_wconf 86' lang='lat' dir='ltr'>A</span> <span class='ocrx_word' id='word_1_567' title='bbox 275 2448 291 2466; x_wconf 83' lang='lat' dir='ltr'>R</span> <span class='ocrx_word' id='word_1_568' title='bbox 295 2448 319 2505; x_wconf 70' lang='lat' dir='ltr'>H</span> <span class='ocrx_word' id='word_1_569' title='bbox 327 2448 344 2466; x_wconf 84' lang='lat' dir='ltr'>r&gt;</span> <span class='ocrx_word' id='word_1_570' title='bbox 354 2448 403 2504; x_wconf 58' lang='lat'>¹{1&#39;</span> <span class='ocrx_word' id='word_1_571' title='bbox 432 2433 585 2502; x_wconf 50' lang='grc' dir='ltr'>[ΑΙΙλΙζιςόῶω</span> <span class='ocrx_word' id='word_1_572' title='bbox 605 2435 774 2474; x_wconf 86' lang='lat' dir='ltr'>Stephano]</span> <span class='ocrx_word' id='word_1_573' title='bbox 794 2434 893 2474; x_wconf 87' lang='lat' dir='ltr'>Populi</span> <span class='ocrx_word' id='word_1_574' title='bbox 911 2433 974 2463; x_wconf 89' lang='lat' dir='ltr'>sunt</span> <span class='ocrx_word' id='word_1_575' title='bbox 988 2434 1063 2463; x_wconf 87' lang='lat' dir='ltr'>circa</span> <span class='ocrx_word' id='word_1_576' title='bbox 1081 2432 1203 2463; x_wconf 88' lang='lat' dir='ltr'>Pontum</span> <span class='ocrx_word' id='word_1_577' title='bbox 1213 2455 1222 2470; x_wconf 88' lang='lat'>,</span> <span class='ocrx_word' id='word_1_578' title='bbox 1244 2435 1279 2465; x_wconf 87' lang='lat' dir='ltr'>de</span> <span class='ocrx_word' id='word_1_579' title='bbox 1297 2433 1357 2471; x_wconf 88' lang='lat' dir='ltr'>qui.</span> 
     </span>
    </p>

    <p class='ocr_par' dir='ltr' id='par_1_33' title="bbox 251 2481 554 2505">
     <span class='ocr_line' id='line_1_62' title="bbox 251 2481 554 2505; baseline -0.01 0"><span class='ocrx_word' id='word_1_580' title='bbox 251 2486 282 2505; x_wconf 91' lang='lat' dir='ltr'>us</span> <span class='ocrx_word' id='word_1_581' title='bbox 323 2485 369 2504; x_wconf 88' lang='lat' dir='ltr'>ero</span> <span class='ocrx_word' id='word_1_582' title='bbox 393 2481 455 2503; x_wconf 85' lang='lat' dir='ltr'>otus</span> <span class='ocrx_word' id='word_1_583' title='bbox 478 2484 486 2502; x_wconf 94' lang='lat'>1</span> <span class='ocrx_word' id='word_1_584' title='bbox 509 2497 515 2502; x_wconf 93' lang='lat'>.</span> <span class='ocrx_word' id='word_1_585' title='bbox 548 2497 554 2503; x_wconf 97' lang='lat'>.</span> 
     </span>
    </p>

    <p class='ocr_par' dir='ltr' id='par_1_34' title="bbox 192 2483 1191 2547">
     <span class='ocr_line' id='line_1_63' title="bbox 192 2483 1191 2547; baseline -0.005 -4"><span class='ocrx_word' id='word_1_586' title='bbox 192 2516 213 2543; x_wconf 89' lang='lat' dir='ltr'>A</span> <span class='ocrx_word' id='word_1_587' title='bbox 223 2525 238 2543; x_wconf 93' lang='lat' dir='ltr'>L</span> <span class='ocrx_word' id='word_1_588' title='bbox 249 2524 267 2542; x_wconf 90' lang='lat' dir='ltr'>A</span> <span class='ocrx_word' id='word_1_589' title='bbox 278 2524 294 2542; x_wconf 84' lang='lat' dir='ltr'>R</span> <span class='ocrx_word' id='word_1_590' title='bbox 304 2523 323 2542; x_wconf 83' lang='lat' dir='ltr'>u</span> <span class='ocrx_word' id='word_1_591' title='bbox 332 2524 352 2541; x_wconf 84' lang='lat' dir='ltr'><strong>M</strong></span> <span class='ocrx_word' id='word_1_592' title='bbox 365 2535 373 2547; x_wconf 78' lang='lat'>,</span> <span class='ocrx_word' id='word_1_593' title='bbox 395 2513 412 2541; x_wconf 94' lang='lat' dir='ltr'>i.</span> <span class='ocrx_word' id='word_1_594' title='bbox 435 2522 462 2540; x_wconf 92' lang='lat' dir='ltr'>n.</span> <span class='ocrx_word' id='word_1_595' title='bbox 485 2483 578 2540; x_wconf 57' lang='lat' dir='ltr'>Heiba</span> <span class='ocrx_word' id='word_1_596' title='bbox 593 2511 708 2540; x_wconf 87' lang='lat' dir='ltr'>floribus</span> <span class='ocrx_word' id='word_1_597' title='bbox 724 2510 811 2540; x_wconf 82' lang='lat' dir='ltr'>caffiae</span> <span class='ocrx_word' id='word_1_598' title='bbox 824 2509 969 2539; x_wconf 78' lang='lat' dir='ltr'>similibus.</span> <span class='ocrx_word' id='word_1_599' title='bbox 995 2509 1090 2539; x_wconf 82' lang='lat' dir='ltr'>lfidor.</span> <span class='ocrx_word' id='word_1_600' title='bbox 1109 2519 1152 2547; x_wconf 89' lang='lat'>17.</span> <span class='ocrx_word' id='word_1_601' title='bbox 1165 2519 1191 2546; x_wconf 90' lang='lat'>9.</span> 
     </span>
    </p>

    <p class='ocr_par' dir='ltr' id='par_1_35' title="bbox 192 2548 1121 2588">
     <span class='ocr_line' id='line_1_64' title="bbox 192 2548 1121 2588; baseline -0.005 -7"><span class='ocrx_word' id='word_1_602' title='bbox 192 2552 289 2581; x_wconf 85' lang='lat' dir='ltr'>ALAs</span> <span class='ocrx_word' id='word_1_603' title='bbox 301 2562 309 2579; x_wconf 86' lang='lat'>1</span> <span class='ocrx_word' id='word_1_604' title='bbox 323 2573 331 2586; x_wconf 89' lang='lat'>,</span> <span class='ocrx_word' id='word_1_605' title='bbox 353 2551 399 2588; x_wconf 87' lang='lat' dir='ltr'>Op</span> <span class='ocrx_word' id='word_1_606' title='bbox 423 2550 502 2578; x_wconf 88' lang='lat' dir='ltr'>idum</span> <span class='ocrx_word' id='word_1_607' title='bbox 524 2550 621 2579; x_wconf 75' lang='lat' dir='ltr'>Afrieae</span> <span class='ocrx_word' id='word_1_608' title='bbox 631 2550 798 2587; x_wconf 82' lang='lat' dir='ltr'>Cyrenaicae.</span> <span class='ocrx_word' id='word_1_609' title='bbox 822 2548 892 2578; x_wconf 91' lang='lat' dir='ltr'>Plin.</span> <span class='ocrx_word' id='word_1_610' title='bbox 906 2548 954 2577; x_wconf 92' lang='lat' dir='ltr'>lib.</span> <span class='ocrx_word' id='word_1_611' title='bbox 971 2559 994 2583; x_wconf 82' lang='lat'>5.</span> <span class='ocrx_word' id='word_1_612' title='bbox 1020 2557 1080 2585; x_wconf 89' lang='lat' dir='ltr'>cap.</span> <span class='ocrx_word' id='word_1_613' title='bbox 1098 2558 1121 2582; x_wconf 83' lang='grc' dir='ltr'><strong>ς.</strong></span> 
     </span>
    </p>

    <p class='ocr_par' dir='ltr' id='par_1_36' title="bbox 191 2560 1358 2662">
     <span class='ocr_line' id='line_1_65' title="bbox 191 2560 1358 2624; baseline -0.003 -5"><span class='ocrx_word' id='word_1_614' title='bbox 191 2591 264 2620; x_wconf 78' lang='lat' dir='ltr'>ALA</span> <span class='ocrx_word' id='word_1_615' title='bbox 274 2599 286 2617; x_wconf 86' lang='lat' dir='ltr'>s</span> <span class='ocrx_word' id='word_1_616' title='bbox 296 2598 340 2617; x_wconf 82' lang='lat' dir='ltr'>ro</span> <span class='ocrx_word' id='word_1_617' title='bbox 351 2599 381 2623; x_wconf 71' lang='lat' dir='ltr'>a,</span> <span class='ocrx_word' id='word_1_618' title='bbox 402 2560 526 2617; x_wconf 53' lang='lat' dir='ltr'>glutonis</span> <span class='ocrx_word' id='word_1_619' title='bbox 536 2597 672 2624; x_wconf 91' lang='lat' dir='ltr'>equorum</span> <span class='ocrx_word' id='word_1_620' title='bbox 691 2597 772 2616; x_wconf 90' lang='lat' dir='ltr'>unus.</span> <span class='ocrx_word' id='word_1_621' title='bbox 796 2585 894 2615; x_wconf 83' lang='lat' dir='ltr'>Claud.</span> <span class='ocrx_word' id='word_1_622' title='bbox 909 2596 932 2615; x_wconf 83' lang='lat'>1.</span> <span class='ocrx_word' id='word_1_623' title='bbox 949 2587 985 2615; x_wconf 92' lang='lat' dir='ltr'>de</span> <span class='ocrx_word' id='word_1_624' title='bbox 993 2585 1074 2623; x_wconf 87' lang='lat' dir='ltr'>Rapt.</span> <span class='ocrx_word' id='word_1_625' title='bbox 1092 2584 1211 2622; x_wconf 77' lang='lat' dir='ltr'>proserp.</span> <span class='ocrx_word' id='word_1_626' title='bbox 1224 2587 1289 2619; x_wconf 85' lang='lat'>286.</span> <span class='ocrx_word' id='word_1_627' title='bbox 1313 2583 1358 2615; x_wconf 79' lang='lat' dir='ltr'>his</span> 
     </span>
     <span class='ocr_line' id='line_1_66' title="bbox 229 2622 1294 2662; baseline -0.005 -5"><span class='ocrx_word' id='word_1_628' title='bbox 229 2626 350 2657; x_wconf 80' lang='lat' dir='ltr'>verlibus</span> <span class='ocrx_word' id='word_1_629' title='bbox 363 2632 480 2662; x_wconf 83' lang='lat' dir='ltr'>quatuor</span> <span class='ocrx_word' id='word_1_630' title='bbox 494 2625 690 2662; x_wconf 64' lang='lat' dir='ltr'>complectitur</span> <span class='ocrx_word' id='word_1_631' title='bbox 703 2647 711 2660; x_wconf 90' lang='lat'>,</span> <span class='ocrx_word' id='word_1_632' title='bbox 733 2634 797 2654; x_wconf 90' lang='lat' dir='ltr'>cum</span> <span class='ocrx_word' id='word_1_633' title='bbox 809 2624 855 2653; x_wconf 89' lang='lat' dir='ltr'>alii</span> <span class='ocrx_word' id='word_1_634' title='bbox 867 2631 976 2653; x_wconf 86' lang='lat' dir='ltr'>tantum</span> <span class='ocrx_word' id='word_1_635' title='bbox 988 2630 1042 2653; x_wconf 88' lang='lat' dir='ltr'>tres</span> <span class='ocrx_word' id='word_1_636' title='bbox 1052 2622 1106 2653; x_wconf 81' lang='lat' dir='ltr'>effe</span> <span class='ocrx_word' id='word_1_637' title='bbox 1118 2623 1294 2653; x_wconf 82' lang='lat' dir='ltr'>existiment:</span> 
     </span>
    </p>

    <p class='ocr_par' dir='ltr' id='par_1_37' title="bbox 304 2662 1029 2774">
     <span class='ocr_line' id='line_1_67' title="bbox 304 2662 1029 2701; baseline -0.003 -8"><span class='ocrx_word' id='word_1_638' title='bbox 304 2664 462 2701; x_wconf 68' lang='lat' dir='ltr'>Orphnatus</span> <span class='ocrx_word' id='word_1_639' title='bbox 479 2663 592 2692; x_wconf 86' lang='lat' dir='ltr'>crudele</span> <span class='ocrx_word' id='word_1_640' title='bbox 615 2663 720 2692; x_wconf 88' lang='lat' dir='ltr'>micans</span> <span class='ocrx_word' id='word_1_641' title='bbox 731 2685 738 2697; x_wconf 84' lang='lat'><strong>‚</strong></span> <span class='ocrx_word' id='word_1_642' title='bbox 760 2662 920 2699; x_wconf 80' lang='lat' dir='ltr'>AEthonque</span> <span class='ocrx_word' id='word_1_643' title='bbox 934 2662 1029 2700; x_wconf 82' lang='lat' dir='ltr'>sagitta</span> 
     </span>
     <span class='ocr_line' id='line_1_68' title="bbox 304 2700 948 2739; baseline -0.003 -8"><span class='ocrx_word' id='word_1_644' title='bbox 304 2702 400 2739; x_wconf 78' lang='lat' dir='ltr'>Ocyor</span> <span class='ocrx_word' id='word_1_645' title='bbox 412 2723 420 2736; x_wconf 82' lang='lat'>,</span> <span class='ocrx_word' id='word_1_646' title='bbox 442 2702 468 2731; x_wconf 82' lang='lat'>&amp;</span> <span class='ocrx_word' id='word_1_647' title='bbox 482 2701 569 2738; x_wconf 80' lang='lat' dir='ltr'>Stygii</span> <span class='ocrx_word' id='word_1_648' title='bbox 588 2700 708 2730; x_wconf 88' lang='lat' dir='ltr'>crudelis</span> <span class='ocrx_word' id='word_1_649' title='bbox 727 2700 812 2737; x_wconf 83' lang='lat' dir='ltr'>gloria</span> <span class='ocrx_word' id='word_1_650' title='bbox 824 2700 948 2736; x_wconf 67' lang='lat' dir='ltr'>Nycteus</span> 
     </span>
     <span class='ocr_line' id='line_1_69' title="bbox 305 2737 945 2774; baseline -0.003 -6"><span class='ocrx_word' id='word_1_651' title='bbox 305 2740 427 2769; x_wconf 82' lang='lat' dir='ltr'>Arnienti</span> <span class='ocrx_word' id='word_1_652' title='bbox 441 2761 449 2774; x_wconf 86' lang='lat'><em>‚</em></span> <span class='ocrx_word' id='word_1_653' title='bbox 470 2738 542 2767; x_wconf 89' lang='lat' dir='ltr'>Ditis</span> <span class='ocrx_word' id='word_1_654' title='bbox 573 2749 598 2768; x_wconf 84' lang='lat' dir='ltr'>ie</span> <span class='ocrx_word' id='word_1_655' title='bbox 618 2746 685 2767; x_wconf 86' lang='lat' dir='ltr'>nota</span> <span class='ocrx_word' id='word_1_656' title='bbox 697 2738 816 2774; x_wconf 80' lang='lat' dir='ltr'>signatus</span> <span class='ocrx_word' id='word_1_657' title='bbox 834 2737 945 2767; x_wconf 87' lang='lat' dir='ltr'>Alastor.</span> 
     </span>
    </p>

    <p class='ocr_par' dir='ltr' id='par_1_38' title="bbox 230 2749 1355 2814">
     <span class='ocr_line' id='line_1_70' title="bbox 230 2749 1355 2814; baseline -0.003 -6"><span class='ocrx_word' id='word_1_658' title='bbox 230 2777 423 2813; x_wconf 70' lang='lat' dir='ltr'>Malloi-,Unus</span> <span class='ocrx_word' id='word_1_659' title='bbox 432 2787 447 2806; x_wconf 90' lang='lat' dir='ltr'>e</span> <span class='ocrx_word' id='word_1_660' title='bbox 458 2776 537 2805; x_wconf 87' lang='lat' dir='ltr'>sociis</span> <span class='ocrx_word' id='word_1_661' title='bbox 545 2749 718 2814; x_wconf 56' lang='lat' dir='ltr'>(Sarpedonis</span> <span class='ocrx_word' id='word_1_662' title='bbox 728 2775 819 2813; x_wconf 82' lang='lat' dir='ltr'>Lyciae</span> <span class='ocrx_word' id='word_1_663' title='bbox 830 2776 948 2813; x_wconf 70' lang='lat' dir='ltr'>regis.ad</span> <span class='ocrx_word' id='word_1_664' title='bbox 956 2775 1071 2811; x_wconf 87' lang='lat' dir='ltr'>Trojam</span> <span class='ocrx_word' id='word_1_665' title='bbox 1083 2774 1190 2805; x_wconf 81' lang='lat' dir='ltr'>occisus</span> <span class='ocrx_word' id='word_1_666' title='bbox 1198 2774 1233 2804; x_wconf 91' lang='lat' dir='ltr'>ab</span> <span class='ocrx_word' id='word_1_667' title='bbox 1242 2774 1335 2814; x_wconf 82' lang='lat' dir='ltr'>Ulyffe</span> <span class='ocrx_word' id='word_1_668' title='bbox 1347 2784 1355 2805; x_wconf 92' lang='lat'>:</span> 
     </span>
    </p>

    <p class='ocr_par' dir='ltr' id='par_1_39' title="bbox 233 2813 944 2853">
     <span class='ocr_line' id='line_1_71' title="bbox 233 2813 944 2853; baseline -0.003 -7"><span class='ocrx_word' id='word_1_669' title='bbox 233 2818 263 2846; x_wconf 85' lang='lat' dir='ltr'>id</span> <span class='ocrx_word' id='word_1_670' title='bbox 273 2816 349 2853; x_wconf 87' lang='lat' dir='ltr'>quod</span> <span class='ocrx_word' id='word_1_671' title='bbox 359 2815 416 2853; x_wconf 90' lang='lat' dir='ltr'>ipse</span> <span class='ocrx_word' id='word_1_672' title='bbox 426 2815 538 2843; x_wconf 88' lang='lat' dir='ltr'>testatur</span> <span class='ocrx_word' id='word_1_673' title='bbox 547 2814 621 2852; x_wconf 89' lang='lat' dir='ltr'>apud</span> <span class='ocrx_word' id='word_1_674' title='bbox 632 2814 715 2843; x_wconf 83' lang='lat' dir='ltr'>Ovid.</span> <span class='ocrx_word' id='word_1_675' title='bbox 737 2823 777 2850; x_wconf 86' lang='lat'>¹3-</span> <span class='ocrx_word' id='word_1_676' title='bbox 800 2813 869 2842; x_wconf 82' lang='lat' dir='ltr'>Met.</span> <span class='ocrx_word' id='word_1_677' title='bbox 881 2823 944 2851; x_wconf 82' lang='lat'>257.</span> 
     </span>
    </p>

    <p class='ocr_par' dir='ltr' id='par_1_40' title="bbox 230 2851 904 2922">
     <span class='ocr_line' id='line_1_72' title="bbox 230 2851 904 2888; baseline -0.006 -4"><span class='ocrx_word' id='word_1_678' title='bbox 230 2855 349 2888; x_wconf 77' lang='lat' dir='ltr'>Alastor,</span> <span class='ocrx_word' id='word_1_679' title='bbox 378 2852 460 2882; x_wconf 87' lang='lat' dir='ltr'>Nelei</span> <span class='ocrx_word' id='word_1_680' title='bbox 479 2852 552 2881; x_wconf 88' lang='lat' dir='ltr'>filius</span> <span class='ocrx_word' id='word_1_681' title='bbox 573 2852 644 2887; x_wconf 89' lang='lat' dir='ltr'>fuit,</span> <span class='ocrx_word' id='word_1_682' title='bbox 672 2851 795 2881; x_wconf 87' lang='lat' dir='ltr'>Nestoris</span> <span class='ocrx_word' id='word_1_683' title='bbox 814 2851 904 2881; x_wconf 88' lang='lat' dir='ltr'>frater.</span> 
     </span>
     <span class='ocr_line' id='line_1_73' title="bbox 253 2892 431 2922; baseline -0.011 0"><span class='ocrx_word' id='word_1_684' title='bbox 253 2892 431 2922; x_wconf 83' lang='lat' dir='ltr'>Parrhasium.</span> 
     </span>
    </p>

    <p class='ocr_par' dir='ltr' id='par_1_41' title="bbox 193 2925 1358 3041">
     <span class='ocr_line' id='line_1_74' title="bbox 193 2925 1355 2965; baseline -0.004 -4"><span class='ocrx_word' id='word_1_685' title='bbox 193 2932 215 2961; x_wconf 97' lang='lat' dir='ltr'>A</span> <span class='ocrx_word' id='word_1_686' title='bbox 225 2942 240 2960; x_wconf 76' lang='lat'>1.</span> <span class='ocrx_word' id='word_1_687' title='bbox 252 2941 269 2959; x_wconf 97' lang='lat' dir='ltr'>A</span> <span class='ocrx_word' id='word_1_688' title='bbox 278 2940 297 2959; x_wconf 94' lang='grc' dir='ltr'><strong>Τ</strong></span> <span class='ocrx_word' id='word_1_689' title='bbox 308 2940 326 2959; x_wconf 88' lang='lat' dir='ltr'>A</span> <span class='ocrx_word' id='word_1_690' title='bbox 343 2952 351 2965; x_wconf 63' lang='lat'><em>7</em></span> <span class='ocrx_word' id='word_1_691' title='bbox 373 2930 388 2965; x_wconf 87' lang='lat'>[</span> <span class='ocrx_word' id='word_1_692' title='bbox 402 2927 528 2963; x_wconf 66' lang='grc' dir='ltr'>Ἀλάτα]</span> <span class='ocrx_word' id='word_1_693' title='bbox 549 2926 653 2956; x_wconf 91' lang='lat' dir='ltr'>Civitas</span> <span class='ocrx_word' id='word_1_694' title='bbox 670 2926 749 2956; x_wconf 88' lang='lat' dir='ltr'>estin</span> <span class='ocrx_word' id='word_1_695' title='bbox 762 2926 858 2956; x_wconf 89' lang='lat' dir='ltr'>Arabia</span> <span class='ocrx_word' id='word_1_696' title='bbox 870 2925 944 2955; x_wconf 84' lang='lat' dir='ltr'>felici</span> <span class='ocrx_word' id='word_1_697' title='bbox 957 2948 965 2960; x_wconf 78' lang='lat'>,</span> <span class='ocrx_word' id='word_1_698' title='bbox 987 2926 1062 2964; x_wconf 86' lang='lat' dir='ltr'>apud</span> <span class='ocrx_word' id='word_1_699' title='bbox 1074 2925 1257 2956; x_wconf 74' lang='lat' dir='ltr'>Ptolemaeum</span> <span class='ocrx_word' id='word_1_700' title='bbox 1267 2925 1315 2955; x_wconf 91' lang='lat' dir='ltr'>lib.</span> <span class='ocrx_word' id='word_1_701' title='bbox 1328 2929 1355 2956; x_wconf 90' lang='lat'>6.</span> 
     </span>
     <span class='ocr_line' id='line_1_75' title="bbox 230 2964 1358 3036; baseline -0.004 -39"><span class='ocrx_word' id='word_1_702' title='bbox 230 2979 290 3036; x_wconf 76' lang='lat' dir='ltr'>lcap.</span> <span class='ocrx_word' id='word_1_703' title='bbox 308 2977 331 3006; x_wconf 89' lang='lat'>7.</span> <span class='ocrx_word' id='word_1_704' title='bbox 354 2968 423 2997; x_wconf 89' lang='lat' dir='ltr'>Item</span> <span class='ocrx_word' id='word_1_705' title='bbox 442 2965 528 2995; x_wconf 84' lang='lat' dir='ltr'>altera</span> <span class='ocrx_word' id='word_1_706' title='bbox 545 2965 673 3001; x_wconf 81' lang='lat' dir='ltr'>ejusdem</span> <span class='ocrx_word' id='word_1_707' title='bbox 690 2965 812 2994; x_wconf 87' lang='lat' dir='ltr'>nominis</span> <span class='ocrx_word' id='word_1_708' title='bbox 827 2965 856 2993; x_wconf 90' lang='lat' dir='ltr'>in</span> <span class='ocrx_word' id='word_1_709' title='bbox 869 2964 966 2994; x_wconf 86' lang='lat' dir='ltr'>Arabia</span> <span class='ocrx_word' id='word_1_710' title='bbox 987 2964 1092 2994; x_wconf 87' lang='lat' dir='ltr'>deserta</span> <span class='ocrx_word' id='word_1_711' title='bbox 1106 2986 1114 3000; x_wconf 82' lang='lat'>,</span> <span class='ocrx_word' id='word_1_712' title='bbox 1141 2965 1216 3002; x_wconf 89' lang='lat' dir='ltr'>apud</span> <span class='ocrx_word' id='word_1_713' title='bbox 1233 2965 1358 2993; x_wconf 89' lang='lat' dir='ltr'>eundem</span> 
     </span>
     <span class='ocr_line' id='line_1_76' title="bbox 244 3007 469 3041; baseline -0.004 -7"><span class='ocrx_word' id='word_1_714' title='bbox 244 3007 279 3036; x_wconf 92' lang='lat' dir='ltr'>ib.</span> <span class='ocrx_word' id='word_1_715' title='bbox 297 3018 320 3041; x_wconf 85' lang='lat'>5.</span> <span class='ocrx_word' id='word_1_716' title='bbox 342 3016 372 3036; x_wconf 86' lang='lat' dir='ltr'>ca</span> <span class='ocrx_word' id='word_1_717' title='bbox 397 3029 402 3034; x_wconf 95' lang='lat'>.</span> <span class='ocrx_word' id='word_1_718' title='bbox 429 3014 469 3040; x_wconf 89' lang='lat'>19.</span> 
     </span>
    </p>

    <p class='ocr_par' dir='ltr' id='par_1_42' title="bbox 230 3016 1357 3120">
     <span class='ocr_line' id='line_1_77' title="bbox 230 3016 1357 3079; baseline -0.004 -6"><span class='ocrx_word' id='word_1_719' title='bbox 230 3044 307 3074; x_wconf 80' lang='lat' dir='ltr'>Alata</span> <span class='ocrx_word' id='word_1_720' title='bbox 319 3016 409 3073; x_wconf 42' lang='lat' dir='ltr'>Castir&#39;a</span> <span class='ocrx_word' id='word_1_721' title='bbox 429 3040 555 3079; x_wconf 62' lang='grc' dir='ltr'><strong>[Ἀλάτα</strong></span> <span class='ocrx_word' id='word_1_722' title='bbox 573 3039 657 3076; x_wconf 60' lang='lat' dir='ltr'>‚ads-390</span> <span class='ocrx_word' id='word_1_723' title='bbox 672 3039 848 3074; x_wconf 68' lang='lat' dir='ltr'>Ptolemaeo]</span> <span class='ocrx_word' id='word_1_724' title='bbox 869 3039 923 3069; x_wconf 90' lang='lat' dir='ltr'>alio</span> <span class='ocrx_word' id='word_1_725' title='bbox 933 3039 1048 3069; x_wconf 89' lang='lat' dir='ltr'>nomine</span> <span class='ocrx_word' id='word_1_726' title='bbox 1058 3039 1182 3070; x_wconf 81' lang='lat' dir='ltr'>Castrum</span> <span class='ocrx_word' id='word_1_727' title='bbox 1188 3039 1357 3078; x_wconf 87' lang='lat' dir='ltr'>puellarum,</span> 
     </span>
     <span class='ocr_line' id='line_1_78' title="bbox 248 3079 723 3120; baseline -0.013 -8"><span class='ocrx_word' id='word_1_728' title='bbox 248 3082 333 3120; x_wconf 79' lang='lat' dir='ltr'>vulgo</span> <span class='ocrx_word' id='word_1_729' title='bbox 345 3080 474 3116; x_wconf 73' lang='lat' dir='ltr'>Edenburg</span> <span class='ocrx_word' id='word_1_730' title='bbox 488 3102 496 3116; x_wconf 87' lang='lat'>,</span> <span class='ocrx_word' id='word_1_731' title='bbox 523 3079 623 3108; x_wconf 83' lang='lat' dir='ltr'>Scotiae</span> <span class='ocrx_word' id='word_1_732' title='bbox 641 3079 723 3115; x_wconf 83' lang='lat' dir='ltr'>regia.</span> 
     </span>
    </p>

    <p class='ocr_par' dir='ltr' id='par_1_43' title="bbox 191 3114 1359 3225">
     <span class='ocr_line' id='line_1_79' title="bbox 191 3114 1355 3154; baseline -0.004 -5"><span class='ocrx_word' id='word_1_733' title='bbox 191 3120 212 3150; x_wconf 87' lang='lat' dir='ltr'>A</span> <span class='ocrx_word' id='word_1_734' title='bbox 224 3131 240 3148; x_wconf 96' lang='lat' dir='ltr'>L</span> <span class='ocrx_word' id='word_1_735' title='bbox 249 3124 264 3149; x_wconf 60' lang='lat' dir='ltr'>A</span> <span class='ocrx_word' id='word_1_736' title='bbox 274 3130 293 3148; x_wconf 84' lang='grc' dir='ltr'><strong>Τ</strong></span> <span class='ocrx_word' id='word_1_737' title='bbox 304 3130 317 3148; x_wconf 72' lang='grc' dir='ltr'>ιτ,</span> <span class='ocrx_word' id='word_1_738' title='bbox 328 3131 342 3148; x_wconf 74' lang='lat' dir='ltr'>a</span> <span class='ocrx_word' id='word_1_739' title='bbox 352 3129 373 3148; x_wconf 88' lang='lat' dir='ltr'>N</span> <span class='ocrx_word' id='word_1_740' title='bbox 383 3129 401 3148; x_wconf 84' lang='lat' dir='ltr'>u</span> <span class='ocrx_word' id='word_1_741' title='bbox 411 3128 422 3147; x_wconf 93' lang='lat' dir='ltr'>s</span> <span class='ocrx_word' id='word_1_742' title='bbox 431 3140 439 3154; x_wconf 77' lang='lat'>,</span> <span class='ocrx_word' id='word_1_743' title='bbox 460 3119 478 3148; x_wconf 92' lang='lat' dir='ltr'>i.</span> <span class='ocrx_word' id='word_1_744' title='bbox 500 3117 519 3146; x_wconf 88' lang='lat' dir='ltr'>f.</span> <span class='ocrx_word' id='word_1_745' title='bbox 541 3116 688 3146; x_wconf 79' lang='lat' dir='ltr'>Arborlive</span> <span class='ocrx_word' id='word_1_746' title='bbox 696 3115 807 3150; x_wconf 74' lang='lat' dir='ltr'>FruteX,</span> <span class='ocrx_word' id='word_1_747' title='bbox 827 3114 938 3144; x_wconf 88' lang='lat' dir='ltr'>nullum</span> <span class='ocrx_word' id='word_1_748' title='bbox 948 3115 1041 3144; x_wconf 87' lang='lat' dir='ltr'>semen</span> <span class='ocrx_word' id='word_1_749' title='bbox 1049 3122 1097 3144; x_wconf 86' lang='lat' dir='ltr'>aut</span> <span class='ocrx_word' id='word_1_750' title='bbox 1105 3115 1226 3146; x_wconf 67' lang='lat' dir='ltr'>fructum</span> <span class='ocrx_word' id='word_1_751' title='bbox 1241 3115 1333 3145; x_wconf 87' lang='lat' dir='ltr'>ferens</span> <span class='ocrx_word' id='word_1_752' title='bbox 1347 3125 1355 3144; x_wconf 92' lang='lat'>:</span> 
     </span>
     <span class='ocr_line' id='line_1_80' title="bbox 230 3152 1359 3224; baseline -0.004 -37"><span class='ocrx_word' id='word_1_753' title='bbox 230 3159 276 3224; x_wconf 84' lang='lat' dir='ltr'>lcui</span> <span class='ocrx_word' id='word_1_754' title='bbox 288 3158 351 3224; x_wconf 55' lang='lat' dir='ltr'>sqni:</span> <span class='ocrx_word' id='word_1_755' title='bbox 362 3156 430 3223; x_wconf 59' lang='lat' dir='ltr'>bona</span> <span class='ocrx_word' id='word_1_756' title='bbox 441 3156 514 3185; x_wconf 86' lang='lat' dir='ltr'>inter</span> <span class='ocrx_word' id='word_1_757' title='bbox 524 3154 619 3184; x_wconf 86' lang='lat' dir='ltr'>ilicem</span> <span class='ocrx_word' id='word_1_758' title='bbox 629 3153 775 3184; x_wconf 72' lang='lat' dir='ltr'>&amp;olivam</span> <span class='ocrx_word' id='word_1_759' title='bbox 799 3153 904 3182; x_wconf 90' lang='lat' dir='ltr'>Author</span> <span class='ocrx_word' id='word_1_760' title='bbox 915 3152 983 3182; x_wconf 89' lang='lat' dir='ltr'>Plin.</span> <span class='ocrx_word' id='word_1_761' title='bbox 998 3152 1045 3182; x_wconf 90' lang='lat' dir='ltr'>lib.</span> <span class='ocrx_word' id='word_1_762' title='bbox 1060 3157 1102 3182; x_wconf 90' lang='lat'>16.</span> <span class='ocrx_word' id='word_1_763' title='bbox 1118 3163 1178 3192; x_wconf 78' lang='lat' dir='ltr'>cap.</span> <span class='ocrx_word' id='word_1_764' title='bbox 1195 3159 1240 3184; x_wconf 88' lang='lat'>26.</span> <span class='ocrx_word' id='word_1_765' title='bbox 1264 3156 1290 3183; x_wconf 70' lang='lat' dir='ltr'>Sc</span> <span class='ocrx_word' id='word_1_766' title='bbox 1305 3154 1359 3183; x_wconf 90' lang='lat' dir='ltr'>Co-</span> 
     </span>
     <span class='ocr_line' id='line_1_81' title="bbox 243 3195 554 3225; baseline -0.01 -1"><span class='ocrx_word' id='word_1_767' title='bbox 243 3206 325 3225; x_wconf 87' lang='lat' dir='ltr'>ume.</span> <span class='ocrx_word' id='word_1_768' title='bbox 351 3195 387 3223; x_wconf 95' lang='lat' dir='ltr'>i.</span> <span class='ocrx_word' id='word_1_769' title='bbox 425 3203 482 3223; x_wconf 81' lang='lat' dir='ltr'>‚ca</span> <span class='ocrx_word' id='word_1_770' title='bbox 506 3197 554 3222; x_wconf 89' lang='lat'>.6.</span> 
     </span>
    </p>

    <p class='ocr_par' dir='ltr' id='par_1_44' title="bbox 194 3203 1359 3303">
     <span class='ocr_line' id='line_1_82' title="bbox 194 3203 1359 3269; baseline -0.003 -7"><span class='ocrx_word' id='word_1_771' title='bbox 194 3234 215 3263; x_wconf 86' lang='lat' dir='ltr'>A</span> <span class='ocrx_word' id='word_1_772' title='bbox 224 3244 240 3261; x_wconf 89' lang='lat' dir='ltr'>L</span> <span class='ocrx_word' id='word_1_773' title='bbox 250 3243 267 3262; x_wconf 79' lang='lat' dir='ltr'>A</span> <span class='ocrx_word' id='word_1_774' title='bbox 276 3243 295 3261; x_wconf 92' lang='grc' dir='ltr'><strong>Τ</strong></span> <span class='ocrx_word' id='word_1_775' title='bbox 306 3245 313 3261; x_wconf 90' lang='grc' dir='ltr'>ι</span> <span class='ocrx_word' id='word_1_776' title='bbox 323 3243 342 3261; x_wconf 70' lang='grc' dir='ltr'>υ</span> <span class='ocrx_word' id='word_1_777' title='bbox 353 3244 373 3261; x_wconf 81' lang='lat' dir='ltr'><em>M</em></span> <span class='ocrx_word' id='word_1_778' title='bbox 385 3255 393 3268; x_wconf 95' lang='lat'>,</span> <span class='ocrx_word' id='word_1_779' title='bbox 406 3203 568 3269; x_wconf 37' lang='lat' dir='ltr'>{laag-nov]</span> <span class='ocrx_word' id='word_1_780' title='bbox 589 3229 736 3267; x_wconf 88' lang='lat' dir='ltr'>Oppidum</span> <span class='ocrx_word' id='word_1_781' title='bbox 743 3227 902 3265; x_wconf 82' lang='lat' dir='ltr'>Hierapolis</span> <span class='ocrx_word' id='word_1_782' title='bbox 917 3228 995 3263; x_wconf 77' lang='lat' dir='ltr'>juxta</span> <span class='ocrx_word' id='word_1_783' title='bbox 1007 3227 1133 3258; x_wconf 83' lang='lat' dir='ltr'>Emesam</span> <span class='ocrx_word' id='word_1_784' title='bbox 1143 3251 1152 3264; x_wconf 87' lang='lat'>,</span> <span class='ocrx_word' id='word_1_785' title='bbox 1174 3229 1250 3266; x_wconf 90' lang='lat' dir='ltr'>quod</span> <span class='ocrx_word' id='word_1_786' title='bbox 1262 3230 1288 3259; x_wconf 70' lang='grc' dir='ltr'><strong>ἃ</strong></span> <span class='ocrx_word' id='word_1_787' title='bbox 1297 3228 1359 3259; x_wconf 83' lang='lat' dir='ltr'>Ela-</span> 
     </span>
     <span class='ocr_line' id='line_1_83' title="bbox 233 3266 1021 3303; baseline -0.008 -3"><span class='ocrx_word' id='word_1_788' title='bbox 233 3271 303 3299; x_wconf 85' lang='lat' dir='ltr'>tium</span> <span class='ocrx_word' id='word_1_789' title='bbox 313 3271 423 3299; x_wconf 86' lang='lat' dir='ltr'>dicitur.</span> <span class='ocrx_word' id='word_1_790' title='bbox 445 3268 570 3299; x_wconf 89' lang='lat' dir='ltr'>Hermol.</span> <span class='ocrx_word' id='word_1_791' title='bbox 583 3269 611 3297; x_wconf 91' lang='lat' dir='ltr'>in</span> <span class='ocrx_word' id='word_1_792' title='bbox 629 3267 696 3297; x_wconf 89' lang='lat' dir='ltr'>Plin.</span> <span class='ocrx_word' id='word_1_793' title='bbox 706 3266 754 3295; x_wconf 94' lang='lat' dir='ltr'>lib.</span> <span class='ocrx_word' id='word_1_794' title='bbox 771 3277 794 3301; x_wconf 81' lang='grc' dir='ltr'><strong>ς.</strong></span> <span class='ocrx_word' id='word_1_795' title='bbox 805 3276 864 3303; x_wconf 85' lang='lat' dir='ltr'>cap.</span> <span class='ocrx_word' id='word_1_796' title='bbox 878 3275 921 3301; x_wconf 87' lang='lat'>23.</span> <span class='ocrx_word' id='word_1_797' title='bbox 939 3268 964 3295; x_wconf 64' lang='grc' dir='ltr'>ὁὶ</span> <span class='ocrx_word' id='word_1_798' title='bbox 977 3269 1021 3294; x_wconf 90' lang='lat'>26.</span> 
     </span>
    </p>

    <p class='ocr_par' dir='ltr' id='par_1_45' title="bbox 196 3303 1147 3344">
     <span class='ocr_line' id='line_1_84' title="bbox 196 3303 1147 3344; baseline -0.005 -7"><span class='ocrx_word' id='word_1_799' title='bbox 196 3309 218 3338; x_wconf 90' lang='lat' dir='ltr'>A</span> <span class='ocrx_word' id='word_1_800' title='bbox 228 3320 243 3337; x_wconf 91' lang='lat'>1.</span> <span class='ocrx_word' id='word_1_801' title='bbox 254 3318 298 3337; x_wconf 73' lang='grc' dir='ltr'>ΛΤ</span> <span class='ocrx_word' id='word_1_802' title='bbox 308 3319 316 3336; x_wconf 91' lang='grc' dir='ltr'>ι</span> <span class='ocrx_word' id='word_1_803' title='bbox 327 3319 336 3336; x_wconf 88' lang='lat'>1</span> <span class='ocrx_word' id='word_1_804' title='bbox 347 3331 354 3343; x_wconf 68' lang='lat'><em>⁷</em></span> <span class='ocrx_word' id='word_1_805' title='bbox 376 3308 410 3337; x_wconf 84' lang='lat' dir='ltr'>ab</span> <span class='ocrx_word' id='word_1_806' title='bbox 422 3307 511 3337; x_wconf 88' lang='lat' dir='ltr'>Alatio</span> <span class='ocrx_word' id='word_1_807' title='bbox 526 3306 642 3344; x_wconf 83' lang='lat' dir='ltr'>oppido.</span> <span class='ocrx_word' id='word_1_808' title='bbox 665 3303 790 3334; x_wconf 85' lang='lat' dir='ltr'>Herinol.</span> <span class='ocrx_word' id='word_1_809' title='bbox 807 3304 836 3332; x_wconf 90' lang='lat' dir='ltr'>in</span> <span class='ocrx_word' id='word_1_810' title='bbox 848 3303 915 3332; x_wconf 85' lang='lat' dir='ltr'>Plin.</span> <span class='ocrx_word' id='word_1_811' title='bbox 929 3303 975 3332; x_wconf 88' lang='lat' dir='ltr'>lib.</span> <span class='ocrx_word' id='word_1_812' title='bbox 993 3315 1015 3340; x_wconf 80' lang='grc' dir='ltr'><strong>ς.</strong></span> <span class='ocrx_word' id='word_1_813' title='bbox 1029 3313 1089 3341; x_wconf 88' lang='lat' dir='ltr'>cap.</span> <span class='ocrx_word' id='word_1_814' title='bbox 1103 3312 1147 3338; x_wconf 85' lang='lat'>23.</span> 
     </span>
    </p>

    <p class='ocr_par' dir='ltr' id='par_1_46' title="bbox 193 3340 1359 3456">
     <span class='ocr_line' id='line_1_85' title="bbox 193 3340 1358 3380; baseline -0.004 -4"><span class='ocrx_word' id='word_1_815' title='bbox 193 3346 215 3376; x_wconf 80' lang='lat' dir='ltr'>A</span> <span class='ocrx_word' id='word_1_816' title='bbox 224 3357 239 3374; x_wconf 91' lang='lat' dir='ltr'>L</span> <span class='ocrx_word' id='word_1_817' title='bbox 249 3356 267 3374; x_wconf 91' lang='lat' dir='ltr'>A</span> <span class='ocrx_word' id='word_1_818' title='bbox 276 3356 296 3374; x_wconf 85' lang='lat' dir='ltr'>T</span> <span class='ocrx_word' id='word_1_819' title='bbox 306 3356 321 3374; x_wconf 80' lang='lat' dir='ltr'><strong>R</strong></span> <span class='ocrx_word' id='word_1_820' title='bbox 332 3357 340 3374; x_wconf 95' lang='lat'>1</span> <span class='ocrx_word' id='word_1_821' title='bbox 351 3356 369 3374; x_wconf 88' lang='lat' dir='ltr'>u</span> <span class='ocrx_word' id='word_1_822' title='bbox 379 3357 399 3375; x_wconf 79' lang='lat' dir='ltr'><strong>M</strong></span> <span class='ocrx_word' id='word_1_823' title='bbox 412 3368 420 3380; x_wconf 87' lang='lat'>,</span> <span class='ocrx_word' id='word_1_824' title='bbox 448 3345 519 3374; x_wconf 90' lang='lat' dir='ltr'>Urbs</span> <span class='ocrx_word' id='word_1_825' title='bbox 535 3345 730 3373; x_wconf 82' lang='lat' dir='ltr'>Hernicorum.</span> <span class='ocrx_word' id='word_1_826' title='bbox 762 3341 876 3371; x_wconf 89' lang='lat' dir='ltr'>Hernici</span> <span class='ocrx_word' id='word_1_827' title='bbox 897 3347 991 3370; x_wconf 89' lang='lat' dir='ltr'>autem</span> <span class='ocrx_word' id='word_1_828' title='bbox 1002 3340 1101 3379; x_wconf 89' lang='lat' dir='ltr'>populi</span> <span class='ocrx_word' id='word_1_829' title='bbox 1114 3341 1227 3370; x_wconf 90' lang='lat' dir='ltr'>fuerunt</span> <span class='ocrx_word' id='word_1_830' title='bbox 1236 3364 1244 3376; x_wconf 85' lang='lat'>,</span> <span class='ocrx_word' id='word_1_831' title='bbox 1265 3341 1358 3372; x_wconf 86' lang='lat' dir='ltr'>saxosa</span> 
     </span>
     <span class='ocr_line' id='line_1_86' title="bbox 232 3378 1359 3421; baseline -0.005 -9"><span class='ocrx_word' id='word_1_832' title='bbox 232 3383 389 3421; x_wconf 75' lang='lat' dir='ltr'>Campania:</span> <span class='ocrx_word' id='word_1_833' title='bbox 399 3381 634 3412; x_wconf 77' lang='lat' dir='ltr'>locaincolentes.</span> <span class='ocrx_word' id='word_1_834' title='bbox 659 3381 788 3411; x_wconf 87' lang='lat' dir='ltr'>Volaterr.</span> <span class='ocrx_word' id='word_1_835' title='bbox 813 3379 900 3417; x_wconf 84' lang='lat' dir='ltr'>Vulgo</span> <span class='ocrx_word' id='word_1_836' title='bbox 911 3380 1012 3408; x_wconf 80' lang='lat' dir='ltr'>Alatro.</span> <span class='ocrx_word' id='word_1_837' title='bbox 1050 3379 1082 3408; x_wconf 90' lang='lat' dir='ltr'>V.</span> <span class='ocrx_word' id='word_1_838' title='bbox 1105 3378 1172 3408; x_wconf 82' lang='lat' dir='ltr'>Lex.</span> <span class='ocrx_word' id='word_1_839' title='bbox 1191 3379 1263 3408; x_wconf 89' lang='lat' dir='ltr'>Pitis.</span> <span class='ocrx_word' id='word_1_840' title='bbox 1286 3380 1359 3410; x_wconf 80' lang='lat' dir='ltr'>Scri-</span> 
     </span>
     <span class='ocr_line' id='line_1_87' title="bbox 231 3419 764 3456; baseline -0.004 -7"><span class='ocrx_word' id='word_1_841' title='bbox 231 3421 304 3450; x_wconf 83' lang='lat' dir='ltr'>bitur</span> <span class='ocrx_word' id='word_1_842' title='bbox 324 3423 350 3450; x_wconf 71' lang='lat'>84</span> <span class='ocrx_word' id='word_1_843' title='bbox 362 3431 381 3449; x_wconf 90' lang='lat' dir='ltr'>A</span> <span class='ocrx_word' id='word_1_844' title='bbox 391 3432 406 3449; x_wconf 89' lang='lat' dir='ltr'>L</span> <span class='ocrx_word' id='word_1_845' title='bbox 417 3430 482 3449; x_wconf 76' lang='lat' dir='ltr'>ETR</span> <span class='ocrx_word' id='word_1_846' title='bbox 493 3432 501 3448; x_wconf 92' lang='lat'>1</span> <span class='ocrx_word' id='word_1_847' title='bbox 513 3430 567 3448; x_wconf 75' lang='lat' dir='ltr'>uu.</span> <span class='ocrx_word' id='word_1_848' title='bbox 591 3430 615 3456; x_wconf 89' lang='lat' dir='ltr'>q.</span> <span class='ocrx_word' id='word_1_849' title='bbox 639 3420 670 3448; x_wconf 88' lang='lat' dir='ltr'>V.</span> <span class='ocrx_word' id='word_1_850' title='bbox 691 3419 764 3447; x_wconf 85' lang='lat' dir='ltr'>Hinc</span> 
     </span>
    </p>

    <p class='ocr_par' dir='ltr' id='par_1_47' title="bbox 192 3453 1166 3524">
     <span class='ocr_line' id='line_1_88' title="bbox 192 3453 1166 3524; baseline -0.005 -37"><span class='ocrx_word' id='word_1_851' title='bbox 192 3462 214 3491; x_wconf 79' lang='lat' dir='ltr'>A</span> <span class='ocrx_word' id='word_1_852' title='bbox 225 3470 240 3487; x_wconf 87' lang='lat' dir='ltr'>L</span> <span class='ocrx_word' id='word_1_853' title='bbox 252 3469 269 3486; x_wconf 97' lang='lat' dir='ltr'>A</span> <span class='ocrx_word' id='word_1_854' title='bbox 279 3469 298 3486; x_wconf 78' lang='lat' dir='ltr'>&#39;i‘</span> <span class='ocrx_word' id='word_1_855' title='bbox 309 3469 323 3486; x_wconf 77' lang='lat' dir='ltr'>a</span> <span class='ocrx_word' id='word_1_856' title='bbox 334 3470 341 3486; x_wconf 89' lang='lat'><em>1</em></span> <span class='ocrx_word' id='word_1_857' title='bbox 352 3468 371 3486; x_wconf 90' lang='lat' dir='ltr'>N</span> <span class='ocrx_word' id='word_1_858' title='bbox 384 3468 430 3524; x_wconf 47' lang='lat' dir='ltr'>AG*</span> <span class='ocrx_word' id='word_1_859' title='bbox 440 3468 454 3486; x_wconf 73' lang='grc' dir='ltr'><strong><em>ε</em></strong></span> <span class='ocrx_word' id='word_1_860' title='bbox 463 3467 491 3493; x_wconf 90' lang='lat' dir='ltr'>s,</span> <span class='ocrx_word' id='word_1_861' title='bbox 514 3458 700 3486; x_wconf 86' lang='lat' dir='ltr'>Hernicorum</span> <span class='ocrx_word' id='word_1_862' title='bbox 710 3455 819 3494; x_wconf 85' lang='lat' dir='ltr'>populi.</span> <span class='ocrx_word' id='word_1_863' title='bbox 840 3454 899 3484; x_wconf 88' lang='lat' dir='ltr'>Liv.</span> <span class='ocrx_word' id='word_1_864' title='bbox 919 3464 942 3483; x_wconf 88' lang='lat'>1.</span> <span class='ocrx_word' id='word_1_865' title='bbox 960 3453 1065 3483; x_wconf 86' lang='lat' dir='ltr'>Decad.</span> <span class='ocrx_word' id='word_1_866' title='bbox 1079 3453 1126 3483; x_wconf 90' lang='lat' dir='ltr'>lib.</span> <span class='ocrx_word' id='word_1_867' title='bbox 1140 3464 1166 3489; x_wconf 89' lang='lat'>9.</span> 
     </span>
    </p>

    <p class='ocr_par' dir='ltr' id='par_1_48' title="bbox 196 3501 537 3529">
     <span class='ocr_line' id='line_1_89' title="bbox 196 3501 537 3529; baseline -0.003 -4"><span class='ocrx_word' id='word_1_868' title='bbox 196 3501 346 3529; x_wconf 64' lang='lat' dir='ltr'>ALA&#39;rus</span> <span class='ocrx_word' id='word_1_869' title='bbox 428 3505 537 3525; x_wconf 80' lang='lat' dir='ltr'>.ALA.</span> 
     </span>
    </p>

    <p class='ocr_par' dir='ltr' id='par_1_49' title="bbox 194 3518 1358 3755">
     <span class='ocr_line' id='line_1_90' title="bbox 194 3518 1358 3569; baseline -0.005 -8"><span class='ocrx_word' id='word_1_870' title='bbox 194 3539 214 3567; x_wconf 80' lang='grc' dir='ltr'>Λ</span> <span class='ocrx_word' id='word_1_871' title='bbox 225 3545 240 3561; x_wconf 80' lang='grc' dir='ltr'>ι,</span> <span class='ocrx_word' id='word_1_872' title='bbox 251 3544 269 3562; x_wconf 89' lang='lat' dir='ltr'>A</span> <span class='ocrx_word' id='word_1_873' title='bbox 280 3544 297 3562; x_wconf 83' lang='lat' dir='ltr'>u</span> <span class='ocrx_word' id='word_1_874' title='bbox 308 3544 325 3562; x_wconf 83' lang='lat' dir='ltr'>r&gt;</span> <span class='ocrx_word' id='word_1_875' title='bbox 337 3518 372 3567; x_wconf 53' lang='grc' dir='ltr'>[κ’.</span> <span class='ocrx_word' id='word_1_876' title='bbox 394 3544 424 3562; x_wconf 70' lang='grc' dir='ltr'>ιε.</span> <span class='ocrx_word' id='word_1_877' title='bbox 449 3528 629 3569; x_wconf 42' lang='lat' dir='ltr'>[vendam]</span> <span class='ocrx_word' id='word_1_878' title='bbox 650 3532 712 3561; x_wconf 91' lang='lat' dir='ltr'>Avis</span> <span class='ocrx_word' id='word_1_879' title='bbox 720 3531 773 3566; x_wconf 82' lang='lat' dir='ltr'>est,</span> <span class='ocrx_word' id='word_1_880' title='bbox 795 3540 856 3567; x_wconf 79' lang='lat' dir='ltr'>quae</span> <span class='ocrx_word' id='word_1_881' title='bbox 865 3529 931 3558; x_wconf 85' lang='lat' dir='ltr'>teste</span> <span class='ocrx_word' id='word_1_882' title='bbox 944 3528 1012 3557; x_wconf 88' lang='lat' dir='ltr'>Plin.</span> <span class='ocrx_word' id='word_1_883' title='bbox 1026 3528 1073 3557; x_wconf 90' lang='lat' dir='ltr'>lib.</span> <span class='ocrx_word' id='word_1_884' title='bbox 1092 3539 1101 3557; x_wconf 96' lang='lat'>1</span> <span class='ocrx_word' id='word_1_885' title='bbox 1112 3539 1133 3557; x_wconf 84' lang='lat' dir='ltr'>i.</span> <span class='ocrx_word' id='word_1_886' title='bbox 1147 3538 1208 3565; x_wconf 89' lang='lat' dir='ltr'>cap.</span> <span class='ocrx_word' id='word_1_887' title='bbox 1225 3537 1268 3566; x_wconf 79' lang='lat'>37.</span> <span class='ocrx_word' id='word_1_888' title='bbox 1305 3530 1358 3559; x_wconf 83' lang='lat' dir='ltr'>Ga.</span> 
     </span>
     <span class='ocr_line' id='line_1_91' title="bbox 230 3566 1358 3609; baseline -0.003 -10"><span class='ocrx_word' id='word_1_889' title='bbox 230 3571 309 3600; x_wconf 77' lang='lat' dir='ltr'>lerita</span> <span class='ocrx_word' id='word_1_890' title='bbox 318 3571 438 3600; x_wconf 76' lang='lat' dir='ltr'>dicitur:</span> <span class='ocrx_word' id='word_1_891' title='bbox 472 3570 548 3609; x_wconf 84' lang='lat' dir='ltr'>quod</span> <span class='ocrx_word' id='word_1_892' title='bbox 558 3571 665 3608; x_wconf 80' lang='lat' dir='ltr'>apicem</span> <span class='ocrx_word' id='word_1_893' title='bbox 682 3569 799 3604; x_wconf 81' lang='lat' dir='ltr'>habeat,</span> <span class='ocrx_word' id='word_1_894' title='bbox 821 3568 875 3597; x_wconf 91' lang='lat' dir='ltr'>hoc</span> <span class='ocrx_word' id='word_1_895' title='bbox 887 3567 925 3596; x_wconf 86' lang='lat' dir='ltr'>est</span> <span class='ocrx_word' id='word_1_896' title='bbox 936 3567 1042 3595; x_wconf 84' lang='lat' dir='ltr'>cristam</span> <span class='ocrx_word' id='word_1_897' title='bbox 1059 3567 1086 3594; x_wconf 91' lang='lat' dir='ltr'>in</span> <span class='ocrx_word' id='word_1_898' title='bbox 1098 3568 1188 3603; x_wconf 83' lang='lat' dir='ltr'>capite</span> <span class='ocrx_word' id='word_1_899' title='bbox 1207 3567 1241 3594; x_wconf 86' lang='lat' dir='ltr'>ad</span> <span class='ocrx_word' id='word_1_900' title='bbox 1265 3566 1358 3596; x_wconf 83' lang='lat' dir='ltr'>(imili-</span> 
     </span>
     <span class='ocr_line' id='line_1_92' title="bbox 230 3604 1355 3645; baseline -0.003 -8"><span class='ocrx_word' id='word_1_901' title='bbox 230 3610 357 3637; x_wconf 81' lang='lat' dir='ltr'>tudinem</span> <span class='ocrx_word' id='word_1_902' title='bbox 369 3608 459 3645; x_wconf 67' lang='lat' dir='ltr'>galeri.</span> <span class='ocrx_word' id='word_1_903' title='bbox 482 3608 563 3636; x_wconf 82' lang='lat' dir='ltr'>Varro</span> <span class='ocrx_word' id='word_1_904' title='bbox 575 3607 698 3645; x_wconf 79' lang='lat' dir='ltr'>appellat</span> <span class='ocrx_word' id='word_1_905' title='bbox 711 3606 886 3636; x_wconf 79' lang='lat' dir='ltr'>Galericuni:</span> <span class='ocrx_word' id='word_1_906' title='bbox 908 3607 935 3634; x_wconf 57' lang='grc' dir='ltr'>δε</span> <span class='ocrx_word' id='word_1_907' title='bbox 946 3614 961 3633; x_wconf 84' lang='lat' dir='ltr'>a</span> <span class='ocrx_word' id='word_1_908' title='bbox 970 3605 1071 3633; x_wconf 77' lang='lat' dir='ltr'>Graecis</span> <span class='ocrx_word' id='word_1_909' title='bbox 1080 3604 1178 3632; x_wconf 80' lang='lat' dir='ltr'>dicitur</span> <span class='ocrx_word' id='word_1_910' title='bbox 1193 3605 1355 3641; x_wconf 75' lang='lat' dir='ltr'>Corydalus.</span> 
     </span>
     <span class='ocr_line' id='line_1_93' title="bbox 230 3641 1358 3683; baseline -0.003 -9"><span class='ocrx_word' id='word_1_911' title='bbox 230 3646 336 3675; x_wconf 70' lang='lat' dir='ltr'>Cellius</span> <span class='ocrx_word' id='word_1_912' title='bbox 348 3656 373 3675; x_wconf 84' lang='lat'>2.</span> <span class='ocrx_word' id='word_1_913' title='bbox 388 3656 431 3680; x_wconf 78' lang='lat'>29.</span> <span class='ocrx_word' id='word_1_914' title='bbox 466 3646 594 3674; x_wconf 83' lang='lat' dir='ltr'>Callitam</span> <span class='ocrx_word' id='word_1_915' title='bbox 611 3644 740 3683; x_wconf 85' lang='lat' dir='ltr'>appellat.</span> <span class='ocrx_word' id='word_1_916' title='bbox 783 3645 851 3673; x_wconf 91' lang='lat' dir='ltr'>Ante</span> <span class='ocrx_word' id='word_1_917' title='bbox 862 3643 993 3672; x_wconf 63' lang='lat' dir='ltr'>Caularem</span> <span class='ocrx_word' id='word_1_918' title='bbox 1005 3641 1108 3671; x_wconf 77' lang='lat' dir='ltr'>Latinis</span> <span class='ocrx_word' id='word_1_919' title='bbox 1126 3642 1179 3670; x_wconf 89' lang='lat' dir='ltr'>hoc</span> <span class='ocrx_word' id='word_1_920' title='bbox 1189 3642 1358 3671; x_wconf 81' lang='lat' dir='ltr'>vocabulum</span> 
     </span>
     <span class='ocr_line' id='line_1_94' title="bbox 229 3679 1355 3749; baseline -0.003 -37"><span class='ocrx_word' id='word_1_921' title='bbox 229 3685 490 3749; x_wconf 53' lang='grc' dir='ltr'>Ξηοιιμηίειιιιίεηιῑί</span> <span class='ocrx_word' id='word_1_922' title='bbox 512 3683 556 3749; x_wconf 52' lang='lat' dir='ltr'>sesti</span> <span class='ocrx_word' id='word_1_923' title='bbox 567 3683 659 3720; x_wconf 83' lang='lat' dir='ltr'>postea</span> <span class='ocrx_word' id='word_1_924' title='bbox 673 3681 830 3711; x_wconf 74' lang='lat' dir='ltr'>adniiss&#39;um.</span> <span class='ocrx_word' id='word_1_925' title='bbox 870 3681 900 3710; x_wconf 91' lang='lat' dir='ltr'>V.</span> <span class='ocrx_word' id='word_1_926' title='bbox 924 3680 1056 3718; x_wconf 78' lang='lat' dir='ltr'>Bernegg.</span> <span class='ocrx_word' id='word_1_927' title='bbox 1069 3680 1104 3709; x_wconf 84' lang='lat' dir='ltr'>ad</span> <span class='ocrx_word' id='word_1_928' title='bbox 1123 3679 1188 3708; x_wconf 80' lang='lat' dir='ltr'>Caes.</span> <span class='ocrx_word' id='word_1_929' title='bbox 1203 3682 1278 3708; x_wconf 71' lang='lat' dir='ltr'>Suet.</span> <span class='ocrx_word' id='word_1_930' title='bbox 1293 3690 1355 3718; x_wconf 79' lang='lat' dir='ltr'>cap.</span> 
     </span>
     <span class='ocr_line' id='line_1_95' title="bbox 231 3722 565 3755; baseline -0.006 -5"><span class='ocrx_word' id='word_1_931' title='bbox 231 3731 276 3755; x_wconf 66' lang='lat'>24·</span> <span class='ocrx_word' id='word_1_932' title='bbox 292 3731 316 3750; x_wconf 87' lang='lat'>2.</span> <span class='ocrx_word' id='word_1_933' title='bbox 347 3723 372 3750; x_wconf 60' lang='grc' dir='ltr'>ἃ</span> <span class='ocrx_word' id='word_1_934' title='bbox 415 3731 457 3749; x_wconf 73' lang='lat' dir='ltr'>ex.</span> <span class='ocrx_word' id='word_1_935' title='bbox 487 3722 526 3749; x_wconf 76' lang='lat' dir='ltr'>&#39;iti</span> <span class='ocrx_word' id='word_1_936' title='bbox 542 3730 565 3749; x_wconf 86' lang='lat' dir='ltr'>c.</span> 
     </span>
    </p>

    <p class='ocr_par' dir='ltr' id='par_1_50' title="bbox 230 3752 1358 3944">
     <span class='ocr_line' id='line_1_96' title="bbox 230 3752 1357 3794; baseline -0.004 -7"><span class='ocrx_word' id='word_1_937' title='bbox 230 3759 352 3793; x_wconf 78' lang='lat' dir='ltr'>Alauda,</span> <span class='ocrx_word' id='word_1_938' title='bbox 376 3758 459 3792; x_wconf 64' lang='lat' dir='ltr'>Legio</span> <span class='ocrx_word' id='word_1_939' title='bbox 472 3759 597 3794; x_wconf 75' lang='lat' dir='ltr'>quaedam</span> <span class='ocrx_word' id='word_1_940' title='bbox 607 3763 665 3786; x_wconf 77' lang='lat' dir='ltr'>erat</span> <span class='ocrx_word' id='word_1_941' title='bbox 675 3752 822 3786; x_wconf 77' lang='lat' dir='ltr'>Romana.¹</span> <span class='ocrx_word' id='word_1_942' title='bbox 852 3756 920 3785; x_wconf 89' lang='lat' dir='ltr'>Plin.</span> <span class='ocrx_word' id='word_1_943' title='bbox 936 3756 982 3785; x_wconf 87' lang='lat' dir='ltr'>lib.</span> <span class='ocrx_word' id='word_1_944' title='bbox 1003 3765 1043 3784; x_wconf 82' lang='lat'>11.</span> <span class='ocrx_word' id='word_1_945' title='bbox 1056 3765 1116 3792; x_wconf 85' lang='lat' dir='ltr'>cap.</span> <span class='ocrx_word' id='word_1_946' title='bbox 1133 3763 1175 3792; x_wconf 90' lang='lat'>37.</span> <span class='ocrx_word' id='word_1_947' title='bbox 1218 3755 1305 3790; x_wconf 80' lang='lat' dir='ltr'>Atque</span> <span class='ocrx_word' id='word_1_948' title='bbox 1323 3754 1357 3782; x_wconf 86' lang='lat' dir='ltr'>ab</span> 
     </span>
     <span class='ocr_line' id='line_1_97' title="bbox 250 3791 1357 3833; baseline -0.005 -8"><span class='ocrx_word' id='word_1_949' title='bbox 250 3796 537 3833; x_wconf 60' lang='lat' dir='ltr'>illorApice*Galerita</span> <span class='ocrx_word' id='word_1_950' title='bbox 550 3795 686 3832; x_wconf 64' lang='lat' dir='ltr'>appellata</span> <span class='ocrx_word' id='word_1_951' title='bbox 697 3795 935 3832; x_wconf 59' lang='lat' dir='ltr'>quondannpolte.</span> <span class='ocrx_word' id='word_1_952' title='bbox 959 3793 1066 3822; x_wconf 66' lang='lat' dir='ltr'>(Jallico</span> <span class='ocrx_word' id='word_1_953' title='bbox 1074 3791 1212 3822; x_wconf 83' lang='lat' dir='ltr'>vocabulo</span> <span class='ocrx_word' id='word_1_954' title='bbox 1226 3794 1308 3820; x_wconf 82' lang='lat' dir='ltr'>etiam</span> <span class='ocrx_word' id='word_1_955' title='bbox 1320 3791 1357 3820; x_wconf 89' lang='lat' dir='ltr'>le-</span> 
     </span>
     <span class='ocr_line' id='line_1_98' title="bbox 249 3829 1356 3870; baseline -0.004 -8"><span class='ocrx_word' id='word_1_956' title='bbox 249 3834 323 3870; x_wconf 62' lang='lat' dir='ltr'>gioni</span> <span class='ocrx_word' id='word_1_957' title='bbox 337 3843 439 3862; x_wconf 83' lang='lat' dir='ltr'>nomen</span> <span class='ocrx_word' id='word_1_958' title='bbox 451 3834 564 3861; x_wconf 65' lang='lat' dir='ltr'>dederat</span> <span class='ocrx_word' id='word_1_959' title='bbox 580 3832 609 3861; x_wconf 77' lang='lat' dir='ltr'>Al</span> <span class='ocrx_word' id='word_1_960' title='bbox 621 3833 699 3860; x_wconf 53' lang='lat' dir='ltr'>iudx.</span> <span class='ocrx_word' id='word_1_961' title='bbox 727 3833 833 3867; x_wconf 51' lang='grc' dir='ltr'><strong>Μυκη.</strong></span> <span class='ocrx_word' id='word_1_962' title='bbox 849 3831 958 3869; x_wconf 79' lang='lat' dir='ltr'>Philipp</span> <span class='ocrx_word' id='word_1_963' title='bbox 976 3841 999 3867; x_wconf 84' lang='lat'>3.</span> <span class='ocrx_word' id='word_1_964' title='bbox 1016 3832 1076 3860; x_wconf 79' lang='lat' dir='ltr'>Huc</span> <span class='ocrx_word' id='word_1_965' title='bbox 1087 3832 1225 3859; x_wconf 73' lang='lat' dir='ltr'>..cc-edunt</span> <span class='ocrx_word' id='word_1_966' title='bbox 1239 3829 1356 3864; x_wconf 61' lang='lat' dir='ltr'>alaudae,</span> 
     </span>
     <span class='ocr_line' id='line_1_99' title="bbox 247 3868 1358 3907; baseline -0.005 -7"><span class='ocrx_word' id='word_1_967' title='bbox 247 3872 394 3907; x_wconf 62' lang='lat' dir='ltr'>czeterique</span> <span class='ocrx_word' id='word_1_968' title='bbox 405 3872 526 3899; x_wconf 65' lang='lat' dir='ltr'>veterani</span> <span class='ocrx_word' id='word_1_969' title='bbox 546 3870 721 3898; x_wconf 72' lang='lat' dir='ltr'>femin-nium</span> <span class='ocrx_word' id='word_1_970' title='bbox 743 3870 866 3902; x_wconf 71' lang='lat' dir='ltr'>iudicum</span> <span class='ocrx_word' id='word_1_971' title='bbox 882 3870 967 3898; x_wconf 80' lang='lat' dir='ltr'>tertia·</span> <span class='ocrx_word' id='word_1_972' title='bbox 982 3869 1120 3901; x_wconf 58' lang='lat' dir='ltr'>decuriis.</span> <span class='ocrx_word' id='word_1_973' title='bbox 1143 3870 1188 3905; x_wconf 84' lang='lat' dir='ltr'>qui</span> <span class='ocrx_word' id='word_1_974' title='bbox 1203 3868 1256 3896; x_wconf 82' lang='lat' dir='ltr'>suis</span> <span class='ocrx_word' id='word_1_975' title='bbox 1276 3868 1358 3896; x_wconf 80' lang='lat' dir='ltr'>iebus</span> 
     </span>
     <span class='ocr_line' id='line_1_100' title="bbox 249 3906 1355 3944; baseline -0.002 -6"><span class='ocrx_word' id='word_1_976' title='bbox 249 3909 386 3939; x_wconf 76' lang='lat' dir='ltr'>exhaustis</span> <span class='ocrx_word' id='word_1_977' title='bbox 397 3930 406 3944; x_wconf 89' lang='lat'>,</span> <span class='ocrx_word' id='word_1_978' title='bbox 427 3908 570 3938; x_wconf 80' lang='lat' dir='ltr'>beneficiis</span> <span class='ocrx_word' id='word_1_979' title='bbox 587 3906 696 3937; x_wconf 61' lang='lat' dir='ltr'>cit-iiius</span> <span class='ocrx_word' id='word_1_980' title='bbox 714 3907 869 3943; x_wconf 77' lang='lat' dir='ltr'>devoratis,</span> <span class='ocrx_word' id='word_1_981' title='bbox 891 3908 1016 3936; x_wconf 69' lang='lat' dir='ltr'>lurtuiias</span> <span class='ocrx_word' id='word_1_982' title='bbox 1026 3908 1130 3936; x_wconf 75' lang='lat' dir='ltr'>nostras</span> <span class='ocrx_word' id='word_1_983' title='bbox 1141 3906 1355 3943; x_wconf 79' lang='lat' dir='ltr'>concupierunt.</span> 
     </span>
    </p>
   </div>
   <div class='ocr_carea' id='block_1_3' title="bbox 975 345 1343 384">
    <p class='ocr_par' dir='ltr' id='par_1_51' title="bbox 975 345 1343 384">
     <span class='ocr_line' id='line_1_101' title="bbox 975 345 1343 384; baseline -0.003 -8"><span class='ocrx_word' id='word_1_984' title='bbox 975 346 994 376; x_wconf 91' lang='lat' dir='ltr'>i.</span> <span class='ocrx_word' id='word_1_985' title='bbox 1019 356 1044 376; x_wconf 88' lang='lat' dir='ltr'>e.</span> <span class='ocrx_word' id='word_1_986' title='bbox 1063 345 1180 384; x_wconf 87' lang='lat' dir='ltr'>Semper</span> <span class='ocrx_word' id='word_1_987' title='bbox 1192 354 1343 384; x_wconf 78' lang='lat' dir='ltr'>pugnaces.</span> 
     </span>
    </p>
   </div>
   <div class='ocr_carea' id='block_1_4' title="bbox 1087 2317 1357 2349">
    <p class='ocr_par' dir='ltr' id='par_1_52' title="bbox 1087 2317 1357 2349">
     <span class='ocr_line' id='line_1_102' title="bbox 1087 2317 1357 2349; baseline 0 0"><span class='ocrx_word' id='word_1_988' title='bbox 1087 2318 1120 2349; x_wconf 92' lang='lat' dir='ltr'>V.</span> <span class='ocrx_word' id='word_1_989' title='bbox 1142 2317 1306 2349; x_wconf 84' lang='lat' dir='ltr'>Aimonium</span> <span class='ocrx_word' id='word_1_990' title='bbox 1332 2329 1357 2349; x_wconf 80' lang='grc' dir='ltr'><strong>ι.</strong></span> 
     </span>
    </p>
   </div>
   <div class='ocr_carea' id='block_1_5' title="bbox 959 2850 1356 2890">
    <p class='ocr_par' dir='ltr' id='par_1_53' title="bbox 959 2850 1356 2890">
     <span class='ocr_line' id='line_1_103' title="bbox 959 2850 1356 2890; baseline -0.003 -9"><span class='ocrx_word' id='word_1_991' title='bbox 959 2851 1065 2881; x_wconf 86' lang='lat' dir='ltr'>Author</span> <span class='ocrx_word' id='word_1_992' title='bbox 1084 2851 1259 2890; x_wconf 87' lang='lat' dir='ltr'>Asclepiades</span> <span class='ocrx_word' id='word_1_993' title='bbox 1281 2850 1356 2889; x_wconf 87' lang='lat' dir='ltr'>apud</span> 
     </span>
    </p>
   </div>
   <div class='ocr_carea' id='block_1_6' title="bbox 1458 73 2562 232">
    <p class='ocr_par' dir='ltr' id='par_1_54' title="bbox 1458 73 2562 232">
     <span class='ocr_line' id='line_1_104' title="bbox 1839 73 2112 111; baseline -0.007 0"><span class='ocrx_word' id='word_1_994' title='bbox 1839 75 1867 111; x_wconf 84' lang='lat' dir='ltr'>A</span> <span class='ocrx_word' id='word_1_995' title='bbox 1963 73 1990 110; x_wconf 89' lang='lat' dir='ltr'>L</span> <span class='ocrx_word' id='word_1_996' title='bbox 2088 74 2112 109; x_wconf 87' lang='lat' dir='ltr'>B</span> 
     </span>
     <span class='ocr_line' id='line_1_105' title="bbox 1458 153 2562 194; baseline 0 -9"><span class='ocrx_word' id='word_1_997' title='bbox 1458 155 1488 185; x_wconf 85' lang='lat' dir='ltr'>V.</span> <span class='ocrx_word' id='word_1_998' title='bbox 1511 153 1594 185; x_wconf 84' lang='lat' dir='ltr'>etiam</span> <span class='ocrx_word' id='word_1_999' title='bbox 1608 154 1667 185; x_wconf 85' lang='lat' dir='ltr'>Cic.</span> <span class='ocrx_word' id='word_1_1000' title='bbox 1683 159 1724 185; x_wconf 82' lang='lat'>16.</span> <span class='ocrx_word' id='word_1_1001' title='bbox 1747 157 1799 186; x_wconf 74' lang='lat' dir='ltr'>Art.</span> <span class='ocrx_word' id='word_1_1002' title='bbox 1813 157 1839 190; x_wconf 65' lang='grc'>’3.</span> <span class='ocrx_word' id='word_1_1003' title='bbox 1871 155 2005 186; x_wconf 80' lang='lat' dir='ltr'>Meminit</span> <span class='ocrx_word' id='word_1_1004' title='bbox 2023 158 2048 187; x_wconf 62' lang='grc' dir='ltr'>ἃ</span> <span class='ocrx_word' id='word_1_1005' title='bbox 2062 157 2176 186; x_wconf 84' lang='lat' dir='ltr'>Sueton.</span> <span class='ocrx_word' id='word_1_1006' title='bbox 2201 154 2266 185; x_wconf 56' lang='lat' dir='ltr'>Cres.</span> <span class='ocrx_word' id='word_1_1007' title='bbox 2284 164 2344 194; x_wconf 81' lang='lat' dir='ltr'>cap.</span> <span class='ocrx_word' id='word_1_1008' title='bbox 2365 164 2410 192; x_wconf 78' lang='lat'>24.</span> <span class='ocrx_word' id='word_1_1009' title='bbox 2451 156 2485 187; x_wconf 82' lang='lat' dir='ltr'>V.</span> <span class='ocrx_word' id='word_1_1010' title='bbox 2513 156 2562 189; x_wconf 78' lang='lat' dir='ltr'>Ca.</span> 
     </span>
     <span class='ocr_line' id='line_1_106' title="bbox 1459 193 2039 232; baseline 0 -9"><span class='ocrx_word' id='word_1_1011' title='bbox 1459 194 1533 223; x_wconf 86' lang='lat' dir='ltr'>saub.</span> <span class='ocrx_word' id='word_1_1012' title='bbox 1544 194 1577 222; x_wconf 84' lang='lat' dir='ltr'>ad</span> <span class='ocrx_word' id='word_1_1013' title='bbox 1588 193 1642 222; x_wconf 82' lang='lat' dir='ltr'>loc.</span> <span class='ocrx_word' id='word_1_1014' title='bbox 1652 193 1781 223; x_wconf 89' lang='lat' dir='ltr'>Torrent.</span> <span class='ocrx_word' id='word_1_1015' title='bbox 1796 196 1861 222; x_wconf 79' lang='lat' dir='ltr'>itein</span> <span class='ocrx_word' id='word_1_1016' title='bbox 1871 198 1896 224; x_wconf 54' lang='lat'>3.-</span> <span class='ocrx_word' id='word_1_1017' title='bbox 1909 196 2039 232; x_wconf 62' lang='lat' dir='ltr'>llernege.</span> 
     </span>
    </p>
   </div>
   <div class='ocr_carea' id='block_1_7' title="bbox 1404 225 2562 266">
    <p class='ocr_par' dir='ltr' id='par_1_55' title="bbox 1404 225 2562 266">
     <span class='ocr_line' id='line_1_107' title="bbox 1404 225 2562 266; baseline 0 -5"><span class='ocrx_word' id='word_1_1018' title='bbox 1404 231 1427 261; x_wconf 85' lang='lat' dir='ltr'>A</span> <span class='ocrx_word' id='word_1_1019' title='bbox 1439 243 1453 260; x_wconf 85' lang='lat'>1.</span> <span class='ocrx_word' id='word_1_1020' title='bbox 1463 242 1480 260; x_wconf 83' lang='lat' dir='ltr'>A</span> <span class='ocrx_word' id='word_1_1021' title='bbox 1491 243 1510 260; x_wconf 88' lang='lat' dir='ltr'>U</span> <span class='ocrx_word' id='word_1_1022' title='bbox 1519 242 1538 260; x_wconf 88' lang='lat' dir='ltr'>D</span> <span class='ocrx_word' id='word_1_1023' title='bbox 1549 243 1558 259; x_wconf 87' lang='lat'>1</span> <span class='ocrx_word' id='word_1_1024' title='bbox 1569 241 1586 259; x_wconf 86' lang='lat' dir='ltr'>U</span> <span class='ocrx_word' id='word_1_1025' title='bbox 1597 242 1617 260; x_wconf 82' lang='lat' dir='ltr'>M</span> <span class='ocrx_word' id='word_1_1026' title='bbox 1630 254 1638 265; x_wconf 81' lang='lat'>,</span> <span class='ocrx_word' id='word_1_1027' title='bbox 1674 232 1702 260; x_wconf 91' lang='lat' dir='ltr'>ii.</span> <span class='ocrx_word' id='word_1_1028' title='bbox 1725 241 1752 261; x_wconf 92' lang='lat' dir='ltr'>n.</span> <span class='ocrx_word' id='word_1_1029' title='bbox 1776 232 1836 260; x_wconf 72' lang='lat' dir='ltr'>Vox</span> <span class='ocrx_word' id='word_1_1030' title='bbox 1856 233 1982 266; x_wconf 75' lang='lat' dir='ltr'>barbara.</span> <span class='ocrx_word' id='word_1_1031' title='bbox 2003 225 2021 261; x_wconf 75' lang='lat' dir='ltr'>a</span> <span class='ocrx_word' id='word_1_1032' title='bbox 2034 231 2186 261; x_wconf 84' lang='lat' dir='ltr'>Laudando</span> <span class='ocrx_word' id='word_1_1033' title='bbox 2199 253 2207 265; x_wconf 94' lang='lat'>,</span> <span class='ocrx_word' id='word_1_1034' title='bbox 2230 231 2259 259; x_wconf 81' lang='lat' dir='ltr'>id</span> <span class='ocrx_word' id='word_1_1035' title='bbox 2278 231 2315 260; x_wconf 80' lang='lat' dir='ltr'>est</span> <span class='ocrx_word' id='word_1_1036' title='bbox 2332 232 2503 261; x_wconf 87' lang='lat' dir='ltr'>nominando</span> <span class='ocrx_word' id='word_1_1037' title='bbox 2517 244 2562 263; x_wconf 76' lang='lat' dir='ltr'>au.</span> 
     </span>
    </p>
   </div>
   <div class='ocr_carea' id='block_1_8' title="bbox 1407 268 2573 985">
    <p class='ocr_par' dir='ltr' id='par_1_56' title="bbox 1443 268 2564 562">
     <span class='ocr_line' id='line_1_108' title="bbox 1443 268 2561 307; baseline 0 -9"><span class='ocrx_word' id='word_1_1038' title='bbox 1443 270 1523 298; x_wconf 76' lang='lat' dir='ltr'>thore</span> <span class='ocrx_word' id='word_1_1039' title='bbox 1534 291 1541 303; x_wconf 81' lang='lat'>,</span> <span class='ocrx_word' id='word_1_1040' title='bbox 1563 269 1686 306; x_wconf 56' lang='lat' dir='ltr'>prolecta</span> <span class='ocrx_word' id='word_1_1041' title='bbox 1702 269 1755 298; x_wconf 77' lang='lat' dir='ltr'>effe</span> <span class='ocrx_word' id='word_1_1042' title='bbox 1773 270 1881 298; x_wconf 87' lang='lat' dir='ltr'>videtur</span> <span class='ocrx_word' id='word_1_1043' title='bbox 1896 293 1903 305; x_wconf 74' lang='lat'>,</span> <span class='ocrx_word' id='word_1_1044' title='bbox 1934 271 2010 306; x_wconf 87' lang='lat' dir='ltr'>quod</span> <span class='ocrx_word' id='word_1_1045' title='bbox 2027 271 2074 306; x_wconf 92' lang='lat' dir='ltr'>qui</span> <span class='ocrx_word' id='word_1_1046' title='bbox 2095 269 2196 307; x_wconf 70' lang='lat' dir='ltr'>praedia</span> <span class='ocrx_word' id='word_1_1047' title='bbox 2213 278 2246 296; x_wconf 89' lang='lat' dir='ltr'>eo</span> <span class='ocrx_word' id='word_1_1048' title='bbox 2261 269 2319 303; x_wconf 83' lang='lat' dir='ltr'>jure</span> <span class='ocrx_word' id='word_1_1049' title='bbox 2337 268 2474 305; x_wconf 80' lang='lat' dir='ltr'>habeant,</span> <span class='ocrx_word' id='word_1_1050' title='bbox 2506 270 2561 301; x_wconf 79' lang='lat' dir='ltr'>lau-</span> 
     </span>
     <span class='ocr_line' id='line_1_109' title="bbox 1445 306 2561 342; baseline 0.001 -6"><span class='ocrx_word' id='word_1_1051' title='bbox 1445 308 1511 336; x_wconf 83' lang='lat' dir='ltr'>dare</span> <span class='ocrx_word' id='word_1_1052' title='bbox 1533 307 1678 335; x_wconf 76' lang='lat' dir='ltr'>authorem</span> <span class='ocrx_word' id='word_1_1053' title='bbox 1696 306 1775 335; x_wconf 87' lang='lat' dir='ltr'>suum</span> <span class='ocrx_word' id='word_1_1054' title='bbox 1791 309 1896 336; x_wconf 88' lang='lat' dir='ltr'>nemini</span> <span class='ocrx_word' id='word_1_1055' title='bbox 1918 315 2066 336; x_wconf 88' lang='lat' dir='ltr'>teneantur</span> <span class='ocrx_word' id='word_1_1056' title='bbox 2079 329 2086 339; x_wconf 75' lang='lat'>.</span> <span class='ocrx_word' id='word_1_1057' title='bbox 2109 313 2139 336; x_wconf 88' lang='lat' dir='ltr'>ut</span> <span class='ocrx_word' id='word_1_1058' title='bbox 2157 307 2203 342; x_wconf 88' lang='lat' dir='ltr'>qui</span> <span class='ocrx_word' id='word_1_1059' title='bbox 2225 306 2333 335; x_wconf 88' lang='lat' dir='ltr'>nullum</span> <span class='ocrx_word' id='word_1_1060' title='bbox 2353 306 2403 335; x_wconf 90' lang='lat' dir='ltr'>soli</span> <span class='ocrx_word' id='word_1_1061' title='bbox 2416 307 2561 340; x_wconf 89' lang='lat' dir='ltr'>dominum</span> 
     </span>
     <span class='ocr_line' id='line_1_110' title="bbox 1445 343 2563 381; baseline 0.003 -9"><span class='ocrx_word' id='word_1_1062' title='bbox 1445 344 1595 381; x_wconf 72' lang='lat' dir='ltr'>agnoscant</span> <span class='ocrx_word' id='word_1_1063' title='bbox 1613 353 1665 372; x_wconf 85' lang='lat' dir='ltr'>nec</span> <span class='ocrx_word' id='word_1_1064' title='bbox 1681 353 1838 381; x_wconf 85' lang='lat' dir='ltr'>patronum.</span> <span class='ocrx_word' id='word_1_1065' title='bbox 1879 346 2005 375; x_wconf 59' lang='lat' dir='ltr'>Budaeus.</span> <span class='ocrx_word' id='word_1_1066' title='bbox 2048 344 2096 373; x_wconf 88' lang='lat' dir='ltr'>Alii</span> <span class='ocrx_word' id='word_1_1067' title='bbox 2111 343 2234 372; x_wconf 84' lang='lat' dir='ltr'>scribunt</span> <span class='ocrx_word' id='word_1_1068' title='bbox 2252 343 2399 373; x_wconf 83' lang='lat' dir='ltr'>Allodium.</span> <span class='ocrx_word' id='word_1_1069' title='bbox 2440 345 2509 374; x_wconf 88' lang='lat' dir='ltr'>Sunt</span> <span class='ocrx_word' id='word_1_1070' title='bbox 2519 356 2563 377; x_wconf 76' lang='lat' dir='ltr'>au-</span> 
     </span>
     <span class='ocr_line' id='line_1_111' title="bbox 1444 381 2561 420; baseline 0.004 -10"><span class='ocrx_word' id='word_1_1071' title='bbox 1444 390 1502 411; x_wconf 87' lang='lat' dir='ltr'>tem</span> <span class='ocrx_word' id='word_1_1072' title='bbox 1523 382 1664 411; x_wconf 79' lang='lat' dir='ltr'>Allodi&#39;um</span> <span class='ocrx_word' id='word_1_1073' title='bbox 1685 384 1709 411; x_wconf 65' lang='grc' dir='ltr'>ἃ</span> <span class='ocrx_word' id='word_1_1074' title='bbox 1730 382 1856 411; x_wconf 83' lang='lat' dir='ltr'>Feudum</span> <span class='ocrx_word' id='word_1_1075' title='bbox 1875 383 1959 412; x_wconf 85' lang='lat' dir='ltr'>verba</span> <span class='ocrx_word' id='word_1_1076' title='bbox 1979 383 2115 411; x_wconf 81' lang='lat' dir='ltr'>contraria</span> <span class='ocrx_word' id='word_1_1077' title='bbox 2135 392 2149 410; x_wconf 84' lang='lat' dir='ltr'>a</span> <span class='ocrx_word' id='word_1_1078' title='bbox 2170 381 2268 410; x_wconf 79' lang='lat' dir='ltr'>Gothis</span> <span class='ocrx_word' id='word_1_1079' title='bbox 2289 382 2426 411; x_wconf 86' lang='lat' dir='ltr'>derivata:</span> <span class='ocrx_word' id='word_1_1080' title='bbox 2465 383 2561 420; x_wconf 86' lang='lat' dir='ltr'>quibus</span> 
     </span>
     <span class='ocr_line' id='line_1_112' title="bbox 1445 416 2564 456; baseline -0.001 -7"><span class='ocrx_word' id='word_1_1081' title='bbox 1445 420 1588 449; x_wconf 81' lang='lat' dir='ltr'>Or&#39;tensius</span> <span class='ocrx_word' id='word_1_1082' title='bbox 1611 420 1638 447; x_wconf 92' lang='lat' dir='ltr'>in</span> <span class='ocrx_word' id='word_1_1083' title='bbox 1660 416 1734 448; x_wconf 88' lang='lat' dir='ltr'>libris</span> <span class='ocrx_word' id='word_1_1084' title='bbox 1754 420 1789 448; x_wconf 90' lang='lat' dir='ltr'>de</span> <span class='ocrx_word' id='word_1_1085' title='bbox 1808 420 1910 450; x_wconf 79' lang='lat' dir='ltr'>feudis</span> <span class='ocrx_word' id='word_1_1086' title='bbox 1930 422 2088 456; x_wconf 81' lang='lat' dir='ltr'>frequenter</span> <span class='ocrx_word' id='word_1_1087' title='bbox 2108 420 2203 447; x_wconf 82' lang='lat' dir='ltr'>utitur.</span> <span class='ocrx_word' id='word_1_1088' title='bbox 2252 418 2393 448; x_wconf 88' lang='lat' dir='ltr'>Allodium</span> <span class='ocrx_word' id='word_1_1089' title='bbox 2415 420 2489 449; x_wconf 90' lang='lat' dir='ltr'>enim</span> <span class='ocrx_word' id='word_1_1090' title='bbox 2507 422 2564 451; x_wconf 80' lang='lat' dir='ltr'>vul-</span> 
     </span>
     <span class='ocr_line' id='line_1_113' title="bbox 1445 456 2564 495; baseline 0.002 -10"><span class='ocrx_word' id='word_1_1091' title='bbox 1445 467 1481 495; x_wconf 83' lang='lat' dir='ltr'>go</span> <span class='ocrx_word' id='word_1_1092' title='bbox 1511 456 1670 494; x_wconf 85' lang='lat' dir='ltr'>appellant,</span> <span class='ocrx_word' id='word_1_1093' title='bbox 1698 458 1775 493; x_wconf 89' lang='lat' dir='ltr'>quod</span> <span class='ocrx_word' id='word_1_1094' title='bbox 1803 458 1837 486; x_wconf 89' lang='lat' dir='ltr'>ab</span> <span class='ocrx_word' id='word_1_1095' title='bbox 1857 459 1932 487; x_wconf 88' lang='lat' dir='ltr'>omni</span> <span class='ocrx_word' id='word_1_1096' title='bbox 1962 456 2092 486; x_wconf 81' lang='lat' dir='ltr'>clientela</span> <span class='ocrx_word' id='word_1_1097' title='bbox 2111 456 2228 485; x_wconf 89' lang='lat' dir='ltr'>liberum</span> <span class='ocrx_word' id='word_1_1098' title='bbox 2248 458 2273 486; x_wconf 67' lang='lat' dir='ltr'>Sc</span> <span class='ocrx_word' id='word_1_1099' title='bbox 2292 456 2412 486; x_wconf 90' lang='lat' dir='ltr'>solutum</span> <span class='ocrx_word' id='word_1_1100' title='bbox 2434 458 2491 494; x_wconf 91' lang='lat' dir='ltr'>est,</span> <span class='ocrx_word' id='word_1_1101' title='bbox 2521 460 2564 492; x_wconf 85' lang='lat' dir='ltr'>vel</span> 
     </span>
     <span class='ocr_line' id='line_1_114' title="bbox 1446 494 2564 534; baseline 0.003 -11"><span class='ocrx_word' id='word_1_1102' title='bbox 1446 495 1525 529; x_wconf 83' lang='lat' dir='ltr'>cuius</span> <span class='ocrx_word' id='word_1_1103' title='bbox 1545 494 1635 524; x_wconf 66' lang='lat' dir='ltr'>caussb.</span> <span class='ocrx_word' id='word_1_1104' title='bbox 1661 495 1768 524; x_wconf 86' lang='lat' dir='ltr'>nemini</span> <span class='ocrx_word' id='word_1_1105' title='bbox 1797 496 1927 534; x_wconf 79' lang='lat' dir='ltr'>poffess&#39;or</span> <span class='ocrx_word' id='word_1_1106' title='bbox 1956 496 2041 524; x_wconf 86' lang='lat' dir='ltr'>fidem</span> <span class='ocrx_word' id='word_1_1107' title='bbox 2071 502 2152 531; x_wconf 89' lang='lat' dir='ltr'>atque</span> <span class='ocrx_word' id='word_1_1108' title='bbox 2178 494 2342 532; x_wconf 90' lang='lat' dir='ltr'>obsequium</span> <span class='ocrx_word' id='word_1_1109' title='bbox 2371 494 2464 525; x_wconf 90' lang='lat' dir='ltr'>debet.</span> <span class='ocrx_word' id='word_1_1110' title='bbox 2508 496 2564 526; x_wconf 87' lang='lat' dir='ltr'>Ho-</span> 
     </span>
     <span class='ocr_line' id='line_1_115' title="bbox 1444 539 1551 562; baseline -0.009 0"><span class='ocrx_word' id='word_1_1111' title='bbox 1444 539 1551 562; x_wconf 80' lang='lat' dir='ltr'>tornan.</span> 
     </span>
    </p>

    <p class='ocr_par' dir='ltr' id='par_1_57' title="bbox 1407 569 2564 674">
     <span class='ocr_line' id='line_1_116' title="bbox 1407 569 2564 607; baseline 0 -8"><span class='ocrx_word' id='word_1_1112' title='bbox 1407 571 1610 603; x_wconf 80' lang='lat' dir='ltr'>ALAuNus,</span> <span class='ocrx_word' id='word_1_1113' title='bbox 1652 571 1824 607; x_wconf 61' lang='lat' dir='ltr'>[&#39;A7rm3v&amp;»]</span> <span class='ocrx_word' id='word_1_1114' title='bbox 1856 571 1983 600; x_wconf 88' lang='lat' dir='ltr'>Duorum</span> <span class='ocrx_word' id='word_1_1115' title='bbox 2005 570 2154 599; x_wconf 84' lang='lat' dir='ltr'>fluviorum</span> <span class='ocrx_word' id='word_1_1116' title='bbox 2172 579 2277 599; x_wconf 88' lang='lat' dir='ltr'>nomen</span> <span class='ocrx_word' id='word_1_1117' title='bbox 2301 569 2339 599; x_wconf 92' lang='lat' dir='ltr'>est</span> <span class='ocrx_word' id='word_1_1118' title='bbox 2363 570 2392 599; x_wconf 90' lang='lat' dir='ltr'>in</span> <span class='ocrx_word' id='word_1_1119' title='bbox 2406 570 2564 606; x_wconf 84' lang='lat' dir='ltr'>Britannia,</span> 
     </span>
     <span class='ocr_line' id='line_1_117' title="bbox 1445 606 2564 674; baseline 0.004 -39"><span class='ocrx_word' id='word_1_1120' title='bbox 1445 617 1565 674; x_wconf 56' lang='lat' dir='ltr'>{inolmm</span> <span class='ocrx_word' id='word_1_1121' title='bbox 1590 606 1658 636; x_wconf 85' lang='lat' dir='ltr'>alter</span> <span class='ocrx_word' id='word_1_1122' title='bbox 1673 608 1711 637; x_wconf 88' lang='lat' dir='ltr'>est</span> <span class='ocrx_word' id='word_1_1123' title='bbox 1726 609 1756 637; x_wconf 92' lang='lat' dir='ltr'>in</span> <span class='ocrx_word' id='word_1_1124' title='bbox 1782 609 1911 638; x_wconf 85' lang='lat' dir='ltr'>orientali</span> <span class='ocrx_word' id='word_1_1125' title='bbox 1929 609 1988 644; x_wconf 84' lang='lat' dir='ltr'>ejus</span> <span class='ocrx_word' id='word_1_1126' title='bbox 2011 607 2104 637; x_wconf 82' lang='lat' dir='ltr'>insulae</span> <span class='ocrx_word' id='word_1_1127' title='bbox 2119 607 2217 645; x_wconf 81' lang='lat' dir='ltr'>plaga:</span> <span class='ocrx_word' id='word_1_1128' title='bbox 2246 607 2315 637; x_wconf 84' lang='lat' dir='ltr'>alter</span> <span class='ocrx_word' id='word_1_1129' title='bbox 2330 608 2360 636; x_wconf 90' lang='lat' dir='ltr'>in</span> <span class='ocrx_word' id='word_1_1130' title='bbox 2378 608 2564 642; x_wconf 80' lang='lat' dir='ltr'>meridionali.</span> 
     </span>
    </p>

    <p class='ocr_par' dir='ltr' id='par_1_58' title="bbox 1467 654 1562 674">
     <span class='ocr_line' id='line_1_118' title="bbox 1467 654 1562 674; baseline -0.011 0"><span class='ocrx_word' id='word_1_1131' title='bbox 1467 654 1494 674; x_wconf 88' lang='lat' dir='ltr'>to</span> <span class='ocrx_word' id='word_1_1132' title='bbox 1508 654 1562 674; x_wconf 90' lang='lat' dir='ltr'>em.</span> 
     </span>
    </p>

    <p class='ocr_par' dir='ltr' id='par_1_59' title="bbox 1410 682 2277 722">
     <span class='ocr_line' id='line_1_119' title="bbox 1410 682 2277 722; baseline 0 -9"><span class='ocrx_word' id='word_1_1133' title='bbox 1410 683 1457 713; x_wconf 90' lang='lat' dir='ltr'>AL</span> <span class='ocrx_word' id='word_1_1134' title='bbox 1468 693 1486 711; x_wconf 93' lang='lat' dir='ltr'>A</span> <span class='ocrx_word' id='word_1_1135' title='bbox 1496 693 1512 712; x_wconf 88' lang='lat' dir='ltr'><strong>z</strong></span> <span class='ocrx_word' id='word_1_1136' title='bbox 1523 694 1531 710; x_wconf 88' lang='lat'>1</span> <span class='ocrx_word' id='word_1_1137' title='bbox 1541 692 1560 711; x_wconf 87' lang='lat' dir='ltr'>A</span> <span class='ocrx_word' id='word_1_1138' title='bbox 1575 704 1583 717; x_wconf 89' lang='lat'>,</span> <span class='ocrx_word' id='word_1_1139' title='bbox 1605 682 1726 719; x_wconf 66' lang='grc' dir='ltr'>[ἀλαζίοι</span> <span class='ocrx_word' id='word_1_1140' title='bbox 1739 684 1754 719; x_wconf 90' lang='grc'>]</span> <span class='ocrx_word' id='word_1_1141' title='bbox 1776 684 1886 722; x_wconf 88' lang='lat' dir='ltr'>Oppidi</span> <span class='ocrx_word' id='word_1_1142' title='bbox 1906 693 2011 712; x_wconf 87' lang='lat' dir='ltr'>nomen</span> <span class='ocrx_word' id='word_1_1143' title='bbox 2023 682 2152 712; x_wconf 86' lang='lat' dir='ltr'>Straboni</span> <span class='ocrx_word' id='word_1_1144' title='bbox 2169 682 2218 711; x_wconf 90' lang='lat' dir='ltr'>lib.</span> <span class='ocrx_word' id='word_1_1145' title='bbox 2236 692 2277 713; x_wconf 91' lang='lat'>12.</span> 
     </span>
    </p>

    <p class='ocr_par' dir='ltr' id='par_1_60' title="bbox 1410 720 2568 827">
     <span class='ocr_line' id='line_1_120' title="bbox 1410 720 2568 759; baseline 0.002 -10"><span class='ocrx_word' id='word_1_1146' title='bbox 1410 724 1457 751; x_wconf 85' lang='lat' dir='ltr'>AL</span> <span class='ocrx_word' id='word_1_1147' title='bbox 1468 729 1586 755; x_wconf 81' lang='lat' dir='ltr'>AZON‚</span> <span class='ocrx_word' id='word_1_1148' title='bbox 1607 720 1678 749; x_wconf 72' lang='lat' dir='ltr'>onis.</span> <span class='ocrx_word' id='word_1_1149' title='bbox 1699 720 1812 751; x_wconf 79' lang='lat' dir='ltr'>Flavius</span> <span class='ocrx_word' id='word_1_1150' title='bbox 1833 722 1870 751; x_wconf 85' lang='lat' dir='ltr'>est</span> <span class='ocrx_word' id='word_1_1151' title='bbox 1886 721 2032 751; x_wconf 79' lang='lat' dir='ltr'>Albaniam</span> <span class='ocrx_word' id='word_1_1152' title='bbox 2043 720 2076 750; x_wconf 81' lang='lat' dir='ltr'>ab</span> <span class='ocrx_word' id='word_1_1153' title='bbox 2089 721 2178 750; x_wconf 84' lang='lat' dir='ltr'>lberia</span> <span class='ocrx_word' id='word_1_1154' title='bbox 2192 721 2384 750; x_wconf 83' lang='lat' dir='ltr'>disterminans</span> <span class='ocrx_word' id='word_1_1155' title='bbox 2395 742 2404 757; x_wconf 90' lang='lat'>‚</span> <span class='ocrx_word' id='word_1_1156' title='bbox 2426 721 2456 750; x_wconf 91' lang='lat' dir='ltr'>in</span> <span class='ocrx_word' id='word_1_1157' title='bbox 2466 721 2568 759; x_wconf 82' lang='lat' dir='ltr'>Cyrum.</span> 
     </span>
     <span class='ocr_line' id='line_1_121' title="bbox 1449 757 2567 798; baseline 0.005 -12"><span class='ocrx_word' id='word_1_1158' title='bbox 1449 757 1732 788; x_wconf 83' lang='lat' dir='ltr'>aninemeCaucasiis</span> <span class='ocrx_word' id='word_1_1159' title='bbox 1746 760 2031 789; x_wconf 83' lang='lat' dir='ltr'>montibusdefluens.</span> <span class='ocrx_word' id='word_1_1160' title='bbox 2052 758 2121 788; x_wconf 88' lang='lat' dir='ltr'>Plin.</span> <span class='ocrx_word' id='word_1_1161' title='bbox 2141 757 2189 788; x_wconf 92' lang='lat' dir='ltr'>lib.</span> <span class='ocrx_word' id='word_1_1162' title='bbox 2208 764 2234 788; x_wconf 91' lang='lat'>6.</span> <span class='ocrx_word' id='word_1_1163' title='bbox 2254 770 2316 798; x_wconf 87' lang='lat' dir='ltr'>cap.</span> <span class='ocrx_word' id='word_1_1164' title='bbox 2338 769 2380 788; x_wconf 92' lang='lat'>10.</span> <span class='ocrx_word' id='word_1_1165' title='bbox 2421 758 2567 792; x_wconf 69' lang='lat' dir='ltr'>Alazonius</span> 
     </span>
     <span class='ocr_line' id='line_1_122' title="bbox 1449 796 2160 827; baseline 0 -2"><span class='ocrx_word' id='word_1_1166' title='bbox 1449 805 1563 825; x_wconf 83' lang='lat' dir='ltr'>vocatur</span> <span class='ocrx_word' id='word_1_1167' title='bbox 1576 796 1704 825; x_wconf 82' lang='lat' dir='ltr'>Straboni</span> <span class='ocrx_word' id='word_1_1168' title='bbox 1721 797 1768 826; x_wconf 91' lang='lat' dir='ltr'>lib.</span> <span class='ocrx_word' id='word_1_1169' title='bbox 1786 808 1828 827; x_wconf 90' lang='lat'>11.</span> <span class='ocrx_word' id='word_1_1170' title='bbox 1870 797 1928 826; x_wconf 90' lang='lat' dir='ltr'>Val.</span> <span class='ocrx_word' id='word_1_1171' title='bbox 1953 797 2078 826; x_wconf 83' lang='lat' dir='ltr'>Flacc.6.</span> <span class='ocrx_word' id='word_1_1172' title='bbox 2098 805 2160 825; x_wconf 91' lang='lat'>102.</span> 
     </span>
    </p>

    <p class='ocr_par' dir='ltr' id='par_1_61' title="bbox 1605 834 2111 872">
     <span class='ocr_line' id='line_1_123' title="bbox 1605 834 2111 872; baseline 0 -9"><span class='ocrx_word' id='word_1_1173' title='bbox 1605 849 1643 855; x_wconf 84' lang='lat'>—-</span> <span class='ocrx_word' id='word_1_1174' title='bbox 1662 834 1735 863; x_wconf 89' lang='lat' dir='ltr'>Tota</span> <span class='ocrx_word' id='word_1_1175' title='bbox 1748 845 1807 864; x_wconf 91' lang='lat' dir='ltr'>non</span> <span class='ocrx_word' id='word_1_1176' title='bbox 1817 835 1895 864; x_wconf 84' lang='lat' dir='ltr'>audit</span> <span class='ocrx_word' id='word_1_1177' title='bbox 1911 835 2033 864; x_wconf 81' lang='lat' dir='ltr'>Alazona</span> <span class='ocrx_word' id='word_1_1178' title='bbox 2043 835 2111 872; x_wconf 88' lang='lat' dir='ltr'>ripa.</span> 
     </span>
    </p>

    <p class='ocr_par' dir='ltr' id='par_1_62' title="bbox 1411 871 2573 977">
     <span class='ocr_line' id='line_1_124' title="bbox 1411 871 2564 913; baseline 0.003 -14"><span class='ocrx_word' id='word_1_1179' title='bbox 1411 871 1632 906; x_wconf 70' lang='lat' dir='ltr'>ALAzONfA,</span> <span class='ocrx_word' id='word_1_1180' title='bbox 1665 881 1696 901; x_wconf 87' lang='lat' dir='ltr'>ae.</span> <span class='ocrx_word' id='word_1_1181' title='bbox 1717 872 1736 901; x_wconf 91' lang='lat' dir='ltr'>f.</span> <span class='ocrx_word' id='word_1_1182' title='bbox 1772 873 1944 909; x_wconf 58' lang='grc' dir='ltr'>[αλαζονρία]</span> <span class='ocrx_word' id='word_1_1183' title='bbox 1965 872 2102 908; x_wconf 72' lang='lat' dir='ltr'>Jactantia</span> <span class='ocrx_word' id='word_1_1184' title='bbox 2117 894 2125 907; x_wconf 78' lang='lat'>,</span> <span class='ocrx_word' id='word_1_1185' title='bbox 2146 872 2302 901; x_wconf 83' lang='lat' dir='ltr'>ostentatio.</span> <span class='ocrx_word' id='word_1_1186' title='bbox 2334 871 2445 911; x_wconf 87' lang='lat' dir='ltr'>Ulpian.</span> <span class='ocrx_word' id='word_1_1187' title='bbox 2462 872 2564 913; x_wconf 73' lang='lat' dir='ltr'>Interp.</span> 
     </span>
     <span class='ocr_line' id='line_1_125' title="bbox 1447 909 2573 977; baseline 0.004 -41"><span class='ocrx_word' id='word_1_1188' title='bbox 1447 909 1596 977; x_wconf 56' lang='grc' dir='ltr'>ΙΙξειῃοίΗΙΤΙἱ</span> <span class='ocrx_word' id='word_1_1189' title='bbox 1616 909 1668 945; x_wconf 84' lang='lat' dir='ltr'>ait,</span> <span class='ocrx_word' id='word_1_1190' title='bbox 1689 909 1851 940; x_wconf 80' lang='lat' dir='ltr'>Alazoniam</span> <span class='ocrx_word' id='word_1_1191' title='bbox 1864 920 1963 941; x_wconf 87' lang='lat' dir='ltr'>eorum</span> <span class='ocrx_word' id='word_1_1192' title='bbox 1980 910 2035 941; x_wconf 83' lang='lat' dir='ltr'>effe</span> <span class='ocrx_word' id='word_1_1193' title='bbox 2055 911 2103 948; x_wconf 89' lang='lat' dir='ltr'>qui</span> <span class='ocrx_word' id='word_1_1194' title='bbox 2116 909 2195 948; x_wconf 84' lang='lat' dir='ltr'>plura</span> <span class='ocrx_word' id='word_1_1195' title='bbox 2216 910 2386 949; x_wconf 85' lang='lat' dir='ltr'>promittunt</span> <span class='ocrx_word' id='word_1_1196' title='bbox 2407 920 2489 948; x_wconf 91' lang='lat' dir='ltr'>quam</span> <span class='ocrx_word' id='word_1_1197' title='bbox 2503 921 2573 950; x_wconf 68' lang='lat' dir='ltr'>prae-s</span> 
     </span>
    </p>

    <p class='ocr_par' dir='ltr' id='par_1_63' title="bbox 1472 953 1650 985">
     <span class='ocr_line' id='line_1_126' title="bbox 1472 953 1650 985; baseline 0.006 -9"><span class='ocrx_word' id='word_1_1198' title='bbox 1472 956 1516 977; x_wconf 81' lang='lat' dir='ltr'>are</span> <span class='ocrx_word' id='word_1_1199' title='bbox 1529 957 1567 985; x_wconf 87' lang='lat' dir='ltr'>po</span> <span class='ocrx_word' id='word_1_1200' title='bbox 1592 953 1650 978; x_wconf 88' lang='lat' dir='ltr'>unt.</span> 
     </span>
    </p>
   </div>
   <div class='ocr_carea' id='block_1_9' title="bbox 1852 1025 2120 1060">
    <p class='ocr_par' dir='ltr' id='par_1_64' title="bbox 1852 1025 2120 1060">
     <span class='ocr_line' id='line_1_127' title="bbox 1852 1025 2120 1060; baseline 0 0"><span class='ocrx_word' id='word_1_1201' title='bbox 1852 1025 1881 1060; x_wconf 89' lang='lat' dir='ltr'>A</span> <span class='ocrx_word' id='word_1_1202' title='bbox 1973 1025 2001 1060; x_wconf 95' lang='lat' dir='ltr'>L</span> <span class='ocrx_word' id='word_1_1203' title='bbox 2096 1025 2120 1060; x_wconf 91' lang='lat' dir='ltr'>B</span> 
     </span>
    </p>
   </div>
   <div class='ocr_carea' id='block_1_10' title="bbox 1410 1099 2604 2889">
    <p class='ocr_par' dir='ltr' id='par_1_65' title="bbox 1410 1099 2571 1245">
     <span class='ocr_line' id='line_1_128' title="bbox 1410 1099 2568 1145; baseline 0.002 -13"><span class='ocrx_word' id='word_1_1204' title='bbox 1410 1103 1433 1132; x_wconf 85' lang='lat' dir='ltr'>A</span> <span class='ocrx_word' id='word_1_1205' title='bbox 1443 1112 1459 1130; x_wconf 90' lang='lat' dir='ltr'>L</span> <span class='ocrx_word' id='word_1_1206' title='bbox 1468 1112 1483 1145; x_wconf 67' lang='lat'>13</span> <span class='ocrx_word' id='word_1_1207' title='bbox 1492 1111 1513 1130; x_wconf 92' lang='lat' dir='ltr'>A</span> <span class='ocrx_word' id='word_1_1208' title='bbox 1523 1123 1531 1137; x_wconf 93' lang='lat'>‚</span> <span class='ocrx_word' id='word_1_1209' title='bbox 1555 1099 1685 1145; x_wconf 68' lang='lat' dir='ltr'>[‘&#39;A&gt;«s3ae]</span> <span class='ocrx_word' id='word_1_1210' title='bbox 1704 1101 1793 1133; x_wconf 86' lang='lat' dir='ltr'>Urbes</span> <span class='ocrx_word' id='word_1_1211' title='bbox 1806 1103 1862 1133; x_wconf 90' lang='lat' dir='ltr'>hoc</span> <span class='ocrx_word' id='word_1_1212' title='bbox 1875 1104 1992 1133; x_wconf 86' lang='lat' dir='ltr'>nomine</span> <span class='ocrx_word' id='word_1_1213' title='bbox 2002 1103 2064 1133; x_wconf 80' lang='lat' dir='ltr'>duae</span> <span class='ocrx_word' id='word_1_1214' title='bbox 2078 1104 2108 1132; x_wconf 91' lang='lat' dir='ltr'>in</span> <span class='ocrx_word' id='word_1_1215' title='bbox 2116 1102 2194 1134; x_wconf 87' lang='lat' dir='ltr'>Italia</span> <span class='ocrx_word' id='word_1_1216' title='bbox 2207 1103 2292 1134; x_wconf 85' lang='lat' dir='ltr'>fuere.</span> <span class='ocrx_word' id='word_1_1217' title='bbox 2315 1102 2436 1134; x_wconf 86' lang='lat' dir='ltr'>Condita</span> <span class='ocrx_word' id='word_1_1218' title='bbox 2451 1104 2485 1134; x_wconf 87' lang='lat' dir='ltr'>ab</span> <span class='ocrx_word' id='word_1_1219' title='bbox 2494 1103 2568 1137; x_wconf 77' lang='lat' dir='ltr'>Asca.</span> 
     </span>
     <span class='ocr_line' id='line_1_129' title="bbox 1449 1139 2570 1181; baseline 0.004 -13"><span class='ocrx_word' id='word_1_1220' title='bbox 1449 1149 1513 1181; x_wconf 42' lang='lat' dir='ltr'>nlo)</span> <span class='ocrx_word' id='word_1_1221' title='bbox 1535 1139 1593 1168; x_wconf 83' lang='lat' dir='ltr'>filio</span> <span class='ocrx_word' id='word_1_1222' title='bbox 1604 1141 1697 1170; x_wconf 77' lang='lat' dir='ltr'>AEneae</span> <span class='ocrx_word' id='word_1_1223' title='bbox 1709 1162 1717 1176; x_wconf 91' lang='lat'>,</span> <span class='ocrx_word' id='word_1_1224' title='bbox 1739 1141 1807 1171; x_wconf 85' lang='lat' dir='ltr'>Alba</span> <span class='ocrx_word' id='word_1_1225' title='bbox 1818 1141 1912 1179; x_wconf 78' lang='lat' dir='ltr'>Longa</span> <span class='ocrx_word' id='word_1_1226' title='bbox 1927 1143 2000 1171; x_wconf 72' lang='lat' dir='ltr'>dieta</span> <span class='ocrx_word' id='word_1_1227' title='bbox 2012 1141 2061 1170; x_wconf 89' lang='lat' dir='ltr'>sub</span> <span class='ocrx_word' id='word_1_1228' title='bbox 2074 1147 2171 1171; x_wconf 89' lang='lat' dir='ltr'>monte</span> <span class='ocrx_word' id='word_1_1229' title='bbox 2185 1141 2291 1171; x_wconf 87' lang='lat' dir='ltr'>Albano</span> <span class='ocrx_word' id='word_1_1230' title='bbox 2302 1164 2309 1177; x_wconf 82' lang='lat'><strong>‚</strong></span> <span class='ocrx_word' id='word_1_1231' title='bbox 2333 1141 2368 1171; x_wconf 86' lang='lat' dir='ltr'>ab</span> <span class='ocrx_word' id='word_1_1232' title='bbox 2385 1141 2445 1171; x_wconf 83' lang='lat' dir='ltr'>alba</span> <span class='ocrx_word' id='word_1_1233' title='bbox 2463 1142 2570 1174; x_wconf 77' lang='lat' dir='ltr'>sueim-</span> 
     </span>
     <span class='ocr_line' id='line_1_130' title="bbox 1448 1178 2571 1245; baseline 0.004 -40"><span class='ocrx_word' id='word_1_1234' title='bbox 1448 1180 1548 1245; x_wconf 62' lang='lat' dir='ltr'>plohto</span> <span class='ocrx_word' id='word_1_1235' title='bbox 1557 1179 1671 1207; x_wconf 87' lang='lat' dir='ltr'>nomine</span> <span class='ocrx_word' id='word_1_1236' title='bbox 1683 1201 1691 1213; x_wconf 85' lang='lat'>,</span> <span class='ocrx_word' id='word_1_1237' title='bbox 1713 1178 1882 1210; x_wconf 80' lang='lat' dir='ltr'>Albanorum</span> <span class='ocrx_word' id='word_1_1238' title='bbox 1899 1190 1995 1218; x_wconf 82' lang='lat' dir='ltr'>regum</span> <span class='ocrx_word' id='word_1_1239' title='bbox 2010 1179 2087 1209; x_wconf 88' lang='lat' dir='ltr'>sedes</span> <span class='ocrx_word' id='word_1_1240' title='bbox 2102 1180 2148 1209; x_wconf 93' lang='lat' dir='ltr'>seu</span> <span class='ocrx_word' id='word_1_1241' title='bbox 2165 1179 2234 1209; x_wconf 87' lang='lat' dir='ltr'>Latii</span> <span class='ocrx_word' id='word_1_1242' title='bbox 2254 1180 2327 1217; x_wconf 87' lang='lat' dir='ltr'>regia</span> <span class='ocrx_word' id='word_1_1243' title='bbox 2340 1202 2348 1215; x_wconf 92' lang='lat'>,</span> <span class='ocrx_word' id='word_1_1244' title='bbox 2388 1190 2453 1209; x_wconf 88' lang='lat' dir='ltr'>uam</span> <span class='ocrx_word' id='word_1_1245' title='bbox 2471 1181 2571 1214; x_wconf 69' lang='lat' dir='ltr'>Tullus</span> 
     </span>
    </p>

    <p class='ocr_par' dir='ltr' id='par_1_66' title="bbox 1448 1214 2592 1451">
     <span class='ocr_line' id='line_1_131' title="bbox 1479 1214 2570 1258; baseline 0.005 -15"><span class='ocrx_word' id='word_1_1246' title='bbox 1479 1214 1583 1258; x_wconf 68' lang='lat' dir='ltr'>ostilius</span> <span class='ocrx_word' id='word_1_1247' title='bbox 1595 1216 1790 1247; x_wconf 78' lang='lat' dir='ltr'>rexRomanus</span> <span class='ocrx_word' id='word_1_1248' title='bbox 1802 1218 1910 1247; x_wconf 85' lang='lat' dir='ltr'>evertit.</span> <span class='ocrx_word' id='word_1_1249' title='bbox 1948 1218 2020 1255; x_wconf 85' lang='lat' dir='ltr'>Virg.</span> <span class='ocrx_word' id='word_1_1250' title='bbox 2032 1221 2057 1247; x_wconf 91' lang='lat'>6.</span> <span class='ocrx_word' id='word_1_1251' title='bbox 2077 1218 2140 1248; x_wconf 80' lang='lat' dir='ltr'>AEn.</span> <span class='ocrx_word' id='word_1_1252' title='bbox 2151 1221 2213 1255; x_wconf 89' lang='lat'>766.</span> <span class='ocrx_word' id='word_1_1253' title='bbox 2226 1220 2253 1248; x_wconf 69' lang='grc' dir='ltr'><strong>ἃ</strong></span> <span class='ocrx_word' id='word_1_1254' title='bbox 2263 1224 2288 1251; x_wconf 89' lang='lat'>8.</span> <span class='ocrx_word' id='word_1_1255' title='bbox 2302 1227 2348 1254; x_wconf 86' lang='lat'>43.</span> <span class='ocrx_word' id='word_1_1256' title='bbox 2392 1218 2427 1247; x_wconf 79' lang='lat' dir='ltr'>iv,</span> <span class='ocrx_word' id='word_1_1257' title='bbox 2440 1217 2488 1248; x_wconf 92' lang='lat' dir='ltr'>lib.</span> <span class='ocrx_word' id='word_1_1258' title='bbox 2505 1229 2528 1248; x_wconf 91' lang='lat'>1.</span> <span class='ocrx_word' id='word_1_1259' title='bbox 2544 1229 2570 1257; x_wconf 79' lang='lat'>3.</span> 
     </span>
     <span class='ocr_line' id='line_1_132' title="bbox 1448 1253 2583 1292; baseline 0.003 -9"><span class='ocrx_word' id='word_1_1260' title='bbox 1448 1253 1580 1283; x_wconf 86' lang='lat' dir='ltr'>Ascanius</span> <span class='ocrx_word' id='word_1_1261' title='bbox 1600 1254 1761 1284; x_wconf 83' lang='lat' dir='ltr'>abundante</span> <span class='ocrx_word' id='word_1_1262' title='bbox 1780 1255 1885 1285; x_wconf 85' lang='lat' dir='ltr'>Lavinii</span> <span class='ocrx_word' id='word_1_1263' title='bbox 1903 1255 2102 1290; x_wconf 78' lang='lat' dir='ltr'>multitudine.</span> <span class='ocrx_word' id='word_1_1264' title='bbox 2124 1256 2272 1285; x_wconf 89' lang='lat' dir='ltr'>florentem</span> <span class='ocrx_word' id='word_1_1265' title='bbox 2290 1257 2346 1292; x_wconf 86' lang='lat' dir='ltr'>jam</span> <span class='ocrx_word' id='word_1_1266' title='bbox 2358 1277 2366 1290; x_wconf 77' lang='lat'>,</span> <span class='ocrx_word' id='word_1_1267' title='bbox 2395 1262 2428 1285; x_wconf 83' lang='lat' dir='ltr'>ut</span> <span class='ocrx_word' id='word_1_1268' title='bbox 2446 1261 2507 1286; x_wconf 90' lang='lat' dir='ltr'>tum</span> <span class='ocrx_word' id='word_1_1269' title='bbox 2527 1254 2583 1287; x_wconf 52' lang='lat' dir='ltr'>res&#39;</span> 
     </span>
     <span class='ocr_line' id='line_1_133' title="bbox 1450 1292 2592 1334; baseline 0.004 -15"><span class='ocrx_word' id='word_1_1270' title='bbox 1450 1298 1529 1334; x_wconf 74' lang='lat' dir='ltr'>erant</span> <span class='ocrx_word' id='word_1_1271' title='bbox 1543 1313 1554 1334; x_wconf 73' lang='lat'>⁹.</span> <span class='ocrx_word' id='word_1_1272' title='bbox 1573 1299 1654 1329; x_wconf 88' lang='lat' dir='ltr'>atque</span> <span class='ocrx_word' id='word_1_1273' title='bbox 1668 1292 1831 1329; x_wconf 88' lang='lat' dir='ltr'>opulentam</span> <span class='ocrx_word' id='word_1_1274' title='bbox 1846 1294 1945 1323; x_wconf 88' lang='lat' dir='ltr'>urbem</span> <span class='ocrx_word' id='word_1_1275' title='bbox 1963 1294 2062 1330; x_wconf 88' lang='lat' dir='ltr'>matri,</span> <span class='ocrx_word' id='word_1_1276' title='bbox 2083 1293 2129 1323; x_wconf 91' lang='lat' dir='ltr'>seu</span> <span class='ocrx_word' id='word_1_1277' title='bbox 2145 1303 2272 1323; x_wconf 84' lang='lat' dir='ltr'>novercae</span> <span class='ocrx_word' id='word_1_1278' title='bbox 2283 1317 2290 1329; x_wconf 78' lang='lat'>‚</span> <span class='ocrx_word' id='word_1_1279' title='bbox 2310 1293 2435 1331; x_wconf 88' lang='lat' dir='ltr'>reliquit:</span> <span class='ocrx_word' id='word_1_1280' title='bbox 2469 1304 2570 1327; x_wconf 81' lang='lat' dir='ltr'>novam</span> <span class='ocrx_word' id='word_1_1281' title='bbox 2589 1323 2592 1326; x_wconf 74' lang='grc'>,</span> 
     </span>
     <span class='ocr_line' id='line_1_134' title="bbox 1449 1329 2570 1370; baseline 0.004 -12"><span class='ocrx_word' id='word_1_1282' title='bbox 1449 1340 1458 1358; x_wconf 88' lang='lat'>1</span> <span class='ocrx_word' id='word_1_1283' title='bbox 1483 1329 1508 1358; x_wconf 89' lang='lat' dir='ltr'>se</span> <span class='ocrx_word' id='word_1_1284' title='bbox 1521 1329 1601 1358; x_wconf 78' lang='lat' dir='ltr'>aliam</span> <span class='ocrx_word' id='word_1_1285' title='bbox 1613 1330 1662 1359; x_wconf 94' lang='lat' dir='ltr'>sub</span> <span class='ocrx_word' id='word_1_1286' title='bbox 1675 1330 1780 1360; x_wconf 87' lang='lat' dir='ltr'>Albano</span> <span class='ocrx_word' id='word_1_1287' title='bbox 1794 1339 1891 1361; x_wconf 88' lang='lat' dir='ltr'>monte</span> <span class='ocrx_word' id='word_1_1288' title='bbox 1901 1332 2031 1361; x_wconf 88' lang='lat' dir='ltr'>condidit</span> <span class='ocrx_word' id='word_1_1289' title='bbox 2041 1352 2049 1367; x_wconf 85' lang='lat'>‚</span> <span class='ocrx_word' id='word_1_1290' title='bbox 2069 1342 2129 1369; x_wconf 86' lang='lat' dir='ltr'>quae</span> <span class='ocrx_word' id='word_1_1291' title='bbox 2139 1341 2154 1361; x_wconf 88' lang='lat' dir='ltr'>a</span> <span class='ocrx_word' id='word_1_1292' title='bbox 2163 1331 2213 1361; x_wconf 89' lang='lat' dir='ltr'>situ</span> <span class='ocrx_word' id='word_1_1293' title='bbox 2225 1332 2398 1370; x_wconf 69' lang='lat' dir='ltr'>porrectaein</span> <span class='ocrx_word' id='word_1_1294' title='bbox 2407 1331 2488 1362; x_wconf 88' lang='lat' dir='ltr'>dorso</span> <span class='ocrx_word' id='word_1_1295' title='bbox 2497 1332 2570 1364; x_wconf 74' lang='lat' dir='ltr'>urbis</span> 
     </span>
     <span class='ocr_line' id='line_1_135' title="bbox 1451 1368 2427 1451; baseline 0.003 -18"><span class='ocrx_word' id='word_1_1296' title='bbox 1451 1377 1545 1434; x_wconf 36' lang='lat' dir='ltr'>egilii?</span> <span class='ocrx_word' id='word_1_1297' title='bbox 1560 1368 1679 1436; x_wconf 42' lang='lat' dir='ltr'>siffis?</span> <span class='ocrx_word' id='word_1_1298' title='bbox 1692 1368 1900 1444; x_wconf 43' lang='lat' dir='ltr'>gllatamg-Hsstt:</span> <span class='ocrx_word' id='word_1_1299' title='bbox 1908 1407 2027 1451; x_wconf 74' lang='lat' dir='ltr'>residens</span> <span class='ocrx_word' id='word_1_1300' title='bbox 2036 1407 2107 1437; x_wconf 83' lang='lat' dir='ltr'>celsa</span> <span class='ocrx_word' id='word_1_1301' title='bbox 2113 1407 2224 1437; x_wconf 86' lang='lat' dir='ltr'>Latialis</span> <span class='ocrx_word' id='word_1_1302' title='bbox 2230 1407 2339 1445; x_wconf 85' lang='lat' dir='ltr'>Jupiter</span> <span class='ocrx_word' id='word_1_1303' title='bbox 2350 1407 2427 1437; x_wconf 91' lang='lat' dir='ltr'>Alba.</span> 
     </span>
    </p>

    <p class='ocr_par' dir='ltr' id='par_1_67' title="bbox 1449 1442 2338 1486">
     <span class='ocr_line' id='line_1_136' title="bbox 1449 1442 2338 1486; baseline 0.003 -14"><span class='ocrx_word' id='word_1_1304' title='bbox 1449 1442 1589 1486; x_wconf 77' lang='lat' dir='ltr'>Dardania</span> <span class='ocrx_word' id='word_1_1305' title='bbox 1602 1466 1609 1479; x_wconf 91' lang='lat'>,</span> <span class='ocrx_word' id='word_1_1306' title='bbox 1630 1454 1719 1481; x_wconf 85' lang='lat' dir='ltr'>quiaa</span> <span class='ocrx_word' id='word_1_1307' title='bbox 1732 1444 1867 1475; x_wconf 77' lang='lat' dir='ltr'>Dardanis</span> <span class='ocrx_word' id='word_1_1308' title='bbox 1878 1447 2001 1475; x_wconf 84' lang='lat' dir='ltr'>condita.</span> <span class='ocrx_word' id='word_1_1309' title='bbox 2032 1447 2099 1475; x_wconf 85' lang='lat' dir='ltr'>Stat.</span> <span class='ocrx_word' id='word_1_1310' title='bbox 2116 1455 2141 1480; x_wconf 81' lang='lat'>3.</span> <span class='ocrx_word' id='word_1_1311' title='bbox 2163 1445 2236 1484; x_wconf 86' lang='lat' dir='ltr'>Sylv.</span> <span class='ocrx_word' id='word_1_1312' title='bbox 2255 1456 2276 1475; x_wconf 93' lang='lat'>1.</span> <span class='ocrx_word' id='word_1_1313' title='bbox 2294 1451 2338 1475; x_wconf 87' lang='lat'>61.</span> 
     </span>
    </p>

    <p class='ocr_par' dir='ltr' id='par_1_68' title="bbox 1449 1479 2604 1640">
     <span class='ocr_line' id='line_1_137' title="bbox 1449 1479 2604 1529; baseline 0.004 -19"><span class='ocrx_word' id='word_1_1314' title='bbox 1449 1479 1543 1511; x_wconf 82' lang='lat' dir='ltr'>Iliaca.</span> <span class='ocrx_word' id='word_1_1315' title='bbox 1583 1481 1624 1512; x_wconf 89' lang='lat' dir='ltr'>Ab</span> <span class='ocrx_word' id='word_1_1316' title='bbox 1643 1483 1676 1512; x_wconf 91' lang='lat' dir='ltr'>iis</span> <span class='ocrx_word' id='word_1_1317' title='bbox 1695 1484 1772 1512; x_wconf 92' lang='lat' dir='ltr'>enim</span> <span class='ocrx_word' id='word_1_1318' title='bbox 1787 1484 1901 1513; x_wconf 84' lang='lat' dir='ltr'>condita</span> <span class='ocrx_word' id='word_1_1319' title='bbox 1911 1484 1949 1513; x_wconf 87' lang='lat' dir='ltr'>est</span> <span class='ocrx_word' id='word_1_1320' title='bbox 1963 1506 1971 1520; x_wconf 95' lang='lat'>,</span> <span class='ocrx_word' id='word_1_1321' title='bbox 1994 1485 2041 1522; x_wconf 89' lang='lat' dir='ltr'>qui</span> <span class='ocrx_word' id='word_1_1322' title='bbox 2059 1493 2094 1514; x_wconf 79' lang='lat' dir='ltr'>ex</span> <span class='ocrx_word' id='word_1_1323' title='bbox 2103 1483 2155 1513; x_wconf 89' lang='lat' dir='ltr'>llio</span> <span class='ocrx_word' id='word_1_1324' title='bbox 2174 1484 2293 1522; x_wconf 68' lang='lat' dir='ltr'>profecti</span> <span class='ocrx_word' id='word_1_1325' title='bbox 2309 1483 2381 1514; x_wconf 86' lang='lat' dir='ltr'>sunt.</span> <span class='ocrx_word' id='word_1_1326' title='bbox 2402 1483 2505 1514; x_wconf 88' lang='lat' dir='ltr'>Lucan.</span> <span class='ocrx_word' id='word_1_1327' title='bbox 2522 1483 2569 1515; x_wconf 82' lang='lat' dir='ltr'>lib.</span> <span class='ocrx_word' id='word_1_1328' title='bbox 2601 1500 2604 1529; x_wconf 59' lang='grc' dir='ltr'><strong>Ι</strong></span> 
     </span>
     <span class='ocr_line' id='line_1_138' title="bbox 1453 1530 2604 1555; baseline 0.003 -7"><span class='ocrx_word' id='word_1_1329' title='bbox 1453 1530 1478 1555; x_wconf 83' lang='grc' dir='ltr'><strong>ς.</strong></span> <span class='ocrx_word' id='word_1_1330' title='bbox 1491 1530 1555 1555; x_wconf 86' lang='lat'>400.</span> <span class='ocrx_word' id='word_1_1331' title='bbox 2603 1533 2604 1538; x_wconf 57' lang='lat'>¹</span> 
     </span>
     <span class='ocr_line' id='line_1_139' title="bbox 1451 1542 2604 1600; baseline 0.003 -14"><span class='ocrx_word' id='word_1_1332' title='bbox 1451 1557 1574 1593; x_wconf 82' lang='lat' dir='ltr'>Troiana</span> <span class='ocrx_word' id='word_1_1333' title='bbox 1586 1580 1594 1594; x_wconf 84' lang='lat'><strong>‚</strong></span> <span class='ocrx_word' id='word_1_1334' title='bbox 1615 1558 1771 1595; x_wconf 85' lang='lat' dir='ltr'>aTrojanis</span> <span class='ocrx_word' id='word_1_1335' title='bbox 1783 1560 1905 1589; x_wconf 90' lang='lat' dir='ltr'>condita.</span> <span class='ocrx_word' id='word_1_1336' title='bbox 1938 1559 2006 1589; x_wconf 88' lang='lat' dir='ltr'>Stat.</span> <span class='ocrx_word' id='word_1_1337' title='bbox 2029 1570 2053 1595; x_wconf 84' lang='lat'>5.</span> <span class='ocrx_word' id='word_1_1338' title='bbox 2069 1559 2143 1598; x_wconf 88' lang='lat' dir='ltr'>Sylv.</span> <span class='ocrx_word' id='word_1_1339' title='bbox 2155 1569 2181 1590; x_wconf 93' lang='lat'>2.</span> <span class='ocrx_word' id='word_1_1340' title='bbox 2198 1565 2260 1594; x_wconf 84' lang='lat'>118.</span> <span class='ocrx_word' id='word_1_1341' title='bbox 2602 1542 2604 1600; x_wconf 43' lang='grc' dir='ltr'>ἶ</span> 
     </span>
     <span class='ocr_line' id='line_1_140' title="bbox 1450 1595 2570 1640; baseline 0.004 -16"><span class='ocrx_word' id='word_1_1342' title='bbox 1450 1595 1616 1630; x_wconf 81' lang='lat' dir='ltr'>Alba‚altera</span> <span class='ocrx_word' id='word_1_1343' title='bbox 1622 1597 1709 1640; x_wconf 79' lang='lat' dir='ltr'>fuitin</span> <span class='ocrx_word' id='word_1_1344' title='bbox 1719 1597 1813 1627; x_wconf 80' lang='lat' dir='ltr'>Marsis</span> <span class='ocrx_word' id='word_1_1345' title='bbox 1824 1598 1860 1627; x_wconf 84' lang='lat' dir='ltr'>ad</span> <span class='ocrx_word' id='word_1_1346' title='bbox 1868 1597 1960 1627; x_wconf 83' lang='lat' dir='ltr'>lacum</span> <span class='ocrx_word' id='word_1_1347' title='bbox 1971 1597 2136 1633; x_wconf 88' lang='lat' dir='ltr'>Fucinum,a</span> <span class='ocrx_word' id='word_1_1348' title='bbox 2146 1608 2199 1636; x_wconf 89' lang='lat' dir='ltr'>qua</span> <span class='ocrx_word' id='word_1_1349' title='bbox 2209 1597 2339 1628; x_wconf 89' lang='lat' dir='ltr'>Albenses</span> <span class='ocrx_word' id='word_1_1350' title='bbox 2345 1596 2570 1628; x_wconf 86' lang='lat' dir='ltr'>dicuntur.Varro</span> 
     </span>
    </p>

    <p class='ocr_par' dir='ltr' id='par_1_69' title="bbox 1471 1610 2604 1677">
     <span class='ocr_line' id='line_1_141' title="bbox 1471 1610 2604 1677; baseline 0.004 -15"><span class='ocrx_word' id='word_1_1351' title='bbox 1471 1633 1753 1677; x_wconf 79' lang='lat' dir='ltr'>deL.L.7.18.le.3.</span> <span class='ocrx_word' id='word_1_1352' title='bbox 1763 1646 1802 1665; x_wconf 87' lang='lat'>12.</span> <span class='ocrx_word' id='word_1_1353' title='bbox 1812 1637 1937 1673; x_wconf 86' lang='lat' dir='ltr'>quamvis</span> <span class='ocrx_word' id='word_1_1354' title='bbox 1946 1635 2132 1665; x_wconf 83' lang='lat' dir='ltr'>etiamAlbani</span> <span class='ocrx_word' id='word_1_1355' title='bbox 2140 1637 2307 1674; x_wconf 85' lang='lat' dir='ltr'>quandoque</span> <span class='ocrx_word' id='word_1_1356' title='bbox 2316 1642 2461 1665; x_wconf 83' lang='lat' dir='ltr'>vocentur.</span> <span class='ocrx_word' id='word_1_1357' title='bbox 2472 1635 2572 1666; x_wconf 78' lang='lat' dir='ltr'>Memi-</span> <span class='ocrx_word' id='word_1_1358' title='bbox 2598 1610 2604 1660; x_wconf 75' lang='lat' dir='ltr'>l</span> 
     </span>
    </p>

    <p class='ocr_par' dir='ltr' id='par_1_70' title="bbox 1469 1664 2604 1712">
     <span class='ocr_line' id='line_1_142' title="bbox 1469 1664 2604 1712; baseline 0.004 -12"><span class='ocrx_word' id='word_1_1359' title='bbox 1469 1674 1545 1701; x_wconf 82' lang='lat' dir='ltr'>nit&amp;</span> <span class='ocrx_word' id='word_1_1360' title='bbox 1557 1673 1644 1702; x_wconf 65' lang='lat' dir='ltr'>tertiae</span> <span class='ocrx_word' id='word_1_1361' title='bbox 1653 1673 1681 1701; x_wconf 92' lang='lat' dir='ltr'>in</span> <span class='ocrx_word' id='word_1_1362' title='bbox 1692 1683 1755 1711; x_wconf 80' lang='lat' dir='ltr'>agro</span> <span class='ocrx_word' id='word_1_1363' title='bbox 1767 1674 1867 1703; x_wconf 88' lang='lat' dir='ltr'>Piceno</span> <span class='ocrx_word' id='word_1_1364' title='bbox 1879 1674 1933 1703; x_wconf 78' lang='lat' dir='ltr'>sitae</span> <span class='ocrx_word' id='word_1_1365' title='bbox 1949 1684 1983 1703; x_wconf 75' lang='lat' dir='ltr'>ex</span> <span class='ocrx_word' id='word_1_1366' title='bbox 1992 1674 2107 1712; x_wconf 89' lang='lat' dir='ltr'>Procop.</span> <span class='ocrx_word' id='word_1_1367' title='bbox 2122 1684 2147 1704; x_wconf 92' lang='lat'>2.</span> <span class='ocrx_word' id='word_1_1368' title='bbox 2170 1674 2254 1704; x_wconf 86' lang='lat' dir='ltr'>Goth.</span> <span class='ocrx_word' id='word_1_1369' title='bbox 2271 1683 2296 1711; x_wconf 91' lang='lat'>7.</span> <span class='ocrx_word' id='word_1_1370' title='bbox 2325 1673 2460 1703; x_wconf 77' lang='lat' dir='ltr'>Cellarius</span> <span class='ocrx_word' id='word_1_1371' title='bbox 2472 1674 2569 1712; x_wconf 83' lang='lat' dir='ltr'>Geogr.</span> <span class='ocrx_word' id='word_1_1372' title='bbox 2602 1664 2604 1707; x_wconf 65' lang='grc' dir='ltr'>Ι</span> 
     </span>
    </p>

    <p class='ocr_par' dir='ltr' id='par_1_71' title="bbox 1468 1710 2604 1751">
     <span class='ocr_line' id='line_1_143' title="bbox 1468 1710 2604 1751; baseline 0.003 -11"><span class='ocrx_word' id='word_1_1373' title='bbox 1468 1710 1532 1740; x_wconf 85' lang='lat' dir='ltr'>Ant.</span> <span class='ocrx_word' id='word_1_1374' title='bbox 1548 1711 1582 1740; x_wconf 88' lang='lat' dir='ltr'>T.</span> <span class='ocrx_word' id='word_1_1375' title='bbox 1600 1721 1622 1740; x_wconf 92' lang='lat'>1.</span> <span class='ocrx_word' id='word_1_1376' title='bbox 1633 1722 1660 1748; x_wconf 91' lang='lat' dir='ltr'>p.</span> <span class='ocrx_word' id='word_1_1377' title='bbox 1671 1715 1734 1740; x_wconf 87' lang='lat'>610.</span> <span class='ocrx_word' id='word_1_1378' title='bbox 1759 1711 1806 1741; x_wconf 90' lang='lat' dir='ltr'>sed</span> <span class='ocrx_word' id='word_1_1379' title='bbox 1817 1712 1852 1741; x_wconf 90' lang='lat' dir='ltr'>de</span> <span class='ocrx_word' id='word_1_1380' title='bbox 1863 1722 1915 1749; x_wconf 91' lang='lat' dir='ltr'>qua</span> <span class='ocrx_word' id='word_1_1381' title='bbox 1924 1713 2017 1741; x_wconf 88' lang='lat' dir='ltr'>minus</span> <span class='ocrx_word' id='word_1_1382' title='bbox 2026 1712 2140 1743; x_wconf 89' lang='lat' dir='ltr'>constat.</span> <span class='ocrx_word' id='word_1_1383' title='bbox 2178 1712 2230 1742; x_wconf 83' lang='lat' dir='ltr'>His</span> <span class='ocrx_word' id='word_1_1384' title='bbox 2240 1712 2305 1742; x_wconf 88' lang='lat' dir='ltr'>addi</span> <span class='ocrx_word' id='word_1_1385' title='bbox 2323 1712 2451 1751; x_wconf 86' lang='lat' dir='ltr'>potestin</span> <span class='ocrx_word' id='word_1_1386' title='bbox 2466 1711 2572 1750; x_wconf 76' lang='lat' dir='ltr'>Liguria</span> <span class='ocrx_word' id='word_1_1387' title='bbox 2596 1711 2604 1748; x_wconf 69' lang='lat'>4¹</span> 
     </span>
    </p>

    <p class='ocr_par' dir='ltr' id='par_1_72' title="bbox 1448 1747 2604 1826">
     <span class='ocr_line' id='line_1_144' title="bbox 1471 1747 2604 1787; baseline 0 -10"><span class='ocrx_word' id='word_1_1388' title='bbox 1471 1747 1538 1777; x_wconf 87' lang='lat' dir='ltr'>Alba</span> <span class='ocrx_word' id='word_1_1389' title='bbox 1550 1748 1680 1786; x_wconf 31' lang='lat' dir='ltr'>Pompe-ia</span> <span class='ocrx_word' id='word_1_1390' title='bbox 1701 1749 1736 1778; x_wconf 88' lang='lat' dir='ltr'>ad</span> <span class='ocrx_word' id='word_1_1391' title='bbox 1753 1749 1894 1779; x_wconf 84' lang='lat' dir='ltr'>Tanarum</span> <span class='ocrx_word' id='word_1_1392' title='bbox 1905 1750 1932 1779; x_wconf 83' lang='lat' dir='ltr'>fl.</span> <span class='ocrx_word' id='word_1_1393' title='bbox 1955 1749 2045 1787; x_wconf 85' lang='lat' dir='ltr'>Vulgo</span> <span class='ocrx_word' id='word_1_1394' title='bbox 2061 1750 2127 1777; x_wconf 84' lang='lat' dir='ltr'>Alba</span> <span class='ocrx_word' id='word_1_1395' title='bbox 2146 1751 2173 1778; x_wconf 82' lang='lat' dir='ltr'>di</span> <span class='ocrx_word' id='word_1_1396' title='bbox 2193 1750 2357 1787; x_wconf 80' lang='lat' dir='ltr'>Monferrato.</span> <span class='ocrx_word' id='word_1_1397' title='bbox 2601 1755 2604 1777; x_wconf 64' lang='lat'>¹,</span> 
     </span>
     <span class='ocr_line' id='line_1_145' title="bbox 1448 1784 2604 1826; baseline 0.003 -11"><span class='ocrx_word' id='word_1_1398' title='bbox 1448 1784 1532 1815; x_wconf 76' lang='lat' dir='ltr'>Extra</span> <span class='ocrx_word' id='word_1_1399' title='bbox 1546 1786 1661 1822; x_wconf 83' lang='lat' dir='ltr'>Italiam,</span> <span class='ocrx_word' id='word_1_1400' title='bbox 1681 1788 1710 1815; x_wconf 89' lang='lat' dir='ltr'>in</span> <span class='ocrx_word' id='word_1_1401' title='bbox 1721 1787 1922 1826; x_wconf 83' lang='lat' dir='ltr'>HispaniaAlba</span> <span class='ocrx_word' id='word_1_1402' title='bbox 1935 1787 2035 1825; x_wconf 81' lang='lat' dir='ltr'>Urgao,</span> <span class='ocrx_word' id='word_1_1403' title='bbox 2046 1788 2074 1816; x_wconf 92' lang='lat' dir='ltr'>iri</span> <span class='ocrx_word' id='word_1_1404' title='bbox 2082 1787 2168 1818; x_wconf 87' lang='lat' dir='ltr'>Dacia</span> <span class='ocrx_word' id='word_1_1405' title='bbox 2176 1788 2320 1817; x_wconf 85' lang='lat' dir='ltr'>Provincia</span> <span class='ocrx_word' id='word_1_1406' title='bbox 2334 1787 2400 1817; x_wconf 88' lang='lat' dir='ltr'>Alba</span> <span class='ocrx_word' id='word_1_1407' title='bbox 2410 1787 2480 1817; x_wconf 87' lang='lat' dir='ltr'>Iulia</span> <span class='ocrx_word' id='word_1_1408' title='bbox 2488 1787 2534 1818; x_wconf 86' lang='lat' dir='ltr'>vul</span> <span class='ocrx_word' id='word_1_1409' title='bbox 2552 1797 2572 1818; x_wconf 81' lang='grc' dir='ltr'><strong>ο</strong></span> <span class='ocrx_word' id='word_1_1410' title='bbox 2594 1784 2604 1823; x_wconf 53' lang='grc' dir='ltr'>η’</span> 
     </span>
    </p>

    <p class='ocr_par' dir='ltr' id='par_1_73' title="bbox 1468 1824 2604 1869">
     <span class='ocr_line' id='line_1_146' title="bbox 1468 1824 2604 1869; baseline 0.004 -18"><span class='ocrx_word' id='word_1_1411' title='bbox 1468 1824 1675 1868; x_wconf 60' lang='lat' dir='ltr'>Weiffimburgjn</span> <span class='ocrx_word' id='word_1_1412' title='bbox 1689 1825 1776 1855; x_wconf 84' lang='lat' dir='ltr'>Gallia</span> <span class='ocrx_word' id='word_1_1413' title='bbox 1784 1826 1957 1855; x_wconf 84' lang='lat' dir='ltr'>Narbonensi</span> <span class='ocrx_word' id='word_1_1414' title='bbox 1967 1825 2035 1855; x_wconf 84' lang='lat' dir='ltr'>Alba</span> <span class='ocrx_word' id='word_1_1415' title='bbox 2049 1826 2214 1855; x_wconf 87' lang='lat' dir='ltr'>Helviorum</span> <span class='ocrx_word' id='word_1_1416' title='bbox 2230 1825 2363 1855; x_wconf 78' lang='lat' dir='ltr'>Helvia&amp;</span> <span class='ocrx_word' id='word_1_1417' title='bbox 2379 1825 2446 1855; x_wconf 89' lang='lat' dir='ltr'>Alba</span> <span class='ocrx_word' id='word_1_1418' title='bbox 2458 1827 2542 1863; x_wconf 84' lang='lat' dir='ltr'>Augul</span> <span class='ocrx_word' id='word_1_1419' title='bbox 2593 1835 2604 1869; x_wconf 55' lang='lat' dir='ltr'>q</span> 
     </span>
    </p>

    <p class='ocr_par' dir='ltr' id='par_1_74' title="bbox 1466 1860 2604 2015">
     <span class='ocr_line' id='line_1_147' title="bbox 1469 1860 2602 1902; baseline -0.004 -5"><span class='ocrx_word' id='word_1_1420' title='bbox 1469 1860 1562 1897; x_wconf 64' lang='grc' dir='ltr'>ὼὲὶῆ,</span> <span class='ocrx_word' id='word_1_1421' title='bbox 1593 1873 1653 1900; x_wconf 86' lang='lat' dir='ltr'>quae</span> <span class='ocrx_word' id='word_1_1422' title='bbox 1671 1873 1747 1892; x_wconf 93' lang='lat' dir='ltr'>nunc</span> <span class='ocrx_word' id='word_1_1423' title='bbox 1768 1865 1875 1893; x_wconf 70' lang='lat' dir='ltr'>viviers.</span> <span class='ocrx_word' id='word_1_1424' title='bbox 1914 1863 2090 1894; x_wconf 86' lang='lat' dir='ltr'>Recentioris</span> <span class='ocrx_word' id='word_1_1425' title='bbox 2105 1864 2302 1902; x_wconf 82' lang='lat' dir='ltr'>appellationis</span> <span class='ocrx_word' id='word_1_1426' title='bbox 2318 1864 2356 1893; x_wconf 91' lang='lat' dir='ltr'>est</span> <span class='ocrx_word' id='word_1_1427' title='bbox 2373 1863 2443 1893; x_wconf 87' lang='lat' dir='ltr'>Alba</span> <span class='ocrx_word' id='word_1_1428' title='bbox 2460 1864 2570 1900; x_wconf 84' lang='lat' dir='ltr'>Graeca,</span> <span class='ocrx_word' id='word_1_1429' title='bbox 2599 1871 2602 1883; x_wconf 70' lang='lat'><em>⁵</em></span> 
     </span>
     <span class='ocr_line' id='line_1_148' title="bbox 1466 1899 2600 1943; baseline 0.003 -14"><span class='ocrx_word' id='word_1_1430' title='bbox 1466 1899 1551 1943; x_wconf 77' lang='lat' dir='ltr'>vulgo</span> <span class='ocrx_word' id='word_1_1431' title='bbox 1566 1901 1706 1937; x_wconf 60' lang='lat' dir='ltr'>Griecliisch</span> <span class='ocrx_word' id='word_1_1432' title='bbox 1715 1899 1910 1938; x_wconf 69' lang='lat' dir='ltr'>Weiffinburg&amp;</span> <span class='ocrx_word' id='word_1_1433' title='bbox 1921 1903 2029 1938; x_wconf 73' lang='lat' dir='ltr'>Belgrmi</span> <span class='ocrx_word' id='word_1_1434' title='bbox 2037 1924 2045 1936; x_wconf 77' lang='lat'>,</span> <span class='ocrx_word' id='word_1_1435' title='bbox 2067 1902 2209 1939; x_wconf 89' lang='lat' dir='ltr'>quondam</span> <span class='ocrx_word' id='word_1_1436' title='bbox 2217 1902 2382 1932; x_wconf 86' lang='lat' dir='ltr'>Taurunum</span> <span class='ocrx_word' id='word_1_1437' title='bbox 2396 1903 2425 1930; x_wconf 90' lang='lat' dir='ltr'>iii</span> <span class='ocrx_word' id='word_1_1438' title='bbox 2436 1902 2574 1932; x_wconf 77' lang='lat' dir='ltr'>Pannonia</span> <span class='ocrx_word' id='word_1_1439' title='bbox 2594 1917 2600 1935; x_wconf 63' lang='grc' dir='ltr'><strong>ς</strong></span> 
     </span>
     <span class='ocr_line' id='line_1_149' title="bbox 1466 1937 2604 1977; baseline 0.001 -11"><span class='ocrx_word' id='word_1_1440' title='bbox 1466 1938 1612 1974; x_wconf 73' lang='lat' dir='ltr'>Interiori3</span> <span class='ocrx_word' id='word_1_1441' title='bbox 1645 1938 1881 1977; x_wconf 80' lang='lat' dir='ltr'>&amp;AlbaRegalis,</span> <span class='ocrx_word' id='word_1_1442' title='bbox 1902 1939 2153 1977; x_wconf 78' lang='lat' dir='ltr'>Stulvveiffenburg,</span> <span class='ocrx_word' id='word_1_1443' title='bbox 2174 1941 2203 1969; x_wconf 91' lang='lat' dir='ltr'>in</span> <span class='ocrx_word' id='word_1_1444' title='bbox 2215 1941 2355 1977; x_wconf 82' lang='lat' dir='ltr'>Hungaria</span> <span class='ocrx_word' id='word_1_1445' title='bbox 2372 1939 2508 1969; x_wconf 88' lang='lat' dir='ltr'>Inferiori.</span> <span class='ocrx_word' id='word_1_1446' title='bbox 2529 1939 2572 1970; x_wconf 84' lang='lat' dir='ltr'>Est</span> <span class='ocrx_word' id='word_1_1447' title='bbox 2594 1937 2604 1977; x_wconf 89' lang='grc' dir='ltr'>·*Ι</span> 
     </span>
     <span class='ocr_line' id='line_1_150' title="bbox 1467 1976 2604 2015; baseline 0.003 -10"><span class='ocrx_word' id='word_1_1448' title='bbox 1467 1977 1494 2005; x_wconf 70' lang='lat' dir='ltr'>Sc</span> <span class='ocrx_word' id='word_1_1449' title='bbox 1504 1976 1570 2005; x_wconf 84' lang='lat' dir='ltr'>Alba</span> <span class='ocrx_word' id='word_1_1450' title='bbox 1578 1976 1719 2015; x_wconf 80' lang='lat' dir='ltr'>Hispaniae</span> <span class='ocrx_word' id='word_1_1451' title='bbox 1727 1976 1766 2007; x_wconf 90' lang='lat' dir='ltr'>Fl.</span> <span class='ocrx_word' id='word_1_1452' title='bbox 1780 1977 1814 2006; x_wconf 91' lang='lat' dir='ltr'>de</span> <span class='ocrx_word' id='word_1_1453' title='bbox 1823 1987 1878 2014; x_wconf 92' lang='lat' dir='ltr'>quo</span> <span class='ocrx_word' id='word_1_1454' title='bbox 1887 1977 1954 2006; x_wconf 88' lang='lat' dir='ltr'>Plin.</span> <span class='ocrx_word' id='word_1_1455' title='bbox 1970 1987 1993 2013; x_wconf 87' lang='lat'>3.</span> <span class='ocrx_word' id='word_1_1456' title='bbox 2011 1987 2034 2013; x_wconf 94' lang='lat'>3.</span> <span class='ocrx_word' id='word_1_1457' title='bbox 2057 1979 2104 2015; x_wconf 90' lang='lat' dir='ltr'>qui</span> <span class='ocrx_word' id='word_1_1458' title='bbox 2119 1978 2204 2008; x_wconf 78' lang='lat' dir='ltr'>Melae</span> <span class='ocrx_word' id='word_1_1459' title='bbox 2213 1978 2376 2008; x_wconf 86' lang='lat' dir='ltr'>Clodianus.</span> <span class='ocrx_word' id='word_1_1460' title='bbox 2602 1985 2604 1997; x_wconf 73' lang='lat'><strong><em>¹</em></strong></span> 
     </span>
    </p>

    <p class='ocr_par' dir='ltr' id='par_1_75' title="bbox 1411 2014 2599 2098">
     <span class='ocr_line' id='line_1_151' title="bbox 1411 2014 2479 2054; baseline 0.001 -10"><span class='ocrx_word' id='word_1_1461' title='bbox 1411 2014 1460 2044; x_wconf 89' lang='lat' dir='ltr'>AL</span> <span class='ocrx_word' id='word_1_1462' title='bbox 1470 2024 1484 2042; x_wconf 75' lang='lat' dir='ltr'>B</span> <span class='ocrx_word' id='word_1_1463' title='bbox 1494 2018 1510 2042; x_wconf 76' lang='lat' dir='ltr'>Ti</span> <span class='ocrx_word' id='word_1_1464' title='bbox 1521 2024 1540 2042; x_wconf 87' lang='lat' dir='ltr'>N</span> <span class='ocrx_word' id='word_1_1465' title='bbox 1552 2024 1569 2042; x_wconf 81' lang='lat' dir='ltr'><strong>U</strong></span> <span class='ocrx_word' id='word_1_1466' title='bbox 1581 2024 1609 2049; x_wconf 79' lang='lat' dir='ltr'>s,</span> <span class='ocrx_word' id='word_1_1467' title='bbox 1630 2015 1691 2051; x_wconf 90' lang='lat' dir='ltr'>Adj.</span> <span class='ocrx_word' id='word_1_1468' title='bbox 1714 2015 1801 2052; x_wconf 84' lang='lat' dir='ltr'>Quod</span> <span class='ocrx_word' id='word_1_1469' title='bbox 1816 2016 1854 2044; x_wconf 89' lang='lat' dir='ltr'>est</span> <span class='ocrx_word' id='word_1_1470' title='bbox 1869 2015 1903 2044; x_wconf 87' lang='lat' dir='ltr'>ab</span> <span class='ocrx_word' id='word_1_1471' title='bbox 1922 2015 1989 2044; x_wconf 89' lang='lat' dir='ltr'>Alba</span> <span class='ocrx_word' id='word_1_1472' title='bbox 1998 2014 2160 2045; x_wconf 84' lang='lat' dir='ltr'>Latiiurbe:</span> <span class='ocrx_word' id='word_1_1473' title='bbox 2181 2017 2257 2045; x_wconf 90' lang='lat' dir='ltr'>unde</span> <span class='ocrx_word' id='word_1_1474' title='bbox 2266 2016 2363 2045; x_wconf 84' lang='lat' dir='ltr'>Albani</span> <span class='ocrx_word' id='word_1_1475' title='bbox 2379 2021 2479 2054; x_wconf 84' lang='lat' dir='ltr'>patres.</span> 
     </span>
     <span class='ocr_line' id='line_1_152' title="bbox 1450 2051 2599 2098; baseline 0.003 -18"><span class='ocrx_word' id='word_1_1476' title='bbox 1450 2051 1596 2081; x_wconf 79' lang='lat' dir='ltr'>Coluninae</span> <span class='ocrx_word' id='word_1_1477' title='bbox 1615 2053 1735 2082; x_wconf 82' lang='lat' dir='ltr'>Albanae.</span> <span class='ocrx_word' id='word_1_1478' title='bbox 1763 2054 1838 2082; x_wconf 91' lang='lat' dir='ltr'>Suet.</span> <span class='ocrx_word' id='word_1_1479' title='bbox 1856 2054 1923 2091; x_wconf 87' lang='lat' dir='ltr'>Aug.</span> <span class='ocrx_word' id='word_1_1480' title='bbox 1945 2064 2005 2092; x_wconf 88' lang='lat' dir='ltr'>cap.</span> <span class='ocrx_word' id='word_1_1481' title='bbox 2027 2064 2071 2090; x_wconf 87' lang='lat'>72.</span> <span class='ocrx_word' id='word_1_1482' title='bbox 2097 2055 2137 2090; x_wconf 90' lang='lat' dir='ltr'>[i.</span> <span class='ocrx_word' id='word_1_1483' title='bbox 2160 2064 2185 2084; x_wconf 95' lang='lat' dir='ltr'>e.</span> <span class='ocrx_word' id='word_1_1484' title='bbox 2207 2054 2248 2084; x_wconf 83' lang='lat' dir='ltr'>Ex</span> <span class='ocrx_word' id='word_1_1485' title='bbox 2265 2054 2359 2093; x_wconf 84' lang='lat' dir='ltr'>lapide</span> <span class='ocrx_word' id='word_1_1486' title='bbox 2374 2054 2482 2083; x_wconf 87' lang='lat' dir='ltr'>Albano</span> <span class='ocrx_word' id='word_1_1487' title='bbox 2492 2053 2573 2084; x_wconf 79' lang='lat' dir='ltr'>rubro</span> <span class='ocrx_word' id='word_1_1488' title='bbox 2595 2063 2599 2098; x_wconf 73' lang='grc' dir='ltr'><strong>Ι</strong></span> 
     </span>
    </p>

    <p class='ocr_par' dir='ltr' id='par_1_76' title="bbox 1448 2090 2599 2167">
     <span class='ocr_line' id='line_1_153' title="bbox 1469 2090 2599 2128; baseline 0.003 -9"><span class='ocrx_word' id='word_1_1489' title='bbox 1469 2100 1502 2119; x_wconf 90' lang='lat' dir='ltr'>ac</span> <span class='ocrx_word' id='word_1_1490' title='bbox 1521 2090 1617 2126; x_wconf 84' lang='lat' dir='ltr'>molli⁷</span> <span class='ocrx_word' id='word_1_1491' title='bbox 1648 2091 1683 2120; x_wconf 92' lang='lat' dir='ltr'>de</span> <span class='ocrx_word' id='word_1_1492' title='bbox 1702 2101 1757 2128; x_wconf 93' lang='lat' dir='ltr'>quo</span> <span class='ocrx_word' id='word_1_1493' title='bbox 1778 2091 1880 2120; x_wconf 91' lang='lat' dir='ltr'>Vitruv.</span> <span class='ocrx_word' id='word_1_1494' title='bbox 1903 2101 1928 2121; x_wconf 89' lang='lat'>2.</span> <span class='ocrx_word' id='word_1_1495' title='bbox 1946 2101 1971 2128; x_wconf 92' lang='lat'>7.</span> <span class='ocrx_word' id='word_1_1496' title='bbox 2006 2091 2073 2121; x_wconf 91' lang='lat' dir='ltr'>Plin.</span> <span class='ocrx_word' id='word_1_1497' title='bbox 2088 2097 2113 2122; x_wconf 85' lang='lat'>6.</span> <span class='ocrx_word' id='word_1_1498' title='bbox 2128 2101 2172 2121; x_wconf 87' lang='lat'>21.</span> <span class='ocrx_word' id='word_1_1499' title='bbox 2597 2110 2599 2119; x_wconf 74' lang='lat'>›</span> 
     </span>
     <span class='ocr_line' id='line_1_154' title="bbox 1448 2127 2573 2167; baseline -0.001 -9"><span class='ocrx_word' id='word_1_1500' title='bbox 1448 2127 1552 2158; x_wconf 91' lang='lat' dir='ltr'>Forum</span> <span class='ocrx_word' id='word_1_1501' title='bbox 1566 2128 1703 2158; x_wconf 83' lang='lat' dir='ltr'>Albanum</span> <span class='ocrx_word' id='word_1_1502' title='bbox 1718 2128 1819 2167; x_wconf 81' lang='lat' dir='ltr'>Capuae</span> <span class='ocrx_word' id='word_1_1503' title='bbox 1833 2129 1913 2159; x_wconf 80' lang='lat' dir='ltr'>fuisse</span> <span class='ocrx_word' id='word_1_1504' title='bbox 1923 2152 1930 2164; x_wconf 89' lang='lat'><strong>‚</strong></span> <span class='ocrx_word' id='word_1_1505' title='bbox 1943 2129 2001 2160; x_wconf 73' lang='lat' dir='ltr'>Val.</span> <span class='ocrx_word' id='word_1_1506' title='bbox 2016 2129 2090 2159; x_wconf 80' lang='lat' dir='ltr'>Max.</span> <span class='ocrx_word' id='word_1_1507' title='bbox 2104 2130 2211 2160; x_wconf 87' lang='lat' dir='ltr'>author.</span> <span class='ocrx_word' id='word_1_1508' title='bbox 2222 2130 2261 2159; x_wconf 87' lang='lat' dir='ltr'>est</span> <span class='ocrx_word' id='word_1_1509' title='bbox 2276 2130 2294 2159; x_wconf 90' lang='lat' dir='ltr'>l.</span> <span class='ocrx_word' id='word_1_1510' title='bbox 2307 2141 2332 2165; x_wconf 87' lang='lat'>9.</span> <span class='ocrx_word' id='word_1_1511' title='bbox 2349 2140 2371 2161; x_wconf 90' lang='lat'>1.</span> <span class='ocrx_word' id='word_1_1512' title='bbox 2392 2140 2415 2159; x_wconf 91' lang='lat'>1.</span> <span class='ocrx_word' id='word_1_1513' title='bbox 2429 2134 2485 2159; x_wconf 81' lang='lat' dir='ltr'>ext.</span> <span class='ocrx_word' id='word_1_1514' title='bbox 2506 2128 2573 2159; x_wconf 84' lang='lat' dir='ltr'>Her-</span> 
     </span>
    </p>

    <p class='ocr_par' dir='ltr' id='par_1_77' title="bbox 1469 2166 2570 2205">
     <span class='ocr_line' id='line_1_155' title="bbox 1469 2166 2570 2205; baseline 0.002 -10"><span class='ocrx_word' id='word_1_1515' title='bbox 1469 2166 1537 2196; x_wconf 91' lang='lat' dir='ltr'>mol.</span> <span class='ocrx_word' id='word_1_1516' title='bbox 1555 2167 1585 2195; x_wconf 90' lang='lat' dir='ltr'>in</span> <span class='ocrx_word' id='word_1_1517' title='bbox 1596 2166 1665 2197; x_wconf 83' lang='lat' dir='ltr'>Plin.</span> <span class='ocrx_word' id='word_1_1518' title='bbox 1686 2166 1792 2204; x_wconf 77' lang='lat' dir='ltr'>lib.&#39;34.</span> <span class='ocrx_word' id='word_1_1519' title='bbox 1816 2177 1876 2205; x_wconf 88' lang='lat' dir='ltr'>cap.</span> <span class='ocrx_word' id='word_1_1520' title='bbox 1893 2177 1934 2196; x_wconf 82' lang='lat'>11.</span> <span class='ocrx_word' id='word_1_1521' title='bbox 2004 2169 2020 2203; x_wconf 95' lang='lat'>[</span> <span class='ocrx_word' id='word_1_1522' title='bbox 2034 2168 2113 2197; x_wconf 91' lang='lat' dir='ltr'>Nihil</span> <span class='ocrx_word' id='word_1_1523' title='bbox 2134 2168 2169 2197; x_wconf 87' lang='lat' dir='ltr'>de</span> <span class='ocrx_word' id='word_1_1524' title='bbox 2189 2168 2249 2197; x_wconf 86' lang='lat' dir='ltr'>foro</span> <span class='ocrx_word' id='word_1_1525' title='bbox 2266 2168 2389 2198; x_wconf 82' lang='lat' dir='ltr'>Valerius</span> <span class='ocrx_word' id='word_1_1526' title='bbox 2400 2174 2432 2197; x_wconf 90' lang='lat' dir='ltr'>ut</span> <span class='ocrx_word' id='word_1_1527' title='bbox 2446 2177 2499 2197; x_wconf 84' lang='lat' dir='ltr'>nec</span> <span class='ocrx_word' id='word_1_1528' title='bbox 2513 2167 2570 2197; x_wconf 82' lang='lat' dir='ltr'>Cio.</span> 
     </span>
    </p>

    <p class='ocr_par' dir='ltr' id='par_1_78' title="bbox 1469 2201 2597 2271">
     <span class='ocr_line' id='line_1_156' title="bbox 1469 2201 2597 2271; baseline 0.004 -38"><span class='ocrx_word' id='word_1_1529' title='bbox 1469 2214 1497 2234; x_wconf 81' lang='lat'>2.</span> <span class='ocrx_word' id='word_1_1530' title='bbox 1520 2206 1581 2242; x_wconf 84' lang='lat' dir='ltr'>Agr.</span> <span class='ocrx_word' id='word_1_1531' title='bbox 1604 2214 1665 2242; x_wconf 88' lang='lat' dir='ltr'>cap.</span> <span class='ocrx_word' id='word_1_1532' title='bbox 1689 2213 1732 2241; x_wconf 86' lang='lat'>34.</span> <span class='ocrx_word' id='word_1_1533' title='bbox 1740 2211 1821 2271; x_wconf 68' lang='lat' dir='ltr'>Vextr.</span> <span class='ocrx_word' id='word_1_1534' title='bbox 1862 2205 1976 2235; x_wconf 89' lang='lat' dir='ltr'>Videtur</span> <span class='ocrx_word' id='word_1_1535' title='bbox 1991 2206 2087 2244; x_wconf 89' lang='lat' dir='ltr'>potius</span> <span class='ocrx_word' id='word_1_1536' title='bbox 2102 2206 2225 2243; x_wconf 85' lang='lat' dir='ltr'>Albana,</span> <span class='ocrx_word' id='word_1_1537' title='bbox 2255 2216 2288 2237; x_wconf 85' lang='lat' dir='ltr'>ae.</span> <span class='ocrx_word' id='word_1_1538' title='bbox 2307 2207 2327 2236; x_wconf 90' lang='lat' dir='ltr'>f.</span> <span class='ocrx_word' id='word_1_1539' title='bbox 2349 2206 2522 2242; x_wconf 82' lang='lat' dir='ltr'>dicendum,</span> <span class='ocrx_word' id='word_1_1540' title='bbox 2541 2211 2572 2236; x_wconf 75' lang='lat' dir='ltr'>ut</span> <span class='ocrx_word' id='word_1_1541' title='bbox 2590 2201 2597 2238; x_wconf 74' lang='lat' dir='ltr'>l</span> 
     </span>
    </p>

    <p class='ocr_par' dir='ltr' id='par_1_79' title="bbox 1471 2252 1772 2272">
     <span class='ocr_line' id='line_1_157' title="bbox 1471 2252 1772 2272; baseline 0.003 -1"><span class='ocrx_word' id='word_1_1542' title='bbox 1471 2252 1484 2271; x_wconf 89' lang='lat' dir='ltr'>s</span> <span class='ocrx_word' id='word_1_1543' title='bbox 1494 2252 1508 2270; x_wconf 73' lang='lat' dir='ltr'>a</span> <span class='ocrx_word' id='word_1_1544' title='bbox 1517 2252 1532 2271; x_wconf 75' lang='grc' dir='ltr'>Ρ</span> <span class='ocrx_word' id='word_1_1545' title='bbox 1541 2253 1557 2271; x_wconf 86' lang='lat' dir='ltr'>L</span> <span class='ocrx_word' id='word_1_1546' title='bbox 1566 2253 1585 2271; x_wconf 92' lang='lat' dir='ltr'>A</span> <span class='ocrx_word' id='word_1_1547' title='bbox 1594 2253 1606 2272; x_wconf 91' lang='lat' dir='ltr'>s</span> <span class='ocrx_word' id='word_1_1548' title='bbox 1616 2254 1625 2271; x_wconf 90' lang='lat'>1</span> <span class='ocrx_word' id='word_1_1549' title='bbox 1634 2253 1663 2272; x_wconf 91' lang='lat' dir='ltr'>A.</span> <span class='ocrx_word' id='word_1_1550' title='bbox 1712 2266 1717 2272; x_wconf 97' lang='lat'>.</span> <span class='ocrx_word' id='word_1_1551' title='bbox 1765 2266 1772 2272; x_wconf 89' lang='lat'>.</span> 
     </span>
    </p>

    <p class='ocr_par' dir='ltr' id='par_1_80' title="bbox 1450 2253 2595 2471">
     <span class='ocr_line' id='line_1_158' title="bbox 1450 2253 2244 2320; baseline 0.004 -11"><span class='ocrx_word' id='word_1_1552' title='bbox 1450 2279 1540 2310; x_wconf 85' lang='lat' dir='ltr'>Lacus</span> <span class='ocrx_word' id='word_1_1553' title='bbox 1560 2253 1708 2315; x_wconf 73' lang='lat' dir='ltr'>Albanus.q</span> <span class='ocrx_word' id='word_1_1554' title='bbox 1721 2281 1796 2319; x_wconf 85' lang='lat' dir='ltr'>apud</span> <span class='ocrx_word' id='word_1_1555' title='bbox 1812 2280 1872 2311; x_wconf 88' lang='lat' dir='ltr'>Val.</span> <span class='ocrx_word' id='word_1_1556' title='bbox 1888 2281 1966 2311; x_wconf 77' lang='lat' dir='ltr'>Max.</span> <span class='ocrx_word' id='word_1_1557' title='bbox 1988 2281 2037 2311; x_wconf 87' lang='lat' dir='ltr'>lib.</span> <span class='ocrx_word' id='word_1_1558' title='bbox 2055 2292 2078 2311; x_wconf 91' lang='lat'>1.</span> <span class='ocrx_word' id='word_1_1559' title='bbox 2103 2292 2163 2320; x_wconf 87' lang='lat' dir='ltr'>cap.</span> <span class='ocrx_word' id='word_1_1560' title='bbox 2179 2285 2204 2312; x_wconf 95' lang='lat'>6.</span> <span class='ocrx_word' id='word_1_1561' title='bbox 2219 2290 2244 2318; x_wconf 84' lang='lat'>3.</span> 
     </span>
     <span class='ocr_line' id='line_1_159' title="bbox 1451 2318 2595 2356; baseline 0.005 -9"><span class='ocrx_word' id='word_1_1562' title='bbox 1451 2318 1537 2348; x_wconf 83' lang='lat' dir='ltr'>Mons</span> <span class='ocrx_word' id='word_1_1563' title='bbox 1551 2318 1681 2348; x_wconf 87' lang='lat' dir='ltr'>Albanus.</span> <span class='ocrx_word' id='word_1_1564' title='bbox 1703 2318 1761 2348; x_wconf 89' lang='lat' dir='ltr'>Liv.</span> <span class='ocrx_word' id='word_1_1565' title='bbox 1778 2330 1800 2348; x_wconf 84' lang='grc' dir='ltr'><strong>ι.</strong></span> <span class='ocrx_word' id='word_1_1566' title='bbox 1814 2329 1837 2356; x_wconf 90' lang='lat'>3.</span> <span class='ocrx_word' id='word_1_1567' title='bbox 2594 2334 2595 2341; x_wconf 61' lang='lat'>¹</span> 
     </span>
     <span class='ocr_line' id='line_1_160' title="bbox 1451 2349 2595 2398; baseline 0.003 -13"><span class='ocrx_word' id='word_1_1568' title='bbox 1451 2357 1568 2386; x_wconf 89' lang='lat' dir='ltr'>Secures</span> <span class='ocrx_word' id='word_1_1569' title='bbox 1584 2357 1703 2386; x_wconf 78' lang='lat' dir='ltr'>Albanae.</span> <span class='ocrx_word' id='word_1_1570' title='bbox 1736 2357 1804 2387; x_wconf 89' lang='lat' dir='ltr'>Hor.</span> <span class='ocrx_word' id='word_1_1571' title='bbox 1822 2358 1852 2386; x_wconf 91' lang='lat' dir='ltr'>in</span> <span class='ocrx_word' id='word_1_1572' title='bbox 1871 2356 1962 2386; x_wconf 88' lang='lat' dir='ltr'>Carm.</span> <span class='ocrx_word' id='word_1_1573' title='bbox 1981 2356 2072 2386; x_wconf 86' lang='lat' dir='ltr'>Secul.</span> <span class='ocrx_word' id='word_1_1574' title='bbox 2101 2367 2127 2386; x_wconf 93' lang='lat' dir='ltr'>v.</span> <span class='ocrx_word' id='word_1_1575' title='bbox 2147 2368 2190 2393; x_wconf 80' lang='lat'>54.</span> <span class='ocrx_word' id='word_1_1576' title='bbox 2239 2356 2292 2386; x_wconf 91' lang='lat' dir='ltr'>Ubi</span> <span class='ocrx_word' id='word_1_1577' title='bbox 2310 2357 2403 2388; x_wconf 89' lang='lat' dir='ltr'>Schol.</span> <span class='ocrx_word' id='word_1_1578' title='bbox 2423 2349 2595 2398; x_wconf 53' lang='lat' dir='ltr'>Cruquianfl</span> 
     </span>
     <span class='ocr_line' id='line_1_161' title="bbox 1470 2394 2301 2432; baseline 0.001 -8"><span class='ocrx_word' id='word_1_1579' title='bbox 1470 2394 1614 2424; x_wconf 82' lang='lat' dir='ltr'>Romanos</span> <span class='ocrx_word' id='word_1_1580' title='bbox 1630 2395 1818 2432; x_wconf 83' lang='lat' dir='ltr'>magistratus,</span> <span class='ocrx_word' id='word_1_1581' title='bbox 1848 2395 1882 2424; x_wconf 88' lang='lat' dir='ltr'>ab</span> <span class='ocrx_word' id='word_1_1582' title='bbox 1902 2395 2013 2424; x_wconf 88' lang='lat' dir='ltr'>Albanis</span> <span class='ocrx_word' id='word_1_1583' title='bbox 2032 2394 2233 2425; x_wconf 80' lang='lat' dir='ltr'>descendentes</span> <span class='ocrx_word' id='word_1_1584' title='bbox 2252 2402 2301 2425; x_wconf 84' lang='lat' dir='ltr'>ut:</span> 
     </span>
     <span class='ocr_line' id='line_1_162' title="bbox 1525 2432 2235 2471; baseline 0 -9"><span class='ocrx_word' id='word_1_1585' title='bbox 1525 2432 1681 2470; x_wconf 85' lang='lat' dir='ltr'>Albanique</span> <span class='ocrx_word' id='word_1_1586' title='bbox 1696 2440 1802 2471; x_wconf 88' lang='lat' dir='ltr'>patres,</span> <span class='ocrx_word' id='word_1_1587' title='bbox 1823 2440 1906 2471; x_wconf 90' lang='lat' dir='ltr'>atque</span> <span class='ocrx_word' id='word_1_1588' title='bbox 1923 2434 1983 2462; x_wconf 83' lang='lat' dir='ltr'>altae</span> <span class='ocrx_word' id='word_1_1589' title='bbox 2003 2433 2114 2462; x_wconf 85' lang='lat' dir='ltr'>Moenia</span> <span class='ocrx_word' id='word_1_1590' title='bbox 2131 2433 2235 2462; x_wconf 81' lang='lat' dir='ltr'>Romae.</span> 
     </span>
    </p>

    <p class='ocr_par' dir='ltr' id='par_1_81' title="bbox 1470 2471 2589 2510">
     <span class='ocr_line' id='line_1_163' title="bbox 1470 2471 2589 2510; baseline 0.002 -10"><span class='ocrx_word' id='word_1_1591' title='bbox 1470 2471 1557 2500; x_wconf 87' lang='lat' dir='ltr'>Addit</span> <span class='ocrx_word' id='word_1_1592' title='bbox 1575 2471 1611 2500; x_wconf 87' lang='lat' dir='ltr'>de</span> <span class='ocrx_word' id='word_1_1593' title='bbox 1632 2471 1700 2500; x_wconf 88' lang='lat' dir='ltr'>Alba</span> <span class='ocrx_word' id='word_1_1594' title='bbox 1715 2472 1827 2501; x_wconf 83' lang='lat' dir='ltr'>civitate</span> <span class='ocrx_word' id='word_1_1595' title='bbox 1847 2481 1956 2501; x_wconf 81' lang='lat' dir='ltr'>morem</span> <span class='ocrx_word' id='word_1_1596' title='bbox 1977 2471 2030 2500; x_wconf 79' lang='lat' dir='ltr'>effe</span> <span class='ocrx_word' id='word_1_1597' title='bbox 2054 2471 2185 2501; x_wconf 88' lang='lat' dir='ltr'>traditum</span> <span class='ocrx_word' id='word_1_1598' title='bbox 2199 2494 2207 2507; x_wconf 93' lang='lat'>,</span> <span class='ocrx_word' id='word_1_1599' title='bbox 2229 2476 2262 2501; x_wconf 88' lang='lat' dir='ltr'>ut</span> <span class='ocrx_word' id='word_1_1600' title='bbox 2279 2471 2403 2502; x_wconf 86' lang='lat' dir='ltr'>damnati</span> <span class='ocrx_word' id='word_1_1601' title='bbox 2418 2472 2510 2510; x_wconf 87' lang='lat' dir='ltr'>primo</span> <span class='ocrx_word' id='word_1_1602' title='bbox 2521 2472 2589 2502; x_wconf 39' lang='lat' dir='ltr'>vir..</span> 
     </span>
    </p>

    <p class='ocr_par' dir='ltr' id='par_1_82' title="bbox 1472 2509 2130 2546">
     <span class='ocr_line' id='line_1_164' title="bbox 1472 2509 2130 2546; baseline 0.002 -8"><span class='ocrx_word' id='word_1_1603' title='bbox 1472 2509 1512 2546; x_wconf 83' lang='lat' dir='ltr'>gis</span> <span class='ocrx_word' id='word_1_1604' title='bbox 1532 2509 1724 2544; x_wconf 68' lang='lat' dir='ltr'>caederentur,</span> <span class='ocrx_word' id='word_1_1605' title='bbox 1752 2509 1854 2539; x_wconf 84' lang='lat' dir='ltr'>deinde</span> <span class='ocrx_word' id='word_1_1606' title='bbox 1873 2509 1959 2538; x_wconf 88' lang='lat' dir='ltr'>securi</span> <span class='ocrx_word' id='word_1_1607' title='bbox 1974 2510 2130 2539; x_wconf 80' lang='lat' dir='ltr'>ferirentur.</span> 
     </span>
    </p>

    <p class='ocr_par' dir='ltr' id='par_1_83' title="bbox 1451 2546 2592 2666">
     <span class='ocr_line' id='line_1_165' title="bbox 1451 2546 2592 2585; baseline 0.002 -9"><span class='ocrx_word' id='word_1_1608' title='bbox 1451 2546 1570 2577; x_wconf 89' lang='lat' dir='ltr'>Tumuli</span> <span class='ocrx_word' id='word_1_1609' title='bbox 1589 2547 1696 2576; x_wconf 87' lang='lat' dir='ltr'>Albani.</span> <span class='ocrx_word' id='word_1_1610' title='bbox 1729 2547 1786 2576; x_wconf 89' lang='lat' dir='ltr'>Cic.</span> <span class='ocrx_word' id='word_1_1611' title='bbox 1807 2557 1858 2585; x_wconf 89' lang='lat' dir='ltr'>pro</span> <span class='ocrx_word' id='word_1_1612' title='bbox 1878 2547 1978 2576; x_wconf 86' lang='lat' dir='ltr'>Milon.</span> <span class='ocrx_word' id='word_1_1613' title='bbox 1993 2557 2036 2584; x_wconf 80' lang='lat'>3¹-</span> <span class='ocrx_word' id='word_1_1614' title='bbox 2590 2572 2592 2578; x_wconf 93' lang='lat'>.</span> 
     </span>
     <span class='ocr_line' id='line_1_166' title="bbox 1451 2584 2587 2624; baseline 0.002 -10"><span class='ocrx_word' id='word_1_1615' title='bbox 1451 2585 1556 2614; x_wconf 88' lang='lat' dir='ltr'>Vinum</span> <span class='ocrx_word' id='word_1_1616' title='bbox 1575 2585 1712 2615; x_wconf 87' lang='lat' dir='ltr'>Albanum</span> <span class='ocrx_word' id='word_1_1617' title='bbox 1724 2607 1732 2618; x_wconf 85' lang='lat'>.</span> <span class='ocrx_word' id='word_1_1618' title='bbox 1759 2585 1795 2615; x_wconf 88' lang='lat' dir='ltr'>de</span> <span class='ocrx_word' id='word_1_1619' title='bbox 1815 2594 1870 2622; x_wconf 94' lang='lat' dir='ltr'>quo</span> <span class='ocrx_word' id='word_1_1620' title='bbox 1890 2585 1927 2614; x_wconf 85' lang='lat' dir='ltr'>sic</span> <span class='ocrx_word' id='word_1_1621' title='bbox 1943 2586 2110 2614; x_wconf 82' lang='lat' dir='ltr'>Athenaeus:</span> <span class='ocrx_word' id='word_1_1622' title='bbox 2131 2584 2260 2614; x_wconf 86' lang='lat' dir='ltr'>Nascitur</span> <span class='ocrx_word' id='word_1_1623' title='bbox 2280 2591 2374 2614; x_wconf 88' lang='lat' dir='ltr'>autem</span> <span class='ocrx_word' id='word_1_1624' title='bbox 2389 2585 2419 2614; x_wconf 92' lang='lat' dir='ltr'>in</span> <span class='ocrx_word' id='word_1_1625' title='bbox 2436 2595 2501 2624; x_wconf 81' lang='lat' dir='ltr'>agro</span> <span class='ocrx_word' id='word_1_1626' title='bbox 2520 2584 2587 2616; x_wconf 79' lang='lat' dir='ltr'>Cu-‹</span> 
     </span>
     <span class='ocr_line' id='line_1_167' title="bbox 1470 2597 2592 2666; baseline 0.001 -14"><span class='ocrx_word' id='word_1_1627' title='bbox 1470 2633 1555 2666; x_wconf 81' lang='lat' dir='ltr'>mano</span> <span class='ocrx_word' id='word_1_1628' title='bbox 1569 2646 1577 2658; x_wconf 86' lang='lat'>,</span> <span class='ocrx_word' id='word_1_1629' title='bbox 1599 2624 1647 2660; x_wconf 91' lang='lat' dir='ltr'>qui</span> <span class='ocrx_word' id='word_1_1630' title='bbox 1666 2623 1703 2652; x_wconf 89' lang='lat' dir='ltr'>est</span> <span class='ocrx_word' id='word_1_1631' title='bbox 1719 2624 1747 2652; x_wconf 91' lang='lat' dir='ltr'>in</span> <span class='ocrx_word' id='word_1_1632' title='bbox 1764 2623 1932 2661; x_wconf 85' lang='lat' dir='ltr'>Campania,</span> <span class='ocrx_word' id='word_1_1633' title='bbox 1966 2624 2065 2652; x_wconf 88' lang='lat' dir='ltr'>vinum</span> <span class='ocrx_word' id='word_1_1634' title='bbox 2087 2622 2225 2653; x_wconf 89' lang='lat' dir='ltr'>Albanum</span> <span class='ocrx_word' id='word_1_1635' title='bbox 2243 2624 2320 2660; x_wconf 90' lang='lat' dir='ltr'>quod</span> <span class='ocrx_word' id='word_1_1636' title='bbox 2344 2623 2519 2661; x_wconf 82' lang='lat' dir='ltr'>appellatur,</span> <span class='ocrx_word' id='word_1_1637' title='bbox 2537 2597 2592 2659; x_wconf 56' lang='lat' dir='ltr'>adli</span> 
     </span>
    </p>

    <p class='ocr_par' dir='ltr' id='par_1_84' title="bbox 1470 2661 2592 2729">
     <span class='ocr_line' id='line_1_168' title="bbox 1470 2661 2592 2729; baseline 0 -39"><span class='ocrx_word' id='word_1_1638' title='bbox 1470 2662 1597 2729; x_wconf 57' lang='lat' dir='ltr'>potionis</span> <span class='ocrx_word' id='word_1_1639' title='bbox 1614 2661 1694 2691; x_wconf 90' lang='lat' dir='ltr'>usum</span> <span class='ocrx_word' id='word_1_1640' title='bbox 1708 2661 1970 2698; x_wconf 88' lang='lat' dir='ltr'>accommodatum,</span> <span class='ocrx_word' id='word_1_1641' title='bbox 2010 2663 2036 2691; x_wconf 75' lang='lat' dir='ltr'>Sc</span> <span class='ocrx_word' id='word_1_1642' title='bbox 2052 2661 2120 2690; x_wconf 80' lang='lat' dir='ltr'>laeve</span> <span class='ocrx_word' id='word_1_1643' title='bbox 2132 2661 2166 2690; x_wconf 87' lang='lat' dir='ltr'>ab</span> <span class='ocrx_word' id='word_1_1644' title='bbox 2187 2662 2267 2691; x_wconf 83' lang='lat' dir='ltr'>annis</span> <span class='ocrx_word' id='word_1_1645' title='bbox 2289 2662 2421 2700; x_wconf 85' lang='lat' dir='ltr'>quinque.</span> <span class='ocrx_word' id='word_1_1646' title='bbox 2462 2661 2529 2692; x_wconf 83' lang='lat' dir='ltr'>Hor.</span> <span class='ocrx_word' id='word_1_1647' title='bbox 2543 2670 2569 2692; x_wconf 65' lang='grc' dir='ltr'>α.</span> <span class='ocrx_word' id='word_1_1648' title='bbox 2585 2670 2592 2700; x_wconf 70' lang='lat'>⁴.</span> 
     </span>
    </p>

    <p class='ocr_par' dir='ltr' id='par_1_85' title="bbox 1492 2702 2591 2733">
     <span class='ocr_line' id='line_1_169' title="bbox 1492 2702 2591 2733; baseline 0 -5"><span class='ocrx_word' id='word_1_1649' title='bbox 1492 2709 1560 2729; x_wconf 87' lang='lat' dir='ltr'>erm.</span> <span class='ocrx_word' id='word_1_1650' title='bbox 1574 2705 1599 2733; x_wconf 79' lang='lat'>8.</span> <span class='ocrx_word' id='word_1_1651' title='bbox 1616 2703 1657 2729; x_wconf 88' lang='lat'>16.</span> <span class='ocrx_word' id='word_1_1652' title='bbox 2590 2702 2591 2707; x_wconf 62' lang='lat'>¹</span> 
     </span>
    </p>

    <p class='ocr_par' dir='ltr' id='par_1_86' title="bbox 1414 2736 2336 2774">
     <span class='ocr_line' id='line_1_170' title="bbox 1414 2736 2336 2774; baseline 0 -8"><span class='ocrx_word' id='word_1_1653' title='bbox 1414 2738 1537 2767; x_wconf 63' lang='lat' dir='ltr'>ALizaN</span> <span class='ocrx_word' id='word_1_1654' title='bbox 1548 2747 1560 2766; x_wconf 90' lang='lat' dir='ltr'>s</span> <span class='ocrx_word' id='word_1_1655' title='bbox 1571 2748 1580 2766; x_wconf 92' lang='lat'>1</span> <span class='ocrx_word' id='word_1_1656' title='bbox 1590 2748 1602 2766; x_wconf 89' lang='lat' dir='ltr'>s</span> <span class='ocrx_word' id='word_1_1657' title='bbox 1613 2759 1621 2772; x_wconf 88' lang='lat'>,</span> <span class='ocrx_word' id='word_1_1658' title='bbox 1643 2737 1678 2766; x_wconf 90' lang='lat' dir='ltr'>ab</span> <span class='ocrx_word' id='word_1_1659' title='bbox 1700 2736 1773 2766; x_wconf 86' lang='lat' dir='ltr'>Alba.</span> <span class='ocrx_word' id='word_1_1660' title='bbox 1794 2736 1974 2772; x_wconf 60' lang='lat' dir='ltr'>[&#39;A&gt;=G’ou”.&lt;?-]</span> <span class='ocrx_word' id='word_1_1661' title='bbox 1995 2736 2113 2773; x_wconf 85' lang='lat' dir='ltr'>Quintil.</span> <span class='ocrx_word' id='word_1_1662' title='bbox 2129 2736 2178 2765; x_wconf 92' lang='lat' dir='ltr'>lib.</span> <span class='ocrx_word' id='word_1_1663' title='bbox 2190 2746 2214 2765; x_wconf 93' lang='lat'>1.</span> <span class='ocrx_word' id='word_1_1664' title='bbox 2234 2746 2295 2774; x_wconf 91' lang='lat' dir='ltr'>cap.</span> <span class='ocrx_word' id='word_1_1665' title='bbox 2309 2740 2336 2766; x_wconf 89' lang='lat'>6.</span> 
     </span>
    </p>

    <p class='ocr_par' dir='ltr' id='par_1_87' title="bbox 1452 2774 2583 2889">
     <span class='ocr_line' id='line_1_171' title="bbox 1452 2774 2326 2812; baseline -0.001 -7"><span class='ocrx_word' id='word_1_1666' title='bbox 1452 2775 1611 2806; x_wconf 84' lang='lat' dir='ltr'>Albensium</span> <span class='ocrx_word' id='word_1_1667' title='bbox 1629 2777 1655 2805; x_wconf 74' lang='grc' dir='ltr'>δι</span> <span class='ocrx_word' id='word_1_1668' title='bbox 1674 2775 1842 2804; x_wconf 83' lang='lat' dir='ltr'>Albanorum</span> <span class='ocrx_word' id='word_1_1669' title='bbox 1858 2775 1996 2804; x_wconf 88' lang='lat' dir='ltr'>meminit.</span> <span class='ocrx_word' id='word_1_1670' title='bbox 2033 2775 2101 2804; x_wconf 83' lang='lat' dir='ltr'>Plin.</span> <span class='ocrx_word' id='word_1_1671' title='bbox 2123 2774 2171 2803; x_wconf 92' lang='lat' dir='ltr'>lib.</span> <span class='ocrx_word' id='word_1_1672' title='bbox 2186 2783 2282 2812; x_wconf 85' lang='lat' dir='ltr'>3.cap.</span> <span class='ocrx_word' id='word_1_1673' title='bbox 2302 2786 2326 2810; x_wconf 80' lang='grc' dir='ltr'><strong>ς.</strong></span> 
     </span>
     <span class='ocr_line' id='line_1_172' title="bbox 1680 2811 2573 2848; baseline 0.003 -9"><span class='ocrx_word' id='word_1_1674' title='bbox 1680 2812 1774 2839; x_wconf 56' lang='lat' dir='ltr'>amam</span> <span class='ocrx_word' id='word_1_1675' title='bbox 1793 2812 1891 2848; x_wconf 61' lang='grc' dir='ltr'><strong><em>λώκὴ]</em></strong></span> <span class='ocrx_word' id='word_1_1676' title='bbox 1916 2812 2005 2841; x_wconf 82' lang='lat' dir='ltr'>Herba</span> <span class='ocrx_word' id='word_1_1677' title='bbox 2022 2814 2060 2841; x_wconf 82' lang='lat' dir='ltr'>est</span> <span class='ocrx_word' id='word_1_1678' title='bbox 2088 2811 2229 2847; x_wconf 84' lang='lat' dir='ltr'>aculeata,</span> <span class='ocrx_word' id='word_1_1679' title='bbox 2251 2813 2319 2842; x_wconf 81' lang='lat' dir='ltr'>folia</span> <span class='ocrx_word' id='word_1_1680' title='bbox 2339 2812 2444 2843; x_wconf 87' lang='lat' dir='ltr'>habens</span> <span class='ocrx_word' id='word_1_1681' title='bbox 2459 2812 2573 2842; x_wconf 83' lang='lat' dir='ltr'>chamae·</span> 
     </span>
     <span class='ocr_line' id='line_1_173' title="bbox 2412 2850 2583 2889; baseline -0.006 -8"><span class='ocrx_word' id='word_1_1682' title='bbox 2412 2851 2474 2881; x_wconf 90' lang='lat' dir='ltr'>Vid.</span> <span class='ocrx_word' id='word_1_1683' title='bbox 2496 2850 2583 2889; x_wconf 35' lang='lat' dir='ltr'>supra*</span> 
     </span>
    </p>
   </div>
   <div class='ocr_carea' id='block_1_11' title="bbox 2576 2028 2604 3831">
    <p class='ocr_par' dir='ltr' id='par_1_88' title="bbox 2576 2028 2604 3831">
     <span class='ocr_line' id='line_1_174' title="bbox 2594 2028 2604 2335; baseline 0 0"><span class='ocrx_word' id='word_1_1684' title='bbox 2594 2028 2604 2335; x_wconf 95' lang='lat' dir='ltr'>    </span> 
     </span>
     <span class='ocr_line' id='line_1_175' title="bbox 2593 2335 2604 2452; baseline 0 -33"><span class='ocrx_word' id='word_1_1685' title='bbox 2593 2335 2604 2452; x_wconf 95' lang='lat' dir='ltr'>  </span> 
     </span>
     <span class='ocr_line' id='line_1_176' title="bbox 2589 2452 2604 2566; baseline 0 0"><span class='ocrx_word' id='word_1_1686' title='bbox 2589 2452 2604 2566; x_wconf 95' lang='lat' dir='ltr'>  </span> 
     </span>
     <span class='ocr_line' id='line_1_177' title="bbox 2592 2566 2604 2730; baseline 0 -40"><span class='ocrx_word' id='word_1_1687' title='bbox 2592 2566 2604 2730; x_wconf 95' lang='lat' dir='ltr'>   </span> 
     </span>
     <span class='ocr_line' id='line_1_178' title="bbox 2583 2730 2604 2908; baseline 0 -77"><span class='ocrx_word' id='word_1_1688' title='bbox 2583 2730 2604 2908; x_wconf 95' lang='lat' dir='ltr'>  </span> 
     </span>
     <span class='ocr_line' id='line_1_179' title="bbox 2576 2908 2604 3831; baseline 0 0"><span class='ocrx_word' id='word_1_1689' title='bbox 2576 2908 2604 3831; x_wconf 95' lang='lat' dir='ltr'>   </span> 
     </span>
    </p>
   </div>
   <div class='ocr_carea' id='block_1_12' title="bbox 1409 2813 2604 3944">
    <p class='ocr_par' dir='ltr' id='par_1_89' title="bbox 1414 2813 2352 2925">
     <span class='ocr_line' id='line_1_180' title="bbox 1414 2813 1635 2848; baseline -0.005 -5"><span class='ocrx_word' id='word_1_1690' title='bbox 1414 2813 1512 2843; x_wconf 73' lang='lat' dir='ltr'>ALBA</span> <span class='ocrx_word' id='word_1_1691' title='bbox 1533 2814 1550 2843; x_wconf 85' lang='lat' dir='ltr'>S</span> <span class='ocrx_word' id='word_1_1692' title='bbox 1561 2815 1635 2848; x_wconf 66' lang='lat' dir='ltr'>iina,</span> 
     </span>
     <span class='ocr_line' id='line_1_181' title="bbox 1458 2815 2352 2888; baseline 0 -8"><span class='ocrx_word' id='word_1_1693' title='bbox 1458 2824 1561 2881; x_wconf 79' lang='lat' dir='ltr'>leontisl</span> <span class='ocrx_word' id='word_1_1694' title='bbox 1577 2851 1633 2880; x_wconf 90' lang='lat' dir='ltr'>albi</span> <span class='ocrx_word' id='word_1_1695' title='bbox 1653 2815 1758 2880; x_wconf 76' lang='lat' dir='ltr'>iimilia.</span> <span class='ocrx_word' id='word_1_1696' title='bbox 1781 2860 1863 2887; x_wconf 83' lang='lat' dir='ltr'>quam</span> <span class='ocrx_word' id='word_1_1697' title='bbox 1883 2850 2001 2879; x_wconf 74' lang='lat' dir='ltr'>officinae</span> <span class='ocrx_word' id='word_1_1698' title='bbox 2019 2850 2183 2887; x_wconf 76' lang='lat' dir='ltr'>ssedegarim</span> <span class='ocrx_word' id='word_1_1699' title='bbox 2199 2850 2352 2888; x_wconf 86' lang='lat' dir='ltr'>appellant.</span> 
     </span>
     <span class='ocr_line' id='line_1_182' title="bbox 1453 2888 2161 2925; baseline -0.003 -7"><span class='ocrx_word' id='word_1_1700' title='bbox 1453 2891 1777 2918; x_wconf 58' lang='lat' dir='ltr'>AcAN&#39;rr-iamzuca.</span> <span class='ocrx_word' id='word_1_1701' title='bbox 1819 2888 1851 2916; x_wconf 86' lang='lat' dir='ltr'>Er</span> <span class='ocrx_word' id='word_1_1702' title='bbox 1866 2888 1936 2916; x_wconf 77' lang='lat' dir='ltr'>infra</span> <span class='ocrx_word' id='word_1_1703' title='bbox 1952 2888 2012 2925; x_wconf 88' lang='lat' dir='ltr'>post</span> <span class='ocrx_word' id='word_1_1704' title='bbox 2033 2898 2161 2916; x_wconf 71' lang='lat' dir='ltr'>ALsos.</span> 
     </span>
    </p>

    <p class='ocr_par' dir='ltr' id='par_1_90' title="bbox 1415 2924 2296 2963">
     <span class='ocr_line' id='line_1_183' title="bbox 1415 2924 2296 2963; baseline -0.003 -6"><span class='ocrx_word' id='word_1_1705' title='bbox 1415 2927 1438 2957; x_wconf 85' lang='lat' dir='ltr'>A</span> <span class='ocrx_word' id='word_1_1706' title='bbox 1447 2939 1463 2956; x_wconf 93' lang='lat' dir='ltr'>L</span> <span class='ocrx_word' id='word_1_1707' title='bbox 1472 2938 1486 2956; x_wconf 77' lang='lat' dir='ltr'>B</span> <span class='ocrx_word' id='word_1_1708' title='bbox 1496 2937 1515 2956; x_wconf 82' lang='lat' dir='ltr'>A</span> <span class='ocrx_word' id='word_1_1709' title='bbox 1527 2937 1546 2956; x_wconf 91' lang='lat' dir='ltr'>N</span> <span class='ocrx_word' id='word_1_1710' title='bbox 1557 2938 1576 2956; x_wconf 90' lang='lat' dir='ltr'>A</span> <span class='ocrx_word' id='word_1_1711' title='bbox 1587 2949 1595 2962; x_wconf 92' lang='lat'>,</span> <span class='ocrx_word' id='word_1_1712' title='bbox 1628 2926 1783 2963; x_wconf 52' lang='lat' dir='ltr'>[anem]</span> <span class='ocrx_word' id='word_1_1713' title='bbox 1806 2925 1954 2954; x_wconf 65' lang='lat' dir='ltr'>Ptolemaeo</span> <span class='ocrx_word' id='word_1_1714' title='bbox 1964 2948 1972 2959; x_wconf 83' lang='lat'>,</span> <span class='ocrx_word' id='word_1_1715' title='bbox 1996 2926 2063 2954; x_wconf 87' lang='lat' dir='ltr'>Urbs</span> <span class='ocrx_word' id='word_1_1716' title='bbox 2078 2926 2167 2955; x_wconf 84' lang='lat' dir='ltr'>felicis</span> <span class='ocrx_word' id='word_1_1717' title='bbox 2185 2924 2296 2955; x_wconf 79' lang='lat' dir='ltr'>Arabiae.</span> 
     </span>
    </p>

    <p class='ocr_par' dir='ltr' id='par_1_91' title="bbox 1414 2962 2582 3381">
     <span class='ocr_line' id='line_1_184' title="bbox 1414 2962 2571 3003; baseline -0.003 -8"><span class='ocrx_word' id='word_1_1718' title='bbox 1414 2966 1593 2995; x_wconf 73' lang='lat' dir='ltr'>ALsANiA</span> <span class='ocrx_word' id='word_1_1719' title='bbox 1608 2987 1615 2999; x_wconf 89' lang='lat'>,</span> <span class='ocrx_word' id='word_1_1720' title='bbox 1662 2963 1829 3003; x_wconf 54' lang='grc' dir='ltr'>[Ἀλζξιιιὲκ]</span> <span class='ocrx_word' id='word_1_1721' title='bbox 1851 2963 1938 3000; x_wconf 68' lang='lat' dir='ltr'>Regio</span> <span class='ocrx_word' id='word_1_1722' title='bbox 1957 2964 1990 2992; x_wconf 79' lang='lat' dir='ltr'>ab</span> <span class='ocrx_word' id='word_1_1723' title='bbox 2012 2964 2128 2992; x_wconf 80' lang='lat' dir='ltr'>Oriente</span> <span class='ocrx_word' id='word_1_1724' title='bbox 2147 2963 2195 2993; x_wconf 90' lang='lat' dir='ltr'>sub</span> <span class='ocrx_word' id='word_1_1725' title='bbox 2217 2973 2291 2992; x_wconf 90' lang='lat' dir='ltr'>mare</span> <span class='ocrx_word' id='word_1_1726' title='bbox 2310 2962 2439 3001; x_wconf 83' lang='lat' dir='ltr'>Caspium</span> <span class='ocrx_word' id='word_1_1727' title='bbox 2453 2964 2571 3001; x_wconf 78' lang='lat' dir='ltr'>surgens,</span> 
     </span>
     <span class='ocr_line' id='line_1_185' title="bbox 1452 3001 2572 3041; baseline -0.002 -9"><span class='ocrx_word' id='word_1_1728' title='bbox 1452 3013 1504 3041; x_wconf 90' lang='lat' dir='ltr'>per</span> <span class='ocrx_word' id='word_1_1729' title='bbox 1527 3013 1602 3032; x_wconf 86' lang='lat' dir='ltr'>oram</span> <span class='ocrx_word' id='word_1_1730' title='bbox 1618 3002 1725 3032; x_wconf 85' lang='lat' dir='ltr'>Oceani</span> <span class='ocrx_word' id='word_1_1731' title='bbox 1746 3001 1978 3039; x_wconf 84' lang='lat' dir='ltr'>Septentrionalis</span> <span class='ocrx_word' id='word_1_1732' title='bbox 1997 3011 2082 3038; x_wconf 84' lang='lat' dir='ltr'>usque</span> <span class='ocrx_word' id='word_1_1733' title='bbox 2102 3002 2137 3030; x_wconf 87' lang='lat' dir='ltr'>ad</span> <span class='ocrx_word' id='word_1_1734' title='bbox 2157 3001 2304 3030; x_wconf 76' lang='lat' dir='ltr'>Maeotidas</span> <span class='ocrx_word' id='word_1_1735' title='bbox 2324 3003 2440 3039; x_wconf 80' lang='lat' dir='ltr'>paludes</span> <span class='ocrx_word' id='word_1_1736' title='bbox 2458 3012 2508 3040; x_wconf 89' lang='lat' dir='ltr'>per</span> <span class='ocrx_word' id='word_1_1737' title='bbox 2527 3001 2572 3030; x_wconf 86' lang='lat' dir='ltr'>de-</span> 
     </span>
     <span class='ocr_line' id='line_1_186' title="bbox 1453 3037 2582 3074; baseline -0.002 -4"><span class='ocrx_word' id='word_1_1738' title='bbox 1453 3041 1523 3070; x_wconf 88' lang='lat' dir='ltr'>serta</span> <span class='ocrx_word' id='word_1_1739' title='bbox 1539 3041 1708 3070; x_wconf 80' lang='lat' dir='ltr'>extenditur.</span> <span class='ocrx_word' id='word_1_1740' title='bbox 1757 3039 1787 3068; x_wconf 91' lang='lat' dir='ltr'>ln</span> <span class='ocrx_word' id='word_1_1741' title='bbox 1808 3049 1839 3068; x_wconf 85' lang='lat' dir='ltr'>ea</span> <span class='ocrx_word' id='word_1_1742' title='bbox 1862 3039 1976 3068; x_wconf 76' lang='lat' dir='ltr'>Albania</span> <span class='ocrx_word' id='word_1_1743' title='bbox 1999 3040 2113 3074; x_wconf 84' lang='lat' dir='ltr'>civitas,</span> <span class='ocrx_word' id='word_1_1744' title='bbox 2144 3040 2170 3068; x_wconf 59' lang='grc' dir='ltr'>ἃς</span> <span class='ocrx_word' id='word_1_1745' title='bbox 2191 3039 2310 3068; x_wconf 82' lang='lat' dir='ltr'>Albanus</span> <span class='ocrx_word' id='word_1_1746' title='bbox 2329 3040 2438 3069; x_wconf 84' lang='lat' dir='ltr'>fluvius.</span> <span class='ocrx_word' id='word_1_1747' title='bbox 2493 3039 2513 3069; x_wconf 87' lang='lat' dir='ltr'>A</span> <span class='ocrx_word' id='word_1_1748' title='bbox 2536 3037 2582 3068; x_wconf 50' lang='lat' dir='ltr'>ud*</span> 
     </span>
     <span class='ocr_line' id='line_1_187' title="bbox 1453 3076 2569 3114; baseline -0.002 -6"><span class='ocrx_word' id='word_1_1749' title='bbox 1453 3079 1527 3108; x_wconf 88' lang='lat' dir='ltr'>hanc</span> <span class='ocrx_word' id='word_1_1750' title='bbox 1545 3079 1682 3108; x_wconf 87' lang='lat' dir='ltr'>habentur</span> <span class='ocrx_word' id='word_1_1751' title='bbox 1698 3087 1779 3107; x_wconf 87' lang='lat' dir='ltr'>caries</span> <span class='ocrx_word' id='word_1_1752' title='bbox 1800 3077 1958 3106; x_wconf 79' lang='lat' dir='ltr'>ferocilsimi</span> <span class='ocrx_word' id='word_1_1753' title='bbox 1974 3099 1981 3113; x_wconf 81' lang='lat'>,</span> <span class='ocrx_word' id='word_1_1754' title='bbox 2003 3078 2051 3114; x_wconf 88' lang='lat' dir='ltr'>qui</span> <span class='ocrx_word' id='word_1_1755' title='bbox 2071 3084 2163 3106; x_wconf 82' lang='lat' dir='ltr'>tauros</span> <span class='ocrx_word' id='word_1_1756' title='bbox 2182 3078 2208 3106; x_wconf 68' lang='grc' dir='ltr'>δε</span> <span class='ocrx_word' id='word_1_1757' title='bbox 2224 3076 2320 3105; x_wconf 85' lang='lat' dir='ltr'>leones</span> <span class='ocrx_word' id='word_1_1758' title='bbox 2338 3078 2480 3106; x_wconf 90' lang='lat' dir='ltr'>occidunt.</span> <span class='ocrx_word' id='word_1_1759' title='bbox 2503 3077 2520 3106; x_wconf 91' lang='lat' dir='ltr'>P</span> <span class='ocrx_word' id='word_1_1760' title='bbox 2533 3077 2569 3106; x_wconf 81' lang='lat' dir='ltr'>in.</span> 
     </span>
     <span class='ocr_line' id='line_1_188' title="bbox 1452 3115 2571 3153; baseline -0.003 -7"><span class='ocrx_word' id='word_1_1761' title='bbox 1452 3117 1502 3146; x_wconf 86' lang='lat' dir='ltr'>lib.</span> <span class='ocrx_word' id='word_1_1762' title='bbox 1526 3123 1551 3150; x_wconf 83' lang='lat'>8.</span> <span class='ocrx_word' id='word_1_1763' title='bbox 1572 3126 1632 3153; x_wconf 79' lang='lat' dir='ltr'>cap.</span> <span class='ocrx_word' id='word_1_1764' title='bbox 1654 3127 1699 3151; x_wconf 85' lang='lat'>40·</span> <span class='ocrx_word' id='word_1_1765' title='bbox 1750 3115 1816 3144; x_wconf 73' lang='lat' dir='ltr'>Haec</span> <span class='ocrx_word' id='word_1_1766' title='bbox 1832 3115 1988 3144; x_wconf 86' lang='lat' dir='ltr'>Nomadico</span> <span class='ocrx_word' id='word_1_1767' title='bbox 2006 3116 2100 3151; x_wconf 75' lang='lat' dir='ltr'>generi</span> <span class='ocrx_word' id='word_1_1768' title='bbox 2120 3115 2248 3152; x_wconf 82' lang='lat' dir='ltr'>proxima</span> <span class='ocrx_word' id='word_1_1769' title='bbox 2263 3115 2301 3143; x_wconf 86' lang='lat' dir='ltr'>est</span> <span class='ocrx_word' id='word_1_1770' title='bbox 2317 3115 2390 3144; x_wconf 80' lang='lat' dir='ltr'>inter</span> <span class='ocrx_word' id='word_1_1771' title='bbox 2412 3115 2530 3144; x_wconf 81' lang='lat' dir='ltr'>iberiam</span> <span class='ocrx_word' id='word_1_1772' title='bbox 2546 3115 2571 3144; x_wconf 70' lang='grc' dir='ltr'>ἁ</span> 
     </span>
     <span class='ocr_line' id='line_1_189' title="bbox 1453 3151 2572 3191; baseline -0.003 -7"><span class='ocrx_word' id='word_1_1773' title='bbox 1453 3164 1529 3184; x_wconf 88' lang='lat' dir='ltr'>mare</span> <span class='ocrx_word' id='word_1_1774' title='bbox 1549 3154 1696 3191; x_wconf 81' lang='lat' dir='ltr'>Caspium,</span> <span class='ocrx_word' id='word_1_1775' title='bbox 1721 3153 1755 3182; x_wconf 85' lang='lat' dir='ltr'>ab</span> <span class='ocrx_word' id='word_1_1776' title='bbox 1774 3159 1836 3181; x_wconf 87' lang='lat' dir='ltr'>ortu</span> <span class='ocrx_word' id='word_1_1777' title='bbox 1853 3152 1915 3181; x_wconf 80' lang='lat' dir='ltr'>solis</span> <span class='ocrx_word' id='word_1_1778' title='bbox 1934 3154 2001 3182; x_wconf 82' lang='lat' dir='ltr'>mari</span> <span class='ocrx_word' id='word_1_1779' title='bbox 2020 3153 2185 3187; x_wconf 73' lang='lat' dir='ltr'>conjuncta,</span> <span class='ocrx_word' id='word_1_1780' title='bbox 2207 3152 2241 3181; x_wconf 89' lang='lat' dir='ltr'>ab</span> <span class='ocrx_word' id='word_1_1781' title='bbox 2261 3152 2359 3182; x_wconf 85' lang='lat' dir='ltr'>occasu</span> <span class='ocrx_word' id='word_1_1782' title='bbox 2381 3153 2474 3182; x_wconf 82' lang='lat' dir='ltr'>lberiae</span> <span class='ocrx_word' id='word_1_1783' title='bbox 2493 3151 2572 3182; x_wconf 83' lang='lat' dir='ltr'>finiti-</span> 
     </span>
     <span class='ocr_line' id='line_1_190' title="bbox 1451 3189 2570 3225; baseline -0.004 -3"><span class='ocrx_word' id='word_1_1784' title='bbox 1451 3202 1505 3222; x_wconf 88' lang='lat' dir='ltr'>ma.</span> <span class='ocrx_word' id='word_1_1785' title='bbox 1556 3191 1668 3221; x_wconf 82' lang='lat' dir='ltr'>Boreale</span> <span class='ocrx_word' id='word_1_1786' title='bbox 1689 3191 1758 3220; x_wconf 81' lang='lat' dir='ltr'>latus</span> <span class='ocrx_word' id='word_1_1787' title='bbox 1779 3190 1903 3219; x_wconf 86' lang='lat' dir='ltr'>munitur</span> <span class='ocrx_word' id='word_1_1788' title='bbox 1927 3190 2071 3219; x_wconf 80' lang='lat' dir='ltr'>Caucaseis</span> <span class='ocrx_word' id='word_1_1789' title='bbox 2094 3189 2256 3225; x_wconf 83' lang='lat' dir='ltr'>montibus,</span> <span class='ocrx_word' id='word_1_1790' title='bbox 2279 3190 2396 3219; x_wconf 87' lang='lat' dir='ltr'>Australe</span> <span class='ocrx_word' id='word_1_1791' title='bbox 2416 3191 2570 3220; x_wconf 82' lang='lat' dir='ltr'>Armeniam</span> 
     </span>
     <span class='ocr_line' id='line_1_191' title="bbox 1451 3227 2572 3268; baseline -0.003 -8"><span class='ocrx_word' id='word_1_1792' title='bbox 1451 3231 1599 3268; x_wconf 77' lang='lat' dir='ltr'>contingit.</span> <span class='ocrx_word' id='word_1_1793' title='bbox 1662 3228 1701 3267; x_wconf 82' lang='lat' dir='ltr'>Ab</span> <span class='ocrx_word' id='word_1_1794' title='bbox 1721 3228 1763 3257; x_wconf 87' lang='lat' dir='ltr'>his</span> <span class='ocrx_word' id='word_1_1795' title='bbox 1778 3228 1877 3257; x_wconf 81' lang='lat' dir='ltr'>Albani</span> <span class='ocrx_word' id='word_1_1796' title='bbox 1895 3229 1948 3256; x_wconf 91' lang='lat' dir='ltr'>orti</span> <span class='ocrx_word' id='word_1_1797' title='bbox 1966 3228 2044 3262; x_wconf 85' lang='lat' dir='ltr'>sunt,</span> <span class='ocrx_word' id='word_1_1798' title='bbox 2071 3238 2190 3265; x_wconf 85' lang='lat' dir='ltr'>quorum</span> <span class='ocrx_word' id='word_1_1799' title='bbox 2210 3237 2271 3265; x_wconf 85' lang='lat' dir='ltr'>pars</span> <span class='ocrx_word' id='word_1_1800' title='bbox 2289 3227 2373 3258; x_wconf 86' lang='lat' dir='ltr'>hodie</span> <span class='ocrx_word' id='word_1_1801' title='bbox 2392 3229 2420 3256; x_wconf 93' lang='lat' dir='ltr'>in</span> <span class='ocrx_word' id='word_1_1802' title='bbox 2441 3228 2572 3266; x_wconf 89' lang='lat' dir='ltr'>Pelopon-</span> 
     </span>
     <span class='ocr_line' id='line_1_192' title="bbox 1453 3262 2572 3306; baseline -0.003 -9"><span class='ocrx_word' id='word_1_1803' title='bbox 1453 3268 1537 3303; x_wconf 84' lang='lat' dir='ltr'>neso,</span> <span class='ocrx_word' id='word_1_1804' title='bbox 1568 3277 1629 3306; x_wconf 80' lang='lat' dir='ltr'>pars</span> <span class='ocrx_word' id='word_1_1805' title='bbox 1648 3267 1677 3295; x_wconf 90' lang='lat' dir='ltr'>in</span> <span class='ocrx_word' id='word_1_1806' title='bbox 1697 3266 1865 3295; x_wconf 80' lang='lat' dir='ltr'>Macedonia</span> <span class='ocrx_word' id='word_1_1807' title='bbox 1889 3265 1985 3301; x_wconf 86' lang='lat' dir='ltr'>sedet,</span> <span class='ocrx_word' id='word_1_1808' title='bbox 2014 3267 2092 3302; x_wconf 83' lang='lat' dir='ltr'>juxta</span> <span class='ocrx_word' id='word_1_1809' title='bbox 2126 3262 2309 3302; x_wconf 86' lang='lat' dir='ltr'>Dyrrachium</span> <span class='ocrx_word' id='word_1_1810' title='bbox 2321 3288 2329 3301; x_wconf 81' lang='lat'>,</span> <span class='ocrx_word' id='word_1_1811' title='bbox 2369 3276 2486 3302; x_wconf 86' lang='lat' dir='ltr'>quorum</span> <span class='ocrx_word' id='word_1_1812' title='bbox 2517 3266 2572 3294; x_wconf 81' lang='lat' dir='ltr'>dux</span> 
     </span>
     <span class='ocr_line' id='line_1_193' title="bbox 1451 3302 2571 3342; baseline -0.003 -7"><span class='ocrx_word' id='word_1_1813' title='bbox 1451 3306 1507 3335; x_wconf 91' lang='lat' dir='ltr'>fuit</span> <span class='ocrx_word' id='word_1_1814' title='bbox 1526 3306 1659 3342; x_wconf 74' lang='lat' dir='ltr'>Georgius</span> <span class='ocrx_word' id='word_1_1815' title='bbox 1675 3303 1887 3339; x_wconf 85' lang='lat' dir='ltr'>Scanderbech,</span> <span class='ocrx_word' id='word_1_1816' title='bbox 1915 3305 1961 3341; x_wconf 88' lang='lat' dir='ltr'>qui</span> <span class='ocrx_word' id='word_1_1817' title='bbox 1982 3304 2071 3333; x_wconf 89' lang='lat' dir='ltr'>multa</span> <span class='ocrx_word' id='word_1_1818' title='bbox 2089 3303 2215 3333; x_wconf 87' lang='lat' dir='ltr'>adversus</span> <span class='ocrx_word' id='word_1_1819' title='bbox 2233 3303 2339 3333; x_wconf 88' lang='lat' dir='ltr'>Turcas</span> <span class='ocrx_word' id='word_1_1820' title='bbox 2356 3304 2464 3334; x_wconf 88' lang='lat' dir='ltr'>strenue</span> <span class='ocrx_word' id='word_1_1821' title='bbox 2486 3313 2518 3333; x_wconf 84' lang='lat' dir='ltr'>ac</span> <span class='ocrx_word' id='word_1_1822' title='bbox 2534 3302 2571 3332; x_wconf 85' lang='lat' dir='ltr'>fe-</span> 
     </span>
     <span class='ocr_line' id='line_1_194' title="bbox 1450 3343 1646 3381; baseline -0.005 -8"><span class='ocrx_word' id='word_1_1823' title='bbox 1450 3344 1542 3373; x_wconf 86' lang='lat' dir='ltr'>liciter</span> <span class='ocrx_word' id='word_1_1824' title='bbox 1560 3343 1646 3381; x_wconf 76' lang='lat' dir='ltr'>gestit.</span> 
     </span>
    </p>

    <p class='ocr_par' dir='ltr' id='par_1_92' title="bbox 1450 3378 2591 3720">
     <span class='ocr_line' id='line_1_195' title="bbox 1450 3378 2591 3416; baseline -0.004 -5"><span class='ocrx_word' id='word_1_1825' title='bbox 1450 3381 1595 3411; x_wconf 78' lang='lat' dir='ltr'>Albaniam</span> <span class='ocrx_word' id='word_1_1826' title='bbox 1605 3378 1777 3410; x_wconf 84' lang='lat' dir='ltr'>Orientalem</span> <span class='ocrx_word' id='word_1_1827' title='bbox 1795 3378 1926 3407; x_wconf 87' lang='lat' dir='ltr'>describit</span> <span class='ocrx_word' id='word_1_1828' title='bbox 1944 3378 2011 3408; x_wconf 85' lang='lat' dir='ltr'>Plin.</span> <span class='ocrx_word' id='word_1_1829' title='bbox 2029 3378 2079 3408; x_wconf 91' lang='lat' dir='ltr'>lib.</span> <span class='ocrx_word' id='word_1_1830' title='bbox 2092 3382 2118 3408; x_wconf 92' lang='lat'>6.</span> <span class='ocrx_word' id='word_1_1831' title='bbox 2138 3388 2201 3416; x_wconf 86' lang='lat' dir='ltr'>cap.</span> <span class='ocrx_word' id='word_1_1832' title='bbox 2217 3388 2259 3407; x_wconf 83' lang='lat'>10.</span> <span class='ocrx_word' id='word_1_1833' title='bbox 2588 3408 2591 3414; x_wconf 51' lang='grc' dir='ltr'><strong>Ι</strong></span> 
     </span>
     <span class='ocr_line' id='line_1_196' title="bbox 1450 3416 2568 3454; baseline -0.004 -5"><span class='ocrx_word' id='word_1_1834' title='bbox 1450 3420 1484 3449; x_wconf 84' lang='lat' dir='ltr'>In</span> <span class='ocrx_word' id='word_1_1835' title='bbox 1494 3420 1608 3449; x_wconf 81' lang='lat' dir='ltr'>Albania</span> <span class='ocrx_word' id='word_1_1836' title='bbox 1618 3419 1701 3448; x_wconf 83' lang='lat' dir='ltr'>tradit</span> <span class='ocrx_word' id='word_1_1837' title='bbox 1712 3418 1832 3453; x_wconf 71' lang='lat' dir='ltr'>isigonus</span> <span class='ocrx_word' id='word_1_1838' title='bbox 1844 3417 1993 3446; x_wconf 77' lang='lat' dir='ltr'>Nicaeenlis</span> <span class='ocrx_word' id='word_1_1839' title='bbox 2002 3417 2136 3452; x_wconf 80' lang='lat' dir='ltr'>quosdam</span> <span class='ocrx_word' id='word_1_1840' title='bbox 2145 3417 2221 3454; x_wconf 73' lang='lat' dir='ltr'>gigni</span> <span class='ocrx_word' id='word_1_1841' title='bbox 2233 3416 2329 3453; x_wconf 78' lang='lat' dir='ltr'>glauca</span> <span class='ocrx_word' id='word_1_1842' title='bbox 2340 3416 2486 3446; x_wconf 88' lang='lat' dir='ltr'>oculorum</span> <span class='ocrx_word' id='word_1_1843' title='bbox 2495 3416 2568 3451; x_wconf 81' lang='lat' dir='ltr'>acie,</span> 
     </span>
     <span class='ocr_line' id='line_1_197' title="bbox 1468 3454 2566 3495; baseline -0.003 -9"><span class='ocrx_word' id='word_1_1844' title='bbox 1468 3468 1484 3486; x_wconf 86' lang='lat' dir='ltr'>a</span> <span class='ocrx_word' id='word_1_1845' title='bbox 1496 3457 1615 3495; x_wconf 83' lang='lat' dir='ltr'>pueritia</span> <span class='ocrx_word' id='word_1_1846' title='bbox 1625 3457 1715 3485; x_wconf 84' lang='lat' dir='ltr'>statim</span> <span class='ocrx_word' id='word_1_1847' title='bbox 1726 3464 1820 3487; x_wconf 77' lang='lat' dir='ltr'>canos,</span> <span class='ocrx_word' id='word_1_1848' title='bbox 1834 3455 1879 3491; x_wconf 86' lang='lat' dir='ltr'>qui</span> <span class='ocrx_word' id='word_1_1849' title='bbox 1892 3456 1975 3483; x_wconf 68' lang='lat' dir='ltr'>noctu</span> <span class='ocrx_word' id='word_1_1850' title='bbox 1987 3455 2134 3492; x_wconf 78' lang='lat' dir='ltr'>plusquam</span> <span class='ocrx_word' id='word_1_1851' title='bbox 2150 3455 2271 3483; x_wconf 82' lang='lat' dir='ltr'>interdiu</span> <span class='ocrx_word' id='word_1_1852' title='bbox 2282 3462 2405 3483; x_wconf 82' lang='lat' dir='ltr'>cernant.</span> <span class='ocrx_word' id='word_1_1853' title='bbox 2429 3455 2496 3484; x_wconf 88' lang='lat' dir='ltr'>Plin.</span> <span class='ocrx_word' id='word_1_1854' title='bbox 2511 3454 2530 3483; x_wconf 94' lang='lat' dir='ltr'>l.</span> <span class='ocrx_word' id='word_1_1855' title='bbox 2541 3462 2566 3491; x_wconf 92' lang='lat'>7.</span> 
     </span>
     <span class='ocr_line' id='line_1_198' title="bbox 1469 3491 2570 3528; baseline -0.003 -4"><span class='ocrx_word' id='word_1_1856' title='bbox 1469 3505 1493 3524; x_wconf 91' lang='lat' dir='ltr'>c.</span> <span class='ocrx_word' id='word_1_1857' title='bbox 1505 3505 1531 3524; x_wconf 92' lang='lat'>2.</span> <span class='ocrx_word' id='word_1_1858' title='bbox 1574 3495 1620 3524; x_wconf 88' lang='lat' dir='ltr'>Ob</span> <span class='ocrx_word' id='word_1_1859' title='bbox 1629 3494 1682 3523; x_wconf 88' lang='lat' dir='ltr'>hoc</span> <span class='ocrx_word' id='word_1_1860' title='bbox 1693 3494 1762 3522; x_wconf 80' lang='lat' dir='ltr'>sorte</span> <span class='ocrx_word' id='word_1_1861' title='bbox 1775 3492 1848 3520; x_wconf 70' lang='lat' dir='ltr'>&lt;licta</span> <span class='ocrx_word' id='word_1_1862' title='bbox 1858 3492 1896 3521; x_wconf 85' lang='lat' dir='ltr'>est</span> <span class='ocrx_word' id='word_1_1863' title='bbox 1909 3492 2030 3521; x_wconf 83' lang='lat' dir='ltr'>Albania.</span> <span class='ocrx_word' id='word_1_1864' title='bbox 2070 3492 2203 3521; x_wconf 82' lang='lat' dir='ltr'>Meminit</span> <span class='ocrx_word' id='word_1_1865' title='bbox 2223 3493 2249 3521; x_wconf 62' lang='grc' dir='ltr'>ἃ</span> <span class='ocrx_word' id='word_1_1866' title='bbox 2261 3491 2332 3521; x_wconf 89' lang='lat' dir='ltr'>Gell.</span> <span class='ocrx_word' id='word_1_1867' title='bbox 2351 3492 2367 3520; x_wconf 92' lang='lat' dir='ltr'>l.</span> <span class='ocrx_word' id='word_1_1868' title='bbox 2381 3503 2405 3528; x_wconf 90' lang='lat'>9.</span> <span class='ocrx_word' id='word_1_1869' title='bbox 2424 3502 2446 3521; x_wconf 92' lang='lat' dir='ltr'>c.</span> <span class='ocrx_word' id='word_1_1870' title='bbox 2457 3503 2484 3528; x_wconf 93' lang='lat'>4.</span> <span class='ocrx_word' id='word_1_1871' title='bbox 2523 3491 2570 3521; x_wconf 92' lang='lat' dir='ltr'>So-</span> 
     </span>
     <span class='ocr_line' id='line_1_199' title="bbox 1467 3529 2568 3568; baseline -0.004 -7"><span class='ocrx_word' id='word_1_1872' title='bbox 1467 3533 1543 3562; x_wconf 88' lang='lat' dir='ltr'>linus</span> <span class='ocrx_word' id='word_1_1873' title='bbox 1561 3542 1584 3561; x_wconf 91' lang='lat' dir='ltr'>c.</span> <span class='ocrx_word' id='word_1_1874' title='bbox 1607 3542 1649 3568; x_wconf 82' lang='lat'>25.</span> <span class='ocrx_word' id='word_1_1875' title='bbox 1692 3529 1808 3564; x_wconf 75' lang='lat' dir='ltr'>Albani,</span> <span class='ocrx_word' id='word_1_1876' title='bbox 1835 3530 1881 3566; x_wconf 86' lang='lat' dir='ltr'>qui</span> <span class='ocrx_word' id='word_1_1877' title='bbox 1900 3531 2022 3567; x_wconf 80' lang='lat' dir='ltr'>posteros</span> <span class='ocrx_word' id='word_1_1878' title='bbox 2032 3530 2172 3565; x_wconf 86' lang='lat' dir='ltr'>seJasonis</span> <span class='ocrx_word' id='word_1_1879' title='bbox 2187 3530 2262 3558; x_wconf 86' lang='lat' dir='ltr'>credi</span> <span class='ocrx_word' id='word_1_1880' title='bbox 2277 3529 2395 3564; x_wconf 79' lang='lat' dir='ltr'>volunt,</span> <span class='ocrx_word' id='word_1_1881' title='bbox 2416 3530 2478 3559; x_wconf 86' lang='lat' dir='ltr'>albo</span> <span class='ocrx_word' id='word_1_1882' title='bbox 2496 3529 2568 3559; x_wconf 86' lang='lat' dir='ltr'>crine</span> 
     </span>
     <span class='ocr_line' id='line_1_200' title="bbox 1467 3563 2589 3605; baseline -0.004 -6"><span class='ocrx_word' id='word_1_1883' title='bbox 1467 3570 1626 3600; x_wconf 84' lang='lat' dir='ltr'>nascuntur.</span> <span class='ocrx_word' id='word_1_1884' title='bbox 1659 3569 1796 3598; x_wconf 85' lang='lat' dir='ltr'>Canitiem</span> <span class='ocrx_word' id='word_1_1885' title='bbox 1819 3567 1922 3596; x_wconf 85' lang='lat' dir='ltr'>habent</span> <span class='ocrx_word' id='word_1_1886' title='bbox 1945 3568 2100 3605; x_wconf 87' lang='lat' dir='ltr'>auspicium</span> <span class='ocrx_word' id='word_1_1887' title='bbox 2120 3566 2293 3605; x_wconf 81' lang='lat' dir='ltr'>capillorum.</span> <span class='ocrx_word' id='word_1_1888' title='bbox 2318 3567 2388 3605; x_wconf 81' lang='lat' dir='ltr'>Ergo</span> <span class='ocrx_word' id='word_1_1889' title='bbox 2410 3563 2589 3605; x_wconf 77' lang='lat' dir='ltr'>capillorum⁵</span> 
     </span>
     <span class='ocr_line' id='line_1_201' title="bbox 1468 3603 2568 3645; baseline -0.004 -8"><span class='ocrx_word' id='word_1_1890' title='bbox 1468 3608 1545 3637; x_wconf 89' lang='lat' dir='ltr'>color</span> <span class='ocrx_word' id='word_1_1891' title='bbox 1560 3608 1635 3645; x_wconf 83' lang='lat' dir='ltr'>genti</span> <span class='ocrx_word' id='word_1_1892' title='bbox 1646 3616 1750 3635; x_wconf 88' lang='lat' dir='ltr'>nomen</span> <span class='ocrx_word' id='word_1_1893' title='bbox 1770 3605 1855 3634; x_wconf 88' lang='lat' dir='ltr'>dedit.</span> <span class='ocrx_word' id='word_1_1894' title='bbox 1888 3605 2010 3639; x_wconf 86' lang='lat' dir='ltr'>Justiiius</span> <span class='ocrx_word' id='word_1_1895' title='bbox 2025 3605 2072 3635; x_wconf 90' lang='lat' dir='ltr'>lib.</span> <span class='ocrx_word' id='word_1_1896' title='bbox 2091 3615 2137 3641; x_wconf 89' lang='lat'>42.</span> <span class='ocrx_word' id='word_1_1897' title='bbox 2168 3605 2236 3633; x_wconf 92' lang='lat' dir='ltr'>dicit</span> <span class='ocrx_word' id='word_1_1898' title='bbox 2253 3614 2300 3634; x_wconf 88' lang='lat' dir='ltr'>eos</span> <span class='ocrx_word' id='word_1_1899' title='bbox 2316 3606 2349 3634; x_wconf 88' lang='lat' dir='ltr'>ab</span> <span class='ocrx_word' id='word_1_1900' title='bbox 2368 3605 2472 3634; x_wconf 85' lang='lat' dir='ltr'>Albano</span> <span class='ocrx_word' id='word_1_1901' title='bbox 2487 3603 2568 3634; x_wconf 79' lang='lat' dir='ltr'>Italiae</span> 
     </span>
     <span class='ocr_line' id='line_1_202' title="bbox 1468 3642 2568 3680; baseline -0.004 -6"><span class='ocrx_word' id='word_1_1902' title='bbox 1468 3653 1565 3674; x_wconf 87' lang='lat' dir='ltr'>monte</span> <span class='ocrx_word' id='word_1_1903' title='bbox 1585 3654 1689 3673; x_wconf 89' lang='lat' dir='ltr'>nomen</span> <span class='ocrx_word' id='word_1_1904' title='bbox 1712 3645 1829 3673; x_wconf 87' lang='lat' dir='ltr'>retinere</span> <span class='ocrx_word' id='word_1_1905' title='bbox 1843 3663 1851 3676; x_wconf 74' lang='lat'><em>‚</em></span> <span class='ocrx_word' id='word_1_1906' title='bbox 1874 3644 1949 3679; x_wconf 85' lang='lat' dir='ltr'>quod</span> <span class='ocrx_word' id='word_1_1907' title='bbox 1965 3644 2030 3672; x_wconf 87' lang='lat' dir='ltr'>inde</span> <span class='ocrx_word' id='word_1_1908' title='bbox 2049 3643 2155 3680; x_wconf 88' lang='lat' dir='ltr'>sequuti</span> <span class='ocrx_word' id='word_1_1909' title='bbox 2172 3642 2276 3671; x_wconf 87' lang='lat' dir='ltr'>suerint</span> <span class='ocrx_word' id='word_1_1910' title='bbox 2292 3642 2442 3672; x_wconf 86' lang='lat' dir='ltr'>Herculem</span> <span class='ocrx_word' id='word_1_1911' title='bbox 2456 3666 2463 3679; x_wconf 89' lang='lat'>,</span> <span class='ocrx_word' id='word_1_1912' title='bbox 2486 3649 2568 3680; x_wconf 83' lang='lat' dir='ltr'>quum</span> 
     </span>
     <span class='ocr_line' id='line_1_203' title="bbox 1468 3681 2258 3720; baseline -0.004 -8"><span class='ocrx_word' id='word_1_1913' title='bbox 1468 3685 1592 3712; x_wconf 77' lang='lat' dir='ltr'>extincto</span> <span class='ocrx_word' id='word_1_1914' title='bbox 1608 3683 1737 3720; x_wconf 71' lang='lat' dir='ltr'>Geryone</span> <span class='ocrx_word' id='word_1_1915' title='bbox 1746 3687 1871 3710; x_wconf 72' lang='lat' dir='ltr'>armenta</span> <span class='ocrx_word' id='word_1_1916' title='bbox 1886 3681 1946 3715; x_wconf 78' lang='lat' dir='ltr'>eius</span> <span class='ocrx_word' id='word_1_1917' title='bbox 1962 3691 2010 3718; x_wconf 89' lang='lat' dir='ltr'>per</span> <span class='ocrx_word' id='word_1_1918' title='bbox 2019 3681 2127 3710; x_wconf 84' lang='lat' dir='ltr'>ltaliam</span> <span class='ocrx_word' id='word_1_1919' title='bbox 2136 3681 2258 3710; x_wconf 88' lang='lat' dir='ltr'>duceret.</span> 
     </span>
    </p>

    <p class='ocr_par' dir='ltr' id='par_1_93' title="bbox 1411 3713 2586 3794">
     <span class='ocr_line' id='line_1_204' title="bbox 1411 3713 2586 3756; baseline -0.002 -8"><span class='ocrx_word' id='word_1_1920' title='bbox 1411 3719 1480 3748; x_wconf 70' lang='lat' dir='ltr'>ALi÷</span> <span class='ocrx_word' id='word_1_1921' title='bbox 1492 3731 1510 3748; x_wconf 88' lang='lat' dir='ltr'>A</span> <span class='ocrx_word' id='word_1_1922' title='bbox 1522 3731 1539 3749; x_wconf 76' lang='lat' dir='ltr'>N</span> <span class='ocrx_word' id='word_1_1923' title='bbox 1552 3731 1590 3749; x_wconf 78' lang='lat' dir='ltr'>us</span> <span class='ocrx_word' id='word_1_1924' title='bbox 1605 3742 1613 3754; x_wconf 78' lang='lat'>,</span> <span class='ocrx_word' id='word_1_1925' title='bbox 1646 3719 1811 3756; x_wconf 62' lang='grc' dir='ltr'>[Ἀλξοινὸς]</span> <span class='ocrx_word' id='word_1_1926' title='bbox 1833 3725 1880 3753; x_wconf 79' lang='lat' dir='ltr'>ut,</span> <span class='ocrx_word' id='word_1_1927' title='bbox 1903 3717 2008 3748; x_wconf 79' lang='lat' dir='ltr'>Albana</span> <span class='ocrx_word' id='word_1_1928' title='bbox 2026 3726 2125 3756; x_wconf 88' lang='lat' dir='ltr'>porta,</span> <span class='ocrx_word' id='word_1_1929' title='bbox 2146 3728 2199 3756; x_wconf 84' lang='lat' dir='ltr'>qua</span> <span class='ocrx_word' id='word_1_1930' title='bbox 2218 3719 2274 3747; x_wconf 89' lang='lat' dir='ltr'>itur</span> <span class='ocrx_word' id='word_1_1931' title='bbox 2286 3718 2316 3747; x_wconf 91' lang='lat' dir='ltr'>in</span> <span class='ocrx_word' id='word_1_1932' title='bbox 2333 3717 2486 3747; x_wconf 87' lang='lat' dir='ltr'>Albaniam.</span> <span class='ocrx_word' id='word_1_1933' title='bbox 2508 3713 2565 3746; x_wconf 86' lang='lat' dir='ltr'>Val.</span> <span class='ocrx_word' id='word_1_1934' title='bbox 2584 3726 2586 3746; x_wconf 82' lang='lat'><strong>:</strong></span> 
     </span>
     <span class='ocr_line' id='line_1_205' title="bbox 1448 3757 1776 3794; baseline -0.003 -8"><span class='ocrx_word' id='word_1_1935' title='bbox 1448 3757 1520 3787; x_wconf 78' lang='lat' dir='ltr'>Flac.</span> <span class='ocrx_word' id='word_1_1936' title='bbox 1539 3768 1562 3793; x_wconf 87' lang='lat'>3.</span> <span class='ocrx_word' id='word_1_1937' title='bbox 1585 3759 1684 3794; x_wconf 82' lang='lat' dir='ltr'>Argon.</span> <span class='ocrx_word' id='word_1_1938' title='bbox 1712 3767 1776 3793; x_wconf 88' lang='lat'>497.</span> 
     </span>
    </p>

    <p class='ocr_par' dir='ltr' id='par_1_94' title="bbox 1450 3792 2533 3832">
     <span class='ocr_line' id='line_1_206' title="bbox 1450 3792 2533 3832; baseline 0 -10"><span class='ocrx_word' id='word_1_1939' title='bbox 1450 3794 1571 3825; x_wconf 84' lang='lat' dir='ltr'>Albanus</span> <span class='ocrx_word' id='word_1_1940' title='bbox 1587 3803 1729 3832; x_wconf 80' lang='lat' dir='ltr'>tyrannus.</span> <span class='ocrx_word' id='word_1_1941' title='bbox 1752 3795 1768 3823; x_wconf 93' lang='lat' dir='ltr'>i.</span> <span class='ocrx_word' id='word_1_1942' title='bbox 1791 3803 1814 3822; x_wconf 88' lang='lat' dir='ltr'>e.</span> <span class='ocrx_word' id='word_1_1943' title='bbox 1838 3793 1933 3830; x_wconf 83' lang='lat' dir='ltr'>Styrus</span> <span class='ocrx_word' id='word_1_1944' title='bbox 1951 3803 1999 3823; x_wconf 77' lang='lat' dir='ltr'>rex</span> <span class='ocrx_word' id='word_1_1945' title='bbox 2011 3792 2139 3822; x_wconf 72' lang='lat' dir='ltr'>Albaniae.</span> <span class='ocrx_word' id='word_1_1946' title='bbox 2162 3793 2220 3822; x_wconf 89' lang='lat' dir='ltr'>Val.</span> <span class='ocrx_word' id='word_1_1947' title='bbox 2236 3792 2308 3822; x_wconf 79' lang='lat' dir='ltr'>Flac.</span> <span class='ocrx_word' id='word_1_1948' title='bbox 2324 3804 2347 3828; x_wconf 87' lang='lat'>5.</span> <span class='ocrx_word' id='word_1_1949' title='bbox 2360 3793 2533 3831; x_wconf 81' lang='lat' dir='ltr'>Argon.258.</span> 
     </span>
    </p>

    <p class='ocr_par' dir='ltr' id='par_1_95' title="bbox 1410 3829 2598 3869">
     <span class='ocr_line' id='line_1_207' title="bbox 1410 3829 2598 3869; baseline -0.002 -8"><span class='ocrx_word' id='word_1_1950' title='bbox 1410 3832 1429 3861; x_wconf 89' lang='lat' dir='ltr'>A</span> <span class='ocrx_word' id='word_1_1951' title='bbox 1441 3843 1457 3859; x_wconf 91' lang='lat' dir='ltr'>L</span> <span class='ocrx_word' id='word_1_1952' title='bbox 1466 3843 1479 3859; x_wconf 74' lang='lat' dir='ltr'>s</span> <span class='ocrx_word' id='word_1_1953' title='bbox 1488 3843 1506 3860; x_wconf 77' lang='lat' dir='ltr'>A</span> <span class='ocrx_word' id='word_1_1954' title='bbox 1518 3842 1536 3860; x_wconf 89' lang='lat' dir='ltr'>N</span> <span class='ocrx_word' id='word_1_1955' title='bbox 1548 3844 1560 3861; x_wconf 72' lang='lat' dir='ltr'>a</span> <span class='ocrx_word' id='word_1_1956' title='bbox 1570 3843 1589 3861; x_wconf 91' lang='lat' dir='ltr'>N</span> <span class='ocrx_word' id='word_1_1957' title='bbox 1599 3844 1611 3862; x_wconf 89' lang='lat' dir='ltr'>s</span> <span class='ocrx_word' id='word_1_1958' title='bbox 1622 3844 1635 3861; x_wconf 70' lang='lat' dir='ltr'>a</span> <span class='ocrx_word' id='word_1_1959' title='bbox 1644 3843 1656 3861; x_wconf 90' lang='lat' dir='ltr'>s</span> <span class='ocrx_word' id='word_1_1960' title='bbox 1667 3855 1675 3867; x_wconf 89' lang='lat'>,</span> <span class='ocrx_word' id='word_1_1961' title='bbox 1699 3831 1795 3869; x_wconf 83' lang='lat' dir='ltr'>Populi</span> <span class='ocrx_word' id='word_1_1962' title='bbox 1807 3832 1835 3859; x_wconf 90' lang='lat' dir='ltr'>in</span> <span class='ocrx_word' id='word_1_1963' title='bbox 1843 3839 1983 3860; x_wconf 86' lang='lat' dir='ltr'>conventu</span> <span class='ocrx_word' id='word_1_1964' title='bbox 1996 3831 2143 3860; x_wconf 83' lang='lat' dir='ltr'>Cluniensi.</span> <span class='ocrx_word' id='word_1_1965' title='bbox 2166 3831 2235 3859; x_wconf 90' lang='lat' dir='ltr'>Plin.</span> <span class='ocrx_word' id='word_1_1966' title='bbox 2252 3830 2270 3860; x_wconf 91' lang='lat' dir='ltr'>l.</span> <span class='ocrx_word' id='word_1_1967' title='bbox 2286 3841 2309 3867; x_wconf 84' lang='lat'>3.</span> <span class='ocrx_word' id='word_1_1968' title='bbox 2323 3840 2347 3859; x_wconf 91' lang='lat' dir='ltr'>c.</span> <span class='ocrx_word' id='word_1_1969' title='bbox 2360 3841 2384 3867; x_wconf 90' lang='lat'>3.</span> <span class='ocrx_word' id='word_1_1970' title='bbox 2534 3864 2535 3867; x_wconf 38' lang='grc' dir='ltr'><strong>Ι</strong></span> <span class='ocrx_word' id='word_1_1971' title='bbox 2589 3829 2598 3837; x_wconf 78' lang='lat'><strong><em>&#39;</em></strong></span> 
     </span>
    </p>

    <p class='ocr_par' dir='ltr' id='par_1_96' title="bbox 1409 3839 2604 3944">
     <span class='ocr_line' id='line_1_208' title="bbox 1409 3839 2604 3930; baseline -0.002 -32"><span class='ocrx_word' id='word_1_1972' title='bbox 1409 3871 1432 3899; x_wconf 88' lang='lat' dir='ltr'>A</span> <span class='ocrx_word' id='word_1_1973' title='bbox 1441 3881 1456 3897; x_wconf 89' lang='lat' dir='ltr'>L</span> <span class='ocrx_word' id='word_1_1974' title='bbox 1468 3880 1481 3897; x_wconf 70' lang='grc' dir='ltr'>ν,</span> <span class='ocrx_word' id='word_1_1975' title='bbox 1490 3880 1506 3897; x_wconf 71' lang='lat' dir='ltr'>A</span> <span class='ocrx_word' id='word_1_1976' title='bbox 1519 3880 1536 3897; x_wconf 88' lang='lat' dir='ltr'>N</span> <span class='ocrx_word' id='word_1_1977' title='bbox 1548 3880 1564 3898; x_wconf 85' lang='lat' dir='ltr'>o</span> <span class='ocrx_word' id='word_1_1978' title='bbox 1575 3880 1586 3898; x_wconf 85' lang='lat' dir='ltr'>s</span> <span class='ocrx_word' id='word_1_1979' title='bbox 1597 3892 1604 3904; x_wconf 73' lang='lat'><em>‚</em></span> <span class='ocrx_word' id='word_1_1980' title='bbox 1626 3873 1647 3906; x_wconf 73' lang='lat'>![</span> <span class='ocrx_word' id='word_1_1981' title='bbox 1660 3870 1774 3897; x_wconf 53' lang='grc' dir='ltr'>Ἃλζκυὸς</span> <span class='ocrx_word' id='word_1_1982' title='bbox 1787 3869 1800 3903; x_wconf 92' lang='grc'>]</span> <span class='ocrx_word' id='word_1_1983' title='bbox 1830 3868 1945 3897; x_wconf 78' lang='lat' dir='ltr'>Flumen</span> <span class='ocrx_word' id='word_1_1984' title='bbox 1957 3869 2032 3897; x_wconf 83' lang='lat' dir='ltr'>estin</span> <span class='ocrx_word' id='word_1_1985' title='bbox 2045 3869 2187 3905; x_wconf 83' lang='lat' dir='ltr'>Armenia,</span> <span class='ocrx_word' id='word_1_1986' title='bbox 2209 3869 2284 3906; x_wconf 85' lang='lat' dir='ltr'>quod</span> <span class='ocrx_word' id='word_1_1987' title='bbox 2300 3878 2351 3908; x_wconf 83' lang='lat' dir='ltr'>per</span> <span class='ocrx_word' id='word_1_1988' title='bbox 2359 3867 2504 3899; x_wconf 75' lang='lat' dir='ltr'>Albaniam</span> <span class='ocrx_word' id='word_1_1989' title='bbox 2514 3873 2567 3896; x_wconf 72' lang='lat' dir='ltr'>una</span> <span class='ocrx_word' id='word_1_1990' title='bbox 2583 3839 2604 3930; x_wconf 45' lang='grc' dir='ltr'><strong><em>ξ</em></strong></span> 
     </span>
     <span class='ocr_line' id='line_1_209' title="bbox 1448 3906 2577 3944; baseline -0.002 -7"><span class='ocrx_word' id='word_1_1991' title='bbox 1448 3916 1513 3939; x_wconf 88' lang='lat' dir='ltr'>cum</span> <span class='ocrx_word' id='word_1_1992' title='bbox 1528 3908 1616 3938; x_wconf 70' lang='lat' dir='ltr'>Gallio</span> <span class='ocrx_word' id='word_1_1993' title='bbox 1624 3908 1710 3938; x_wconf 82' lang='lat' dir='ltr'>fluvio</span> <span class='ocrx_word' id='word_1_1994' title='bbox 1721 3906 1851 3937; x_wconf 85' lang='lat' dir='ltr'>decurrit.</span> <span class='ocrx_word' id='word_1_1995' title='bbox 1868 3906 1938 3936; x_wconf 81' lang='lat' dir='ltr'>l’lin.</span> <span class='ocrx_word' id='word_1_1996' title='bbox 1956 3906 1974 3935; x_wconf 85' lang='lat'>1.</span> <span class='ocrx_word' id='word_1_1997' title='bbox 1990 3912 2016 3936; x_wconf 82' lang='lat'>6.</span> <span class='ocrx_word' id='word_1_1998' title='bbox 2038 3916 2063 3937; x_wconf 88' lang='lat' dir='ltr'>c.</span> <span class='ocrx_word' id='word_1_1999' title='bbox 2079 3916 2121 3944; x_wconf 71' lang='grc' dir='ltr'><strong>ις.</strong></span> <span class='ocrx_word' id='word_1_2000' title='bbox 2576 3921 2577 3936; x_wconf 54' lang='grc' dir='ltr'>ι</span> 
     </span>
    </p>
   </div>
   <div class='ocr_carea' id='block_1_13' title="bbox 2586 2137 2598 2959">
    <p class='ocr_par' dir='ltr' id='par_1_97' title="bbox 2586 2137 2598 2959">
     <span class='ocr_line' id='line_1_210' title="bbox 2586 2137 2598 2959; baseline 0 0"><span class='ocrx_word' id='word_1_2001' title='bbox 2586 2137 2598 2959; x_wconf 95' lang='lat' dir='ltr'> </span> 
     </span>
    </p>
   </div>
   <div class='ocr_carea' id='block_1_14' title="bbox 2575 3331 2585 3920">
    <p class='ocr_par' dir='ltr' id='par_1_98' title="bbox 2575 3331 2585 3920">
     <span class='ocr_line' id='line_1_211' title="bbox 2575 3331 2585 3920; baseline 0 0"><span class='ocrx_word' id='word_1_2002' title='bbox 2575 3331 2585 3920; x_wconf 95' lang='lat' dir='ltr'> </span> 
     </span>
    </p>
   </div>
   <div class='ocr_carea' id='block_1_15' title="bbox 2463 3942 2566 3974">
    <p class='ocr_par' dir='ltr' id='par_1_99' title="bbox 2463 3942 2566 3974">
     <span class='ocr_line' id='line_1_212' title="bbox 2463 3942 2566 3974; baseline -0.039 0"><span class='ocrx_word' id='word_1_2003' title='bbox 2463 3942 2566 3974; x_wconf 61' lang='lat' dir='ltr'>Aue.-</span> 
     </span>
    </p>
   </div>
  </div>
 </body>
</html>
