2600 4177
402 228 433 262 C
522 228 556 263 O
649 227 681 261 G

35 306 79 340 Tu
96 305 129 336 de
140 312 189 336 tuo
203 306 300 336 itinere
319 308 387 344 quid
404 310 430 338 ἃ
449 308 559 346 quando
580 309 701 345 cogites,
722 306 805 337 velim
823 317 866 336 nie
884 308 1028 337 certiorem
1048 307 1141 336 facias.

56 346 111 376 Cic.
126 355 166 372 io.
185 345 235 373 Art.
251 356 273 378 ς.
290 355 357 374 extr.

38 381 135 414 Curare
145 382 246 417 cliiiui‘l
264 391 309 410 :nit
323 384 452 417 cogitare.
495 382 551 412 Cic.
564 393 585 411 1.
598 383 633 411 de
643 383 717 411 Orat.
732 392 776 415 75.
805 383 926 417 Quintio
939 383 1013 411 enirn
1033 392 1077 411 me
1097 382 1144 410 ista

57 416 156 449 curasse
166 426 210 447 aut
220 420 348 453 eost-ilie
358 421 526 450 arbitramini
540 443 547 455 ,
569 431 625 449 non
639 420 743 458 (emper
754 422 769 448 ii
779 421 855 457 risill'e
865 422 956 457 potius
969 442 976 455 ,
992 423 1044 449 oze.

40 458 166 493 Cogitate
180 456 257 485 male.
282 458 346 486 l‘liii.
361 458 404 486 lib.
424 464 534 495 18.c;ip.
548 469 570 493 ς.

40 494 114 525 Male
122 496 258 526 cogitare,
280 497 295 522 i.
308 505 331 524 e.
357 495 482 524 invidere
493 517 501 526 .
524 497 548 525 St
559 505 647 533 prope
657 496 788 525 minitari.
810 495 869 525 Cic.
884 496 919 525 de
930 495 1038 525 senctt.
1050 499 1092 528 ι8.

40 532 184 563 Incondite
200 532 312 566 aliquid.
352 532 384 561 V.
408 543 444 561 iN
456 542 497 561 co
509 543 527 562 Ν
538 544 554 561 o
567 543 603 561 ir
615 543 631 562 υ
641 543 662 562 s.

40 568 203 600 Libidinose.
227 569 283 598 Cic.
302 579 324 598 i.
340 570 397 598 Off.
416 580 456 605 ¹4·

41 607 165 643 Cogitare
177 615 262 635 cuias.
287 607 371 636 Plaut.
389 607 448 636 Mil.
461 617 485 636 2.
502 617 527 636 2.
540 611 585 643 46.
606 608 853 644 Quemadmodum
865 607 947 637 astitit
958 607 1048 637 severa
1059 606 1150 636 fronte

60 644 278 679 curascogitans.
303 644 401 674 Meurs.
425 645 523 682 Rogas.

41 681 72 713 In
88 681 236 715 cogitando
257 692 377 711 moerore
396 693 488 719 angor.
512 683 596 712 Plaut.
607 682 692 711 Stich.
708 693 731 711 1.
749 693 770 712 1.
786 693 828 718 54.

43 720 194 755 Cogitatum
206 720 243 748 cst
254 720 321 748 mihi
333 721 399 756 quid
411 721 515 755 loquar.
540 720 623 749 Plaut.
638 720 724 749 Mero.
740 730 766 749 2.
782 730 806 755 ³·
823 730 864 749 10.

43 759 109 787 Acer
120 758 143 784 St
154 765 248 785 acutus
259 757 344 786 homo
353 759 380 786 in
392 759 550 792 cogitando.
572 758 630 786 Cic.
644 767 669 787 2.
682 759 718 787 de
727 758 805 787 Orat-

41 793 161 860 Agcuius
172 794 278 824 vultum
290 817 298 830 ,
319 796 504 834 obtutumque
519 795 664 825 oculorum
679 796 707 824 in
721 796 874 833 cogitando
889 794 974 824 nosse.
1006 793 1063 823 Cic.
1076 801 1102 830 3.
1118 792 1153 822 de

90 838 137 860 rat.
153 841 192 865 ¹7-

42 869 96 905 Qii
106 868 181 897 alteri
196 879 297 898 nocere
309 872 419 907 cogitat.
441 871 467 899 h.
481 881 505 900 e.
527 870 580 900 Dat
590 879 704 907 operam
715 878 746 899 ut
758 871 836 900 alteri
847 876 956 899 noceat.
980 870 1036 898 Cic.
1052 878 1075 897 1.
1094 867 1153 897 Off.

43 907 105 973 len
119 905 227 973 fufinum
237 918 272 936 ex
282 908 405 945 fulgore,
426 908 472 938 sed
491 918 525 938 ex
547 909 625 938 sumo
641 908 705 937 dare
723 908 815 938 lucem
897 908 1015 945 Cogitat.
1038 906 1105 936 Hor.
1126 907 1156 934 in

85 951 124 973 rte
160 952 215 973 oet.
233 955 291 979 ιη.
471 965 484 979 ,

9 983 154 1048 (lq-gire.
166 992 185 1010 N
196 992 208 1011 s
220 1004 227 1018 ,
249 983 329 1013 antis.
353 982 478 1019 [ἀνιῶν]
500 983 596 1013 Partic.
628 989 677 1018 ut,
709 982 848 1020 Cogitanti
874 982 999 1013 assistere.
1033 980 1155 1018 Quintil.

55 1030 62 1048 i
85 1042 90 1048 .
107 1029 129 1048 1.
143 1029 203 1057 cap.
216 1030 241 1049 2.
704 1046 714 1054 ,

11 1058 177 1088 comitr
189 1068 203 1086 o
214 1068 226 1087 s
237 1080 244 1092 ‚
265 1068 279 1087 a
291 1080 299 1093 ,
330 1069 386 1088 um.
417 1055 632 1094 [α’νψευοημὶᾶῶ]
662 1058 759 1087 Partic.
780 1064 828 1093 ut,
856 1058 974 1087 Facinus
995 1057 1157 1093 cogitatum.

45 1096 118 1123 Suet.
132 1095 225 1124 Tiber.
237 1106 297 1133 cap.
315 1107 354 1131 ¹9·
377 1097 538 1126 Tormenris
546 1095 669 1133 expressa
680 1096 814 1125 confessio
828 1096 866 1125 cst
877 1096 989 1130 cogitati
1001 1095 1140 1124 facinoris.

44 1132 160 1164 Furores
170 1135 291 1170 cogitati.
334 1135 390 1163 Cic.
403 1145 454 1172 pro
467 1133 565 1163 Milon.
581 1143 623 1169 32.
655 1133 792 1171 Sperass'et
809 1134 834 1163 se
853 1134 928 1172 poffe
955 1132 1159 1171 rempublicam

64 1169 179 1200 eludere
191 1173 218 1200 in
231 1172 283 1201 illis
294 1171 347 1202 suis
359 1173 487 1210 cogitatis
497 1172 643 1201 furoribus.

46 1208 222 1238 Parricidium
233 1211 384 1247 cogitatum
395 1232 403 1246 ,
425 1220 481 1239 non
494 1211 658 1248 perfectum.
697 1209 772 1238 Suet.
786 1209 813 1237 in
824 1209 910 1245 Calig.
920 1218 982 1246 cap.
995 1218 1035 1237 12.
1062 1208 1159 1245 Quum

12 1277 16 1288 Ι
64 1245 235 1289 lint-quidam
246 1249 370 1277 aut-iores
382 1271 389 1281 ,
410 1248 500 1286 ipsum
512 1248 606 1285 postea
617 1268 624 1281 ,
645 1247 693 1276 etsi
705 1257 761 1276 non
774 1248 808 1276 de
826 1248 950 1285 perfeeto
960 1270 967 1283 ‚
988 1254 1017 1276 at
1034 1254 1109 1276 certe
1124 1247 1160 1276 de

64 1292 186 1320 cogitato
195 1287 335 1321 quondam
347 1287 494 1323 parricidio
505 1284 662 1321 proseffum.

46 1320 101 1351 Res
112 1321 230 1351 multum
242 1326 267 1352 δι
280 1324 326 1352 diu
339 1325 470 1360 cogitatas
481 1324 586 1353 afferre.
627 1322 686 1352 Cic.
698 1322 733 1352 de
743 1323 851 1352 Seneet.
866 1328 910 1358 38.
935 1321 1036 1351 Adsum
1046 1321 1141 1351 amicis
1151 1343 1160 1357 ,

65 1360 147 1387 venio
158 1360 184 1388 in
199 1361 328 1390 Senatum
338 1362 466 1398 frequens
478 1384 485 1395 ,
500 1361 627 1397 ultroque
636 1360 721 1390 affero
729 1371 771 1390 res
786 1361 906 1390 multum
917 1361 943 1390 ἃ.
959 1361 1007 1390 diu
1019 1360 1162 1397 cogitatas,

68 1396 164 1433 easque
173 1406 252 1427 tueor
263 1400 347 1428 animi
359 1409 416 1428 non
427 1401 550 1436 corporis
561 1398 674 1428 viribus.

48 1434 143 1464 Scelus
154 1437 316 1466 meditatum
330 1439 357 1466 Sc
373 1439 532 1474 cogitatum.
557 1438 615 1465 Cic.
628 1446 653 1465 2.
667 1435 785 1474 Philipp.
799 1442 843 1472 85.

14 1472 268 1509 Cooirn'rum,
288 1476 305 1504 i.
323 1485 350 1504 n.
372 1471 590 1511 [Quoiam-mistav]
611 1474 669 1503 Cic.
687 1485 710 1503 i.
725 1476 761 1503 de
772 1474 910 1512 LegeAgr.
925 1485 949 1504 1.
970 1472 1070 1502 Utrum
1088 1472 1164 1510 cogi-

25 1548 29 1551 .
50 1516 104 1539 tata
115 1509 286 1547 sapientum,
306 1523 340 1541 an
351 1521 444 1550 optata
460 1511 770 1542 furiosorumvidentur.

49 1547 90 1591 ΕΞ(
108 1558 164 1585 quo
180 1551 205 1578 ὅ(
217 1551 314 1579 ceteris
325 1551 422 1585 dietis,
445 1551 540 1585 factis,
561 1550 741 1588 cogitatisque
752 1550 827 1579 Sext.
840 1549 950 1585 Naevii,
970 1549 1059 1586 quivis
1073 1548 1164 1587 potest

70 1586 234 1628 intelligere.
258 1588 314 1617 Cic.
329 1599 379 1626 pro
390 1589 489 1625 Quint.
501 1599 544 1621 90.

50 1623 181 1653 Perhcere
193 1626 318 1661 cogitata.
342 1627 399 1656 Cic.
417 1637 466 1664 pro
481 1627 570 1655 Deiot.
585 1634 627 1660 ¹7-

49 1661 123 1692 Bene
132 1663 251 1698 cogitata
263 1663 390 1701 respiciet
405 1666 483 1694 deus.
513 1665 530 1694 i.
542 1674 566 1693 e.
585 1662 722 1693 Meditata
731 1669 812 1700 atque
821 1663 973 1693 deliberata
989 1661 1163 1692 secundabit.

69 1701 132 1729 Sen.
146 1701 255 1738 Thyest.
270 1712 294 1731 v.
308 1710 371 1738 489-

16 1736 62 1768 Co
71 1748 89 1767 o
99 1749 107 1766 1
117 1747 137 1766 T
146 1749 165 1767 A
175 1749 190 1766 ir
201 1749 216 1767 u
226 1749 245 1767 N
258 1750 275 1768 o
286 1750 303 1768 υ
312 1750 334 1775 s,
355 1751 370 1769 a
382 1762 390 1775 ,
411 1749 468 1769 um.
490 1739 561 1769 Geli.
577 1749 603 1768 2.
622 1749 646 1768 1.
667 1739 743 1768 Stare
755 1738 849 1769 solitus
858 1739 983 1768 Socrates
995 1738 1107 1773 dicitur,
1118 1746 1166 1767 ore

50 1782 131 1812 atque
142 1777 230 1806 oculis
243 1779 365 1808 eundem
376 1779 403 1807 in
414 1778 508 1807 locum
527 1778 638 1807 directis
653 1777 857 1814 cogitabundus
869 1799 876 1813 ,
898 1785 1032 1814 tanquam
1044 1776 1167 1814 quodam

53 1813 151 1843 secessu
162 1816 265 1845 mentis
275 1822 357 1852 atque
366 1817 451 1845 animi
462 1816 535 1845 facto
546 1825 561 1844 a
570 1824 697 1852 corpore.

17 1850 89 1882 Coe
100 1863 107 1880 i
118 1862 165 1881 TA
176 1863 244 1882 Tus
260 1875 268 1887 ,
289 1856 328 1884 us.
352 1864 387 1884 m.
410 1856 473 1884 Seii.
488 1854 568 1891 Epist.
588 1863 630 1882 11.
652 1853 678 1882 O
694 1852 805 1881 felicem
820 1851 917 1887 illum,
939 1853 985 1890 qui
1003 1861 1061 1881 non
1072 1850 1169 1888 adspe-

52 1891 111 1920 ctus
125 1898 233 1920 tantum
246 1913 254 1925 ,
274 1892 320 1921 sed
342 1893 427 1922 etiam
447 1893 582 1929 cogitatus
600 1891 740 1920 emendat.
776 1892 851 1920 cons.
874 1890 993 1921 Tertull.
1014 1891 1048 1919 de
1064 1888 1166 1919 idolol.

51 1937 111 1965 cap.
124 1937 168 1962 23.
186 1930 221 1958 de
232 1929 301 1965 Virg.
314 1930 427 1960 Veland.
438 1939 499 1968 cap.
515 1940 556 1964 ις.
573 1931 600 1959 &
612 1930 647 1958 de
657 1928 763 1958 Resurr.
775 1938 835 1965 cap.
851 1939 892 1964 ις.
933 1928 967 1958 Et
986 1929 1042 1958 Pet.
1060 1928 1170 1957 Blesen-

52 1965 84 1994 sis
99 1966 179 2010 Epist.
195 1968 403 2034 35.bCogitatus
414 1976 476 1997 tiios
486 1990 494 2003 ,
516 1969 541 1998 Sc
563 1967 700 1996 inchoatae
714 1966 929 1997 conversationis
948 1973 1081 1996 eventum
1095 1965 1170 1995 illius

52 2012 198 2033 committe
213 2016 241 2034 ai·
264 2014 338 2035 itrio.

19 2039 64 2071 Co
73 2051 249 2078 GlTAT10‚
270 2044 338 2073 onis.
361 2044 381 2073 f.
402 2043 497 2080 [ἔννοια
506 2065 514 2078 ,
533 2040 670 2076 &Quane-ic,
690 2038 874 2077 ὲνηλογσμᾲς]
896 2042 987 2072 Festus
999 2064 1006 2077 ,
1028 2042 1170 2078 Cogitatio

0 2058 2 2135 l
53 2079 126 2109 dieta
136 2080 210 2109 velut
218 2082 390 2119 Coegitati03
411 2083 429 2110 i.
442 2091 465 2110 e.
489 2081 583 2118 Longa
594 2080 717 2116 ejusdem
739 2080 778 2108 rei
797 2080 909 2117 agitatio
926 2082 956 2109 in
975 2081 1073 2109 eadem
1093 2089 1171 2108 mora

52 2117 156 2147 consilii
167 2119 337 2155 explicandi.
369 2120 435 2148 Plin.
445 2119 493 2148 lib.
508 2129 519 2148 1
529 2130 550 2148 i.
563 2129 624 2156 cap.
640 2127 682 2155 37.
703 2118 748 2147 Sic
759 2128 858 2155 magna
870 2119 1004 2155 cogitatio
1018 2120 1149 2146 obcaecat.

53 2155 133 2185 Celer
143 2157 321 2193 cogitatione.
352 2157 449 2187 Vellei.
459 2167 483 2186 2.
499 2166 542 2193 73.
558 2167 581 2185 1.
605 2157 658 2186 l-lic
667 2155 827 2186 adolescens
839 2165 898 2185 erat
911 2156 1006 2186 studiis
1017 2156 1101 2191 rudis,
1121 2155 1173 2184 ser-

72 2203 155 2222 mone
164 2194 302 2230 barbarus,
315 2197 422 2233 impetu
429 2196 564 2229 strenuus,
575 2204 659 2224 manu
671 2201 827 2232 promptus,
839 2195 1007 2231 cogitatione
1018 2194 1101 2227 celer,
1115 2195 1170 2223 &c.

1 2238 4 2268 ι
54 2230 228 2268 Cogitatione
238 2234 314 2263 nulla
324 2233 418 2263 homo.
460 2233 518 2262 Cic.
531 2245 557 2267 4.
573 2233 648 2261 Vcrr.
664 2242 724 2268 134.
747 2232 818 2261 Nam
836 2233 924 2269 ipsum
942 2232 1051 2261 Verrem
1063 2238 1172 2261 tantum

70 2269 177 2336 senlilper
188 2272 300 2301 avaritia
310 2272 404 2301 hiante
420 2276 502 2308 atque
520 2271 681 2300 imminenti
698 2270 794 2306 tuisse,
816 2271 929 2308 ingenio
951 2272 976 2300 δι
1001 2270 1172 2307 cogitatione

73 2317 110 2336 nu
132 2318 147 2337 a
184 2311 236 2339 tite.

29 2347 32 2350 '
53 2330 191 2383 Sapien’tis
204 2347 344 2384 cogitatio,
367 2347 426 2376 Cic.
438 2357 462 2382 ς.
473 2346 555 2376 Tusc.
574 2356 583 2374 1
592 2356 615 2375 1.
635 2345 773 2384 Sapientis
786 2346 862 2376 enim
875 2347 1007 2384 cogitatio
1017 2355 1074 2375 non
1084 2346 1172 2376 ferme

47 2406 51 2410 .
72 2384 107 2412 ad
118 2385 339 2422 investigandum
350 2385 467 2414 adhibet
477 2384 574 2414 oculos
583 2384 741 2413 advocatos.

54 2421 190 2459 Cogitatio
201 2423 344 2460 motusque
354 2424 449 2452 animi.
486 2423 545 2451 Cic.
560 2433 581 2451 1.
592 2421 649 2451 Off.
661 2433 686 2454 o.
709 2422 811 2451 Oninis
823 2429 916 2453 autem
927 2422 1059 2460 cogitatio
1072 2421 1174 2451 motus-

71 2469 124 2497 que
135 2461 237 2495 animi,
259 2463 344 2490 autin
355 2461 473 2490 conliliis
483 2460 644 2498 capiendis,
657 2462 708 2489 ἄιε.

53 2496 234 2528 Transvolans
245 2498 334 2528 subito
346 2500 470 2528 animum
478 2499 620 2534 cogitatio.
644 2498 711 2527 sliri.
724 2497 772 2526 lib.
790 2506 815 2533 7.
826 2508 886 2535 cap.
902 2507 944 2526 12.

7 2557 11 2571 .
37 2532 149 2566 sillictus
158 2538 336 2574 cogitationis
347 2537 474 2567 celeriter
483 2537 609 2574 agitatus,
621 2546 670 2574 per
680 2535 772 2573 seipse
783 2536 911 2565 delectat.
923 2535 1015 2565 Cic.in
1027 2535 1103 2565 Orat.
1111 2546 1119 2565 i
1128 2545 1172 2572 34.

8 2575 12 2615 1
54 2573 166 2612 Species
175 2580 200 2605 ot
211 2576 354 2612 cogitatio.

74 2612 174 2641 turbat.

52 2650 190 2685 Acerrima
198 2657 281 2687 atque
290 2650 465 2680 attentissima
475 2651 616 2687 cogitatio.
637 2650 695 2679 Cic.
709 2660 732 2686 3.
746 2650 781 2679 de
790 2649 867 2679 Orat.
882 2658 924 2686 17.

44 2687 132 2718 'Inani
146 2690 316 2725 cogitatione
329 2696 474 2726 percutere
483 2689 613 2726 aliquem.
637 2688 694 2717 Cic.
706 2698 755 2725 pro
766 2688 865 2717 Milon.
877 2694 922 2721 80.

54 2725 161 2756 Intimae
174 2727 366 2765 cogitationes.
389 2734 420 2756 ut
430 2749 438 2762 ‚
459 2727 554 2756 Petere
566 2727 676 2756 veniam
686 2735 775 2756 errato
788 2736 823 2755 ex
833 2726 942 2755 intimis
957 2726 1175 2764 cogitationibus

73 2763 197 2800 alicujus.
221 2766 278 2794 Cic.
292 2774 340 2801 pro
349 2765 417 2795 Sull.
431 2770 476 2799 64.
1006 2772 1010 2773 ⁷

0 2823 6 2833 ,ς
53 2800 158 2831 Liberae
168 2803 360 2840 cogitationes.
382 2803 439 2833 Cic.
454 2813 503 2841 pro
520 2802 620 2832 Milon.
640 2811 684 2838 79.

12 2852 13 2857 ¹
54 2839 217 2870 Manifestus
229 2851 334 2876 magnae
345 2841 530 2876 cogitationis.
569 2840 660 2870 Tacit.
677 2849 719 2873 ις.
732 2840 801 2868 Arm.
815 2850 858 2873 54.
881 2840 968 2877 Atque
978 2838 1036 2877 ipse
1050 2840 1173 2875 moestus,

72 2879 98 2908 &
110 2888 216 2916 magnae
225 2879 403 2916 cogitationis
413 2879 572 2909 manifestus
580 2885 637 2908 erat
648 2888 654 2907 :
677 2877 803 2915 quamvis
822 2876 947 2907 laetitiam
958 2879 1032 2916 vagis
1042 2878 1175 2908 sermoni-

0 2940 6 2946 .
73 2915 124 2946 bus
136 2916 281 2946 simularet.

4 2973 6 2978 =
55 2953 237 2984 Molliffimae.
270 2954 300 2984 V.
323 2966 343 2984 M
352 2965 369 2984 o
380 2967 396 2984 1.
406 2966 422 2984 1.
432 2966 442 2984 1
452 2965 473 2985 s.

5 3013 12 3022 .
55 2989 178 3030 Praeceps
189 2993 329 3030 cogitatio.
367 2994 385 3022 i.
397 3003 421 3023 e.
445 2992 606 3022 Consilium.
643 2991 719 3021 Suet.
731 2989 816 3029 Calig.
829 2996 874 3026 48.
897 2991 1005 3029 Vixque
1017 2998 1098 3022 atam
1106 3003 1175 3030 prae..

73 3031 152 3068 cipiti
162 3031 332 3068 cogitatione
341 3037 484 3061 revocatus
497 3053 505 3067 ,
530 3030 651 3060 inhiberi
659 3029 736 3059 nullo
747 3030 833 3058 modo
843 3030 937 3067 potuit
945 3051 954 3065 ,
975 3029 1042 3067 quin
1053 3031 1175 3060 decima-

73 3078 101 3098 re
111 3068 184 3098 velle
194 3068 387 3107 perseveraret.

56 3105 242 3143 Quotidianae.
262 3114 308 3142 ut,
329 3107 487 3145 Proponete
505 3106 554 3136 fibi
563 3105 794 3136 exercitationem
804 3105 834 3134 in
847 3105 1017 3142 quotidianis
1029 3105 1175 3143 cogitatio-

76 3144 163 3174 nibus.
189 3145 247 3174 Cic.
260 3155 282 3174 1.
297 3145 332 3173 de
346 3145 424 3175 Orat.

0 3181 11 3209 ἦ
46 3180 161 3220 Tacita.
184 3183 275 3218 Cic.3.
290 3182 347 3212 Off.
359 3195 386 3218 4.

0 3230 10 3249 ,-
57 3219 161 3250 Tacitae
171 3221 354 3258 cogitationes
361 3221 496 3256 judicum.
517 3220 639 3257 Qiintil.
651 3220 699 3250 lib.
713 3222 737 3248 6.
752 3228 813 3257 cap.
826 3228 849 3247 1.

0 3276 14 3286 i.
57 3257 166 3288 Tacitas
176 3259 360 3296 cogitationes
371 3259 487 3291 alicuius
498 3259 689 3288 extimescere.
711 3257 770 3286 Cic.
783 3267 834 3295 pro
846 3255 932 3293 Ligar.
941 3259 967 3287 6.

0 3315 10 3333 ,χ
57 3295 206 3333 vigilantes
217 3297 401 3334 cogitationes
411 3297 503 3325 insunt
512 3297 541 3325 in
552 3297 660 3326 animis.
684 3296 742 3325 Cic.
755 3305 781 3324 2.
794 3296 828 3324 de
840 3295 933 3324 Divin.
949 3304 1010 3331 139.

57 3333 183 3370 abjicere
192 3335 375 3371 cogitationes
384 3334 442 3364 suas
453 3335 483 3363 in
492 3344 549 3363 rem
563 3334 698 3364 humilem
709 3335 734 3363 &
743 3339 944 3369 contemptam.
982 3332 1040 3362 Cic.
1054 3331 1090 3362 de
1104 3333 1175 3363 limi..

74 3373 120 3402 cit.
134 3382 174 3408 31.
197 3372 364 3402 Nihilenim
372 3372 476 3407 altum,
497 3372 766 3406 nihilrnagnificum,
788 3381 819 3400 ac
833 3371 960 3399 divinum
971 3370 1106 3408 suspicere
1114 3372 1174 3409 pos-

74 3409 136 3439 sunt
146 3432 153 3445 ,
175 3411 221 3447 qui
230 3410 289 3439 suas
301 3420 400 3440 omnes
409 3411 594 3448 cogitationes
605 3410 804 3447 abjeceruntin
816 3418 873 3437 rem
887 3414 944 3437 tam
953 3407 1088 3438 humilem
1106 3418 1177 3440 tam-

75 3457 129 3484 que
141 3455 342 3486 contemptam.
486 3476 490 3479 ,

57 3485 179 3516 Abstrahi
189 3487 359 3523 cogitatione
369 3497 384 3516 a
394 3484 555 3516 solitudine.
593 3487 652 3516 Cic.
666 3496 690 3522 3.
699 3484 757 3515 Off.
768 3495 793 3519 4.
817 3483 875 3513 Nos
887 3490 980 3513 autern
989 3484 1036 3520 qui
1046 3494 1104 3513 non
1115 3491 1175 3514 tan-

76 3529 135 3553 tum
146 3525 252 3553 roboris
267 3524 400 3554 babemus
410 3547 418 3559 ,
440 3530 472 3553 ut
489 3525 658 3562 cogitatione
672 3525 755 3553 tacita
771 3532 786 3551 a
800 3521 948 3551 solitudine
969 3521 1174 3558 abstrahamur,

8 3581 20 3588 ·-
75 3561 110 3591 ad
120 3562 192 3592 hanc
205 3561 340 3591 scribendi
352 3572 464 3600 operam
476 3572 559 3592 omne
570 3563 691 3592 studium
700 3569 850 3597 curamque
859 3559 1055 3588 convertimus.

7 3610 10 3625 ι
57 3599 188 3637 Accipere
200 3601 383 3637 cogitationes
394 3601 511 3635 alicuius
522 3623 530 3636 ,
553 3601 717 3639 Participem
732 3599 791 3628 fieri
807 3597 1010 3635 cogitationum
1026 3604 1073 3627 aut
1089 3598 1177 3627 consi.

24 3652 34 3666 ι
76 3637 279 3675 liorumipsius.
302 3638 391 3668 Catul.
406 3648 448 3675 35.
461 3648 484 3673 ς.

58 3674 148 3705 afficit
157 3677 287 3713 cogitatio
299 3676 398 3706 sensus.
439 3675 559 3712 Qiintii.
572 3675 618 3705 lib.
633 3685 659 3704 2.
673 3685 733 3712 cap.
747 3683 789 3702 12.
811 3673 894 3702 Porro
914 3679 945 3701 ut
954 3672 1114 3709 frequenter
1129 3683 1176 3704 cio

75 3715 146 3751 perti
159 3713 251 3743 fumus
264 3736 271 3749 ,
293 3715 385 3743 minus
395 3713 576 3744 afficitsensus
587 3713 710 3751 fatigatio
720 3734 728 3747 ,
749 3721 833 3749 quam
841 3710 981 3748 cogitatio.

59 3748 188 3780 Avertere
197 3752 396 3789 cogitationem
408 3762 423 3781 a
435 3751 558 3781 miseriis.
598 3751 631 3781 In
651 3761 670 3780 A
679 3761 696 3780 v
704 3760 718 3779 a
727 3759 771 3779 ετ
781 3759 808 3778 ο.

59 3788 184 3818 Avertere
194 3790 223 3818 in
231 3790 432 3826 cogitationem
443 3789 507 3818 belli
522 3799 626 3826 regem.
668 3788 699 3818 In
726 3797 746 3815 A
755 3793 772 3815 v
784 3796 797 3814 iz
807 3796 822 3814 R
832 3794 886 3814 το.

60 3825 178 3856 Avocare
189 3828 223 3856 ad
234 3828 433 3863 cogitationem
446 3827 565 3864 aliquam
578 3827 612 3856 ab
626 3826 717 3863 aliqua
734 3835 764 3853 re
783 3825 917 3852 animum.
940 3822 1000 3852 Cic.
1015 3834 1041 3860 4.
1059 3822 1135 3855 Fam.
1150 3835 1175 3863 ς.

80 3863 166 3894 Etiam
176 3872 206 3894 tu
215 3865 248 3894 ab
260 3865 334 3894 hisce
345 3867 425 3894 rebus
436 3866 562 3895 animum
574 3865 608 3894 ad
617 3863 817 3901 cogitationem
826 3869 903 3890 tuam
916 3870 1012 3891 avoca.

61 3899 199 3932 Caderein
209 3903 417 3939 cogitationem.
453 3903 485 3932 ln
506 3913 523 3931 c
533 3913 552 3931 A
564 3913 582 3931 o
591 3912 618 3931 o.
858 3914 879 3921 x

62 3937 196 3978 Colligere
206 3942 373 3977 cogitatione
382 3943 407 3970 St
415 3941 623 3975 cogitationem.
664 3938 695 3968 In
716 3947 733 3966 c
741 3947 758 3966 o
767 3948 782 3965 L
790 3947 807 3965 ι.
816 3947 825 3964 1
833 3945 852 3964 G
860 3945 888 3965 o.

63 3976 217 4016 Compieeii
229 3979 558 4015 cogitationeabsentem.
580 3978 638 4006 Cic.
651 3986 676 4011 3.
695 3976 768 4005 Fam.
784 3984 831 4017 ιι..

64 4013 303 4054 Comprehendere
313 4017 417 4053 aliquid
424 4017 523 4045 animis
534 4038 541 4051 ,
564 4017 589 4045 i&
599 4015 777 4051 cogitatione.
800 4012 861 4054 Cic..
872 4020 921 4048 pro
931 4010 1022 4040 Flacc.
1035 4015 1081 4043 66.

64 4050 304 4092 Comprehendere
313 4056 449 4084 rationem
459 4053 537 4085 sensu
546 4076 555 4089 ‚
575 4060 623 4083 aut
631 4052 810 4089 cogitatione.
832 4048 890 4079 Cic.
902 4058 927 4086 3.
939 4049 974 4078 de
987 4049 1064 4081 Orat.

395 2575 453 2605 Cic.
467 2585 509 2610 ις.
521 2577 574 2604 Art.
585 2585 631 2610 25.
663 2574 731 2603 Haec
740 2583 785 2603 me
795 2573 899 2612 species
913 2575 1102 2612 cogitatioque
1113 2584 1175 2613 per-

1646 220 1675 255 C
1774 220 1809 254 O
1908 219 1940 253 G

1245 303 1487 340 Comprehendere
1498 305 1524 334 St
1535 302 1707 338 intelligere,
1728 300 1906 335 cogitatione.
1929 300 1986 329 Cic.
2003 310 2024 329 i.
2035 299 2117 329 Tusc.
2133 310 2175 335 50.

1245 343 1379 370 Conlerre
1392 351 1489 370 omnes
1502 352 1578 370 curas
1587 340 1823 375 cogitationesque
1839 339 1866 366 in
1879 348 1936 377 rem
1946 338 2075 375 aliquam.
2097 339 2155 368 Cic.
2169 348 2195 368 2.
2209 337 2266 367 Off.
2275 348 2302 369 2.

1247 380 1416 411 Conquirere
1426 379 1530 414 aliquid
1541 378 1719 415 cogitatione.
1742 377 1799 406 Cic.
1812 386 1837 405 2.
1851 377 1886 404 de
1902 376 1978 405 Orat.
1999 386 2060 412 131.

1247 416 1384 453 Conlequi
1397 416 1466 445 niliil
1480 418 1656 453 cogitatione.
1685 416 1742 444 Cic.
1761 415 1796 444 de
1805 415 1913 443 Senect.

1248 454 1398 482 Contincre
1407 454 1526 490 aliquem
1544 455 1572 483 in
1584 454 1677 483 studiis
1688 452 1873 489 cogitationis.
1914 450 1972 480 Cic.
1989 461 2010 479 i.
2022 450 2080 479 Off.
2095 459 2136 485 19.
2161 451 2276 486 Agitatio
2287 461 2365 481 men.

1266 491 1301 519 tis
1311 513 1318 525 ,
1341 502 1400 529 qua¹
1410 501 1551 528 nunquam
1563 491 1710 528 acquiescit
1720 513 1727 526 ,
1749 490 1838 528 potest
1848 498 1899 518 iios
1908 489 1935 517 in
1944 489 2040 518 studiis
2051 489 2228 524 cogitationis
2242 490 2326 519 etiam
2335 489 2367 520 si·

1267 538 1302 557 ne
1314 539 1397 565 opera
1406 530 1495 558 nostra
1503 530 1658 558 continere.

1251 566 1416 595 Convellere
1427 568 1634 603 cogitationem.
1657 566 1716 595 Cic.
1730 577 1753 600 ς.
1767 565 1842 595 Fam.
1861 573 1903 600 ¹³·
1932 564 1962 593 V.
1986 574 2027 593 co
2039 573 2057 592 N
2068 574 2083 592 v
2092 573 2106 592 a
2117 575 2132 592 L
2141 575 2156 592 i.
2165 574 2191 593 o.

1250 604 1419 632 Convertere
1429 604 1454 633 se
1466 606 1578 639 animo,
1601 607 1626 634 ot
1638 604 1807 641 cogitatione
1816 603 1918 640 aliquo.
1941 602 1999 631 Cic.
2016 612 2038 631 1.
2061 602 2096 631 de
2107 602 2184 631 Orat.
2197 605 2224 632 6.

1250 641 1397 670 Dcduccrc
1409 642 1442 670 ati
1451 642 1656 677 cogitationem.
1698 642 1730 670 ln
1754 651 1772 669 D
1783 651 1797 669 s
1806 650 1824 669 r>
1836 650 1853 669 υ
1864 651 1880 669 c
1890 650 1917 669 o.

1250 678 1359 708 Dediici
1372 680 1405 708 ad
1418 679 1538 715 aliquam
1550 679 1748 714 cogitationem
1763 678 1817 715 spe.
1858 678 1915 707 Cic.
1934 677 1967 706 ad
1976 676 2041 707 Caes.
2054 680 2080 706 ⁶.
2093 678 2145 706 Ate.
2160 687 2201 706 11.
2225 677 2267 707 De
2281 679 2368 715 gratia

1271 719 1296 745 ἃ
1309 716 1342 744 de
1353 727 1407 753 ope
1420 717 1484 753 qnid
1499 717 1675 752 significares,
1697 725 1807 745 mecum
1819 715 1875 752 ipse
1884 715 2037 752 qiiaercbani
2050 725 2056 744 :
2078 715 2124 752 spe
2141 721 2234 744 tamen
2246 717 2369 746 deduce.

1271 753 1319 782 bar
1329 755 1362 782 ad
1373 764 1434 783 eam
1445 756 1644 792 cogitationem
1655 776 1663 790 ,
1684 763 1715 783 ut
1725 762 1752 783 te
1770 763 1820 791 pro
1836 761 1882 782 tua
1900 753 2055 782 admirabili
2075 754 2102 782 δι
2116 752 2243 790 lingulati
2261 754 2368 792 sapien-

1272 792 1310 820 tia
1321 813 1328 823 ,
1349 794 1400 820 otc.

1254 828 1384 858 Delixum
1398 829 1452 858 esse
1462 829 1489 857 in
1501 829 1679 866 cogitatione.
1702 828 1759 857 Cic.
1772 837 1796 863 3.
1810 828 1844 857 de
1857 828 1935 858 Orat.
1951 837 1993 863 17.

1255 866 1415 904 Depingere
1425 868 1601 903 cogitatione.
1643 867 1700 896 Cic.
1713 877 1737 901 4.
1752 867 1833 895 Acad.
1845 872 1889 901 48.
1914 866 2023 896 Deinde
2038 876 2123 903 quum
2133 876 2212 896 meris
2225 874 2370 899 moveatur

1275 904 1331 941 ipsa
1341 914 1389 941 per
1401 904 1454 933 sese
1464 927 1471 938 ,
1495 912 1526 933 ut
1536 907 1561 934 St
1573 914 1605 934 ea
1616 904 1757 933 declarant
1768 914 1828 940 quae
1838 904 2008 940 cogitatione
2021 904 2215 941 depingimus,
2237 908 2288 935 &cu

1254 941 1389 978 Depingit
1398 942 1567 978 cogitatione
1578 942 1686 979 quidvis
1697 951 1774 970 mens
1785 941 1881 970 nostra.
1903 942 1961 971 Cic.
1976 952 1997 971 1.
2014 942 2049 970 de
2060 943 2123 971 Nat.
2137 943 2218 972 Deor.
2234 953 2277 979 39.

1255 979 1391 1015 Disjicere
1402 980 1611 1016 cogitationem.
1653 978 1748 1008 Vellei.
1760 988 1783 1008 1.
1799 988 1876 1009 10.2.
1907 980 1952 1009 Sic
1976 980 2176 1017 cogitationem
2196 981 2299 1019 regiam
2318 981 2373 1011 Ro.

1275 1027 1357 1047 mana
1374 1018 1483 1052 disjecit
1497 1017 1657 1047 constantia.

1256 1055 1387 1085 Excitare
1397 1057 1559 1085 memoriam
1570 1056 1604 1084 ad
1614 1054 1720 1083 timoris
1730 1054 1859 1091 praeteriti
1870 1054 2081 1090 cogitationem.
2104 1055 2161 1085 Cic.
2178 1066 2228 1092 pro
2239 1057 2315 1085 Sext.
2329 1067 2340 1085 i
2349 1066 2372 1086 r.

1256 1093 1393 1123 Excutere
1403 1094 1600 1130 cogitationem
1614 1091 1736 1130 periculi.
1779 1091 1855 1120 Curt.
1868 1101 1894 1127 7.
1907 1098 1932 1125 8.
1942 1103 1968 1127 4.
1991 1093 2028 1122 Ut
2048 1093 2127 1123 facile
2146 1095 2277 1131 periculi,
2298 1095 2375 1131 quod

1278 1131 1446 1164 horrebant,
1468 1132 1665 1169 cogitationem
1676 1128 1819 1167 praesentia
1830 1130 1889 1165 ejus
1898 1138 2050 1161 excuteret.

1259 1169 1375 1206 Exigere
1389 1169 1596 1205 cogitationem.
1619 1167 1738 1205 Quintil.
1748 1167 1796 1196 lib.
1812 1178 1836 1202 5.
1846 1177 1907 1205 cap.
1921 1177 1962 1197 10.

1258 1207 1411 1244 Expectare
1422 1207 1632 1244 cogitationem.
1672 1205 1790 1242 Quintil.
1803 1205 1852 1234 lib.
1866 1215 1892 1235 2.
1914 1215 1975 1241 cap.
1987 1216 2014 1240 4.
2042 1206 2244 1244 Extemporalis
2264 1208 2379 1245 garruli.

1279 1253 1319 1275 tas
1329 1266 1336 1278 .
1358 1254 1411 1273 nec
1421 1247 1565 1282 expet‘tata
1575 1245 1722 1282 cogitatio,
1744 1244 1770 1272 ἃ
1784 1243 1830 1272 vix
1840 1242 1969 1281 surgendi
1983 1253 2060 1273 mora
2072 1266 2080 1279 ,
2096 1245 2148 1274 &c-

1259 1282 1405 1320 Explicare
1417 1284 1610 1320 cogitationes.
1631 1282 1688 1311 Cic.
1704 1291 1744 1310 ιο.
1764 1284 1816 1310 Att.
1831 1284 1857 1311 6.

1253 1321 1360 1350 ,Facere
1372 1320 1506 1350 summam
1518 1321 1719 1358 cogitationum
1730 1319 1848 1349 suarum.
1870 1319 1888 1348 i.
1899 1328 1923 1348 e.
1940 1318 2134 1349 Consiliorum.
2159 1320 2218 1350 Cic.
2233 1330 2256 1350 1.
2270 1320 2376 1358 Fam.9.

1259 1358 1367 1388 Fallere
1380 1358 1455 1395 spem
1464 1359 1666 1395 cogitationum
1676 1359 1702 1386 Sc
1712 1357 1899 1387 consiliorum.
1923 1356 1981 1386 Cic.
1994 1357 2041 1386 lib.
2058 1367 2080 1387 1.
2094 1358 2129 1387 de
2140 1357 2217 1387 Orat.

1258 1397 1375 1432 Fatigari
1387 1397 1554 1433 cogitatione
1566 1395 1682 1433 suscepti
1693 1395 1825 1424 muneris.
1847 1394 1965 1431 Quintil.
1975 1396 2004 1424 in
2014 1404 2134 1433 prooem.
2146 1395 2194 1425 lib.
2206 1406 2233 1432 4.

1261 1434 1377 1471 Fingere
1387 1434 1492 1471 aliquid
1504 1434 1684 1472 cogitatione.
1707 1433 1765 1463 Cic.
1775 1443 1827 1470 pro
1836 1432 1938 1462 Milon.
1950 1442 1995 1469 79.

1261 1472 1378 1508 Fingere
1390 1473 1438 1501 libi
1450 1472 1554 1509 aliquid
1562 1472 1740 1509 cogitatione.
1779 1470 1838 1500 Cic.
1851 1471 1920 1506 3.de
1929 1470 1992 1500 Nat.
2006 1470 2090 1500 Deor.
2103 1480 2149 1508 47.
2170 1470 2204 1501 Et
2221 1471 2238 1500 si
2254 1472 2306 1501 dea
2323 1472 2380 1508 est,

1283 1510 1323 1539 dii
1333 1520 1432 1539 omnes
1446 1510 1485 1539 illi
1497 1511 1543 1548 qui
1553 1509 1842 1540 commemorabantur
1853 1518 1868 1537 a
1879 1515 1920 1543 te,
1943 1508 2052 1543 Honos,
2074 1508 2173 1543 Fides,
2194 1509 2287 1544 Mens,
2309 1510 2383 1539 Con-

1280 1548 1394 1577 cordia:
1418 1558 1483 1585 ergo
1503 1550 1590 1578 etiam
1607 1548 1683 1585 speS,
1704 1554 1837 1583 moneta,
1858 1547 2009 1584 omniaque
2029 1557 2090 1583 quae
2105 1548 2276 1584 cogitatione
2294 1546 2384 1577 nobis-

1282 1586 1404 1624 metipsis
1416 1586 1556 1624 possumus
1571 1586 1683 1622 fingere.

1264 1624 1376 1654 Habere
1391 1625 1588 1661 cogitationem
1599 1623 1715 1658 alicujus
1727 1623 1765 1652 rei
1781 1622 1825 1652 ad.
1864 1622 1923 1652 Cic.
1935 1621 1964 1651 in
1975 1622 2069 1653 Parad.
2087 1632 2110 1653 1.
2146 1622 2248 1659 Quaero
2269 1624 2344 1652 enim
2369 1633 2385 1653 a

1283 1663 1374 1696 vobis,
1388 1672 1455 1691 num
1467 1662 1551 1692 ullam
1561 1662 1760 1700 cogitationem
1771 1660 1895 1689 habuisse
1905 1661 2052 1690 videantur
2062 1661 2092 1690 hi
2103 1661 2149 1698 qui
2159 1661 2231 1689 hanc
2242 1660 2384 1698 Rempiib.

1282 1707 1339 1729 tam
1352 1700 1481 1737 praeclare
1488 1700 1634 1730 fundatam
1649 1699 1732 1729 nobis
1742 1698 1931 1735 reliquerunt,
1951 1704 1998 1728 aut
2008 1699 2066 1729 auri
2077 1720 2086 1735 ,
2107 1706 2155 1729 aut
2163 1700 2268 1736 argenti
2279 1699 2314 1728 ad
2326 1709 2386 1728 ava-

1284 1739 1377 1768 ritiam
1389 1748 1395 1767 ε
1419 1746 1484 1773 aut,
1505 1740 1557 1768 διε.

1264 1776 1409 1806 immorari
1422 1777 1543 1806 honestis
1556 1774 1782 1813 cogitationibus.
1815 1773 1847 1804 V.
1873 1785 1882 1802 1
1890 1785 1912 1803 M
1922 1785 1942 1803 M
1950 1783 1968 1803 ο
1978 1784 1994 1802 R
2003 1784 2021 1803 o
2032 1784 2057 1804 R.

1263 1814 1404 1851 impertiri
1415 1814 1519 1851 aliquid
1528 1815 1661 1851 temporis
1671 1812 1754 1842 alicui
1765 1812 1940 1849 cogitationi.
1962 1812 2020 1842 Cic.
2033 1811 2068 1841 ad
2079 1810 2144 1841 Caes.
2155 1822 2182 1848 9.
2194 1812 2247 1841 Ati.
2263 1821 2274 1841 r
2282 1821 2305 1842 r.

1265 1852 1404 1883 inducere
1422 1854 1548 1882 animum
1570 1853 1599 1881 in
1619 1851 1715 1890 spem,
1739 1851 1996 1888 cogitationemque
2012 1850 2169 1880 meliorem.
2190 1849 2247 1879 Cic.
2266 1850 2302 1880 de
2317 1850 2389 1879 Ami..

1286 1899 1333 1920 cit.
1354 1900 1396 1925 59.

1266 1928 1384 1964 injicere
1399 1928 1599 1966 cogitationem
1614 1927 1709 1957 alicui.
1749 1925 1781 1955 V.
1804 1936 1814 1954 1
1824 1934 1863 1961 NJ
1873 1937 1882 1955 1
1892 1935 1961 1955 c1o.

1267 1967 1372 1999 Inieffta
1382 1967 1517 2003 cogitatio
1527 1967 1563 1995 de
1575 1975 1604 1995 re
1614 1965 1714 2002 aliqua.
1755 1963 1815 1994 Cic.
1826 1973 1852 2000 7.
1866 1965 1920 1993 Att.
1935 1973 1960 1999 3.
1982 1963 2060 2000 Quid
2070 1962 2087 1991 si
2099 1963 2146 1992 ista
2155 1963 2240 1993 nobis
2255 1963 2389 2002 cogitatio

1288 2005 1323 2034 de
1335 2004 1478 2041 triumpho
1489 2004 1590 2038 iniecta
1601 2013 1659 2032 non
1668 2002 1735 2032 esset
1745 2024 1753 2038 ,
1775 2012 1859 2038 quam
1873 2008 1903 2031 tu
1914 2012 2024 2039 quoque
2035 2001 2173 2039 approbas
2182 2024 2191 2037 ,
2208 2003 2265 2037 See.

1267 2041 1389 2072 inserere
1400 2043 1603 2080 cogitationem
1613 2040 1742 2071 luctibus.
1765 2040 1887 2077 Quintil.
1898 2041 1926 2069 in
1936 2039 2118 2078 prooem.1ib.
2131 2043 2158 2070 ⁶.

1268 2080 1370 2110 insidet
1380 2080 1462 2110 alicui
1472 2080 1614 2118 cogitatio.
1654 2079 1688 2108 V.
1711 2089 1720 2107 1
1731 2087 1750 2107 N
1758 2088 1771 2108 s
1781 2089 1791 2106 1
1799 2089 1818 2107 D
1827 2088 1842 2106 ii
1850 2088 1876 2108 o.

1269 2118 1420 2148 Intendere
1430 2119 1624 2155 cogitationes.
1664 2117 1697 2146 V.
1722 2127 1732 2144 1
1742 2126 1762 2145 N
1771 2125 1791 2144 T
1802 2126 1816 2146 ri
1824 2125 1844 2145 N
1853 2126 1907 2145 Do.

1268 2156 1423 2186 intervenit
1436 2156 1533 2191 maiori
1544 2157 1636 2185 minor
1650 2154 1791 2191 cogitatio.
1832 2153 1864 2184 V.
1886 2165 1896 2182 1
1905 2163 1926 2182 N
1935 2162 2051 2183 Tsaviz
2060 2162 2100 2183 Ni
2112 2163 2139 2184 o.

1268 2195 1443 2224 Labefactata
1457 2197 1483 2224 &
1494 2193 1626 2224 convulsa
1637 2193 1779 2229 cogitatio,
1818 2191 1850 2221 V.
1871 2201 1889 2220 c
1899 2201 1916 2220 ο
1926 2201 1945 2219 N
1953 2201 1971 2221 v
1982 2201 1996 2220 13
2006 2202 2022 2219 L
2032 2203 2048 2220 L
2056 2201 2083 2221 o.

1269 2232 1374 2263 Morari
1383 2233 1595 2270 cogitationem.
1616 2230 1737 2268 Quintil.
1750 2229 1800 2259 lib.
1814 2239 1837 2259 1.
1853 2239 1915 2268 cap.
1930 2239 1955 2260 1.
1976 2229 2096 2259 Tardior
2106 2228 2184 2259 stilus
2192 2228 2393 2267 cogitationem

2288 231 2355 266 559

1289 2277 1420 2300 moratur.

1268 2309 1374 2339 Patitur
1385 2318 1469 2338 nemo
1478 2307 1656 2345 cogitationis
1667 2315 1792 2344 poenam.
1814 2305 1877 2343 Uip.
1889 2306 1918 2334 in
1932 2305 1951 2335 l.
1974 2304 2169 2342 Cogitationis.
2191 2304 2226 2334 D.
2239 2305 2276 2334 de
2291 2304 2393 2335 Poenis.

1268 2347 1415 2384 Percipere
1427 2346 1600 2384 cogitatione
1610 2344 1724 2382 aliquid.
1747 2343 1804 2373 Cic.
1820 2354 1842 2374 1.
1860 2343 1896 2373 de
1907 2343 1970 2374 Nat.
1981 2343 2064 2373 Deor.
2077 2345 2142 2372 106.

1269 2385 1430 2415 Percurrere
1440 2383 1528 2413 multa
1539 2384 1632 2413 animo
1642 2405 1649 2418 ,
1672 2384 1698 2412 δε
1710 2382 1890 2419 cogitatione.
1912 2381 1971 2410 Cic.
1987 2390 2010 2410 r.
2022 2380 2058 2410 de
2068 2380 2147 2411 Orat.
2161 2385 2226 2416 ²18·

1270 2424 1376 2453 Ponere
1386 2429 1497 2460 tempus
1507 2422 1536 2451 in
1550 2421 1731 2459 cogitatione.
1751 2420 1810 2450 Cic.
1823 2429 1847 2457 3.
1863 2419 1898 2448 de
1906 2419 1983 2449 Orat.
1998 2428 2041 2453 17.

1269 2462 1421 2498 Sejungere
1431 2460 1602 2498 cogitatione
1613 2459 1687 2488 aliud
1701 2458 1734 2486 ab
1746 2458 1810 2487 alio.
1850 2457 1910 2487 Cic.
1924 2468 1951 2493 4.
1963 2456 2047 2486 Tusc.
2057 2465 2101 2491 29.
2123 2455 2180 2486 Sed
2190 2456 2219 2485 in
2228 2457 2324 2486 animo
2336 2463 2395 2487 tan.

1289 2499 1438 2529 tummodo
1451 2498 1621 2535 cogitatione
1634 2495 1775 2534 possumus
1787 2495 1918 2525 morbum
1927 2495 1961 2524 ab
1972 2493 2154 2532 aegrotatione
2166 2494 2320 2532 sejungere.

1268 2538 1414 2575 Suscipere
1423 2546 1518 2566 curam
1528 2537 1554 2566 ἃ
1564 2532 1774 2572 cogitationem.
1797 2533 1898 2562 Balbus
1909 2533 1944 2562 ad
1958 2533 2016 2562 Cic.
2029 2537 2056 2566 8.
2073 2533 2127 2561 Att.
2142 2541 2153 2561 1
2161 2542 2187 2567 5.

1269 2575 1413 2612 Suscipere
1432 2574 1632 2611 cogitationem
1644 2594 1652 2608 ,
1674 2572 1750 2609 quid.
1792 2571 1849 2600 Cic.
1866 2581 1909 2607 14.
1925 2572 1977 2600 Att.
1993 2578 2037 2607 23.
2067 2570 2177 2607 Quaeris
2198 2575 2230 2599 ut
2248 2569 2395 2608 suscipiam

1290 2614 1492 2651 cogitationem
1504 2634 1512 2647 ,
1533 2611 1667 2648 quidnam
1677 2610 1733 2639 istis
1744 2609 1883 2646 agendum
1895 2616 2002 2646 putem.

1268 2652 1427 2682 Sustentare
1438 2656 1546 2679 mentes
1553 2647 1800 2685 cogitationesque.
1833 2647 1892 2677 Cic.
1908 2656 1959 2684 pro
1970 2646 2060 2676 Flacc.
2072 2648 2117 2675 66.
2139 2645 2183 2675 De
2194 2645 2241 2682 spe
2253 2645 2394 2675 bonorum

1290 2690 1417 2719 omnium
1438 2687 1475 2724 (si
1491 2697 1544 2725 qua
1555 2686 1660 2723 reliqua
1674 2686 1711 2715 est
1723 2687 1809 2715 etiam
1819 2685 1915 2720 nunc)
1936 2694 1997 2722 quae
2020 2684 2136 2714 fortium
2156 2684 2261 2714 civium
2287 2691 2396 2713 mentes

1290 2725 1527 2764 cogitationesque
1535 2724 1675 2754 sustentet.

1270 2765 1431 2796 Traducere
1441 2774 1456 2793 a
1469 2763 1648 2801 cogitatione.
1691 2761 1750 2790 Cic.
1765 2771 1788 2790 1.
1802 2759 1877 2790 Fam.
1891 2769 1918 2789 2.
1938 2759 1977 2789 Ut
1994 2759 2065 2789 mihi
2080 2760 2188 2789 viderer
2206 2759 2332 2789 animum
2345 2759 2397 2788 ho-

1291 2804 1384 2838 minis,
1397 2803 1431 2832 ab
1442 2802 1518 2831 omni
1529 2801 1583 2830 alia
1594 2800 1774 2838 cogitatione,
1784 2799 1820 2827 ad
1829 2805 1907 2827 tuam
1918 2798 2086 2835 dignitatern
2095 2798 2227 2827 tuendam
2238 2797 2395 2827 traducere.

1271 2841 1368 2872 Valere
1382 2841 1417 2870 ad
1433 2839 1643 2877 cogitationem.
1673 2837 1732 2867 Cic.
1747 2847 1770 2866 1.
1786 2837 1822 2866 de
1831 2837 1895 2866 Nat.
1907 2836 1989 2865 Deor.
2005 2841 2066 2865 106.
2089 2836 2161 2864 Nam
2171 2836 2188 2864 si
2198 2835 2397 2864 tantummodo

1289 2881 1325 2909 ad
1344 2879 1542 2917 cogitationem
1557 2877 1671 2911 valent,
1691 2885 1746 2905 nec
1763 2874 1850 2904 ullam
1864 2873 1969 2904 habent
1987 2873 2173 2909 soliditatem,
2195 2883 2249 2902 nec
2269 2873 2396 2902 eminen-

1291 2919 1358 2947 tiam
1402 2918 1453 2947 Sic.

1271 2955 1350 2985 Valet
1361 2940 1504 2992 c'ogitatio.
1544 2952 1623 2982 Aufr.
1634 2951 1669 2981 ad
1679 2950 1782 2980 Heren.
1795 2959 1821 2986 3.
1835 2959 1880 2985 32.
1901 2949 1939 2978 Ut
1952 2948 2086 2986 aspectus,
2107 2948 2146 2977 ita
2157 2947 2290 2984 cogitatio
2302 2948 2397 2977 minus

1289 2994 1377 3029 valet,
1399 2993 1453 3022 five
1468 2991 1551 3021 nimis
1564 2989 1663 3028 procul
1683 2989 1839 3024 amoveris,
1860 2988 1915 3018 five
1936 2987 2116 3018 vehementer
2129 2995 2218 3024 prope
2236 2986 2399 3015 admoveris

1292 3032 1321 3060 id
1333 3031 1409 3068 quod
1419 3037 1533 3068 oportet
1541 3028 1639 3058 videri.
2062 3062 2068 3068 ι
2179 3061 2184 3067 Ι

1271 3069 1372 3099 Venire
1387 3068 1549 3099 &incidere
1567 3067 1597 3095 in
1610 3064 1811 3103 cogitationem
1822 3063 1953 3100 aliquam.
1989 3061 2096 3099 Sulpic.
2107 3062 2142 3091 ad
2152 3061 2210 3091 Cic.
2223 3071 2249 3096 4.
2272 3060 2346 3090 Fam.
2368 3071 2394 3095 ς.

1289 3109 1330 3137 An
1345 3107 1418 3136 illius
1429 3103 1734 3141 vicem‚credo,doles?
1745 3102 1854 3139 quoties
1870 3102 1900 3130 in
1913 3109 1976 3130 eam
1984 3101 2183 3138 cogitationem
2195 3097 2305 3129 necesse
2321 3098 2359 3128 est
2367 3099 2395 3129 ἃ

1289 3152 1320 3175 tu
1330 3145 1456 3179 veneris,
1478 3145 1504 3173 ἃ
1518 3152 1570 3172 nos
1583 3141 1833 3180 saepeincidimus,
1856 3141 1910 3170 διο.

1271 3183 1373 3212 Veis-ari
1384 3183 1411 3211 in
1421 3181 1511 3219 aliqua
1523 3181 1693 3218 cogitatione
1707 3201 1715 3209 .
1736 3188 1769 3208 ac
1779 3187 1854 3208 cura.
1875 3177 1932 3207 Cic.
1947 3185 1972 3206 2.
1988 3176 2024 3205 de
2033 3175 2109 3205 Orat.
2124 3177 2186 3210 186.

1270 3220 1376 3251 Versari
1387 3222 1415 3249 in
1425 3220 1570 3249 auditione
1581 3220 1608 3248 ἃ
1619 3217 1798 3255 cogitatione.
1820 3216 1880 3246 Cic.
1893 3224 1919 3244 2.
1933 3215 1970 3243 de
1980 3213 2056 3256 Orat.
2072 3222 2134 3250 131.

1270 3260 1410 3297 Cogitatio
1420 3259 1453 3287 in‘
1464 3267 1531 3287 vero
1541 3255 1716 3294 exquirendo
1728 3255 1849 3285 maxime
1857 3252 1985 3282 versatur.
2009 3251 2068 3294 Cio.
2085 3261 2107 3280 1.
2119 3249 2178 3294 Off.
2195 3259 2237 3279 12.

1270 3297 1416 3328 Versantur
1431 3297 1461 3325 in
1476 3297 1571 3325 animo
1583 3304 1647 3324 meo
1666 3292 1762 3323 multae
1780 3295 1806 3322 ἃ
1818 3300 1912 3329 graves
1931 3290 2123 3327 cogitationes.
2147 3287 2204 3318 Cio.
2218 3298 2244 3318 2.
2263 3288 2301 3318 de
2321 3286 2396 3327 Lege

1289 3337 1308 3365 A
1332 3346 1350 3364 r.
1384 3357 1390 3364 .

1269 3345 1391 3402 Vestinis
1400 3371 1534 3409 cogitatio
1546 3371 1576 3399 in
1586 3370 1613 3399 se
1622 3369 1687 3408 ipsa.
1710 3368 1769 3400 Cic.
1787 3376 1810 3396 ι.
1822 3364 1882 3396 Off.
1898 3368 1963 3401 156.
1980 3402 1986 3408 .
2208 3401 2214 3407 ·
2357 3403 2364 3409 ·

1270 3411 1388 3441 Vincere
1399 3409 1668 3441 commentationem
1682 3408 1708 3438 ὀὶ
1718 3405 1920 3442 cogitationem
1928 3401 2064 3438 subitam,
2086 3403 2113 3432 ἃ
2131 3402 2274 3432 fortuitam
2294 3408 2397 3432 oratio-

1289 3459 1363 3478 nem.
1386 3448 1443 3477 Cic.
1457 3458 1479 3476 1.
1495 3448 1531 3476 de
1545 3446 1621 3476 Orat.
1639 3456 1698 3480 150.
1936 3479 1942 3484 .
2331 3478 2337 3484 ⁴

1271 3486 1401 3517 Volutare
1415 3486 1506 3515 tacitis
1514 3483 1730 3521 cogitationibus
1739 3482 1874 3510 animum.
1913 3478 1971 3508 Liv.
1985 3488 2012 3512 9.
2027 3486 2069 3513 17.
2085 3486 2125 3514 pr.
2149 3477 2259 3508 Tamen
2267 3484 2339 3507 tanti
2355 3488 2396 3507 re..

1291 3525 1332 3562 gis
1342 3534 1373 3554 ac
1383 3525 1461 3553 ducis
1472 3525 1599 3558 mentio,
1620 3521 1721 3559 quibus
1731 3518 1802 3556 saepe
1824 3516 1916 3547 tacitis
1934 3515 2155 3559 cogitationibus
2178 3515 2314 3546 volutavit
2336 3517 2397 3545 ani-

1289 3572 1367 3592 mum
1380 3585 1388 3596 ,
1412 3571 1457 3591 eas
1469 3569 1568 3590 evocat
1582 3560 1611 3588 iri
1622 3558 1747 3588 medium
1759 3566 1766 3586 ;
1790 3562 1820 3585 ut
1830 3564 1952 3592 quaererc
1965 3554 2050 3584 libeat
2060 3574 2068 3589 ,
2082 3554 2134 3584 διο.

1271 3600 1319 3630 Uti
1330 3601 1501 3638 cogitatione
1511 3599 1546 3627 ad
1558 3607 1600 3627 res
1611 3605 1692 3633 quam
1702 3595 1832 3631 optimas.
1854 3593 1913 3636 Cic.
1928 3602 1951 3622 1.
1970 3591 2028 3621 Off.
2090 3629 2097 3635 ·
2189 3628 2190 3631 Ἰ
2261 3631 2268 3636 1

1272 3639 1413 3676 Cogitat-io
1425 3638 1510 3666 etiam
1521 3646 1571 3673 pro
1583 3633 1792 3664 inventionibus
1810 3638 1924 3668 ponitur
1937 3639 1953 3658 a
1965 3629 2069 3659 Vitruv.
2088 3638 2119 3672 in
2132 3629 2236 3666 praefiat.
2248 3629 2297 3661 hb.
2309 3639 2335 3660 2.
2363 3631 2398 3660 At

1290 3677 1356 3710 ille,
1379 3675 1542 3704 Dinocrates
1555 3695 1563 3708 ,
1586 3672 1676 3709 inquit
1689 3692 1696 3705 ,
1718 3669 1890 3699 Architectus
1907 3667 2029 3697 Macedo
2040 3689 2048 3703 ,
2070 3676 2117 3704 qui
2127 3667 2162 3696 ad
2172 3673 2199 3696 te
2209 3668 2397 3705 cogitationes

1292 3716 1319 3744 δι
1334 3715 1437 3743 formas
1447 3711 1550 3745 affero,
1573 3711 1669 3747 dignas
1679 3715 1725 3737 tua
1734 3706 1867 3737 claritate.
1886 3744 1892 3749 .
1938 3743 1944 3749 ⁰

1236 3753 1258 3783 C
1267 3763 1284 3782 o
1293 3762 1310 3781 o
1321 3763 1329 3780 1
1339 3761 1358 3780 T
1369 3761 1416 3780 AT
1427 3762 1435 3778 i
1444 3760 1462 3778 u
1473 3758 1493 3777 N
1504 3758 1521 3777 c
1530 3758 1548 3777 u
1560 3758 1621 3781 ta,
1643 3756 1673 3775 ae.
1695 3745 1713 3775 f.
1738 3745 1821 3774 Parva
1831 3749 1973 3781 cogitatio.
2014 3741 2124 3772 Cathol.

1235 3790 1258 3820 C
1268 3800 1284 3819 o
1295 3800 1313 3818 c
1323 3799 1360 3818 ιτ
1369 3799 1386 3817 A
1398 3799 1412 3816 B
1423 3790 1460 3817 ii.
1471 3796 1499 3815 is
1508 3808 1516 3820 ,
1539 3795 1563 3814 e.
1589 3780 1736 3821 [duumvir]
1757 3783 1823 3812 Sen.
1845 3781 1926 3819 Epist.
1953 3791 1995 3816 59.
2018 3779 2175 3816 cogitabile
2187 3779 2226 3809 est
2235 3802 2244 3815 ,
2266 3781 2343 3818 quod
2356 3781 2396 3810 est

1273 3827 1410 3864 generale.
1451 3824 1485 3854 Et
1501 3823 1581 3861 Apul.
1603 3821 1683 3860 Apol.
1701 3831 1729 3859 p.
1742 3829 1804 3858 315.
1826 3820 1921 3849 Paucis
1941 3818 2115 3856 cogitabilis,
2136 3819 2244 3848 nemini
2267 3819 2395 3849 effabilis.

1303 3865 1331 3894 ''.
1372 3873 1427 3893 eus.

1234 3903 1258 3933 C
1267 3866 1329 3932 (iconi
1339 3865 1386 3930 ΒΑ
1398 3912 1416 3928 M
1427 3908 1467 3928 EN
1477 3921 1485 3933 ,
1502 3898 1568 3927 inis.
1584 3907 1611 3926 n.
1634 3896 1712 3926 idem
1722 3904 1755 3924 ac
1768 3894 1917 3932 Cogitatio,
1955 3891 2074 3923 Tertull.
2085 3893 2121 3923 de
2129 3893 2206 3923 Trin.
2219 3904 2281 3930 cap.
2294 3898 2320 3924 6.
2342 3894 2398 3924 Ne..

1274 3939 1385 3969 cessaria
1396 3938 1454 3966 haec
1465 3937 1590 3965 membra
1601 3934 1760 3967 hominibus
1772 3932 1885 3962 fuerunt
1897 3953 1906 3967 ,
1927 3938 1986 3960 non
2007 3930 2066 3960 Deo
2075 3953 2083 3967 ,
2106 3933 2170 3967 quia
2193 3932 2324 3962 inefficax
2345 3932 2396 3962 ho-

1275 3978 1358 4007 minis
1370 3974 1516 4005 consilium
1527 3972 1618 4002 fuisset
1628 3994 1636 4008 ,
1658 3971 1707 4000 nisi
1718 3971 1876 4008 cogitamen
1885 3978 1986 4007 corpus
1995 3967 2141 4007 implesset.
2252 3994 2255 3997 .

1236 4015 1390 4047 CoGrTA
1401 4024 1422 4041 M
1434 4021 1504 4040 ssN'r
1515 4021 1579 4044 UM,
1602 4011 1619 4038 i.
1641 4019 1669 4039 n.
1699 4009 1788 4038 idem.
1810 4007 1895 4037 Gloss.
1911 4006 1968 4036 Lat.
1988 4007 2035 4036 Gr.
2058 4007 2283 4044 Cogitamentum
2300 4029 2308 4042 ,
2330 4004 2397 4040 0294.

1275 4062 1361 4088 μεμφ.
1404 4050 1433 4080 V.
1457 4049 1543 4079 etiam
1555 4047 1634 4085 Vulg.
1646 4048 1763 4085 Interpr.
1777 4057 1804 4081 4.
1818 4045 1892 4076 Esdr.
1905 4055 1930 4083 7.
1945 4054 1991 4075 22.
2295 4082 2317 4109 C

2325 4091 2342 4109 o
2351 4091 2368 4109 c
2378 4093 2399 4109 i.
