2604 4222
149 175 220 216 630
536 159 566 197 C
661 159 697 194 Ο
792 153 826 189 N

186 250 341 281 Producere
350 246 471 285 aliquem
478 242 695 275 conditionibus.
717 233 943 280 Cic-pranint.
956 239 999 260 ro.

188 289 346 325 Proponere
360 285 552 315 conditionem
562 277 690 318 supplicii
700 277 792 305 alicui.
814 273 869 302 Cic,
884 280 934 309 pro
944 269 1053 298 Cluent.
1069 274 1130 302 129.

190 327 325 363 Recipere
335 324 457 360 iniquam
471 320 669 350 conditionem.
692 311 810 356 Quintil.
820 311 866 339 lib.
884 320 907 343 ς.
923 317 983 351 cap.
996 309 1036 349 6..
1211 338 1217 346 .
1234 338 1240 346 μ
1288 335 1296 339 ⁷

191 360 406 394 conditionibus
415 360 540 396 accipere
548 354 666 395 populos
678 353 706 381 in
717 352 882 380 societatem.
916 345 972 374 Liv.
998 339 1298 380 Aliquotexpeditione

212 411 268 431 uria
275 397 395 439 populos
403 406 447 427 aut
459 399 483 425 vi
493 395 598 430 subegit
609 414 616 426 ,
637 397 685 421 aut
694 385 901 429 conditionibus
913 381 1110 426 in'societatem
1123 378 1242 416 accepit.

193 439 350 477 Repudiare
360 434 535 473 aequissimam
544 430 743 470 conditionem.
765 423 823 453 Cic.
835 432 885 469 pro
896 421 994 457 Quint.
1006 422 1051 449 26.

195 477 334 514 Respuere
345 474 534 503 conditionem
544 470 671 504 aliquam.
693 465 749 493 Cic.
763 471 812 500 pro
825 459 897 503 Coel.
911 469 954 493 14.

193 515 270 546 Stare
281 511 491 543 conditionibus
503 531 511 544 ‚
532 508 569 536 est
585 506 694 535 Tenere
716 504 803 539 pacta.
844 498 902 526 Cic.
915 500 956 525 16.
971 495 1044 525 Fam.

214 549 421 582 conditionibus
432 548 498 576 stare
506 545 626 574 noluerit
635 565 642 577 ,
664 540 767 570 bellum
777 542 901 579 paratum
911 535 958 564 est.
975 571 980 577 ⁸

196 591 300 627 Fugere
314 598 329 617 a
340 585 562 617 conditionibus:
584 579 715 618 superiori
732 581 908 606 contrarium.
949 571 1009 615 Cic.
1024 572 1066 598 16.
1081 567 1155 597 Fam.
1171 575 1212 595 rr.
1240 563 1302 593 Bel-

213 628 272 657 lum
281 632 406 664 paratum
415 624 470 658 est,
493 620 627 657 ejusmodi
637 625 728 647 tamen
739 612 813 651 quod
822 611 950 654 sustinere
968 608 1015 638 ille
1034 615 1093 635 non
1113 603 1213 642 possit,
1233 611 1302 640 prae-

214 665 305 695 sertim
316 671 401 700 quum
411 670 426 689 a
436 660 488 689 suis
502 655 711 688 conditionibus
728 651 784 690 ipse
796 650 906 693 fugerit.
995 670 1000 676 .
1109 681 1114 686 Π

195 703 318 734 statuere
329 699 519 729 conditionem
534 695 590 724 sibi.
630 693 689 722 Cic.
699 700 753 728 ,pro
764 687 854 718 Rabir.
867 684 954 715 Posth.
973 692 1014 717 1ς.
1039 679 1183 710 Providete
1196 687 1232 707 ne
1252 677 1302 706 du.

214 740 314 770 riorem
325 737 403 767 vobis
412 735 602 767 conditionem
610 730 742 761 statuatis,
762 725 910 761 ordinique
921 721 1019 764 vestro,
1039 728 1120 756 quam
1129 718 1199 761 serre
1208 714 1298 760 possit.

196 777 326 810 conditio
338 775 375 805 est
384 773 476 812 posse,
496 774 546 802 Cre.
587 769 644 799 Cic.
661 777 710 806 pro
723 765 810 794 Plane.
826 772 868 792 11.
900 761 944 805 Est
960 768 1036 801 enim
1055 756 1182 798 conditio
1201 753 1302 783 libero-

213 825 275 846 rum
285 813 466 852 populorum,
488 809 680 848 praecipueque
692 804 773 839 hujus
786 800 921 838 principis
932 796 1030 835 populi
1047 796 1072 824 St
1091 802 1218 822 omnium
1237 800 1302 828 gen-

213 855 282 883 tium
295 850 402 880 domini
413 856 494 887 atque
504 846 614 877 viCtoris
625 865 633 880 ,
653 842 728 881 posse
739 839 870 877 suffragiis
881 837 926 866 vel
937 835 1001 864 dare
1017 833 1059 862 vel
1071 831 1215 861 detrahere
1226 838 1281 867 quo

211 891 278 920 velit
289 890 397 925 cuique.
1022 910 1027 916 Π
1044 910 1050 915 ⁴
1176 907 1182 912 ι

194 927 386 960 Estconditio,
407 929 444 954 ut.
482 923 539 952 Cic.
555 931 605 960 pro
616 918 707 950 Rabir.
720 916 807 947 Postli.
819 922 862 949 33.
883 911 934 942 Ista
944 909 1069 941 conditio
1078 907 1115 937 est
1125 905 1248 939 testium,
1270 909 1301 933 ut:

215 966 313 1003 quibus
323 964 460 993 creditum
471 970 527 989 non
539 959 570 988 sit
581 956 747 994 negantibus
756 976 764 990 ,
785 952 882 982 iisdem
893 951 1019 994 credatur
1029 944 1198 989 dicentibus.

193 1002 328 1033 Vocariin
339 1000 537 1030 conditionem.
576 996 634 1025 Cic.
647 1001 673 1028 8.
687 994 759 1023 Fam.
776 1002 801 1026 9.
833 989 927 1018 Galliae
949 996 1011 1030 quae·
1030 978 1302 1014 habentintercesso·

212 1050 269 1070 rem
281 1062 288 1073 ,
309 1040 337 1068 in
350 1038 466 1068 eandem
481 1034 673 1065 conditionem
683 1039 764 1067 qnam
779 1035 875 1058 ceterae
885 1033 1036 1064 provmcia:
1048 1026 1189 1051 vocantur.

193 1078 239 1108 Uti
250 1077 411 1107 conditione
423 1074 547 1109 alicujus.
579 1071 635 1100 Cic.
650 1080 675 1106 9.
690 1071 791 1097 Attaa.
813 1066 841 1095 Si
852 1065 922 1093 inihi
935 1063 1043 1092 veniam
1052 1069 1137 1104 quani
1147 1064 1231 1100 peto',
1253 1053 1302 1084 de*

213 1116 284 1145 derit
295 1137 303 1148 ,
325 1113 465 1143 utarillius
478 1109 654 1140 conditione:
683 1107 719 1135 sin
731 1106 820 1134 minus
829 1126 837 1137 ,
858 1099 1013 1139 impetrabo
1023 1097 1127 1135 aliquid
1139 1107 1154 1140 a
1167 1093 1281 1138 meipso.

194 1153 362 1184 Conditione
374 1158 418 1180 tua
428 1159 484 1178 non
495 1154 571 1177 utar:
594 1145 677 1176 verba
690 1144 750 1172 sunt
762 1139 909 1178 repudium
923 1137 1067 1167 mittentis.
1106 1135 1187 1164 Caius
1198 1143 1226 1161 in
1243 1131 1262 1160 1.
1273 1140 1299 1160 2.

212 1191 244 1221 D.
261 1191 294 1219 de
305 1190 404 1218 divort.
415 1189 440 1217 &
450 1186 547 1223 repud.
559 1185 588 1214 In
599 1181 766 1221 sponsalibus
775 1187 885 1217 quoque
898 1175 1077 1205 discutiendis
1086 1172 1190 1210 placuit
1200 1178 1301 1199 renun=

211 1229 354 1258 tiationem
365 1225 528 1255 intervenire
538 1228 666 1260 oportere
678 1229 684 1249 :
706 1219 734 1247 in
745 1227 797 1255 qua
805 1226 834 1245 re
844 1216 903 1244 hacc
912 1213 997 1243 verba
1007 1211 1123 1250 probata
1137 1209 1207 1245 sunt,
1229 1208 1301 1237 Con-

212 1267 319 1296 ditione
329 1272 375 1294 tua
385 1271 441 1292 non
456 1269 524 1291 utar.
1111 1285 1116 1291 ·

210 1304 290 1333 Vives
300 1303 333 1332 de
343 1301 438 1332 Christ.
449 1300 512 1329 fem.
526 1297 573 1326 lib.
590 1306 612 1326 1.
627 1305 655 1333 p.
671 1301 732 1331 313.
752 1289 879 1322 Parentes
892 1286 928 1319 de
940 1287 1023 1326 ipsius
1033 1285 1199 1318 conditione
1211 1283 1302 1320 quaesi*

212 1348 320 1371 verunt.
341 1349 390 1378 pro
402 1361 410 1374 ,
430 1338 472 1367 De
482 1337 526 1365 illa
535 1335 592 1364 viro
602 1332 744 1365 tradenda,
763 1329 807 1360 vel
820 1328 855 1357 de
864 1327 911 1356 illa
924 1324 1089 1356 collocanda
1100 1321 1299 1365 consultarunt.

210 1379 289 1410 Idem
302 1387 363 1414 33⁴-
387 1380 417 1405 i'it
428 1375 574 1405 inveniunt
587 1371 642 1400 istae
653 1368 854 1400 conditionem.
875 1363 978 1394 Vereor
988 1370 1100 1396 tamen,
1120 1367 1151 1390 ut
1161 1360 1221 1389 satis
1230 1359 1302 1389 Lati-

211 1427 255 1447 ne.
278 1416 384 1445 Poterat
401 1413 491 1443 dicere
502 1434 510 1445 .
531 1410 678 1440 Inveniunt
695 1406 808 1436 maritos
820 1425 827 1438 ,
848 1402 892 1433 vel
904 1402 1055 1432 Inveniunt
1073 1398 1173 1442 quibus
1183 1398 1298 1437 nubant.

212 1455 246 1484 H.
261 1454 299 1483 St.
342 1453 396 1490 Ego
408 1461 470 1480 vero
485 1450 567 1478 miror
578 1447 644 1484 quid
656 1444 770 1475 verearis
780 1464 788 1477 ,
810 1441 930 1471 Henrice
940 1459 948 1475 ,
969 1446 1034 1468 cum
1055 1437 1109 1466 hoc
1120 1435 1210 1474 ipsum
1222 1443 1300 1479 vpca-

211 1492 306 1522 bulum
323 1490 444 1519 similiter
457 1486 587 1520 absolute,
609 1493 659 1522 pro
669 1480 850 1514 Matrimonii,
864 1477 910 1508 vel
926 1477 1031 1507 Amoris
1043 1483 1152 1512 quoque
1161 1473 1300 1503 conditio-

212 1539 256 1563 ne,
268 1528 398 1566 usurpent
408 1525 506 1556 classici
516 1525 639 1552 aut‘tores
648 1520 753 1559 passim.
764 1518 874 1547 V.Suet.
887 1515 952 1546 Caes.
965 1524 1009 1549 27.
1021 1515 1086 1556 Aug.
1095 1516 1204 1550 cap.63.
1217 1512 1243 1541 &
1254 1515 1297 1547 69.

210 1567 288 1597 Plura
304 1566 380 1595 dabit
388 1565 476 1594 Burm.
490 1561 525 1591 ad
534 1559 651 1598 Quintil.
663 1558 741 1588 Decl.
753 1565 813 1594 pag.
827 1563 890 1592 472.
905 1551 1020 1584 &Thes
1035 1550 1104 1588 Lips.
1177 1587 1183 1593 .

190 1604 390 1635 Conditionem
399 1611 447 1640 pro
457 1601 584 1630 Creatura
591 1597 661 1635 saepe
669 1595 805 1633 usurpavit
814 1591 930 1623 Tertull.
948 1591 982 1620 de
992 1590 1102 1619 Corona
1122 1586 1221 1617 militis
1231 1608 1239 1623 ,
1261 1586 1298 1616 Ea

211 1643 248 1672 est
258 1651 339 1678 quam
349 1637 418 1667 »λέων
429 1637 578 1677 appellant.
602 1635 632 1664 V.
655 1644 714 1671 cap.
727 1637 752 1662 6.
765 1638 833 1661 extr.
847 1632 873 1660 &
884 1630 1017 1666 deinceps
1028 1626 1134 1666 paffim.

190 1678 322 1710 conditio
331 1701 338 1713 ,
360 1688 375 1708 a
388 1675 625 1707 Demonstratione
635 1673 689 1701 hoc
700 1670 811 1706 differt;
833 1668 909 1705 quod
919 1665 1122 1709 Demonstratio
1135 1663 1299 1706 plerumque

206 1718 305 1747 saetam
317 1724 374 1746 rem
389 1714 525 1745 ostendit:
548 1711 679 1742 Conditio
689 1709 817 1739 futuram.
838 1707 857 1736 1.
875 1706 893 1736 si
912 1705 1088 1735 nominatim.
1100 1702 1135 1733 D.
1148 1702 1184 1731 de
1193 1700 1299 1732 condit.

209 1758 235 1785 &
250 1754 424 1785 demonstrat.

190 1793 388 1825 Conditionem
396 1787 572 1826 iurisiurandi
583 1786 688 1816 deferre
702 1807 710 1820 ,
731 1794 783 1822 pro
792 1780 1085 1818 Jurandifacultatem.
1108 1777 1173 1816 Ulp.
1190 1776 1209 1806 1.
1224 1785 1248 1812 3.
1261 1776 1295 1806 D.

207 1831 242 1860 de
252 1831 363 1867 jurejur.
377 1830 418 1858 Ait
431 1828 537 1861 Praetor,
558 1826 585 1855 Si
595 1826 617 1854 is
627 1833 690 1854 cum
701 1832 756 1860 quo
768 1827 871 1858 agetur,
883 1819 1047 1850 conditione
1059 1816 1149 1846 delata
1157 1815 1297 1851 juraverit.

187 1868 319 1899 Conditio
334 1867 407 1905 apud
425 1863 632 1901 Jurisconsultos
643 1884 650 1896 ,
672 1861 710 1890 est
725 1860 780 1889 Lex
795 1859 917 1896 pactioni
935 1856 1057 1895 apposita
1068 1877 1076 1891 ,
1098 1853 1174 1884 unde
1193 1852 1299 1890 obliga-

205 1907 291 1936 tionis
302 1912 416 1935 eventus
426 1902 537 1941 pendet.
577 1901 614 1930 Ea
624 1908 689 1929 vero
701 1905 748 1927 aut
762 1896 916 1928 voluntaria
926 1896 974 1930 est,
995 1894 1099 1925 scilicet
1111 1892 1157 1922 cui
1168 1890 1298 1921 voluntas

203 1944 357 1974 alterutrius
369 1952 402 1972 ex
418 1941 469 1971 reis
485 1939 643 1969 dominatur
654 1959 662 1972 ,
683 1946 743 1973 quae
759 1940 794 1965 ex
808 1934 882 1963 illius
894 1933 1038 1963 voluntate
1049 1931 1172 1969 pendet,
1193 1928 1298 1963 veluti,

204 1983 232 2012 Si
247 1991 361 2011 uxorem
371 1979 491 2009 duxeris.
530 1976 587 2006 Alia
599 1976 636 2005 est
645 1975 757 2004 fortuita
767 1995 775 2009 ,
797 1972 842 2002 cui
854 1972 964 2001 fortuna
974 1992 982 2006 ,
1004 1979 1062 1998 non
1075 1977 1187 1998 reorum
1196 1967 1296 1997 volun-

204 2026 245 2050 tas
255 2019 427 2053 dominatur,
448 2026 507 2053 quae
519 2024 554 2044 ex
565 2013 625 2044 casu
635 2012 754 2050 pendet,
775 2010 881 2045 veluti,
903 2007 931 2039 Si
951 2008 1028 2038 navis
1050 2016 1086 2036 ex
1105 2005 1163 2036 Asia
1178 2005 1294 2035 venerit.

204 2058 250 2087 Sic
260 2057 333 2087 enim
347 2055 472 2085 Latinum
484 2053 521 2083 est
531 2074 540 2089 ,
559 2061 618 2081 non
630 2050 821 2081 Potestativam
836 2049 862 2079 &
879 2046 1023 2077 Casualem
1043 2045 1137 2075 dicere
1149 2065 1157 2080 ,
1179 2048 1211 2073 ut
1232 2043 1297 2079 iuris

205 2095 368 2132 interpretes
378 2093 532 2130 loquuntur.

187 2132 385 2163 conditionum
397 2128 561 2168 possibilium
570 2135 670 2165 genera
678 2125 739 2155 sunt
750 2122 809 2155 tria«.
850 2124 902 2153 Aut
912 2122 988 2152 enim
1001 2131 1037 2152 ex
1048 2118 1118 2152 'casu
1139 2121 1165 2150 &
1185 2120 1297 2149 fortuna

204 2170 348 2209 pendent,
369 2178 426 2205 quae
436 2167 540 2197 idcirco
550 2165 674 2195 Casuales
688 2174 703 2193 a
714 2163 868 2199 justiniano
885 2159 1081 2199 appellantur3
1102 2169 1118 2188 a
1137 2158 1218 2187 nobis
1232 2157 1296 2186 For·

205 2209 281 2238 tuitae
297 2217 354 2237 non
376 2204 554 2235 incommode
567 2202 705 2232 nominari
724 2200 850 2239 possunt:
872 2204 919 2228 aut
941 2206 976 2228 ex
996 2198 1118 2227 hominis
1135 2195 1296 2226 voluntate»

205 2245 309 2280 veluti,
329 2245 357 2274 Si
374 2243 479 2273 servum
492 2241 685 2275 manumittat,
706 2248 772 2275 quas
789 2238 864 2267 idem
877 2236 1070 2272 Potestativas3
1094 2244 1145 2264 nos
1165 2233 1297 2263 Volunta-

205 2285 257 2313 rias
270 2282 408 2320 appellare
419 2279 575 2318 possumus:
596 2284 644 2308 aut
660 2277 744 2307 mistae
760 2276 841 2312 sunt,
859 2283 975 2312 quarum
993 2280 1125 2308 eventus,
1148 2272 1187 2301 ait
1201 2271 1296 2306 idem,

206 2331 240 2351 ex
252 2321 359 2350 fortuna
369 2321 393 2349 &
406 2318 527 2356 personae
539 2315 680 2346 voluntate
689 2313 807 2353 pendet,
830 2313 933 2347 veluti,
954 2312 982 2341 Si
995 2312 1138 2341 vitftoriam
1148 2314 1292 2348 reportet,

205 2359 224 2389 l.
245 2369 267 2388 1.
288 2358 308 2396 §.
331 2358 369 2387 sin
379 2363 472 2386 autem
484 2354 596 2392 aliquid.
618 2354 648 2383 C.
666 2355 700 2383 de
711 2353 772 2382 cad.
785 2351 845 2381 toll.
869 2351 1054 2380 Hotomanus.

152 2397 174 2428 C
182 2407 199 2427 o
209 2406 228 2426 Ν
237 2407 255 2425 p
264 2407 273 2424 1
281 2405 300 2424 τ
309 2407 316 2424 1
325 2405 341 2424 o
351 2404 372 2424 Ν
381 2398 397 2423 Tr
409 2405 425 2423 L
433 2405 442 2422 1
450 2403 462 2423 s
471 2415 479 2428 ,
500 2402 523 2422 e.
546 2392 605 2425 Adi.
629 2388 790 2428 [αλςετυώς]
810 2399 826 2418 a
840 2388 991 2423 Conditio;
1016 2387 1103 2424 Quod
1113 2396 1148 2416 ex
1156 2384 1298 2415 conditio-

187 2445 222 2465 ne
233 2433 346 2499 pendfft.
368 2439 414 2498 pit,
436 2431 496 2461 Pars
515 2430 719 2460 conditionalis.
740 2428 894 2458 Martianus
908 2426 938 2455 in
956 2425 975 2455 1.
995 2435 1082 2463 quum
1102 2425 1196 2454 haeres.
1208 2422 1242 2452 D.
1261 2423 1296 2452 de

189 2483 222 2502 ac
242 2482 290 2501 uir.
320 2480 371 2500 aere
394 2492 400 2498 .

187 2482 396 2540 Cotiiditionales
405 2506 554 2536 creditores
564 2504 693 2534 dicuntur
702 2503 746 2537 hi,
767 2503 876 2539 Quibus
893 2496 1022 2531 nondum
1045 2499 1183 2537 competit
1201 2498 1276 2528 adtio
1287 2517 1296 2533 ,

205 2547 243 2577 est
263 2553 357 2576 autem
377 2545 575 2580 competitura:
597 2541 640 2571 vel
657 2542 704 2577 qui
723 2541 799 2578 spem
813 2540 916 2570 habent
932 2546 963 2569 ut
979 2544 1131 2576 competat.
1154 2537 1217 2575 Ulp.
1235 2536 1266 2564 in
1277 2535 1296 2564 1.

209 2583 420 2615 conditionales.
438 2581 470 2611 D.
485 2581 520 2610 de
527 2579 601 2610 verb.
611 2579 699 2617 signif.

155 2621 201 2653 Co
210 2633 229 2652 Ν
240 2633 257 2650 1)
268 2631 304 2650 1’1“
314 2631 347 2649 10
358 2629 378 2649 Ν
387 2622 402 2649 K
414 2631 429 2648 L
438 2630 447 2647 1
458 2628 498 2647 1-11
508 2628 523 2646 R
533 2640 541 2652 ,
563 2617 628 2647 Adv.
658 2612 819 2652 [οὰςεῗωιῶς]
849 2614 882 2644 In
895 2613 1116 2644 Institutionibus
1130 2634 1138 2647 ,
1157 2610 1242 2641 titulo
1261 2610 1298 2640 de

191 2660 295 2695 legatis.
316 2659 338 2696 §.
359 2658 442 2694 longe
460 2656 561 2692 magis,
588 2655 641 2683 Sed
660 2654 677 2682 si
697 2652 920 2683 conditionaliter
938 2652 1080 2681 enuntiata
1098 2651 1181 2680 fuerit
1199 2648 1297 2684 causa,

190 2698 340 2733 aliudjuris
351 2695 403 2729 est,
425 2696 475 2724 διε.
497 2693 593 2722 Paulus
603 2692 631 2720 in
642 2691 660 2720 l.
672 2692 718 2729 qui
730 2690 876 2728 stipulator.
892 2690 926 2720 D.
943 2689 978 2719 de
988 2689 1062 2719 verb.
1076 2688 1193 2727 obligat.

155 2734 544 2765 Couor'rioNAnitrs,
566 2740 590 2760 e.
610 2728 727 2758 Tertull.

154 2774 175 2803 C
186 2783 202 2801 ο
212 2783 230 2802 Ν
241 2782 259 2801 p
269 2773 286 2801 ὅ
296 2781 314 2800 c
323 2781 336 2800 11
346 2781 363 2800 o
375 2792 383 2805 ,
415 2770 441 2798 ui
452 2791 460 2804 ,
488 2769 564 2798 &um
573 2789 581 2803 ‚
613 2761 822 2802 [mmmm]
852 2767 908 2795 Ere.
940 2763 1010 2794 Hirr.
1024 2762 1092 2793 Bell.
1106 2763 1162 2793 Ast.
1180 2772 1241 2801 cap.
1254 2771 1298 2798 19..

194 2810 269 2847 Equo
278 2809 384 2838 frenato
393 2807 434 2837 uti
446 2806 642 2836 condocuerat.

156 2847 177 2878 C
186 2858 202 2877 o
212 2857 231 2877 Ν
241 2857 259 2877 o
269 2857 285 2876 o
295 2855 339 2875 εἰ·
348 2855 366 2875 υ
376 2854 388 2874 s
401 2867 410 2880 ,
430 2854 461 2880 a,
483 2854 539 2873 um.
561 2842 656 2871 Partic.
673 2840 757 2870 Plaut.
769 2840 845 2869 Poen.
856 2847 881 2874 π.
894 2848 919 2869 2.
932 2845 967 2875 ξ..

270 2884 321 2914 Fac
329 2883 413 2913 niodo
424 2889 453 2911 ut
465 2881 602 2911 condocta
610 2879 661 2908 tibi
672 2878 722 2907 sint
731 2878 803 2907 dicta
813 2878 848 2907 ad
859 2878 931 2907 hanc
939 2876 1085 2906 fallaciam.

271 2932 288 2951 c
296 2932 320 2950 o.
343 2921 419 2958 Quin
429 2918 530 2956 edepol
538 2917 700 2947 condoctior
709 2915 768 2945 sum
779 2925 860 2952 quam
870 2915 986 2952 tragoedi
1000 2922 1047 2944 aut
1058 2912 1168 2944 comici.
1251 2912 1299 2943 Sic

192 2960 220 2989 in
231 2965 344 2996 utroque
354 2957 429 2987 versu
440 2956 614 2986 Condottum
626 2953 848 2991 legitTurnebus
857 2974 865 2988 ,
887 2960 944 2982 non
960 2952 1146 2982 Conductum.
1186 2950 1298 2979 Condo-

192 2998 227 3027 eti
240 3003 332 3026 autem
342 2995 441 3025 comici
451 2994 526 3029 sunt,
548 2991 744 3030 Quifabulam,
763 2999 846 3026 quarn
853 2991 939 3020 at‘turi
952 2989 1012 3019 sunt
1022 3012 1029 3023 ,
1051 2999 1105 3019 una
1115 2988 1233 3018 fideliter
1241 2988 1301 3017 edi-

194 3034 338 3068 dicerunt,
359 3033 516 3071 gestumque
525 3041 539 3061 a
559 3040 604 3060 ere
614 3029 711 3059 sciunt.
751 3028 871 3065 Oportet
881 3028 955 3057 enim
966 3027 1108 3057 histriones
1119 3026 1222 3064 peritos
1233 3025 1297 3061 esse,

195 3073 219 3102 &
231 3071 348 3101 fabulam
357 3080 438 3108 quam
447 3070 533 3099 asturi
554 3073 617 3102 unt,
640 3066 717 3096 simul
733 3064 876 3094 edidicisse
888 3085 896 3101 ,
917 3070 1064 3103 antequam
1078 3065 1107 3094 in
1122 3064 1300 3102 proscenium

195 3109 330 3147 prodeant
340 3130 347 3141 ,
370 3118 423 3145 quo
435 3107 482 3137 nisi
497 3106 575 3136 sallor
587 3105 714 3143 respexit.
735 3102 868 3133 Haecille.

158 3144 180 3175 C
189 3156 206 3175 ο
216 3155 234 3175 Ν
244 3148 286 3175 no
297 3148 336 3175 cf:
346 3157 358 3174 i=
369 3148 384 3175 λ
395 3155 454 3175 cro
463 3167 470 3180 ,
492 3145 536 3174 Eci
546 3166 554 3179 ,
589 3144 683 3172 aetum
693 3164 701 3178 ,
735 3136 887 3177 [δὶδὶλσκω]
916 3141 972 3169 ὅτε.
1003 3138 1136 3169 Instruere
1146 3161 1154 3173 ,
1186 3139 1297 3168 docere.

195 3184 250 3213 Cic.
267 3194 289 3217 ς.
303 3183 382 3213 Tusc.
396 3189 440 3219 87.
461 3183 550 3212 Nemo
561 3181 599 3210 est
609 3181 685 3209 enim
697 3179 743 3217 qui
753 3187 851 3207 eorum
862 3177 998 3206 bonorum
1008 3198 1016 3213 ,
1038 3177 1161 3206 animum
1170 3182 1252 3214 putet
1261 3176 1300 3205 es-

194 3220 218 3250 se
230 3221 349 3262 judicem
360 3243 367 3255 ,
388 3229 506 3258 eumque
515 3218 725 3249 condocefaciat
734 3238 742 3253 ‚
763 3222 796 3245 ut
808 3225 841 3245 ea
849 3224 909 3253 quae
920 3214 1006 3251 bona,
1025 3214 1131 3244 malave
1142 3215 1298 3250 videantur,

194 3259 463 3295 poilitcontemnere.

160 3294 372 3331 Commorim,
391 3296 438 3329 ui,
464 3293 615 3330 [Exffiuam
633 3289 780 3327 λνπίομκσ]
809 3293 866 3321 ἕπε.
896 3289 976 3320 Idem
995 3289 1069 3326 quod
1088 3288 1205 3318 Dolere:
1233 3297 1298 3319 nam

196 3332 348 3362 Condolere
359 3354 367 3368 ,
384 3342 434 3370 pro
445 3342 479 3362 eo
492 3332 568 3368 quod
578 3331 679 3360 Graecis
690 3329 728 3359 est
742 3327 896 3363 συιάχ9εαᾙ,
911 3328 1035 3360 συναλγεῖν
1046 3349 1054 3363 ,
1078 3331 1126 3355 aut
1136 3323 1297 3362 συμπυῖχευ,

198 3379 252 3397 non
261 3370 297 3398 est
307 3370 440 3399 Latinum.
479 3369 528 3398 Pro
539 3378 594 3407 quo
601 3369 702 3398 dicitur
713 3368 806 3404 potius
816 3366 910 3395 Vicem
922 3365 1038 3400 alicujus
1053 3364 1156 3392 dolere.
1197 3364 1255 3393 Cic.
1271 3373 1294 3398 ³-

197 3407 230 3434 de
241 3407 313 3436 Orat.
324 3412 347 3436 (i.
372 3408 494 3444 Namque
503 3414 562 3435 tum
575 3406 644 3435 latus
655 3405 680 3434 ei
693 3405 798 3435 dicenti
813 3401 988 3434 condoluisse
1001 3424 1009 3439 ‚
1030 3402 1212 3439 sudoremque
1229 3401 1302 3432 mul-

197 3449 255 3472 tum
263 3444 455 3481 consequiitum
466 3444 518 3473 esse
530 3443 720 3472 audiebamus.

197 3481 284 3518 Caput
298 3482 434 3511 condolet.
454 3482 546 3510 Tibul.
562 3481 608 3509 lib.
626 3491 648 3509 1.
661 3485 686 3509 ⁶.
702 3483 745 3515 36.

285 3518 317 3547 Et
326 3519 428 3547 simulat
437 3518 525 3548 subito
536 3517 707 3547 condoluisse
722 3521 814 3553 caput.

198 3554 346 3584 condoluit
356 3556 477 3593 caputtie
488 3565 580 3585 vento.
605 3556 688 3584 l’laut.
703 3554 787 3584 Truc.
799 3564 825 3583 2.
838 3559 864 3588 8.
878 3561 906 3583 2.

199 3592 303 3634 Corpus
313 3593 455 3622 condoluit
469 3601 602 3622 tentatum
613 3593 720 3630 frigore.
744 3593 808 3621 Hor.
826 3602 847 3621 1.
860 3592 948 3620 Serm.
965 3600 988 3620 1.
1000 3595 1044 3623 80.

197 3629 225 3658 Si
238 3630 446 3675 pescondoluit,
455 3631 470 3658 si
482 3632 559 3665 dens,
573 3632 640 3659 serre
649 3639 706 3659 non
721 3630 868 3667 possumus.
890 3629 948 3657 Cic.
960 3638 985 3658 2.
999 3628 1025 3658 T
1027 3627 1081 3658 usc.
1097 3635 1140 3664 52.
1170 3624 1300 3664 [Viden-

216 3671 259 3694 tur
273 3666 287 3692 1
295 3666 351 3694 erbi
360 3667 491 3702 sequentis
500 3668 551 3696 effe
561 3669 654 3696 omnia

160 3702 235 3732 Con
248 3712 311 3745 noni.
322 3701 675 3748 mein-[temnuzydiopm]
696 3706 750 3733 ere.
778 3704 836 3733 Cic.
852 3713 874 3733 1.
897 3702 979 3732 Acad.
995 3710 1036 3739 37.
1068 3702 1220 3740 Quumque
1238 3711 1299 3740 per-

197 3740 379 3769 turbationem
392 3741 518 3783 aminiilli
533 3752 567 3770 ex
579 3743 690 3770 homine
703 3751 758 3770 non
770 3741 916 3775 tollerent,
939 3747 1089 3777 naturaque
1111 3742 1136 3769 &
1153 3739 1299 3769 condoles-

174 3815 182 3823 Ἴ
197 3787 258 3806 cere
269 3799 293 3821 ,—
303 3780 327 3806 6<
338 3778 526 3819 concupiscere
537 3800 544 3813 ‚
565 3781 590 3807 &
601 3779 791 3813 extimescere,
814 3782 839 3808 oz
850 3778 940 3807 efferri
953 3778 1044 3806 laetitia
1057 3779 1190 3807 dicerent.

161 3815 182 3843 L
192 3825 209 3843 o
219 3824 236 3843 Ν
250 3825 266 3842 o
277 3826 294 3843 0
304 3824 322 3843 Ν
333 3824 350 3842 o
360 3836 367 3848 ,
386 3807 531 3858 [Jtsefqum.
540 3815 692 3857 ᾒαφᾶζομωι]
703 3820 756 3844 are.
770 3816 845 3845 ldem
857 3816 932 3853 quod
945 3815 1054 3844 Doniire
1067 3815 1207 3852 significat.
1220 3814 1298 3844 Plane

197 3851 273 3881 Men.
285 3863 308 3886 4
320 3860 344 3880 2.
356 3862 399 3884 94.
423 3852 474 3879 Sed
483 3852 614 3893 erto-illam
621 3862 676 3880 non
687 3854 860 3887 condonavi,
881 3853 927 3882 sed
942 3853 976 3882 sic
987 3854 1118 3882 utendam
1127 3852 1202 3882 dedi.

196 3889 268 3918 Dare
281 3889 480 3917 &condonare
506 3889 561 3916 cic,
576 3898 624 3924 pro
640 3891 726 3917 l'lanc.
743 3900 786 3923 75·

196 3926 359 3969 Contioniirc
368 3926 448 3955 alicui
461 3925 657 3954 munusculum.
699 3926 756 3955 Cic.
771 3937 794 3960 ς.
805 3927 877 3955 Verr.
893 3928 919 3956 δι
933 3936 974 3961 η.
986 3927 1059 3955 Fam.
1073 3936 1116 3964 7³-
1138 3926 1174 3956 Ut
1194 3927 1253 3962 ejus
1267 3927 1298 3956 fi-

215 3963 276 4036 11103,
287 3972 331 4036 q3u81
343 3970 426 3992 intua
437 3964 569 3999 potestate
577 3962 646 3997 sunt,
667 3963 733 3992 mihi
743 3963 913 4001 potissimum
926 3965 1077 3995 condones.
1099 3964 1184 3994 Plaut.
1195 3964 1295 4003 Amph.

1060 502 1103 523 11.
1124 490 1173 521 Sin
1186 489 1235 519 ille
1247 488 1299 518 suis

1776 138 1806 174 C
1905 142 1939 175 O
2032 139 2068 176 N

1390 221 1556 252 Condonare
1579 220 1699 257 aliquem
1720 222 1888 256 pecuniam,
1904 222 2056 258 debitum,
2072 223 2125 252 &e
2165 220 2231 252 Ter.
2250 218 2362 252 Phorm.
2386 230 2410 256 ς.
2423 229 2450 257 7.
2463 228 2507 256 54.

1412 261 1578 296 Argentum,
1600 259 1675 300 quod
1687 258 1787 293 habes,
1810 260 2004 289 condonamus
2021 268 2055 289 te.

1391 297 1558 339 condonare
1570 304 1701 338 pecunias
1712 295 1895 326 debitoribus.
1937 298 1995 327 Cic.
2009 306 2035 327 2.
2049 296 2107 328 Off.
2118 303 2161 333 78.
2187 298 2239 327 Aut
2247 296 2379 335 pecunias
2389 295 2510 325 creditas

1410 334 1582 363 debitoribus
1595 334 1795 363 condonandas
1807 340 1916 372 putant.

1391 372 1558 419 Condonarc
1577 376 1723 412 pecca-tum
1734 392 1742 405 ,
1770 370 1974 415 [συῇινώσκειν]
2005 372 2127 402 Gratiam
2147 372 2238 401 facere
2262 371 2381 409 peccati.
2402 370 2508 400 Sallust.

1410 409 1489 452 Catil.
1502 419 1563 446 cap.
1573 418 1620 451 5²·
1631 446 1636 451 Ι
1646 409 1725 437 Haud
1738 409 1818 438 facile
1833 410 1946 440 alterius
1958 410 2068 439 libidini
2082 410 2227 440 malefacta
2237 409 2442 439 condonabam.

1391 447 1544 490 Remittere
1555 452 1638 489 alicui
1649 447 1674 475 Sc
1685 447 1845 489 condonare
1856 448 2125 478 animadversionem
2138 449 2165 478 &
2173 447 2359 486 supplicium,
2381 456 2436 483 quo
2449 444 2512 476 usu-2

1411 494 1455 514 rus
1466 483 1666 520 eratinipsum.
1688 484 1745 513 Cic.
1759 495 1781 519 ς.
1796 485 1868 514 Fam.
1885 495 1927 514 10.
2376 501 2378 503 >

1392 521 1604 552 Condonabitur
1616 522 1683 550 haec.
1707 521 1772 551 Ter.
1784 522 1813 551 in
1827 523 1897 560 prol.
1912 523 1980 552 Eun.
1999 531 2043 559 17.

1468 560 1564 589 Habeo
1575 558 1627 588 alia
1642 558 1738 594 multa,
1757 569 1817 596 quae
1831 570 1907 590 nunc
1919 560 2134 591 condonabitur.

1412 597 1654 627 Condonabuntur
1663 597 1762 634 plurali
1771 607 1896 628 nurnero.

1393 635 1531 665 Condono
1546 642 1573 664 te
1583 657 1591 670 ,
1612 645 1663 672 pro
1674 634 1748 665 Tibi.
1771 634 1856 666 Plaut.
1870 636 1938 666 Pers.
1960 647 1984 672 5.
1997 645 2024 666 2.
2034 638 2080 673 36.

1485 673 1591 702 Cavesis
1608 683 1653 702 me
1661 673 1796 711 attingas:
1819 684 1855 704 ne
1865 674 1915 704 tibi
1924 674 1980 704 hoc
1988 673 2113 712 scipione

1485 711 1593 740 Malum
1603 719 1736 748 magnum
1747 711 1822 741 dem.
1844 722 1866 742 P.
1889 718 1985 746 utere,
2007 718 2034 741 te
2044 711 2187 741 condono.

1357 749 1379 779 C
1388 759 1405 778 0
1416 758 1435 777 Ν
1445 759 1463 777 n
1473 758 1489 777 o
1499 758 1519 777 N
1529 752 1544 777 Ᾰ
1555 758 1574 776 τ
1583 758 1601 777 υ
1609 758 1621 778 s
1631 771 1638 783 ,
1659 758 1674 777 a
1686 770 1693 784 ,
1714 759 1769 778 um.
1790 744 2032 788 [αυνεγνωο-μὸρῶι]
2054 750 2150 779 Partic.
2172 758 2188 778 a
2204 747 2367 778 Condonor.

2218 558 2344 598 Quidam
2358 560 2405 590 hic
2414 556 2512 597 legunt

1400 787 1599 816 Condonatuni
1610 786 1745 822 judicium
1764 790 1896 824 potentiae
1912 788 2045 824 alicujus,
2067 787 2133 823 Quo
2152 796 2215 816 reus
2236 786 2376 817 absolutus
2388 791 2436 816 aut
2447 795 2515 817 cona
2536 814 2543 819 ,
2581 786 2583 788 ’

1412 825 1560 853 demnatus
1570 825 1646 853 estin
1656 825 1771 861 gratiam
1782 825 1907 862 alicujus.
1930 826 1989 855 Cic.
2006 836 2029 862 ς.
2041 825 2117 855 Fam.
2130 831 2172 859 18.
2184 832 2255 854 extr.

1394 862 1578 906 Contionatus
1590 883 1597 895 ,
1620 872 1671 899 pro
1686 862 1733 906 'Eo
1746 864 1792 892 cui
1806 866 1943 901 parcitum
1963 863 2011 893 est.
2039 864 2141 893 AuCtor
2158 863 2193 892 de
2205 861 2276 892 Viris
2295 861 2392 892 Illustr.
2406 872 2466 900 cap.
2482 872 2512 898 4.

1413 901 1470 944 Qui
1480 900 1555 938 apud
1569 899 1739 944 Duumviros
1750 903 1954 932 condemnatus
1966 924 1973 936 ,
1994 901 2030 931 ad
2049 900 2188 939 populum
2208 901 2384 938 provocavit:
2406 901 2514 937 ubipa.

1411 944 1460 982 tris
1474 938 1603 982 lacrymis
1615 938 1807 983 condonatus,
1828 940 1862 969 ab
1880 950 1914 969 eo
1929 939 2063 977 expiandi
2079 939 2165 977 gratia
2183 938 2233 968 sub
2256 937 2391 973 Tigillum
2407 938 2512 969 missus.

1412 987 1430 1006 1,
1442 986 1465 1006 e.
1488 976 1557 1006 Patri
1567 975 1740 1021 lacrymanti.
1781 977 1823 1007 De
1833 978 1949 1008 Horatio
1959 978 2081 1014 loquitur
2092 999 2099 1012 ,
2122 976 2300 1014 quisororem
2311 976 2460 1006 occiderat.

1356 1013 1379 1044 C
1388 1024 1404 1043 0
1415 1024 1434 1043 Ν
1444 1025 1462 1043 D
1473 1022 1543 1057 orsi-A
1553 1024 1573 1042 T
1583 1025 1592 1042 1
1601 1024 1618 1042 o
1629 1035 1638 1049 ‚
1660 1024 1731 1044 onis.
1753 1014 1771 1044 f.
1795 1014 1957 1052 [συγβόιμη]
1978 1015 2036 1045 Cic.
2046 1024 2072 1044 2.
2084 1015 2158 1045 Verr.
2175 1024 2218 1044 12.
2240 1014 2326 1050 Cujus
2343 1021 2459 1052 praetura
2470 1024 2516 1044 ur-

1393 1053 1463 1081 bana
1474 1053 1577 1081 aedium
1590 1052 1726 1081 sacrarum
1736 1052 1788 1083 fuit
1800 1075 1808 1090 ‚
1829 1053 2066 1092 publicorumque
2078 1062 2195 1091 operum
2210 1052 2413 1091 depopulatio:
2435 1052 2516 1082 simul

1391 1090 1421 1134 in
1432 1089 1490 1134 jure
1501 1090 1624 1119 dicendo
1637 1090 1775 1134 bonorum
1785 1113 1794 1128 ‚
1814 1091 2068 1130 possessionumque
2085 1097 2184 1121 contra
2197 1100 2324 1121 omnium
2335 1091 2457 1121 instituta
2465 1090 2516 1120 ad-

1391 1128 1478 1157 dictio
1490 1150 1499 1164 ,
1520 1129 1547 1157 &
1556 1128 1738 1158 condonatio.

1353 1165 1377 1195 C
1387 1176 1403 1195 o
1412 1176 1431 1194 Ν
1441 1176 1459 1194 D
1471 1175 1512 1195 os
1522 1176 1543 1194 M
1552 1177 1562 1194 1
1573 1176 1589 1194 o
1600 1187 1608 1201 ,
1628 1166 1669 1195 {vi
1679 1187 1686 1200 ,
1717 1168 1807 1203 itum,
1837 1159 2054 1204 [συγκριθσίδὶα]
2075 1170 2128 1198 ire.
2161 1166 2251 1197 Simul
2273 1166 2403 1196 dormire.
2424 1165 2514 1196 Plaut.

1392 1204 1474 1234 Most.
1490 1213 1551 1233 ια.
1566 1214 1608 1238 ςς.
1631 1203 1746 1234 Abimus
1767 1214 1866 1249 ompes
1887 1206 2034 1236 cubitum:
2054 1205 2304 1235 condormivimus.
2324 1204 2429 1243 Hygin.
2445 1202 2513 1234 Fae.

1395 1251 1456 1277 125-
1479 1242 1550 1271 Cum
1559 1240 1665 1279 Ulysses
1674 1243 1881 1276 condormiret.
1898 1243 2135 1274 sociiinvolarunt
2145 1252 2240 1280 pecus.

1353 1278 1400 1309 Co
1409 1289 1430 1309 Ν
1439 1290 1457 1308 D
1468 1290 1485 1309 o
1496 1289 1541 1308 RM
1550 1291 1561 1308 x
1570 1290 1581 1309 s
1591 1289 1608 1308 e
1617 1289 1634 1308 o
1646 1301 1654 1314 ,
1676 1274 1888 1317 [συγκαθόόὲὶυ]
1908 1283 1963 1312 ὅτε.
1986 1282 2071 1311 Plaut.
2084 1281 2157 1311 Rud.
2171 1290 2198 1311 2.
2210 1289 2236 1317 7.
2250 1288 2293 1316 13.

1471 1317 1595 1361 Obsecro
1606 1339 1614 1351 ,
1626 1317 1735 1361 ‘hospes
1749 1340 1757 1354 ‚
1778 1319 1813 1348 da
1822 1320 1892 1350 mihi
1901 1319 2007 1358 aliquid
2017 1320 2066 1349 ubi
2078 1317 2300 1349 condormiscam
2315 1316 2390 1347 loci:

1470 1365 1492 1385 s.
1513 1355 1577 1385 Istic
1585 1355 1633 1384 ubi
1646 1365 1688 1385 vis
1699 1378 1707 1390 ,
1728 1355 1921 1388 condormisce
1937 1368 1944 1389 :
1966 1366 2052 1389 nemo
2060 1356 2213 1396 prohibet,
2234 1355 2382 1395 publicum
2391 1354 2440 1393 est,

1354 1393 1652 1428 CONDORMtho,
1673 1393 1745 1424 finis.
1766 1394 1786 1424 f.
1809 1394 1920 1428 Firmic.

1354 1431 1622 1466 CONDoTXms,
1642 1441 1667 1461 e.
1690 1432 1804 1463 lnCod.

1354 1469 1560 1504 CONDOTO,
1580 1472 1635 1499 fite.
1656 1469 1728 1500 Ibid.

1354 1507 1638 1544 Counomrrus,
1658 1518 1693 1544 a,
1715 1518 1773 1539 um.
1794 1509 1941 1549 InDigest.

1355 1546 1627 1581 Cosmmmou,
1649 1545 1680 1576 V.
1703 1556 1970 1579 cnoNnthLA.

1353 1583 1545 1619 Counsrs,
1574 1583 1604 1613 V.
1625 1592 1830 1615 cr-rorrnurs.

1354 1621 1554 1657 Connuco,
1574 1631 1621 1656 xl,
1642 1623 1740 1659 stum,
1760 1621 1885 1660 [ἐπάγω]
1907 1624 1962 1654 ere.
1983 1621 2195 1654 Simulducere.
2208 1619 2296 1652 Plaut.
2306 1618 2387 1652 Men.
2399 1630 2424 1651 1.
2435 1629 2482 1652 21
2503 1640 2516 1653 α

1390 1659 1483 1690 Hodie
1494 1660 1596 1689 ducam
1605 1659 1726 1690 scortum
1736 1662 1771 1691 ad
1782 1671 1893 1692 coenam
1903 1683 1912 1699 ,
1932 1669 2016 1700 atque
2025 1661 2082 1691 alio
2098 1661 2259 1692 conducam
2274 1659 2356 1690 foras.
2395 1659 2448 1690 Alii
2465 1670 2481 1691 a
2492 1656 2516 1693 i}

1389 1704 1431 1728 ter
1439 1698 1545 1736 legunt.
1586 1698 1617 1728 V.
1639 1709 1657 1727 c
1666 1708 1683 1727 o
1692 1708 1713 1728 N
1722 1709 1741 1727 D
1751 1710 1761 1728 1
1769 1708 1787 1729 c
1795 1709 1823 1730 o.

1389 1737 1557 1780 Conducere
1567 1758 1576 1771 ,
1597 1737 1756 1781 [mabsar]
1777 1737 1894 1775 Cogere,
1913 1747 2091 1776 congregare.
2115 1737 2173 1768 Cic.
2186 1746 2213 1767 2.
2223 1736 2258 1767 de
2268 1736 2378 1767 Invent.
2389 1743 2414 1772 3.
2429 1734 2456 1765 T
2458 1743 2517 1765 uno

1406 1775 1576 1819 Crotoniatae
1586 1796 1595 1810 ‚
1616 1775 1730 1812 publico
1741 1775 1776 1805 de
1786 1775 1903 1806 consilio
1914 1777 2036 1814 virgines
2049 1776 2078 1806 in
2089 1785 2179 1806 unum
2188 1775 2284 1807 locum
2298 1774 2513 1805 conduxerunt:

1408 1814 1435 1843 δι
1447 1813 1546 1851 pie'tori
1556 1822 1623 1856 quas
1632 1812 1717 1842 vellet
1727 1835 1735 1848 ,
1757 1813 1882 1852 eligendi
1893 1815 2060 1853 potestatem
2069 1815 2219 1845 dederunt.
2515 1811 2517 1813 ’

1389 1851 1532 1895 Cohortes·
1538 1850 1669 1889 dispersas
1680 1851 1708 1880 in
1720 1861 1776 1881 una
1789 1852 1875 1882 castra
1891 1853 2060 1883 conducere.
2081 1852 2172 1883 Tacit.
2183 1861 2211 1888 4.
2224 1851 2295 1882 Ann.
2305 1859 2333 1882 2.

1389 1889 1494 1933 Copias
1504 1888 1637 1927 dispersas
1648 1889 1818 1920 conducere.
1839 1890 1931 1921 Tacit.
1943 1901 1969 1926 4.
1985 1890 2053 1921 Hist.
2069 1899 2114 1928 71.

1389 1927 1533 1957 Exercitus
1545 1929 1574 1956 in
1585 1937 1672 1957 unum
1683 1928 1852 1958 conducere.
1874 1929 1965 1958 Tacit.
1979 1940 2006 1964 4.
2016 1930 2087 1958 Ann.
2103 1938 2150 1965 47.
2418 1949 2420 1952 -

1388 1965 1443 1995 Lac
1458 1966 1617 2009 conducere
1627 1987 1636 2002 ,
1658 1975 1709 2010 pro
1722 1965 1882 2004 coagulare.
1923 1965 2061 1997 Columel.
2075 1965 2125 1996 lib.
2137 1975 2164 2003 7.
2183 1974 2245 2004 cap.
2256 1970 2282 2000 8.
2311 1964 2368 1995 Lac
2390 1963 2512 2002 plerum-

1407 2013 1462 2039 que
1472 2013 1533 2041 cogi
1542 2003 1626 2048 debet
1634 2013 1697 2041 agni
1709 2003 1845 2048 aut-hredi
1854 2004 1972 2043 coagulo
1983 2027 1993 2041 ,
2014 2005 2139 2042 quamvis
2152 2004 2237 2043 possit
2251 2005 2278 2034 ἃ
2288 2002 2397 2041 agrestis
2416 2001 2514 2033 cardui

1407 2042 1478 2085 flore
1487 2042 1610 2071 conduCi
1621 2063 1630 2077 ,
1652 2043 1679 2072 ἃ.
1695 2041 1846 2072 seminibus
1860 2044 1950 2073 cneci.

1389 2075 1492 2110 Nubila
1500 2079 1668 2109 conducere.
1693 2079 1778 2110 Ovid.
1797 2090 1820 2110 1.
1834 2080 1904 2111 Met.
1918 2090 1980 2117 5⁷²-
2107 2096 2145 2102 -—-
2153 2079 2261 2111 Peneus
2267 2078 2302 2110 ab
2313 2078 2373 2109 imo

1483 2117 1591 2160 Effusus
1602 2117 1690 2148 Pindo
1698 2139 1706 2153 ,
1728 2117 1862 2155 spumosis
1873 2118 1995 2149 volvitur
2006 2116 2090 2148 undis
2103 2139 2112 2155 ,

1483 2155 1656 2200 Deiefftuque
1667 2157 1851 2200 gravi-tenues
1863 2157 1996 2195 agitantia
2006 2157 2099 2186 fumos
2108 2178 2117 2192 ,

1482 2192 1587 2223 Nubila
1610 2195 1757 2238 conducit.
1791 2232 1798 2239 ο
1889 2196 1908 2225 i.
1921 2205 1945 2226 e.
1980 2193 2181 2232 Conglomerat
2191 2214 2200 2227 ,
2221 2192 2373 2231 conglobat
2386 2213 2395 2226 ,
2416 2190 2512 2230 cogit,

1404 2238 1566 2269 congregat.
1599 2231 1714 2276 Dejec'tu
1725 2241 1819 2277 gravi,
1840 2233 1858 2262 i.
1869 2243 1893 2262 e.
1917 2233 2027 2271 Rapido
2040 2234 2067 2263 δι
2076 2231 2215 2270 praecipiti
2229 2239 2363 2269 aquarum
2374 2228 2464 2260 cursu.

1387 2265 1479 2299 Partes
1489 2270 1686 2299 conducerem
1696 2280 1794 2300 unum.
1807 2280 1825 2300 1.
1838 2281 1861 2300 e.
1874 2271 2045 2301 Contrahere
2055 2270 2085 2299 in
2097 2279 2186 2300 unum
2192 2268 2414 2307 corpus.Lucret.
2421 2271 2514 2304 1498.

1389 2306 1493 2338 Ramos
1503 2307 1662 2337 conducere
1673 2308 1778 2338 cortice
1788 2330 1796 2344 ,
1817 2308 1849 2338 ln
1859 2319 1948 2339 unum
1960 2310 2064 2339 ducere
2074 2330 2082 2344 ,
2105 2309 2280 2346 conjungere
2289 2329 2298 2344 ,
2318 2306 2356 2337 fic
2372 2305 2445 2336 inter
2456 2313 2517 2336 cor·
2598 2334 2600 2342 ,

1407 2346 1494 2376 tieem
1508 2345 1627 2376 inserere
1635 2351 1667 2376 ut
1676 2345 1840 2377 coalescant.
1865 2347 1950 2377 Ovid.
1960 2358 1986 2383 4.
2001 2346 2072 2377 Met.
2086 2355 2151 2384 375.

1604 2421 1610 2427 Δ
1678 2399 1716 2405 --
1725 2394 1791 2414 nam
1801 2385 1878 2415 mista
1888 2385 2010 2415 duorum

1466 2421 1591 2459 Corpora
1600 2428 1755 2458 junguntur
1766 2444 1774 2458 ,
1795 2422 1933 2460 faciesque
1944 2423 2087 2453 inducitur
2099 2421 2155 2452 illis

1469 2459 1546 2493 Una,
1568 2458 1646 2503 velut
1656 2460 1672 2489 si
1682 2461 1742 2497 quis
1753 2461 1895 2491 conducat
1900 2462 2008 2497 cortice
2018 2470 2110 2490 ramos
2121 2481 2130 2495 ,

1470 2496 1629 2527 crescendo
1637 2498 1716 2534 jungi
1726 2520 1734 2534 ,
1756 2499 1913 2537 pariterque
1923 2498 2082 2529 adolescere
2093 2501 2200 2528 cernat.

1389 2531 1510 2564 Vulnera
1524 2536 1683 2579 conducere
1692 2537 1763 2566 cera.
1789 2537 1879 2567 Valer.
1897 2547 1921 2567 1.
1936 2538 2035 2575 Argon.
2049 2542 2114 2572 480-

1471 2572 1520 2617 Vel
1533 2583 1597 2618 pice
1614 2573 1659 2603 vel
1676 2574 1754 2603 molli
1771 2575 1932 2618 conducere
1951 2575 2066 2607 vulnera
2085 2573 2159 2604 cera.
2254 2570 2274 2602 i.
2287 2581 2313 2602 e.
2334 2571 2515 2602 Contrahere.

1408 2609 1557 2678 ghczleeins.
1569 2621 1599 2641 in
1609 2611 1628 2642 1.
1642 2614 1668 2642 ἃ
1680 2612 1717 2642 ad
1729 2612 1813 2643 Ovid.
1823 2623 1851 2649 4.
1869 2613 1939 2644 Met.
1953 2622 2016 2651 375.
2040 2614 2066 2643 ἃ
2084 2612 2176 2643 Gifan.
2195 2608 2259 2640 Ind.
2271 2609 2380 2640 Lucret.
2396 2610 2425 2639 in
2442 2609 2518 2639 Con·

1485 2659 1496 2677 Υ
1516 2672 1522 2678 .

1387 2685 1575 2722 conducere,
1596 2696 1649 2725 pro
1663 2687 1777 2731 ¹Emere.
1818 2687 1906 2718 Plaut.
1919 2688 2019 2726 Amph.
2030 2698 2057 2724 4.
2070 2696 2096 2718 2.
2111 2685 2220 2725 suppos.
2236 2695 2261 2716 1.
2277 2694 2321 2723 37.
2346 2683 2440 2714 Credo
2458 2684 2515 2720 jam

1406 2734 1469 2761 quae
1481 2725 1592 2754 volebat
1603 2724 1733 2769 sacrificia
1754 2726 1790 2755 ad
1807 2725 1924 2764 epulum
1935 2725 2082 2757 conduxit.
2113 2725 2193 2756 Idem
2210 2723 2304 2755 Aulul.
2318 2725 2380 2761 3.6.
2393 2730 2437 2759 31.
2457 2721 2518 2752 Cae-

1390 2795 1394 2798 Δ
1410 2763 1539 2806 denduin
1551 2762 1676 2792 conduxi
1689 2773 1741 2800 ego
1750 2763 1840 2794 illum.

1388 2799 1517 2841 Nimium
1527 2809 1630 2845 magno
1641 2802 1809 2831 conducere.
1832 2801 1890 2832 Cic.
1906 2811 1929 2832 1.
1947 2803 2000 2831 Att.
2014 2810 2058 2840 17.

1391 2838 1558 2868 COHducere
1571 2838 1692 2876 abque-m
1702 2861 1709 2874 ‚
1730 2838 1913 2876 [μιθὲθαι]
1935 2840 2023 2870 Pretio
2038 2838 2176 2878 accipere.
2197 2835 2284 2868 Plaut.
2295 2833 2356 2867 Aul.
2368 2843 2395 2866 2.
2407 2844 2435 2872 4.
2449 2843 2474 2865 1.

1473 2876 1616 2913 Postquam
1630 2877 1775 2907 obsonavit
1784 2877 1866 2907 herus
1880 2900 1889 2913 ,
1911 2872 2082 2909 &conduxit
2092 2885 2206 2914 coquos.

1391 2913 1558 2957 Adversione
1569 2915 1744 2959 conducere,
1765 2914 1810 2944 vel
1821 2916 2075 2946 Peradversionem.
2097 2915 2128 2944 V.
2149 2912 2289 2948 Adverfio,
2311 2912 2341 2941 in
2357 2919 2513 2942 ADvsirsue·

1391 2951 1518 2988 Aliquem
1530 2952 1565 2981 ad
1575 2953 1680 2982 caedem
1690 2953 1847 2983 faciendam
1855 2955 2025 2984 conducere.
2048 2953 2108 2983 Cic.
2120 2953 2156 2982 de
2167 2951 2294 2982 Provinc.
2307 2949 2389 2980 Cons.
2406 2960 2433 2985 9.

1390 2988 1474 3024 IEdes
1485 2990 1653 3020 conducere.
1675 2991 1751 3021 Suet.
1764 2990 1859 3021 Tiber.
1873 3001 1917 3027 ξς.
2475 2991 2477 2993 ’

1390 3026 1472 3064 Opus
1481 3028 1761 3072 aliquodconducere
1769 3029 1872 3059 fiducia
1881 3029 1935 3060 sua.
1955 3025 1988 3059 V.
2013 3027 2158 3063 Adversio,
2176 3026 2206 3056 in
2228 3035 2247 3055 A
2258 3035 2371 3055 nvnns
2382 3033 2401 3054 u
2411 3034 2433 3054 s.

1390 3064 1623 3133 Dpoffigmderesgic.
1635 3075 1661 3096 2.
1678 3067 1784 3105 erat.
1797 3076 1822 3104 3.
1844 3066 1925 3098 Idem
1938 3076 1981 3097 12.
1996 3066 2050 3096 Att.
2072 3065 2101 3095 Si
2118 3065 2215 3095 Romae
2235 3062 2317 3100 esset,
2341 3063 2514 3100 domumque

1490 3113 1506 3132 u
1585 3126 1591 3133 .

1390 3135 1512 3170 Hortum
1522 3141 1691 3172 conducere.
1732 3141 1791 3171 Cic.
1809 3145 1852 3172 16.
1865 3141 1941 3172 Fam.
1957 3146 2000 3183 18.
2021 3139 2173 3171 Paredrum
2183 3138 2286 3176 excita,
2308 3143 2340 3169 ut
2349 3136 2463 3168 hortum
2473 3137 2515 3176 ip·

1412 3177 1438 3207 se
1446 3179 1604 3209 conducat:
1630 3180 1666 3209 sic
1677 3179 1875 3218 olitoremipse
1885 3178 2087 3209 commovebis.
2131 3192 2134 3193 ⁷

1391 3215 1489 3246 Larem
1498 3218 1657 3247 conducere
1668 3239 1676 3253 ,
1697 3218 1714 3248 i.
1726 3227 1751 3247 e.
1775 3217 1907 3248 Domum.
1932 3216 2050 3247 Martial.
2062 3225 2105 3246 11.
2115 3221 2160 3252 83.

1471 3254 1807 3298 Condudtumrepetens,
1829 3254 2058 3290 noeteiubente,
2079 3253 2186 3284 Larem.

1392 3291 1498 3335 Locum
1507 3292 1589 3322 alicui
1598 3294 1626 3322 in
1637 3293 1766 3331 proximo
1778 3293 1947 3323 conducere.
1969 3291 2027 3322 Cic.
2044 3295 2086 3321 1⁶.
2102 3291 2177 3321 Fam.
2189 3298 2237 3319 21.

1391 3328 1717 3366 Navigiumconducere.
1743 3331 1809 3361 Hor.
1826 3341 1849 3360 r.
1863 3330 1945 3368 Epist.
1961 3340 1983 3360 1.
2001 3335 2042 3364 ¹8.

1391 3366 1498 3396 Navem
1511 3369 1675 3411 conducere.
1710 3368 1796 3398 Plaut.
1810 3367 1881 3398 Rud.
1897 3367 1967 3405 prol.
1984 3378 2024 3405 57.
2045 3365 2131 3397 Navis
2144 3363 2303 3395 clanculum
2314 3362 2491 3395 conducitur.

1391 3404 1525 3435 Mercede
1534 3406 1634 3436 diurna
1642 3405 1977 3444 conductusffleriphrasis
1989 3415 2040 3444 pro
2054 3402 2510 3438 Mercenario.Hor.2.Serm.7.18.

1388 3440 1699 3490 *Mercedeconducere
1723 3445 1782 3474 Cic.
1795 3453 1821 3474 2.
1835 3443 1894 3474 off.
1913 3453 1958 3473 21.
1998 3443 2054 3472 Sed
2068 3443 2097 3471 in
2110 3441 2241 3471 correctis
2258 3439 2342 3469 codd.
2354 3439 2510 3469 Ducuntur.

1390 3480 1555 3512 conducere
1565 3491 1622 3511 uno
1633 3489 1768 3517 nummo,
1790 3482 1951 3511 donationis
1971 3480 2054 3510 instar
2069 3479 2198 3514 inducit,
2218 3478 2257 3507 ait
2272 3476 2338 3515 Ulp.
2361 3476 2380 3506 l.
2398 3476 2426 3506 Si
2439 3477 2508 3514 quis.

1410 3518 1443 3547 D.
1458 3518 1540 3548 locat.
1564 3519 1606 3549 Est
1617 3526 1709 3550 autem
1721 3518 1895 3557 proverbiale
1906 3518 2060 3549 secundum
2070 3523 2177 3547 veteres
2191 3537 2200 3551 ,
2217 3515 2285 3544 sicut
2294 3522 2370 3544 nunc
2380 3514 2510 3549 dicimus,

1408 3554 1577 3600 Fragmento
1587 3558 1666 3595 panis
1679 3557 1724 3587 vel
1737 3557 1814 3595 pomi
1824 3556 1915 3586 locare
1924 3563 1972 3586 aut
1986 3555 2118 3590 vendere,
2133 3553 2315 3592 significantes
2328 3551 2512 3582 donationem

1407 3599 1503 3630 potius
1514 3593 1584 3629 esse,
1605 3604 1689 3631 quam
1700 3595 1787 3624 alium
1799 3596 1983 3624 contractum.
2026 3593 2056 3622 V.
2079 3601 2183 3622 picis
2201 3589 2297 3620 Causa.

1389 3631 1555 3675 Conducere
1565 3654 1573 3666 ,
1596 3632 1750 3670 [ἑψλοιέεῖν
1763 3654 1770 3668 ,
1793 3632 1924 3665 'timaeus
1938 3632 1952 3667 ]
1973 3631 2058 3660 etiam
2068 3630 2171 3659 dicitur
2182 3628 2208 3659 Is
2218 3628 2264 3664 qui
2279 3627 2399 3666 pretium
2409 3625 2511 3664 accipit

1407 3678 1495 3712 prore
1505 3669 1594 3705 aliqua
1604 3669 1747 3700 facienda:
1770 3670 1845 3707 quod
1865 3671 1892 3699 &
1915 3668 2066 3699 Redimere
2081 3668 2164 3697 etiam
2176 3667 2286 3696 dicitur.
2307 3663 2371 3702 Ulp.
2391 3664 2420 3693 in
2437 3663 2456 3693 1.
2479 3662 2509 3692 Sl

1408 3716 1468 3751 quis
1480 3706 1605 3737 domum.
1629 3708 1662 3737 D.
1681 3707 1773 3737 Locat.
1796 3707 1825 3736 Si
1837 3708 1897 3744 quis
1908 3707 2009 3736 vitulos
2018 3704 2183 3744 pascendos,
2194 3702 2239 3733 vel
2249 3702 2422 3733 sarciendam
2430 3700 2508 3739 quid,

1406 3743 1608 3781 poliendumve
1618 3745 1774 3781 conduxit,
1795 3744 1906 3783 culpam
1916 3754 1981 3774 eum
1992 3744 2116 3783 praestare
2126 3741 2237 3772 debere.
2259 3741 2339 3772 ldem
2357 3739 2458 3769 eodem
2476 3738 2509 3767 ti-

1408 3780 1458 3810 tul.
1478 3780 1496 3810 1.
1513 3781 1582 3811 Item
1594 3784 1739 3819 quaeritur,
1760 3783 1789 3813 Si
1800 3784 1861 3820 quis
1882 3782 1991 3813 servum
2007 3780 2171 3811 docendum
2181 3779 2368 3814 conduxerit,
2389 3782 2509 3813 eumque

1409 3827 1522 3856 peregre
1538 3819 1665 3855 duxerit,
1683 3822 1735 3850 &tn
2229 3841 2231 3843 -

1389 3855 1431 3899 Ad
1441 3857 1591 3893 pecuniam
1600 3864 1773 3901 numeratam
1785 3857 1955 3887 conducere.
1993 3855 2075 3886 Caius
2086 3855 2116 3884 in
2136 3853 2156 3884 l.
2177 3854 2205 3884 Si
2215 3862 2331 3884 merces.
2352 3853 2374 3886 §-
2394 3850 2442 3881 Vis
2455 3859 2510 3880 ma-

1406 3903 1460 3937 305.
1481 3892 1515 3923 D.
1530 3894 1623 3923 Locati
1633 3917 1642 3929 ,
1665 3896 1784 3933 Apparet
1798 3901 1891 3925 autem
1903 3894 1938 3924 de
1955 3904 1990 3923 eo
2005 3903 2056 3923 nos
2065 3892 2170 3922 colono
2181 3892 2294 3927 dicere,
2315 3892 2362 3928 qui
2376 3889 2412 3918 ad
2447 3896 2510 3917 ecu-

1410 3940 1490 3974 nia-m·
1498 3938 1670 3961 numeratam
1689 3933 1833 3962 conduxit.
1877 3932 2008 3969 Alioquin
2022 3930 2169 3969 partiarius
2185 3929 2321 3962 colonus,
2342 3926 2415 3964 quasi
2437 3925 2512 3954 ocie-

1409 3973 1541 4004 tatisiure
1551 3990 1560 4006 ,
1581 3970 1608 4000 &
1619 3971 1771 4006 damnum,
1791 3971 1819 4001 &
1834 3970 1944 4003 luctu-m
1958 3979 2024 4001 cum
2032 3967 2243 4000 dominot‘undi
2252 3966 2378 4006 partitur.

2281 2494 2317 2526 al.
2340 2492 2496 2526 eonducta.

2397 3997 2511 4030 Condu-
