2641 4187
511 138 550 176 JE
646 141 679 177 T
775 142 803 176 A

100 231 152 259 mis
163 220 292 258 exeeffir.
312 220 433 252 necdum
446 227 537 250 tamen
547 220 696 252 senecintis
704 222 794 255 seusus
806 225 879 256 ullus
896 227 1026 257 notabilis
1043 235 1193 267 comparet.

100 259 141 290 Ex
153 262 216 290 Cael.
232 262 319 298 Antiq.
340 259 412 289 Levi.
428 263 471 287 26.
482 267 525 287 20.
587 297 591 301 ·

81 295 230 329 flexibilis.
254 299 311 327 Cic.
333 298 373 334 ad
387 298 459 326 ssrut.
479 301 520 328 18.
561 296 675 326 Videtur
695 298 771 328 enim
782 300 835 330 esl'e
850 302 976 332 indoles:
1000 303 1047 332 sed
1066 303 1196 332 flexibilis

101 343 178 365 zetas:
201 336 334 371 multique
346 335 379 363 ard
399 333 605 370 depravandum
618 337 714 372 puniti.

81 373 202 403 florens.
225 374 282 402 Cic.
296 373 330 401 de
345 372 453 401 Senecl.
474 370 628 401 Temeritas
640 373 678 402 ell:
693 373 826 405 videlicet
836 375 960 407 florentis
972 377 1066 411 (etatis,
1078 376 1197 414 pruden»

101 412 137 440 tia
155 411 309 440 senestutis.

82 447 229 478 Foecunda.
252 446 348 476 Claud.
367 450 392 479 8.
416 445 514 482 Paneg.

162 485 279 514 Crescite
295 485 409 512 virtutes
427 505 435 518 ‚
457 480 644 521 foecundaque
663 485 759 515 floreat
779 494 852 516 setas.

81 523 186 553 futilis.
209 522 255 551 Sil.
268 521 315 550 lib.
335 524 375 549 16.
399 524 462 555 όςς.
486 520 627 556 Puerille.
648 523 770 553 &sutilis
786 532 859 559 retas.
871 525 1055 564 imbellesque
1067 526 1130 556 anni
1142 528 1194 556 &a

81 560 223 589 mundior.
246 560 304 588 Cic.
319 570 342 594 5.
363 557 481 595 Philipp.
497 567 542 593 47·
562 561 588 588 Sc
606 562 689 590 Ovid.
706 565 731 591 6.
757 562 824 591 Met.
843 568 886 596 28.

81 596 212 628 Heroicae.
235 597 292 626 Cic.
311 607 334 628 ς.
356 595 474 632 Tusc.7.
498 596 624 627 Heroicis
640 599 723 628 etiam
741 599 865 629 aetatibus
880 601 1000 638 Ulyssem
1016 602 1195 631 &Nestorem

99 636 255 672 accepimus
270 636 296 664 ἐξ
310 632 388 663 fuiffe
402 635 428 663 ok
448 633 555 663 habitos
574 635 627 664 else
644 635 788 674 lhpieutes.

80 672 230 703 imbecilla.
253 672 318 701 Hor.
341 681 366 700 2.
389 672 510 700 Sermz.
525 676 569 705 86.

160 710 299 739 Accedent
315 709 398 744 anni,
420 710 527 738 traelari
545 710 656 739 mollius
672 717 736 740 :etas

159 746 394 777 Imbecill.1volet.
510 747 535 776 h.
559 758 583 777 e.
605 747 714 778 Seuilis.

80 785 204 823 impensa
222 784 319 813 labori.
343 784 444 813 Lucan.
459 784 506 814 lib.
524 795 550 814 2.
570 789 632 821 569.

236 839 274 842 —-
292 830 411 859 astusque
433 822 557 860 impensa
571 823 658 852 labori
767 824 842 854 Dant
854 824 984 856 animos?

80 860 174 899 Impia.
197 859 263 889 Hor.
283 860 371 898 Epod.
394 864 435 888 16.
448 871 473 895 9.
496 860 641 890 hominum
652 860 707 890 scil.
726 860 819 900 impiis
830 864 961 893 moribus.

79 898 236 937 {mprovida
249 907 408 935 puerorum.
430 897 539 927 Lucret.
553 898 600 928 lib.
621 909 642 927 1.
655 904 718 934 9³8-
733 902 758 930 St
774 901 832 930 Cic.
853 911 876 936 5.
898 901 979 931 Ture.
992 906 1036 932 62.

79 935 215 968 Incuriosa
225 935 344 964 suorum.
367 935 455 965 Tacit.
475 935 504 964 in
516 936 575 965 Vita
591 936 738 972 Auricolae.
761 938 904 968 Clarorum
916 941 1036 970 virorum
1054 940 1124 970 fucta
1139 951 1198 970 mo-

97 978 193 1011 resque
214 973 327 1011 posteris
338 974 446 1002 trudere
456 996 463 1008 ,
480 974 633 1011 antiquitus
644 975 772 1004 usitatum
787 997 794 1010 ‚
819 986 854 1005 ne
863 978 959 1007 nostris
969 979 1081 1015 quidem
1091 986 1199 1017 tempo-

97 1012 181 1046 ribus,
194 1021 349 1048 quanquam
366 1011 621 1042 incuriofiissrorum
629 1020 692 1042 aetas
706 1013 806 1043 omisit.
828 1015 846 1044 i.
869 1025 893 1044 e.
921 1016 991 1045 Suos
1007 1017 1077 1045 nihil
1090 1027 1196 1047 curans.

78 1049 202 1081 Inertior.
225 1049 307 1078 Ovid.
330 1062 357 1084 4.
378 1049 456 1078 Trist.
470 1058 494 1085 7.
507 1059 532 1084 3.

157 1087 217 1122 Jam
238 1086 358 1115 subeunt
377 1088 442 1115 anni
461 1087 569 1125 fragiles
582 1110 590 1123 ,
613 1089 639 1117 Sc
655 1088 769 1117 inertior
791 1097 862 1120 aetus.

42 1140 47 1148 ae
76 1124 200 1157 Inferior.
223 1124 281 1154 Cic.
297 1136 322 1160 4.
343 1124 424 1154 Acud.
448 1125 465 1154 i.
484 1135 509 1154 e.
530 1125 648 1161 Junior.
670 1126 845 1157 &Posteriora
886 1128 928 1157 De
941 1128 1113 1164 Democrito,
1128 1130 1199 1167 Quis

96 1163 171 1230 &unc
182 1161 379 1219 PhilOsOPlgum
390 1172 449 1192 non
459 1164 608 1202 anteponit
627 1163 757 1194 Cleanthi
768 1188 775 1201 ‚
798 1166 966 1207 Chrysippo,
980 1167 1147 1206 reliquisque
1159 1169 1201 1197 in-

109 1209 202 1230 errorrs
224 1206 327 1230 aetatrs.

78 1236 194 1269 Infirma.
218 1237 301 1267 Ovid.
312 1241 336 1267 6.
360 1238 426 1268 Fast.
445 1248 507 1274 599.
540 1238 659 1275 Quintil.
675 1239 722 1269 lib.
737 1250 829 1279 1.cap.
848 1250 872 1277 3.
894 1242 988 1272 &Cic
1003 1254 1026 1279 5.
1039 1243 1139 1273 deFin.
1151 1253 1197 1280 43.

77 1273 193 1313 Integra.
214 1275 278 1305 Ter.
294 1276 365 1306 And.
380 1286 402 1305 1.
424 1286 446 1306 1.
458 1286 485 1312 4.
508 1276 717 1314 Egregiaforma
732 1285 814 1315 atque
827 1286 905 1309 aetate
916 1281 1029 1317 integra.
1071 1282 1108 1312 Ut
1127 1281 1198 1318 Virg.

97 1325 122 1351 9.
134 1314 194 1344 AEn.
208 1323 271 1349 255.
441 1331 477 1335 —
494 1314 603 1352 integer
619 1316 668 1344 aevi
682 1315 820 1347 Ascanius.
916 1318 976 1348 Nos
987 1319 1096 1350 Florem
1112 1320 1199 1349 aetatis

97 1362 154 1382 non
169 1353 264 1390 inepte
286 1351 467 1389 appellamus.

79 1390 175 1422 Invida
190 1397 262 1419 aetas.
285 1390 352 1420 Hor.
369 1400 392 1418 1.
424 1390 513 1419 Carm.
530 1399 572 1419 11.
589 1399 614 1427 7.

234 1444 272 1448 —
291 1427 360 1457 dum
371 1427 512 1464 loquimur
523 1449 531 1464 ,
553 1427 655 1465 fugerit
671 1429 766 1459 invida
868 1431 953 1462 AEtas.

76 1464 267 1497 Irrevocabilis
284 1472 347 1495 aetas
362 1467 508 1503 praeterita.
529 1465 638 1495 Lucret.
649 1466 698 1496 lib.
712 1478 734 1497 1.
748 1472 811 1504 469.

76 1503 157 1540 ]ustae
168 1504 253 1532 aetatis
265 1503 360 1533 homo.
391 1503 454 1542 Ulp.
466 1503 592 1533 inLcum
602 1504 724 1535 fillofam.
744 1506 880 1536 adfinem.
902 1507 936 1537 D.
952 1507 1075 1547 delegat.
1088 1518 1111 1547 3.

76 1541 281 1579 Lacrymabilis.
303 1541 370 1571 Stat.
384 1551 409 1571 2.
431 1541 505 1580 Sylv.
522 1552 545 1572 1.
560 1551 620 1578 139.
644 1542 708 1573 Scil.
727 1544 850 1582 puerilis.

170 1579 236 1609 Non
254 1586 282 1608 te
295 1579 383 1609 forma
402 1589 513 1615 movet,
535 1589 593 1610 non
605 1586 633 1610 te
643 1581 827 1620 lacrymabilis
839 1588 912 1612 aetas.

75 1617 195 1648 Lasciva.
218 1617 286 1646 Hor.
305 1627 331 1647 2.
353 1617 436 1655 Epist.
455 1627 480 1647 2.
502 1622 566 1648 216.

75 1654 213 1692 Legitima
227 1662 289 1684 aetas
298 1656 333 1685 ad
344 1656 498 1694 petendum
514 1665 560 1685 ma
581 1656 710 1686 ‘stratum
732 1657 790 1687 Liv.
803 1667 828 1694 3.
844 1656 949 1688 Decad.
963 1659 1011 1689 lib.
1028 1672 1052 1696 5.

76 1693 173 1731 Longa
184 1700 247 1722 aetas
263 1694 395 1731 magistra.
417 1693 501 1723 Ovid.
517 1704 541 1730 5.
585 1693 646 1732 pist.
663 1699 708 1732 96.
729 1695 854 1733 Quintil.
870 1696 919 1727 lib.
938 1708 962 1728 1.
980 1708 1039 1737 cap.
1055 1704 1081 1733 8.
1102 1698 1199 1737 Longa

98 1739 161 1760 aetus
182 1730 300 1769 spatium
319 1731 404 1761 dabit.

73 1768 203 1799 Lubrica.
226 1769 322 1799 Claud.
344 1769 379 1799 de
390 1769 471 1807 Rapt.
493 1768 614 1808 Proserp.
638 1775 702 1800 226.

75 1806 153 1839 Mala
164 1814 243 1841 aetas,
266 1817 316 1845 pro
331 1807 488 1837 Senectute.
512 1808 601 1838 Afran.
620 1809 746 1846 Vopisco.

156 1845 185 1874 Si
205 1845 314 1883 poffent
331 1845 459 1875 homines
474 1842 664 1876 delinimentis
680 1850 751 1885 capi,

156 1883 264 1912 Omnes
285 1883 421 1913 haberent
439 1893 515 1913 nunc
532 1892 667 1915 amatores
685 1896 762 1916 anus.

155 1920 232 1950 ffitas
243 1943 251 1956 ‚
285 1922 311 1950 ἃ
325 1931 424 1960 corpus
436 1929 566 1951 tenerum
584 1924 610 1952 Sc
627 1924 820 1961 morigeratio,

157 1958 224 1988 Haec
235 1958 298 1988 sunt
314 1968 422 1989 venena
437 1959 618 1990 formosarum
636 1960 795 1992 mulierum.

156 1996 231 2026 Mala
243 2004 306 2026 retas
316 1997 392 2027 nulla
403 1996 708 2029 delinimentainvenit.
745 2001 773 2030 N
775 2000 967 2031 onius.&Hor.
973 2010 1000 2033 2.
1014 2001 1195 2041 Epist.2.216.

75 2033 194 2066 Natura.
218 2034 314 2064 Claud.
332 2035 367 2064 de
379 2035 455 2065 Sext.
467 2035 547 2065 Cons.
558 2036 633 2066 Hon.
649 2047 710 2075 557.

76 2072 267 2103 Maturiffima.
290 2073 324 2102 ad
337 2073 438 2103 Heren.
448 2073 497 2103 lib.
510 2084 535 2110 4.
550 2078 595 2104 26.
618 2075 654 2105 Hi
664 2075 801 2114 sapienter
810 2077 916 2106 faciunt
928 2100 936 2113 ‚
951 2078 997 2115 qui
1008 2077 1198 2108 adolescentes

71 2139 73 2144 ,
94 2111 216 2141 maxime
227 2110 372 2148 castigant:
403 2118 433 2140 ut
442 2111 542 2148 quibus
551 2113 698 2143 virtutibus
707 2117 822 2145 omnem
836 2116 922 2146 vitam
932 2117 1002 2146 tueri
1011 2115 1115 2154 poffint
1125 2139 1133 2152 ⁷
1152 2126 1198 2146 eas

95 2148 126 2177 in
137 2154 215 2178 aetate
231 2149 410 2179 maturillima
423 2148 512 2179 velint
524 2159 692 2189 comparare.

76 2186 221 2218 Mavortia.
241 2186 337 2217 Claud.
356 2187 392 2217 de
405 2187 473 2217 Bell.
500 2187 561 2218 Get.
577 2198 620 2226 35.

75 2224 180 2255 Mediu.
201 2224 288 2255 Plaut.
307 2225 366 2254 Aul.
381 2235 407 2255 2.
426 2236 448 2255 1.
471 2235 504 2263 37

75 2261 204 2294 militaris
215 2285 223 2298 ,
245 2273 295 2301 pro
304 2263 427 2293 Robusta
444 2265 541 2302 &apta
551 2264 586 2293 ad
600 2264 738 2296 militiam.
759 2265 818 2296 Liv.
830 2268 891 2297 Nec
902 2267 960 2297 ullo
973 2269 1028 2304 jam
1039 2269 1086 2304 qui
1098 2268 1199 2299 milita-

94 2301 130 2330 ris
139 2301 223 2330 aetatis
236 2301 305 2331 effet
314 2324 323 2338 ,
344 2311 402 2330 non
412 2310 459 2331 aut
468 2301 546 2337 caes0‚
554 2309 601 2332 aut
610 2304 714 2341 fugato.
753 2304 805 2334 Pro
817 2306 897 2335 Anno
909 2329 918 2342 ,
930 2316 986 2344 quo
1000 2306 1119 2336 militare
1130 2307 1200 2336 sole-

94 2338 162 2368 bant
170 2339 289 2368 Romani
299 2362 307 2375 ‚
322 2340 370 2377 qui
386 2347 443 2369 erat
452 2341 577 2370 decimus
589 2341 730 2379 septimus.

74 2374 126 2407 Pro
135 2376 296 2413 Juvenibus.
319 2377 376 2407 Liv.
390 2387 435 2414 25.
454 2390 477 2414 ς.
499 2378 653 2423 Igiturnon
670 2380 795 2410 militaris
803 2381 889 2410 modo
899 2388 961 2411 aetas
976 2404 984 2417 ‚
1006 2387 1054 2412 aut
1070 2383 1122 2412 viri
1138 2388 1199 2412 tan-

95 2424 173 2451 tum,
193 2415 241 2445 sed
253 2415 377 2446 foeminae
393 2426 504 2454 quoque
515 2427 651 2455 puerique
665 2417 745 2457 supra
762 2419 849 2448 animi
872 2421 1051 2458 corporisque
1071 2422 1142 2451 vires
1151 2422 1198 2451 ad-

69 2452 200 2521 hlffilis.
222 2491 294 2528 Virg.
306 2500 331 2527 3.
353 2491 452 2529 Georg.
468 2496 530 2528 165.
625 2510 664 2515 —
681 2495 811 2532 viamque
822 2495 911 2525 insiste
920 2495 1075 2528 domandi:

154 2528 230 2558 Dum
245 2528 338 2558 faciles
351 2530 436 2559 animi
453 2530 608 2568 juvenum,
629 2532 697 2561 dum
715 2533 827 2563 mobilis
846 2540 918 2563 aetas.

75 2565 180 2597 Mollis.
203 2567 286 2597 Ovid.
301 2577 324 2597 1.
339 2567 374 2597 de
390 2569 454 2597 Arte
464 2569 522 2599 Am.
541 2579 585 2599 10.

154 2605 210 2634 Sed
222 2615 292 2643 puer
311 2605 349 2634 est
359 2628 367 2641 ‚
390 2613 453 2635 aetas
468 2606 562 2637 mollis
574 2630 582 2643 ‚
605 2609 631 2638 ἃ
646 2614 710 2646 apta
721 2609 788 2647 regi.

73 2640 190 2673 Mollior
207 2642 285 2673 luxu.
316 2643 413 2673 Claud.
436 2644 472 2673 de
489 2644 557 2675 Bell.
576 2645 637 2676 Get.

74 2679 335 2711 Nesciafimulandi.
358 2681 479 2718 Quintil.
494 2682 544 2712 lib.
561 2693 584 2713 1.
606 2694 667 2723 cap.
682 2694 708 2722 3.

41 2734 51 2738 ..
74 2717 194 2749 Nobilis.
217 2719 314 2749 Claud.
328 2729 373 2750 22.
390 2719 469 2758 Epig.

74 2755 195 2787 Nubilis.
217 2757 315 2787 Claud.
331 2767 354 2787 1.
375 2758 416 2787 Pr.
429 2758 512 2788 Cons.
522 2758 582 2789 Stil.
592 2764 637 2796 69.

73 2794 208 2824 Obnoxia
220 2795 336 2832 injuriae.
369 2796 489 2833 Quintil.
501 2796 550 2827 lib.
564 2808 587 2828 1.
603 2807 664 2836 cap.
685 2807 710 2835 3.

75 2830 178 2862 Omnis
201 2839 272 2863 aetas.
293 2833 384 2864 Tacit.
406 2838 432 2864 6.
449 2835 519 2864 Ann.
543 2846 585 2871 19.
607 2835 698 2871 Jacuit
713 2837 848 2867 immensa
863 2838 980 2877 strages,
1002 2839 1093 2868 omnis
1108 2839 1198 2877 sexus,

94 2871 186 2900 omnis
197 2877 272 2907 aetas,
283 2870 407 2909 illustres,
417 2872 555 2910 ignobiles
564 2895 572 2910 ‚
593 2874 706 2912 disperii
720 2883 768 2905 aut
779 2878 924 2914 aggregati.

75 2907 316 2947 Otiosa&quieta.
338 2909 396 2940 Cic.
415 2911 449 2939 de
459 2911 568 2941 Seneet.
577 2918 621 2945 82.
644 2913 748 2943 Nonne
759 2914 859 2943 melius
870 2915 958 2944 multo
970 2915 1070 2951 fuisset,
1083 2917 1200 2946 otiosam

95 2952 204 2976 aetatem
228 2948 254 2977 ἃ
264 2948 386 2985 quietam
396 2948 452 2977 fine
462 2948 520 2978 ullo
528 2950 677 2980 autlabore
692 2958 740 2980 aut
754 2954 937 2982 contentione
946 2954 1090 2984 traducere
1105 2956 1118 2984 ‘2

20 3021 23 3028 Ι
64 2983 325 3023 'Opportunissima
348 2985 406 3016 Cic.
424 2995 449 3024 7.
468 2987 544 3017 Fam.
562 2997 587 3025 7.
610 2988 809 3027 Imperatorem
828 2990 1046 3020 liberalissimum
1059 3014 1068 3026 ,
1090 2998 1200 3021 aetatem

92 3023 364 3061 opportunjffimam.
377 3025 653 3056 commendationem
662 3034 736 3056 certe
748 3028 911 3065 singularem
921 3029 1014 3058 habes.
1036 3028 1063 3058 h.
1077 3040 1101 3059 e.
1117 3030 1201 3060 Com-

93 3059 280 3091 modiffimam
294 3084 302 3097 ‚
324 3063 350 3092 ἅ
362 3072 422 3100 quae
432 3063 536 3093 muniis
544 3064 665 3102 publicis
676 3065 768 3095 adhuc
779 3066 865 3104 probe
875 3077 971 3097 vacare
980 3066 1071 3105 poffit.

74 3095 239 3136 Perpetuam
257 3106 365 3129 aetatem
376 3102 506 3139 reperire.
527 3101 636 3133 Lucret.
647 3102 696 3133 lib.
711 3113 735 3141 3.
747 3115 810 3141 999.

75 3134 193 3166 Postera.
234 3137 266 3167 V.
287 3138 405 3168 Praesens
423 3146 496 3168 aetas.

75 3171 243 3207 Praetextata.
273 3174 344 3206 Gell.
365 3175 414 3206 lib.
430 3187 454 3207 1.
477 3187 537 3216 cap.
557 3186 603 3216 23.
624 3179 652 3209 h.
673 3190 696 3209 e.
726 3180 803 3210 AEtas
826 3182 960 3219 pueritiae.

97 3221 118 3241 'r
127 3223 142 3242 E
150 3223 169 3243 x
178 3223 198 3242 >r
206 3224 226 3243 A
234 3224 253 3243 T
261 3225 280 3243 υ
289 3224 311 3244 s.

75 3247 217 3287 Praetoria,
238 3262 292 3289 qua
305 3252 367 3290 quis
378 3251 524 3282 Praeturam
533 3260 644 3292 poterat
653 3262 764 3293 petere,
786 3256 839 3285 five
856 3257 952 3286 Annus
967 3257 1198 3295 quadragefimus.

76 3286 202 3320 Praesens.
224 3290 291 3320 Hor.
306 3301 332 3320 2.
353 3290 437 3328 Epist.
457 3299 482 3320 2.
493 3301 538 3327 42.
634 3309 672 3314 —-
691 3300 835 3323 veteresne
852 3302 967 3333 poetaS,

155 3328 196 3357 An
213 3337 282 3366 quos
293 3330 320 3358 δε
331 3328 447 3366 praesens
458 3351 466 3364 ,
488 3330 514 3359 <Sc
527 3330 635 3368 postera
652 3330 755 3369 respuit
769 3339 842 3362 aetas.

75 3362 226 3396 Pretiofior.
245 3366 377 3396 Claud.2.
392 3366 427 3395 de
437 3367 517 3405 Rapt.
552 3367 672 3407 Proserp.
686 3381 710 3399 2.
727 3376 789 3406 185.

235 3421 273 3426 —
292 3404 350 3434 illic
365 3405 508 3442 pretiosror
523 3412 596 3442 aeras,
729 3409 818 3438 Aurea
838 3409 985 3447 progenies
1005 3408 1118 3439 habitat.

75 3437 110 3470 In
147 3441 215 3471 rima
229 3448 308 3472 aetate
322 3443 446 3480 pudoris.
468 3443 587 3480 Quintil.
606 3443 654 3474 lib.
669 3454 692 3474 1.
704 3455 765 3484 cap.
778 3456 803 3476 2.
815 3458 842 3483 4.

75 3477 132 3508 Pue
143 3479 213 3509 laris.
236 3480 356 3517 Quintil.
372 3480 420 3509 lib.
433 3485 458 3510 6.
475 3482 505 3510 in
520 3492 639 3520 prooem.

1013 3179 1085 3211 Vide
1116 3192 1132 3211 P
1139 3192 1156 3211 s
1165 3193 1202 3211 Ξ-

13 3561 17 3569 .
59 3515 205 3551 ‚Robusta
235 3518 347 3557 Ulpian.
367 3519 398 3547 in
409 3517 428 3548 l.
459 3519 487 3549 Si
499 3521 613 3550 maritus
632 3521 672 3550 slt-
695 3522 716 3559 §.
734 3521 868 3558 lexJulia.
890 3521 925 3552 D.
939 3522 974 3551 ad
984 3520 1036 3560 leg.
1049 3521 1152 3558 Juliam
1166 3522 1202 3553 de

76 3555 232 3624 Rb‘liiilitteibr.
255 3593 353 3624 Claud.
364 3604 390 3632 71
405 3594 504 3633 Paneg.
529 3596 556 3625 &
575 3595 634 3626 Cic.
647 3607 671 3632 ς.
687 3597 808 3636 Philipp.
823 3609 869 3634 45.

77 3629 226 3662 Senatotia.
256 3632 347 3662 Tacit.
363 3642 386 3666 3.
411 3632 478 3662 Hist.
490 3644 515 3668 9.
537 3633 670 3672 Magnam
690 3646 724 3664 eo
741 3637 787 3665 die
798 3636 909 3674 pietatis
924 3635 1148 3674 eloquentiaeque
1165 3637 1204 3667 str-

96 3678 170 3698 mam
178 3669 323 3708 Vipsanius
331 3670 446 3700 Messala
458 3671 579 3709 adeptus
593 3694 601 3705 .
622 3674 752 3703 nondum
762 3675 898 3703 senatoria
909 3681 996 3703 aetate.

77 3704 194 3772 Spsnecta
207 3714 294 3737 aetate.
317 3708 403 3738 Plaut.
415 3709 533 3738 Senecra
543 3716 621 3740 :etate
631 3712 677 3748 qui
691 3711 781 3742 factus
789 3712 827 3742 est
836 3722 914 3750 puer.
936 3722 998 3750 pm,
1007 3712 1040 3743 In
1050 3711 1201 3744 senectute.

122 3767 128 3773 .
150 3754 162 3774 s
171 3756 185 3774 E
191 3755 212 3774 N
221 3756 234 3774 E
242 3756 260 3775 c
267 3755 287 3774 T
296 3756 313 3774 υ
323 3756 343 3776 s.
372 3765 373 3771 κ

77 3780 183 3812 Senior.
203 3784 268 3813 Sen.
286 3783 376 3814 OEth.
396 3795 422 3820 4.

77 3819 152 3850 Sera.
173 3821 256 3851 Ovid.
272 3832 296 3851 1.
317 3822 352 3851 de
362 3823 425 3852 Arte
436 3824 496 3854 Am.
510 3827 554 3860 65.

157 3858 211 3888 Seu
230 3866 259 3889 te
274 3859 345 3889 forte
361 3861 436 3894 iuvat
454 3863 529 3897 sera.
552 3863 578 3892 Sc
590 3860 739 3900 sapientior
757 3869 830 3894 fetas.

77 3893 220 3933 Simplex,
240 3897 267 3927 h.
280 3908 305 3927 e.
326 3897 470 3933 Juvenilis.
494 3901 561 3930 Stat.
581 3911 606 3937 9.
629 3900 718 3930 Theb.
731 3906 794 3938 878.

81 3932 204 3964 Strenua.
227 3935 312 3965 Ovid.
338 3946 359 3965 r.
382 3937 473 3967 Amor.
491 3949 533 3973 15.
549 3947 574 3975 3.

79 3969 117 3999 Su
139 3972 218 4002 erior.
237 3973 299 4041 ICic.
318 3974 353 4004 de
369 3974 478 4006 Seneet.
502 3980 548 4007 62.

149 4019 199 4040 οι..
252 4033 259 4041 .

1719 155 1757 191 AE
1851 159 1882 192 T
1976 159 2004 193 A
2328 178 2391 214 105

1663 237 1783 273 Quintil.
1798 238 1846 267 lib.
1867 248 1889 268 1.
1911 249 1969 277 cap.
1985 250 2027 269 10.

1288 269 1411 299 Uberior.
1433 274 1517 302 orm.
1538 285 1558 303 1.
1583 275 1648 304 Μυῒ.
1663 285 1727 313 207.

1288 306 1384 336 X'elox.
1407 309 1473 338 Stut.
1489 321 1512 339 2.
1536 312 1620 341 Achil.
1633 318 1677 345 80.

1289 343 1381 373 Vetus.
1403 346 1484 376 Ovid.
1511 359 1533 379 ς.
1557 348 1624 378 Met.
1642 356 1684 385 96.
1728 351 1757 379 V.
1782 359 1847 380 mox
1863 349 1996 380 volatilis.

1318 419 1321 423 ι
1372 380 1401 422 At
1421 386 1553 414 vermina
1571 394 1632 415 rias
1646 409 1653 421 ,
1675 389 1718 416 cui
1735 388 1850 418 fecimus
1871 389 1958 418 Aurea
1982 399 2092 421 nomen.

1291 416 1422 448 Vin-»laon
1445 422 1527 449 ovid,
1547 433 1569 457 3,
1591 425 1656 453 fast,
1676 430 1739 459 ⁷535.

1292 454 1475 486 Viridiszctus.
1500 459 1566 488 l²li11.
1591 471 1613 490 r.
1633 456 1713 499 Epist.
1737 472 1776 492 12.

1292 490 1416 520 Volutilis
1429 503 1500 523 artus.
1523 497 1606 526 (lvid.
1626 509 1666 527 10.
1691 500 1756 529 Mer,
1774 511 1835 535 519.

1372 529 1483 573 1:²⁴bit.‘¹¹'
1496 534 1604 563 occulte
1621 536 1743 573 fallitque
1758 538 1876 568 vol-,uilis
1897 547 1976 575 (emis,

1373 566 1405 595 l·.t
1424 568 1492 596 nihil
1513 571 1549 598 est
1574 573 1650 600 annis
1677 574 1807 604 velocius.

1293 603 1408 647 Accedit
1425 613 1489 648 'ainus
1508 608 1588 641 vino.
1613 619 1696 643 quum
1722 612 1898 643 irneterarscit.
1937 615 1968 643 V.
1989 624 2144 644 ACCEDO.

1292 641 1406 682 Accedit
1425 642 1462 670 111¹
1482 643 1543 686 plus
1561 647 1653 688 zrtntis.
1677 649 1733 676 Cic.
1751 660 1770 677 r.
1791 651 1825 679 de
1841 654 1990 688 ()1·;rt.2<4.
2012 652 2404 692 SoletidemRosciusdicerc-‚

1312 678 1338 706 ie
1349 679 1477 721 quo-plus
1492 681 1538 722 ¹¹¹³!
1551 690 1635 724 aetatis
1649 686 1805 721 :rect-deret,
1824 700 1858 717 eo
1870 691 2002 720 tardiores
2015 690 2136 720 tibicinis
2151 691 2260 727 modos,
2274 696 2299 721 o:
2310 702 2405 722 caurus

1312 718 1476 745 remilhores
1497 719 1549 746 elle
1566 721 1709 749 lucturum.

1292 753 1427 789 Accipere
1451 761 1567 784 aetatem.
1610 757 1639 785 V.
1663 768 1679 785 Α
1690 770 1706 786 c
1716 770 1828 789 (311‘10.

1293 791 1540 835 Atlimereaetatem
1553 791 1626 823 vino.
1650 795 1717 835 l’lin.
1736 797 1780 825 lib.
1797 808 1840 832 23.
1852 809 1911 836 ειη).
1927 811 1948 829 1.
1971 802 2030 837 Jam
2044 805 2284 841 &patresfamiliiis
2299 810 2407 834 :etatem

1312 829 1440 858 ademere
1453 840 1522 858 vrnrs
1533 852 1540 863 .
1562 841 1621 867 qua·
1639 835 1719 868 peric
1729 835 1828 863 cariem
1842 844 1954 866 traxere.

1293 865 1501 896 Adule-vitamus.
1525 876 1640 898 contrar.
1657 870 1758 907 Vergit.
1770 872 1795 900 'l‘
1806 874 1859 901 icit.
1874 884 1897 903 2.
1920 876 1990 905 Ann.
2003 884 2046 913 43.
2069 877 2141 907 Nam
2150 879 2223 909 suam
2235 886 2343 910 :etatem
2351 889 2410 910 ver.

1313 913 1392 939 gere:
1419 905 1492 934 Uruli
1505 907 1630 935 nondum
1648 905 1709 936 satis
1724 905 1880 939 adult-ville.

1294 941 1380 978 Agere
1399 949 1506 972 aetutem
1521 944 1661 974 desidiose.
1686 945 1791 975 Lucret.
1808 946 1854 976 lib.
1875 959 1900 983 4.
1921 958 1998 983 1130.

1294 981 1380 1016 Agere
1397 988 1504 1009 :etatem
1520 982 1649 1019 inaliquo
1665 982 1746 1018 loco,
1768 984 1810 1013 vel
1822 985 1849 1013 in
1863 995 1890 1014 re
1903 985 2000 1023 aliqua.
2023 988 2079 1018 Cic.
2095 990 2122 1018 in
2139 990 2219 1020 Bruto
2232 1001 2290 1028 172.
2314 992 2410 1022 Ouum

1314 1024 1423 1047 aetutem
1433 1028 1524 1054 ageret
1533 1020 1653 1049 Athenis.
1664 1020 1740 1050 idem
1752 1031 1776 1050 2.
1790 1022 1824 1050 de
1834 1021 1956 1059 Legiba.
1969 1024 2019 1053 llic
2030 1026 2084 1055 fere
2095 1035 2200 1056 :mutem
2212 1031 2265 1063 cuit
2275 1031 2300 1058 iu
2313 1019 2408 1060 literis.

1294 1055 1381 1091 Agere
1396 1063 1512 1085 aetutem.
1544 1058 1601 1087 Cic.
1621 1069 1642 1094 5.
1665 1058 1746 1088 Tusc.
1761 1069 1804 1097 77.
1838 1060 1869 1090 ln
1885 1060 1961 1090 ludin
1977 1063 2322 1103 quisapienteshabentur,
2343 1068 2411 1097 nudi

1315 1101 1422 1122 ceratem
1439 1101 1532 1129 agunt.

1296 1133 1382 1167 Agere
1399 1139 1506 1161 artacem
1524 1133 1598 1170 regio
1611 1132 1695 1163 cultu.
1719 1134 1825 1164 Sallust.
1837 1135 1866 1164 in
1882 1135 1963 1166 Catil.
1990 1136 2064 1166 Alios
2084 1138 2181 1168 diiites
2196 1140 2247 1169 esse
2260 1163 2267 1175 ‚
2290 1149 2318 1170 ur
2336 1143 2411 1177 regio

1317 1168 1393 1198 cultu
1408 1176 1516 1198 zetatem
1530 1179 1651 1205 agerent.

1297 1207 1363 1236 Acta
1375 1214 1454 1241 aetus.
1479 1208 1521 1237 vel
1538 1207 1652 1243 Exacta.
1677 1220 1727 1247 pro
1752 1210 1879 1240 Extrema
1902 1211 2062 1246 senectute,
2092 1222 2150 1249 quzr
2174 1213 2320 1243 Decr‘euitn
2346 1217 2413 1245 diei-

1317 1252 1360 1273 tur
1375 1252 1381 1271 ;
1402 1246 1467 1281 quia
1478 1255 1545 1274 tunc
1560 1247 1623 1275 vitze
1639 1253 1748 1284 tempus
1760 1250 1966 1286 propemodum
1981 1252 2108 1279 exactum
2122 1250 2158 1279 est
2173 1273 2181 1286 ,
2202 1252 2218 1280 i.
2239 1245 2271 1280 ef
2283 1254 2410 1284 linitum.

1316 1282 1374 1311 Cic.
1389 1284 1422 1312 ad
1434 1283 1507 1312 Brut.
1523 1293 1548 1312 2.
1572 1283 1612 1313 De
1624 1294 1668 1313 me
1685 1286 1892 1322 poll'umidem,
1915 1288 1990 1323 quod
2004 1287 2143 1316 Plautinus
2154 1297 2228 1323 parter
2244 1290 2270 1317 iu
2286 1290 2410 1321 Trinium.

1316 1330 1343 1350 2.
1358 1330 1383 1349 2.
1395 1326 1438 1355 38.
1460 1321 1531 1350 Alihi
1542 1322 1654 1358 quidem
1663 1330 1725 1351 retas
1735 1326 1794 1353 aeta
1804 1324 1889 1353 ferme
1898 1325 1951 1358 est.
1974 1332 2019 1353 tun
2030 1326 2096 1354 illuc
2107 1327 2187 1354 rel'err
2200 1336 2224 1354 m
2236 1328 2327 1356 ixime.
2356 1329 2411 1358 Liv.

1316 1358 1504 1388 Exactaaetate
1515 1358 1655 1388 Camillus.
1678 1361 1695 1389 i.
1722 1371 1745 1390 e.
1768 1362 1852 1391 Senio
1873 1363 2026 1392 conlectus.
2070 1363 2099 1392 V.
2119 1372 2185 1392 mox
2195 1363 2378 1396 I-ssxaeraaetds.

1295 1396 1372 1428 AEtas
1390 1397 1482 1433 quiete
1497 1398 1522 1426 S<
1531 1407 1600 1435 pure
1615 1399 1640 1426 Sc
1650 1397 1789 1435 eleganter
1801 1402 1868 1430 aeta.
1891 1400 1950 1429 Cic.
1963 1401 1998 1430 de
2010 1401 2118 1430 Seneet.

1297 1434 1522 1465 AEtasanteacra..
1546 1435 1652 1464 Lucret.
1673 1436 1720 1465 lib.
1746 1448 1768 1466 1.
1785 1447 1849 1473 235.

1296 1472 1469 1502 Antecellere
1485 1479 1572 1502 aetate.
1595 1473 1652 1502 Cic.
1671 1474 1706 1503 de
1717 1474 1825 1505 Sencet.
1839 1478 1882 1511 64.
1907 1474 1996 1505 Multa
2015 1474 2042 1504 in
2055 1475 2146 1505 nostro
2162 1476 2280 1514 collegio
2292 1478 2417 1515 praeclara

1315 1509 1396 1539 sunt:
1418 1510 1465 1539 sed
1480 1511 1533 1539 hoc
1546 1510 1697 1549 inprimis,
1720 1513 1796 1550 quod
1807 1523 1836 1542 ut
1847 1514 1962 1551 quisque
1976 1520 2055 1543 aetate
2073 1515 2235 1551 antecellit,
2257 1516 2294 1544 'rra
2312 1516 2417 1545 12.-nten-

1316 1548 1362 1577 tiae
1372 1549 1558 1585 principatum
1568 1556 1653 1578 tenet.

1297 1586 1410 1615 Anteire
1426 1585 1562 1623 aliquibus
1574 1594 1662 1615 rotate.
1685 1588 1743 1618 Cic.
1759 1597 1782 1616 1.
1804 1587 1886 1617 Tusc.
1901 1599 1924 1622 ς.
1946 1588 2019 1618 Nem
2034 1588 2165 1624 Grlbam.
2187 1589 2419 1626 Africanun1‚Lae-

1315 1623 1385 1653 lium
1396 1646 1404 1659 ,
1426 1624 1523 1653 doctos
1532 1623 1609 1654 ruill'e
1619 1625 1752 1656 traditum
1763 1626 1815 1655 est:
1838 1625 1992 1656 studiosum
2000 1633 2094 1656 autem
2102 1637 2168 1656 eum
2178 1628 2224 1665 qui
2239 1628 2273 1658 iis
2285 1637 2362 1658 aetate
2373 1639 2419 1658 an-

1315 1662 1422 1697 teibat,
1443 1662 1588 1691 Catonern.

1297 1699 1398 1729 Calens
1414 1706 1499 1729 aetrite.
1524 1700 1608 1730 ovid.
1622 1709 1645 1735 3.
1662 1700 1697 1729 de
1712 1700 1774 1730 Arte
1783 1702 1841 1731 Am.
1857 1711 1918 1739 57¹-

1380 1738 1429 1766 lsta
1447 1739 1548 1767 decent
1590 1748 1669 1767 ueros
1687 1746 1766 1768 aetate
1785 1742 1811 1768 δε
1830 1749 1923 1770 amore
1942 1739 2073 1770 calentes.

1298 1774 1442 1804 Coacescit
1459 1784 1531 1805 atas.
1579 1776 1612 1804 ic.
1626 1776 1779 1806 deSenect.
1791 1778 1822 1806 C.
1842 1784 1883 1812 18.
1896 1785 1963 1808 extr.
2006 1777 2044 1807 Ut
2053 1778 2129 1808 enim
2139 1788 2198 1808 non
2209 1788 2293 1809 omne
2303 1779 2418 1816 vinum,

1316 1813 1353 1842 sle
1365 1823 1422 1842 non
1434 1814 1525 1843 omnis
1536 1820 1599 1842 εἶπας
1613 1814 1757 1844 coacescit.

1297 1851 1457 1918 eonssplofiffi
1468 1859 1541 1881 aetas.
1563 1851 1654 1881 Tacit.
1672 1862 1713 1889 13.
1735 1853 1804 1882 Ann.
1823 1863 1845 1881 1.
1868 1853 1964 1882 Virum
1983 1859 2062 1884 aetate
2082 1854 2250 1893 composita,
2271 1854 2419 1892 insontem,

1315 1899 1353 1918 no
1374 1899 1449 1918 iem.

1297 1927 1449 1957 Confedhis
1462 1934 1550 1958 aetate.
1572 1928 1600 1957 h.
1623 1938 1647 1957 e.
1670 1927 1756 1957 Valde
1769 1927 1860 1957 senex.
1883 1928 1955 1966 Virg.
1966 1941 1993 1966 4.
2014 1930 2077 1961 AEn.
2094 1938 2155 1969 599.
2333 1968 2338 1974 .

1456 1983 1494 1987 ——-
1516 1967 1676 1995 confectum
1693 1973 1772 1995 aetate
1790 1973 1943 2003 parentem.
2096 1969 2155 1998 Cic.
2170 1976 2195 1998 2.
2224 1967 2253 1997 in
2278 1967 2361 1998 Catil.-
2375 1978 2420 1998 20.

1315 2002 1445 2032 Tertium
1459 2014 1545 2041 genus
1565 2004 1602 2033 est
1614 2012 1692 2033 aetate
1702 2004 1758 2040 jam
1771 2004 1941 2034 confectum.

1297 2041 1476 2071 Confirmata.
1497 2042 1555 2071 Cic.
1584 2053 1624 2071 10.
1647 2042 1720 2071 Pam.
1740 2051 1765 2078 3.
1803 2041 1876 2079 Ego.
1899 2041 1998 2072 Plance
2016 2065 2024 2078 ‚
2046 2043 2278 2073 necessitudinem
2294 2043 2422 2073 constitu-

1316 2086 1373 2108 tam
1386 2079 1469 2109 habui
1488 2088 1552 2109 cum
1564 2080 1650 2109 domo
1661 2081 1746 2109 vestra
1759 2085 1823 2109 ante
1838 2079 1979 2117 aliquanto
1992 2091 2074 2118 quarn
2086 2089 2116 2110 tu
2135 2088 2214 2111 natus
2225 2092 2254 2111 es
2269 2092 2275 2111 ε
2300 2091 2422 2111 amorem

1316 2124 1411 2146 autem
1426 2128 1488 2155 erga
1497 2125 1524 2147 te
1539 2118 1572 2148 ab
1583 2119 1700 2147 ineunte
1715 2118 1832 2156 pueritia
1843 2125 1889 2147 tua
1899 2141 1906 2154 ‚
1928 2119 2091 2148 confirmata
2104 2120 2160 2155 jam
2170 2125 2248 2149 aetate
2258 2119 2424 2149 familiarita-

1316 2163 1374 2184 tem
1385 2178 1392 2190 ,
1414 2166 1479 2185 cum
1487 2156 1649 2185 studiomeo
1660 2178 1668 2191 ‚
1689 2163 1748 2185 tum
1759 2156 1865 2192 judicio
1877 2164 1926 2185 tuo
1940 2157 2126 2186 constitutam.

1298 2193 1468 2223 Consumere
1478 2200 1586 2223 aetatem
1601 2193 1690 2223 multo
1704 2194 1799 2223 labore
1810 2195 1836 2223 ἂ
1845 2194 1942 2223 studio.
1968 2194 2087 2231 Quintil.
2099 2195 2148 2224 lib.
2162 2205 2187 2224 2.
2201 2205 2262 2233 cap.
2273 2205 2318 2224 20.
2395 2231 2401 2238 ⁵

1298 2232 1450 2261 Conterere
1463 2232 1608 2261 aetaternin
1622 2239 1650 2261 re
1660 2231 1760 2270 aliqua.
1784 2231 1843 2261 Cic.
1862 2242 1885 2261 1.
1902 2232 1938 2261 de
1948 2231 2042 2270 Legib.
2057 2243 2080 2269 5.
2113 2233 2149 2262 Ut
2159 2232 2267 2262 nollent
2275 2238 2383 2262 aetatem
2394 2241 2423 2262 m

1318 2269 1415 2299 litibus
1429 2277 1581 2299 conterere.

1297 2307 1553 2337 CorroborataCic.
1566 2318 1614 2345 pro
1623 2307 1714 2337 Coelio
1725 2330 1732 2342 ‚
1754 2307 1788 2336 Et
1799 2307 1941 2337 interdum
1956 2307 2057 2338 multas
2071 2309 2127 2338 vias
2141 2306 2424 2350 adolescentiaelubri·

1318 2356 1364 2375 cas
1375 2346 1496 2375 ostendit
1507 2368 1515 2381 ‚
1537 2346 1637 2382 quibus
1652 2345 1699 2375 illa
1709 2345 1827 2375 insistere
1844 2354 1891 2375 aut
1901 2346 2009 2383 ingredi
2020 2346 2076 2375 srne
2091 2346 2152 2376 casu
2169 2347 2262 2383 aliquo
2278 2354 2325 2375 aut
2335 2345 2425 2383 prola-

1316 2384 1413 2422 plione
1430 2383 1476 2413 vix
1489 2384 1594 2422 pollet:
1618 2385 1644 2413 δι
1661 2383 1811 2413 multarum
1824 2393 1915 2413 rerum
1929 2384 2187 2419 jucundiffimarum
2207 2385 2364 2413 varietatem
2376 2383 2424 2412 de-

1318 2423 1377 2457 dit,
1407 2432 1460 2459 qua
1478 2432 1536 2451 non
1556 2422 1643 2451 modo
1659 2422 1719 2451 haec
1739 2427 1819 2458 aetas,
1841 2421 1887 2451 sed
1909 2420 1994 2451 etiam
2006 2422 2062 2458 jam
2078 2422 2255 2452 corroborata
2269 2429 2421 2460 caperetur.

1319 2459 1386 2489 Haec
1398 2468 1478 2495 aetas,
1508 2461 1525 2488 i.
1548 2470 1571 2489 e.
1597 2459 1797 2489 Adolescentia.

1299 2498 1428 2528 Decursa.
1451 2498 1509 2527 Cic.
1520 2508 1571 2535 pro
1582 2498 1680 2534 Quint.
1704 2498 1797 2534 Quam
1806 2496 1978 2528 honestatem
1989 2498 2019 2528 in
2027 2498 2166 2535 iudicium
2174 2504 2254 2528 tuum
2265 2506 2351 2536 prope
2363 2496 2422 2525 ach

1318 2537 1374 2573 jam
1393 2542 1472 2565 aetate
1492 2535 1660 2573 decursaque
1679 2535 1780 2565 attulit.

1299 2574 1401 2605 Deficit
1419 2584 1463 2603 me
1479 2580 1551 2603 aetas.
1573 2574 1656 2603 Ovid.
1676 2583 1718 2604 12.
1740 2574 1809 2603 Met.
1826 2579 1892 2610 448.

1298 2613 1454 2642 Deflefftere
1471 2618 1588 2641 aetatem.
1612 2612 1670 2641 Cic.
1693 2622 1718 2648 9.
1737 2613 1790 2641 Att.

1298 2651 1406 2688 Degere
1421 2657 1538 2680 aetatem.
1562 2650 1671 2679 Lucret.
1692 2649 1741 2679 lib.
1761 2659 1785 2686 3.
1806 2655 1868 2685 508·

1298 2689 1406 2727 Degere
1426 2697 1537 2726 tempus
1555 2688 1651 2717 aetatis.
1674 2687 1732 2717 Cic.
1756 2687 1791 2717 de
1812 2687 1923 2727 Senest.
2058 2725 2064 2731 ἢ

1298 2725 1407 2763 Degere
1417 2736 1532 2756 ornnem
1545 2733 1654 2756 aetatem
1664 2726 1720 2755 fine
1738 2726 1845 2755 dolore.
1868 2726 1927 2756 Cic.
1938 2733 1964 2755 2.
1980 2724 2016 2754 de
2035 2722 2094 2755 Fm.
2112 2728 2173 2759 118.
2403 2759 2409 2767 ι

1298 2765 1407 2802 Degere
1418 2771 1527 2794 aetatem
1538 2773 1603 2793 cum
1611 2764 1723 2801 aliquo,
1742 2764 1760 2794 i.
1785 2773 1809 2793 e.
1831 2763 1938 2793 Vivere.
1978 2763 2065 2793 Plaut.
2083 2763 2129 2793 Sic
2137 2763 2256 2793 AEtatem
2270 2768 2423 2800 agere‚ex1-

1318 2813 1400 2841 gere,
1423 2803 1525 2831 ducere
1545 2803 1673 2832 dicimus.

1297 2840 1413 2871 Devexa
1430 2848 1494 2870 aetas
1514 2839 1682 2869 alaboribus
1698 2840 1732 2869 ad
1753 2840 1852 2869 otium.
1874 2836 1934 2868 Cic.
1952 2849 1977 2874 9.
2000 2838 2054 2868 Att.
2086 2837 2120 2868 Et
2138 2838 2188 2873 (ut
2197 2847 2290 2881 verum
2307 2836 2421 2874 loquar)

1318 2885 1382 2908 aetas
1394 2879 1449 2914 jam
1462 2878 1623 2907 adiuturnis
1637 2877 1778 2908 laboribus
1794 2878 1901 2907 devexa
1912 2877 1947 2907 ad
1962 2877 2052 2906 otium
2063 2897 2071 2912 ‚
2094 2875 2303 2906 domesticarum
2320 2884 2364 2903 me
2382 2883 2423 2902 re-

1317 2927 1379 2946 rum
1395 2916 1580 2946 delectatione
1600 2915 1710 2945 molliit.

1299 2955 1410 2985 Ducere
1423 2960 1540 2983 aetatem.
1563 2954 1629 2984 Hor.
1647 2964 1673 2983 2.
1701 2953 1783 2992 Epist.
1804 2960 1830 2982 2.
1842 2960 1907 2983 καὶ.
2152 2989 2158 2995 .
2234 2989 2240 2994 ·

1299 2993 1345 3023 Est
1364 3002 1395 3022 ea
1407 2999 1495 3022 aetate.
1519 2992 1577 3021 Cic.
1590 3002 1640 3029 pro
1658 2991 1769 3021 Cluent.
1790 2991 1869 3021 Idem
1883 3001 1934 3029 pro
1945 2990 1976 3020 C.
1988 2989 2080 3020 Rabir.
2104 2988 2176 3018 Hu1c
2190 2988 2306 3032 'quidem
2326 2985 2422 3017 afferet

1319 3031 1438 3068 aliquam
1454 3031 1680 3068 deprecationem
1688 3029 1825 3068 periculi,
1849 3037 1912 3059 aetas
1927 3028 1975 3058 illa
1991 3050 1999 3064 ‚
2025 3033 2147 3065 quatum
2157 3027 2217 3056 furt.

1300 3069 1456 3099 Emendare
1467 3075 1584 3098 aetatem.
1607 3067 1730 3104 Quintil.
1744 3067 1792 3097 lib.
1807 3076 1832 3096 2.
1846 3077 1905 3104 cap.
1918 3078 1945 3103 4.

1300 3107 1440 3137 Emoritur
1449 3114 1528 3135 aetate
1545 3106 1604 3144 spes
1616 3107 1644 3135 in
1658 3105 1760 3143 pueris.
1783 3105 1903 3142 Quintil.
1919 3104 1968 3133 lib.
1983 3113 2014 3146 r..
2027 3112 2087 3140 cap.
2101 3113 2124 3132 r.
2223 3140 2227 3144 ι
2337 3138 2341 3144 Ι

1300 3145 1403 3175 Exacta
1415 3152 1487 3173 retas.
1509 3144 1568 3174 Cic.
1591 3154 1642 3182 pro
1659 3143 1739 3173 Rosc.
1757 3143 1837 3172 Com.
1860 3143 1956 3180 Quum
1974 3140 2029 3170 ilhs
2042 3142 2143 3170 exaetae
2157 3144 2244 3168 aetatrs
2260 3137 2422 3167 severrffime

1320 3184 1440 3212 fructum
1456 3192 1539 3220 quem
1556 3188 1716 3212 meruerunt
1724 3181 1883 3211 retribuam.
2026 3216 2031 3222 ῃ
2193 3214 2198 3219 ⁴
2344 3212 2349 3218 ,

1297 3221 1402 3252 Exacta
1419 3227 1499 3250 aetate
1520 3220 1566 3249 est.
1595 3219 1652 3249 Cic.
1668 3220 1704 3249 de
1721 3220 1830 3249 Seneet.
1848 3222 1892 3247 66.
1924 3217 1964 3247 M.
1986 3215 2098 3258 qmdem
2111 3214 2250 3244 Valerium
2268 3212 2421 3255 Corvinum

1319 3259 1478 3296 accepimus
1493 3258 1528 3287 ad
1542 3257 1724 3287 centesimum
1740 3267 1844 3286 annum
1861 3257 1945 3286 vitam
1958 3252 2132 3293 produt-ulle,
2155 3261 2240 3289 quum
2250 3252 2317 3280 esset
2327 3252 2423 3280 exacta

1320 3299 1376 3332 iam
1390 3304 1468 3326 :etate
1484 3297 1513 3325 in
1532 3297 1611 3333 agris.
2016 3329 2020 3334 Ι

1301 3335 1422 3366 Excessit
1438 3334 1478 3363 illi
1490 3341 1553 3363 aetas
1572 3344 1607 3363 ex
1616 3333 1771 3370 magisterio
1787 3338 1844 3361 tuo.
1866 3331 1884 3359 i.
1906 3339 1929 3359 e.
1951 3328 2036 3359 Desut
2054 3327 2109 3359 effe
2117 3327 2165 3356 sub
2174 3326 2262 3357 ferula
2270 3333 2328 3356 tua.

1301 3373 1480 3410 Extinguitur
1496 3379 1569 3401 fetas.
1609 3371 1639 3400 V.
1663 3370 1784 3400 Senescit
1803 3378 1874 3399 aetas.

1300 3411 1378 3442 Festa
1390 3420 1463 3440 aetas.
1485 3410 1574 3439 Tacit.
1596 3419 1618 3438 1.
1640 3408 1767 3438 Hist.12.

1300 3449 1430 3480 Firmata.
1452 3448 1511 3478 Cic.
1525 3458 1574 3486 pro
1583 3447 1691 3482 Ccelio,
1709 3455 1760 3489 43..
1781 3444 1853 3481 Virg.
1865 3453 1895 3484 4:
1918 3438 1975 3485 ΕΟ).
1989 3448 2031 3478 3⁷·

1382 3487 1457 3517 Hinc
1472 3486 1520 3515 ubi
1539 3487 1595 3522 jam
1614 3485 1719 3513 firmata
1735 3492 1824 3512 virum
1839 3490 1866 3510 te
1880 3482 1976 3508 lecerit
1994 3485 2066 3508 aetas.

1300 3525 1412 3556 florere
1435 3532 1523 3554 aetate.
1547 3524 1618 3560 Virg.
1634 3532 1659 3560 7.
1679 3521 1735 3551 Ecl.
1749 3532 1775 3556 4.

1381 3563 1470 3593 Ambo
1492 3563 1622 3591 florentes
1638 3560 1781 3591 aetatibus,
1803 3554 1918 3584 Arcades
1941 3553 2033 3582 ambo·

1300 3601 1429 3631 Formare
1448 3608 1566 3630 aetatem.
1589 3597 1707 3635 Quintil.
1724 3596 1771 3624 lib.
1788 3603 1812 3622 1.
1823 3602 1882 3630 cap.
1896 3601 1921 3628 3.

1300 3640 1445 3676 Frangitur
1464 3645 1527 3667 aetas
1541 3659 1548 3673 ,
1589 3636 1619 3664 V.
1639 3634 1761 3664 Senescit
1776 3639 1848 3660 aetas.

1301 3678 1422 3715 Fugiens
1444 3684 1516 3705 aetas.
1556 3672 1655 3716 Catull.
1722 3707 1727 3713 ι
1750 3707 1754 3713 Ι
1837 3705 1842 3711 ⁴

1383 3715 1426 3744 Ne
1449 3713 1556 3750 fugiens
1573 3711 1652 3739 seclis
1672 3705 1897 3738 obliviscentibus
1917 3711 1990 3735 aetas.

1302 3753 1406 3783 Cerere
1416 3759 1523 3780 aetatem
1534 3759 1597 3777 cum
1612 3747 1712 3784 aliquo.
1735 3745 1792 3774 Cic.
1811 3756 1838 3779 4.
1859 3743 1934 3772 fam.
1948 3754 1972 3779 5.
2003 3738 2041 3771 Ut
2054 3748 2124 3787 cum·
2137 3737 2231 3778 aliquo
2248 3738 2423 3784 adolescente

1322 3791 1454 3829 primario
1466 3787 1629 3821 commoda,
1651 3791 1760 3813 aetatem
1769 3788 1883 3819 gereret.
1920 3780 1953 3811 ln
1968 3779 2179 3810 correctioribus
2195 3786 2288 3808 tamen
2300 3779 2376 3811 lrbrrs
2386 3779 2424 3808 le-

1323 3829 1396 3865 gitur
1409 3849 1417 3861 ‚
1438 3827 1544 3862 Ageret.
1567 3823 1650 3866 1q.V.·

1303 3866 1412 3897 Habere
1428 3863 1489 3892 satis
1503 3868 1596 3890 aetatrs.
1619 3860 1678 3888 Cic.
1694 3866 1745 3897 pro
1759 3854 1839 3887 Rosc.
1859 3854 1939 3886 Com.
1959 3864 2020 3892 149.
2107 3893 2113 3898 .
2174 3891 2179 3897 ι

1303 3899 1496 3938 Ingravescens
1517 3906 1589 3928 zetas.
1612 3898 1670 3927 Cic.
1691 3907 1716 3926 2.
1740 3895 1814 3926 Fam.
1827 3904 1852 3932 7.
1894 3894 1988 3937 Quare
2005 3894 2060 3923 hoc
2069 3901 2201 3935 animem
2211 3900 2262 3920 nos
2272 3890 2325 3920 effe
2340 3889 2422 3933 debe-

1324 3933 1365 3969 bis
1374 3961 1382 3973 ,
1396 3947 1427 3967 ut
1436 3946 1498 3966 zetas
1513 3937 1602 3966 nostra
1613 3936 1667 3971 jam
1682 3932 1870 3972 ingravescens
1882 3954 1891 3968 ‚
1911 3942 1941 3961 m
1949 3941 2042 3961 amore
2051 3937 2172 3968 atquem
2181 3928 2364 3958 adolescentia
2373 3936 2423 3956 tua

1324 3976 1508 4015 conquiescat.
1551 3974 1579 4005 V.
1603 3975 1629 4005 δε
1647 3973 1682 4004 de
1698 3973 1806 4003 Seneet.
1821 3975 1847 4001 6.

1288 231 1404 261 Teneris
1420 235 1543 265 aettrtibus
1557 235 1640 266 utilis.

1882 4007 1910 4037 0
2329 4000 2359 4031 In
2364 4002 2423 4031 iens
