2604 4222
34 114 105 157 736
477 95 506 130 C
604 89 635 123 U
730 84 763 119 N

78 191 171 221 Gemit
179 188 261 218 robur
273 183 375 215 adad’tis
386 178 489 211 cuneis.
511 174 600 204 Valet.
612 181 636 206 3.
650 170 747 205 Argon.
763 166 824 198 164.

81 229 211 259 Scindere
224 225 327 261 lignum
337 220 441 250 cuneis.
462 215 538 250 Virg.
556 222 578 240 1.
595 210 692 243 Georg.
709 214 769 237 144.
781 247 806 271 9.
837 235 855 264 i.
867 242 892 263 e,
923 229 975 260 Vel
994 228 1023 257 in
1041 223 1190 256 arffiffimo

82 259 448 342 vj‘ibigigraffcldgtsriigefredigzb
459 313 466 326 ‚
487 252 572 326 {iniis
581 245 705 313 ebsttiiehoe?
713 247 817 306 cun3eos
827 295 835 307 ,
857 269 955 307 quibus
965 265 1070 302 aliquid
1083 263 1193 304 duobus

104 341 182 371 simul
195 338 288 367 inditis
301 338 325 365 Sc
335 333 437 363 adactis
452 351 459 362 ,
480 325 564 361 nitigis
575 317 744 364 adstringitur
756 335 764 347 ,
775 311 830 355 *vel
843 307 1015 338 duriffimum
1029 303 1134 339 lignum
1144 301 1194 366 sitn-

109 380 182 422 ditur
191 378 216 406 St
226 373 397 418 discluditur.
436 366 508 407 Turn
518 362 592 426 enlim
600 364 676 424 guttis>
683 355 753 383 duos
765 352 800 379 iic
814 348 924 378 adactos
946 349 1021 382 patet
1032 346 1141 369 tantum
1167 346 1195 366 e-

91 415 235 486 Csiiliitiziiisn,a
245 401 697 499 ἓτωὸῗὶφὲῧνὲἓῗιἳὶξηεῗέῑὶιξῃςιη
709 450 716 463 ,
729 414 1145 501 ‘gssrigzdgtsslgsstigssffigffiigg
1158 412 1197 478 lian

110 501 192 536 cunei
204 490 318 530 formam
333 483 537 523 reda-ciffirquae
546 481 615 531 cunc
631 478 683 511 ain
695 476 734 495 aci
792 523 797 529 ¹
847 520 854 527 ·
875 497 934 526 Liv.
963 517 969 524 ·
986 476 1028 522 lg.
1051 490 1140 519 Tanta
1162 467 1198 517 ug

112 517 482 602 bssdgrgecigiiiidrdiisuiilerbksl?
499 501 1022 583 iliteViiiiliilsiairlijanipffianlisselinqugrent
1031 497 1185 592 hostiumcist

94 605 216 641 Pugnare
226 592 465 639 cuneis3Quintil.
479 589 527 618 iib.
544 596 567 615 1.
579 592 640 620 cap.
654 590 696 617 ¹3-
719 579 759 608 De
769 585 827 606 acie
837 570 1002 602 instruenda.
1041 566 1162 603 [Errore
1187 583 1195 592 .

93 642 187 673 coacti
199 638 286 668 cunei.
311 634 379 669 Virg.
395 640 436 660 12.
449 628 584 669 Pin-457.
615 659 620 664 ·
778 652 784 658 .

282 687 317 692 -—
328 669 401 699 densi
409 690 418 704 ,
438 673 532 696 cuneis
543 661 568 690 se
576 657 687 697 quisque
697 653 799 684 coadhs

96 828 182 859 Cunei
193 848 200 860 ,
223 824 359 853 Graduum
372 819 482 847 ordines
492 815 520 843 in
530 812 637 841 theatro
652 829 660 842 ,
681 807 708 834 in
719 803 817 841 quibus
827 798 911 836 vulgo
921 796 1086 835 spetstatores
1093 789 1200 821 stabant

113 867 181 896 iuter
191 861 342 892 sedentium
352 855 482 886 subsellia.
503 851 601 887 juven.
619 850 644 875 6.
662 844 770 873 Sami.
874 875 879 880 ¹

360 911 396 916 --
405 891 500 923 cuneis
509 898 543 918 an
554 885 657 915 habent
666 877 819 919 spectacula
829 880 895 905 totis
1003 908 1009 914 ι

173 937 257 967 Ouod
270 935 377 964 securus
387 929 483 960 ames?
574 923 679 951 Vitruv.
693 918 778 960 lib-fl·
793 924 852 952 cap.
865 916 892 942 ⁶.
921 910 1011 954 Cunei
1030 904 1201 949 spefftaculo.

115 986 173 1008 rum
184 967 211 1004 in
223 975 327 1003 theatro
338 973 373 1000 ita
385 968 550 998 dividantur,
571 967 601 990 ut
611 956 894 995 angulitrigonorum,
915 951 1084 991 qui-currunt
1096 951 1202 972 circum

115 1021 285 1044 curvaturam
295 1006 477 1038 circinationis
488 1025 496 1037 ,
518 1000 633 1036 dirigant
647 993 772 1025 ascensus
783 1013 790 1026 ,
811 987 944 1032 scalasque
962 992 1033 1013 inter
1045 991 1149 1025 cuneos
1166 980 1202 1009 ad

114 1053 229 1090 primam
240 1046 472 1086 praecinctionem.
496 1040 528 1069 Et
541 1038 615 1067 Suet.
629 1037 696 1070 Aug.
709 1041 753 1066 44.
775 1029 881 1059 Maritis
896 1034 911 1054 e
924 1022 1005 1061 plebe
1015 1028 1143 1058 proprios
1160 1028 1202 1047 or-

115 1091 192 1119 dines
203 1086 358 1121 assignavit:
384 1077 550 1120 praetextatis
559 1081 679 1104 cuneum
690 1069 777 1098 suum.
817 1063 931 1094 Ordinis
943 1059 1069 1089 senatorii
1082 1059 1107 1086 Sc
1119 1065 1201 1093 eque.

114 1128 170 1157 stris
179 1126 268 1154 cunei.
309 1123 383 1152 idem
395 1121 423 1148 in
436 1116 537 1147 Domit.
549 1124 575 1148 4.
616 1110 748 1150 [Cuneos
756 1103 879 1133 efficiunt
890 1098 946 1137 ipsa
956 1097 1050 1127 sedilia
1060 1118 1069 1132 ‚
1090 1095 1134 1124 seu
1145 1103 1203 1137 gra3

115 1166 165 1194 dus
175 1185 183 1198 ,
206 1164 232 1191 in
245 1159 342 1197 quibus
356 1158 465 1186 ordines
477 1151 642 1190 spectabant.
664 1155 711 1184 per
722 1141 877 1178 interjectas
887 1137 1000 1179 scalares
1011 1134 1068 1163 vias
1079 1134 1107 1162 in
1120 1140 1203 1175 cunei

113 1203 228 1231 modum
242 1197 333 1228 divisa.
373 1195 403 1224 V.
426 1191 496 1230 Lips.
514 1190 548 1218 de
559 1184 766 1224 Amphitheatro
783 1188 843 1216 cap.
859 1185 903 1212 13.
937 1174 1013 1203 Hinc
1032 1174 1058 1202 ἃ
1072 1180 1121 1209 pro
1139 1169 1205 1207 ipsis

115 1237 310 1278 spectatoribus
319 1240 467 1272 ponuntur.
490 1226 578 1258 Pliaed.
592 1235 617 1260 5.
628 1233 653 1259 7.
668 1231 711 1265 35.

189 1276 222 1305 Ut
242 1284 305 1303 vero
323 1272 418 1301 cuneis
438 1267 529 1298 notuit
544 1272 585 1293 res
605 1260 743 1304 omnibus.

113 1316 197 1349 ‘Jiakqfs
216 1313 292 1347 κερκὶς
312 1311 337 1340 &
349 1309 410 1336 mnas}
426 1306 510 1340 &2⁷3⁸
529 1306 706 1331 convertitur.
848 1328 854 1335 .

62 1357 107 1386 Cs-
119 1363 135 1382 Ν
148 1344 235 1380 roco
246 1360 257 1379 s
268 1371 276 1384 ,
296 1350 314 1378 i.
336 1357 371 1376 m.
394 1341 527 1381 [σᾳηιιόν]
549 1338 646 1367 dimin.
685 1334 743 1362 Cic.
757 1325 923 1374 dthniv-ers.
936 1334 981 1369 415
1004 1322 1107 1366 Easque
1128 1321 1206 1358 (par-

99 1390 213 1422 ticulas)
234 1389 304 1416 inter
322 1385 349 1414 se
365 1381 552 1420 copulabant,
574 1374 646 1404 haud
659 1372 756 1412 iisdem
775 1366 912 1400 vinculiS,
933 1362 1033 1405 quibus
1056 1360 1104 1398 ipsi
1125 1363 1205 1388 erant

99 1426 217 1462 colligati
231 1447 238 1460 ,
258 1424 304 1453 sed
318 1421 417 1451 talibus
428 1441 435 1455 ‚
456 1427 514 1455 quae
532 1414 607 1443 cerni
618 1420 675 1441 non
687 1408 795 1447 pollent
811 1410 924 1446 propter
943 1406 1106 1439 parVitateni
1117 1419 1125 1433 ,
1147 1406 1206 1426 cre.

99 1467 153 1496 bris
165 1457 234 1502 [iussi
245 1459 367 1492 cuneolis
379 1458 485 1493 injectis
508 1461 594 1483 uuum
615 1447 772 1480 efficiebant
788 1452 822 1474 ex
836 1440 966 1471 omnibus
983 1445 1092 1474 corpus.
1127 1434 1206 1464 Adde

98 1501 232 1534 Columel.
245 1512 269 1535 4.
279 1509 324 1534 29.

64 1543 111 1573 Cu
125 1551 142 1570 N
154 1550 191 1569 Eo
205 1560 213 1574 ,
234 1537 343 1574 [σφηνόω

98 1581 124 1608 in
136 1578 221 1614 ligno.
557 1603 563 1608 .
762 1596 767 1602 .
959 1591 965 1597 .
1003 1590 1008 1595 .
1045 1588 1050 1594 .

99 1618 146 1646 Per
154 1616 208 1643 vim
217 1611 337 1645 cuneati,
349 1611 373 1639 &
386 1617 444 1645 quae
455 1601 648 1635 naturaiuntffta
657 1598 728 1633 sunt,
740 1593 898 1625 distrahere.
909 1588 1205 1630 Quintil.lib.4.cap.3.

100 1655 239 1685 Cuneare,
261 1649 300 1678 Ad
311 1645 519 1676 similitudinem
528 1640 610 1670 cunei
619 1638 746 1667 formare.
778 1632 845 1676 Plin.
856 1631 905 1674 lib.
921 1639 944 1664 3.
955 1638 1015 1665 cap.
1028 1636 1051 1663 3.
1073 1624 1207 1669 Hispania

117 1697 248 1720 cuneatur
257 1685 384 1724 angustiis
395 1706 402 1719 ,
424 1684 496 1711 inter
506 1680 561 1708 duo
576 1676 661 1707 maria
671 1696 678 1710 ,
699 1672 832 1712 paulatim
843 1667 946 1702 deinde
955 1666 981 1696 se
989 1664 1124 1704 pandens.
1146 1673 1165 1692 1.
1178 1671 1203 1692 e.

117 1728 203 1758 Cunei
215 1726 330 1755 formam
341 1721 432 1751 efficit.
942 1743 949 1748 Ι
1023 1741 1029 1746 ¹
1123 1738 1128 1745 Ι

98 1767 221 1796 Cuneare
232 1785 240 1798 ,
261 1772 311 1800 pro
325 1759 505 1790 Connec'tere.
543 1754 607 1784 Seri.
623 1749 705 1789 Epist.
723 1756 782 1782 119.
805 1741 1043 1788 Unuslapissacit
1057 1740 1206 1775 fornicem,

117 1804 162 1833 ille
172 1803 216 1839 qui
227 1801 311 1830 latera
323 1796 453 1827 inclinata
462 1792 588 1823 cuneavit
597 1812 606 1825 ,
631 1790 657 1819 &
673 1788 829 1817 interventu
838 1782 889 1829 suo
899 1786 998 1827 vinxit.

63 1844 84 1873 C
94 1852 111 1872 u
121 1851 140 1870 Ν
150 1851 162 1869 ii
175 1844 190 1869 Ᾰ
201 1849 221 1868 T
231 1848 247 1867 u
257 1847 268 1867 s
277 1859 284 1871 ,
305 1846 320 1866 a
330 1858 338 1871 ,
358 1844 414 1864 um.
436 1831 531 1862 Partic.
545 1830 570 1859 &
581 1827 643 1863 Adj.
666 1819 818 1867 [0432va5,
832 1817 1022 1862 ωμΦιφςιλΘυ]

99 1883 167 1917 Ager
179 1882 320 1907 cuneatus.
357 1869 493 1901 Columel.
504 1867 550 1897 lib.
564 1877 588 1902 5.
599 1874 660 1902 cap.
672 1873 698 1893 2.
728 1871 746 1891 i.
758 1870 781 1889 e.
802 1859 835 1888 In
852 1866 935 1887 cunei
957 1855 1075 1884 formam
1094 1852 1206 1895 faetus)

117 1925 202 1954 quum
212 1911 359 1944 scilicetest
372 1909 469 1947 longus
476 1907 561 1945 pedes
572 1910 701 1937 centum,
721 1899 793 1929 latus
804 1906 839 1927 ex
849 1902 961 1932 utraque
975 1898 1051 1931 parte
1067 1891 1156 1929 pedes
1167 1899 1208 1919 vi-

834 1252 867 1282 In
887 1256 944 1280 vet.
966 1246 1050 1279 Gloss.
1073 1245 1203 1279 Cuneus,

352 1535 366 1570 ]
385 1535 439 1563 are.
459 1529 528 1560 Plin.
544 1526 592 1556 lib.
606 1527 648 1554 16.
661 1532 721 1561 cap.
731 1531 775 1557 40.
798 1519 851 1548 Aut
866 1515 885 1547 fi
896 1515 965 1553 quid
979 1511 1157 1543 cuneandum
1174 1509 1206 1539 sit

100 1965 333 2022 ciiiilis'cuneatus.
354 1984 437 2016 Ovid.
453 1991 495 2019 13.
506 1980 576 2011 Met.
587 1983 650 2018 778.
670 1976 690 2006 i.
702 1985 727 2005 e.
748 1974 780 2005 In
790 1971 872 2003 cunei
886 1968 1097 2000 similitudinem
1107 1966 1206 1996 fastus.

99 2031 226 2067 Compar.
264 2025 357 2059 Liv.o.
370 2033 414 2059 40.
435 2021 599 2051 Formaerat
613 2015 692 2049 scuti,
711 2012 850 2042 summum
859 2009 948 2044 latius,
958 2007 1210 2050 quanpecttusatque

120 2066 226 2097 humeri
234 2070 360 2101 teguntur
369 2083 378 2097 ,
397 2059 501 2096 fastigio
513 2055 621 2094 aequali,
641 2053 675 2083 ad
689 2052 776 2081 imum
787 2047 930 2078 cuneatior
940 2045 1104 2075 mobilitatis
1116 2038 1207 2072 causa.

64 2107 86 2137 C
95 2115 112 2135 u
122 2115 141 2134 Ν
150 2107 187 2134 ιιῑι
197 2113 233 2132 τι
243 2112 263 2131 M
274 2123 282 2137 ,
303 2100 368 2129 Adv.
390 2090 576 2134 [ὲςιφωμὲρως]
597 2093 644 2123 Per
654 2098 768 2120 cuneos
809 2085 872 2129 Caes.
882 2083 990 2128 73Bell.
1004 2081 1074 2113 Gall.
1085 2086 1130 2124 ²8:
1151 2079 1210 2109 Ho-

102 2143 152 2172 stes
165 2151 192 2171 re
205 2149 276 2170 nova
286 2136 435 2176 perterriti,
455 2142 534 2163 muro
545 2153 553 2167 ,
573 2128 746 2165 turribusque
765 2125 885 2162 dejecti,
905 2132 935 2152 in
949 2121 1011 2151 foro
1031 2129 1064 2149 ac
1075 2118 1145 2148 locis
1162 2127 1211 2155 pa-

101 2178 263 2210 tentioribus
274 2175 411 2205 cuneatim
425 2171 613 2201 constiterunt.
834 2198 841 2205 ⁶
1006 2195 1013 2202 θ

66 2220 87 2249 C
98 2229 114 2248 u
124 2228 141 2247 Ν
153 2221 190 2246 itti
201 2226 220 2244 ⁷r
231 2224 275 2248 10,
293 2213 361 2243 onis.
376 2212 394 2241 f.
416 2207 576 2240 Scribonius
587 2206 694 2241 Largus,
709 2210 755 2237 47.
775 2199 892 2230 Narium
904 2201 1070 2227 cuneatione
1078 2192 1208 2237 quadam.

66 2258 88 2287 C
101 2267 116 2285 υ
128 2265 146 2284 Ν
158 2265 171 2283 ii
180 2265 194 2282 u
204 2264 215 2281 s
236 2254 301 2289 Ager
312 2272 320 2285 ,
342 2248 482 2278 Lusitaniae
493 2242 715 2283 promontorium
727 2238 774 2268 est.
811 2235 909 2266 Strabo
921 2234 967 2263 lib.
982 2243 1006 2270 3.
1039 2231 1210 2268 Contiguum

105 2293 168 2322 huic
189 2288 323 2325 (junonis
333 2283 544 2324 promontorio)
564 2289 656 2318 agrum
667 2278 793 2307 Curicum
806 2273 895 2303 Latini
905 2272 1028 2313 vocitarit
1038 2292 1045 2303 ,
1068 2270 1145 2300 σφηνᾰι
1162 2277 1211 2311 cu-

104 2339 186 2359 neum
194 2328 316 2356 volentes
329 2324 484 2360 significare.
524 2319 625 2349 Graecis
640 2316 714 2350 σφῖιν,
736 2322 840 2343 cuneus
852 2320 906 2347 quo
920 2310 994 2347 ligna
1003 2308 1157 2342 finduntur,
1169 2306 1210 2334 di-

104 2369 189 2397 citur:
213 2363 394 2402 Caputhodie
404 2359 487 2389 sancti
504 2356 633 2386 Vincenti
650 2353 806 2383 nominant.
844 2349 876 2379 Id
886 2347 975 2385 ipsum
985 2345 1147 2376 Ptolemaeus
1157 2343 1211 2387 ¹Sa-

105 2415 180 2435 crum
187 2404 240 2432 esse
250 2400 369 2430 credidit
379 2422 386 2433 ,
406 2395 524 2427 utfacile
535 2394 638 2423 inlocis
649 2400 705 2421 riori
713 2390 782 2419 adeo
792 2386 953 2416 distantibus
969 2394 1044 2414 error
1059 2382 1212 2426 committi-

105 2451 156 2473 tur.
196 2439 341 2476 Distinguit
351 2435 515 2473 Pomponius
525 2433 571 2461 lib.
587 2442 610 2467 3.
625 2440 649 2459 1.
671 2429 782 2458 Cuneus
803 2424 939 2462 (inquit)
959 2431 1022 2460 ager
1034 2421 1150 2450 dicitur:
1173 2419 1213 2449 se·

108 2489 192 2517 quens
205 2501 212 2513 ,
240 2478 349 2506 Sacrum
374 2480 491 2505 vocant,
518 2470 651 2507 Magnum
671 2466 747 2503 quod
765 2464 880 2493 ulterius
898 2461 944 2491 est.
985 2460 1016 2489 ln
1034 2459 1133 2501 Cuneo
1151 2457 1215 2486 sunt

108 2517 225 2555 Myrtilis
237 2537 244 2549 .
265 2513 353 2548 Balsa,
375 2509 531 2542 Ossonoba:
553 2509 581 2537 in
592 2508 672 2538 Sucro
684 2502 972 2539 Lacobriga&portus
980 2495 1160 2528 Hannibalis:
1183 2495 1214 2524 in

110 2556 210 2586 Mai-uio
251 2552 345 2581 libera.

71 2595 93 2625 C
104 2605 119 2623 u
133 2575 235 2624 τᾶρι’,
257 2589 355 2618 Launae
372 2584 539 2616 conditionis
558 2580 713 2620 oppidum,
733 2578 762 2608 in
775 2574 933 2608 Balearibus
948 2571 1043 2603 insulis
1060 2571 1159 2607 situm,
1181 2575 1213 2601 ut

108 2631 190 2661 tradit
201 2626 325 2657 Plin.lib.
337 2634 361 2661 3.
375 2634 434 2661 cap.
449 2633 472 2657 ς.
775 2653 780 2658 ⁸
837 2651 842 2657 η

74 2671 95 2700 C
107 2672 121 2698 ῠ
131 2672 191 2697 :tic
201 2669 215 2695 ῡ
227 2669 265 2694 ιλ
279 2674 343 2693 κυε-
353 2685 362 2698 ,
384 2661 477 2691 lnsulae
492 2667 580 2696 parvae
590 2679 598 2692 ,
620 2656 732 2686 dicente
744 2652 810 2682 Plin.
824 2649 873 2680 lib.
887 2658 913 2686 3.
930 2658 990 2685 cap.
1004 2651 1029 2677 6.
1055 2647 1125 2677 Mox
1145 2646 1214 2676 Leu-

110 2707 205 2736 cothea
214 2726 222 2738 ,
241 2710 371 2737 extraque
381 2699 558 2736 conspectum
568 2694 679 2733 pelagus
691 2692 809 2721 Africum
819 2688 956 2725 attingens
965 2686 1100 2720 Sardinia,
1121 2685 1213 2714 minus

111 2752 211 2772 novem
227 2740 349 2770 millibus
361 2736 483 2775 passuum
493 2745 508 2764 a
522 2732 634 2763 Corsicae
646 2729 790 2762 extremis,
810 2727 962 2756 etiamnum
971 2723 1106 2761 angustias
1115 2732 1160 2752 eas
1173 2733 1215 2753 ar-

111 2779 246 2811 <sinubus
263 2776 355 2806 insulis
369 2774 457 2812 parvis
467 2795 473 2807 ,
494 2781 554 2809 quae
565 2768 745 2800 Cuniculariae
755 2764 943 2804 appellantur,
960 2763 1011 2792 Sto.

75 2821 121 2850 Ci‘i
132 2823 167 2848 Νῑ
179 2819 219 2846 cu
232 2827 246 2844 i..
257 2824 313 2849 us,
334 2813 351 2842 i.
373 2822 407 2842 ni.
430 2806 591 2847 [iunioras]
612 2805 719 2837 Animal
736 2803 823 2842 lepori
835 2800 939 2835 simile,
959 2800 1006 2836 qui
1021 2798 1069 2828 sub
1087 2803 1158 2828 terra
1174 2797 1213 2827 ef-

110 2856 173 2886 sosi'a
187 2855 269 2883 latere
281 2852 373 2881 solitus
382 2849 428 2880 est.
468 2848 552 2877 Varro
563 2855 587 2881 3.
600 2845 635 2874 de
645 2843 676 2873 R.
689 2843 720 2872 R.
731 2852 791 2880 cap.
805 2850 847 2870 12.
868 2837 957 2868 Tertii
971 2837 1078 2875 generis
1089 2836 1128 2866 est
1137 2835 1214 2873 quod

113 2895 140 2924 in
154 2891 280 2930 Hispania
292 2889 417 2922 nascitur,
442 2884 527 2914 simile
542 2883 634 2913 nostro
650 2880 738 2919 lepori
751 2888 786 2908 ex
795 2878 912 2916 quadarn
921 2882 1014 2913 parte,
1035 2875 1083 2904 sed
1094 2874 1213 2908 humile,

112 2941 192 2967 quem
204 2927 360 2958 cuniculum
372 2923 520 2963 appellarit.
562 2921 594 2950 Et
603 2919 686 2958 paulo
703 2917 781 2955 post,
802 2913 932 2945 Cuniculi
947 2913 1015 2957 9ὶὶἂί
1032 2913 1067 2943 ab
1083 2921 1117 2942 eo
1138 2911 1215 2949 quod

113 2969 158 2998 sub
170 2975 238 2996 terra
248 2963 390 2994 cuniculos
399 2962 445 2999 ipsi
456 2961 546 2990 facere
553 2958 658 2988 soleant
667 2979 675 2993 ‚
696 2955 744 2985 ubi
753 2955 855 2984 lateant
863 2953 890 2982 in
902 2960 981 2989 agris.

114 3004 228 3036 Martiul.
245 3003 293 3032 lib.
310 3010 349 3037 13.
372 3000 470 3036 (Epig.
482 2997 552 3033 60.)
816 3028 822 3034 ¹

203 3040 309 3070 Gaudet
319 3040 347 3068 in
357 3036 456 3068 effossis
466 3035 587 3065 habitare
597 3030 743 3062 cuniculus
753 3034 846 3059 antris.
930 3025 966 3056 Η.
981 3025 1021 3056 St.

115 3079 226 3111 Mollior
235 3077 335 3115 capillo
350 3074 481 3105 cuniculi.
501 3071 590 3102 Catul.
602 3080 646 3106 ²3-
660 3079 683 3098 ι.

115 3116 263 3148 cuniculus
275 3137 282 3149 ‚
302 3110 467 3150 [thimaei]
488 3111 620 3140 Foramen
638 3107 686 3136 sub
707 3112 778 3135 terra
795 3102 956 3136 occultum,
985 3106 1033 3130 aut
1049 3100 1084 3130 ab
1102 3100 1216 3130 animali

134 3155 206 3191 quod
220 3152 302 3182 simile
310 3152 346 3181 est
357 3150 442 3188 lepori
454 3171 462 3184 ,
482 3147 654 3185 appellatur,
670 3144 715 3174 cui
737 3139 895 3172 subterfoffa
907 3148 976 3168 terra
996 3138 1080 3168 latere
1098 3139 1136 3168 est
1155 3138 1219 3167 soli-

135 3200 208 3220 tum:
230 3200 275 3219 aut
287 3199 301 3218 a
314 3197 463 3218 cuneorum
475 3184 668 3217 similitudine,
689 3181 734 3218 qui
753 3188 865 3208 omnem
883 3177 1026 3207 materiam
1043 3177 1147 3205 intrant
1166 3176 1218 3205 fin.

136 3230 239 3258 dentcs.
280 3227 344 3256 slaec
361 3226 450 3254 Festus
465 3246 473 3259 ,
493 3222 567 3260 apud
581 3230 663 3258 quem
680 3219 778 3256 legitur
800 3215 969 3246 Cuniculum
988 3219 1088 3243 neutro
1106 3223 1216 3252 genere.

138 3266 199 3295 Cius.
213 3276 236 3301 7.
251 3264 315 3294 licii.
327 3263 396 3293 Gall.
407 3272 451 3291 22.
475 3261 504 3290 Et
514 3268 638 3297 aggerem
649 3255 784 3286 cuniculis
793 3252 992 3284 subtrahebant.

121 3302 443 3339 Cuniculisoppugnare,
464 3308 511 3335 per
522 3296 737 3327 translationem.
764 3293 791 3321 h·
805 3302 829 3321 e.
862 3290 933 3320 Dolo
953 3291 979 3320 &
999 3287 1095 3318 fraude
1112 3288 1217 3325 aliquid

141 3341 242 3374 moliri,
261 3341 285 3368 ἃ
300 3339 441 3376 negotium
452 3336 533 3365 alicui
545 3333 680 3363 facessere.
717 3331 774 3360 Cic.
788 3339 809 3358 r.
822 3339 871 3366 pro
881 3328 952 3365 Lege
963 3329 1022 3364 Agr.
1038 3335 1061 3356 1.
1083 3325 1152 3362 Quae
1175 3335 1219 3356 res

139 3385 228 3415 aperte
237 3377 377 3414 petebatur
388 3397 396 3408 ,
416 3384 447 3403 ea
456 3383 529 3403 nunc
538 3371 647 3401 occulte
661 3367 797 3399 cuniculis
806 3372 988 3404 oppugnatur.

122 3415 205 3449 ligere
216 3414 355 3443 cuniculos
364 3435 371 3447 ,
391 3407 588 3448 [m'zmoffiaeu'm]
609 3408 683 3444 quod
696 3406 792 3440 vulgus
802 3407 896 3431 minare
906 3403 984 3432 dicit.
1003 3401 1060 3431 Cic.
1074 3410 1098 3437 3.
1110 3400 1218 3436 Offiqo.

141 3449 528 3518 Qffd¹ibp²tffi.ss¹n{¹²xl³'¹¹⁶‘’
548 3442 952 3481 cuniculosagatadaerarium,
973 3439 1154 3469 indicetneid
1164 3448 1220 3469 ma-

161 3500 166 3518 i
192 3498 237 3517 ran
261 3499 289 3517 us
330 3498 369 3516 ius

123 3499 425 3555 T‘iansverfiscumcuiis
439 3523 556 3552 hostium
570 3519 715 3551 cuniculos
729 3518 866 3552 excipere.
888 3515 945 3545 Liv.
957 3524 1003 3552 23.
1016 3519 1059 3550 18.

124 3564 254 3592 subruere
267 3573 354 3591 muros
363 3561 504 3591 cuniculis.
528 3562 601 3588 Curt.
616 3570 640 3591 4.
655 3560 680 3586 6.
694 3567 737 3585 21.

125 3600 272 3630 cuniculus
280 3602 312 3628 ad
324 3601 388 3628 alias
399 3601 528 3627 cavitates
541 3596 708 3625 transfertur.
730 3592 796 3622 Plin.
813 3602 839 3622 2.
849 3600 893 3626 43.
909 3592 935 3620 Sc
944 3599 970 3619 2.
982 3595 1027 3624 80.

124 3638 271 3667 Cuniculus
282 3659 289 3671 ,
310 3648 356 3674 pro
368 3636 468 3665 cunali.
507 3634 572 3663 l'lin.
584 3634 629 3662 lib.
645 3644 670 3667 9.
682 3642 740 3668 cap.
752 3636 794 3664 ζῇ.
817 3630 929 3659 Fervere
940 3630 966 3657 in
977 3627 1111 3664 plumbo,
1132 3626 1221 3663 singu.

142 3676 224 3710 iii'qtic
236 3685 307 3711 aqum
319 3674 455 3709 amphoris
473 3680 604 3700 centenas
617 3677 698 3706 atquc·
715 3670 919 3704 quinquarzenas
932 3666 1123 3695 medicaminis
1140 3665 1222 3695 libras

90 3750 110 3778 C
144 3713 237 3748 a-quari
249 3735 256 3745 ,
270 3723 306 3756 pc
318 3713 425 3739 modico
434 3720 532 3746 vapore
543 3709 651 3774 ῑίξῐῐεπί,
665 3709 698 3773 gt
709 3706 940 3771 ideollonuinnuae
949 3703 1066 3749 fornacis
1077 3703 1219 3732 cuniculo.

120 3760 135 3778 U
146 3759 162 3777 N
176 3761 181 3776 ι
193 3761 209 3775 ι;
220 3760 234 3776 υ
248 3761 252 3775 ι
290 3759 306 3775 Ν
351 3759 354 3762 ·
394 3758 400 3762 ’
746 3754 751 3759 “
815 3754 817 3758 ’

90 3787 167 3831 ς..
180 3797 186 3813 ,
437 3758 498 3818 itis:
515 3783 672 3818 i..
687 3739 1132 3814 &sixt—'stareresistitis.0.
1155 3787 1220 3813 ...

90 3825 112 3852 L
123 3833 137 3850 υ
150 3832 166 3850 Ν
180 3833 213 3849 ic
224 3833 288 3864 uin
300 3834 313 3849 ii
325 3834 332 3849 ι
344 3832 357 3849 υ
369 3833 391 3853 s.
403 3832 417 3848 i.
432 3831 466 3849 iii.
478 3820 726 3855 [·.'2..-avop1.ab⁷nc]Qiii
739 3819 786 3847 sub
795 3819 871 3845 terris
880 3816 1024 3846 cuniculos
1036 3815 1114 3844 fodit.
1144 3822 1218 3852 eget.

127 3860 160 3901 dc
171 3859 318 3901 lle-Miljib.
331 3869 356 3901 .²·
368 3868 427 3900 cup.
444 3868 481 3885 ii.
504 3858 566 3887 liast-
576 3859 648 3886 enini
660 3867 714 3885 crat
726 3867 787 3885 curu
799 3857 943 3892 pratcipua,
966 3861 994 3882 ut
1008 3853 1138 3890 quicquid
1146 3862 1222 3882 exer-

126 3903 191 3926 citui
212 3895 387 3925 necessarium
403 3895 561 3930 videbatur,
581 3904 721 3932 nunquam
738 3892 840 3923 deesset
858 3894 887 3921 iu
907 3892 1012 3928 castris,
1032 3890 1116 3928 usque
1137 3900 1171 3921 eo
1190 3895 1221 3925 ut

1285 145 1369 174 etiam
1383 139 1569 171 cunicularios
1578 137 1715 167 haberent
1724 158 1733 170 ,
1756 135 1803 172 qui
1814 135 1849 164 ad
1861 143 1966 163 morem
1980 133 2120 163 Bessorum
2130 134 2215 164 duGto
2227 133 2275 163 sub
2285 133 2362 162 terris
2372 141 2419 162 cu-

1284 180 1398 214 niculo,
1421 177 1558 213 murisque
1575 176 1646 204 intra
1659 174 1841 203 fundamenta
1864 171 1989 210 perfoffis
2002 194 2011 207 ,
2032 173 2170 210 improvisi
2188 178 2362 209 emergerent
2381 169 2415 200 ad

1287 220 1369 249 urbes
1381 217 1498 246 hostium
1511 212 1669 251 capiendas.
1703 211 1734 240 V.
1758 209 1895 240 Ammian.
1908 220 1953 245 ²4·
1969 220 2011 244 15-

1250 258 1272 289 C
1286 268 1303 287 u
1313 266 1332 285 N
1345 267 1353 284 1
1365 265 1381 284 c
1392 265 1409 284 u
1423 257 1464 282 LK
1475 262 1494 280 T
1504 263 1513 280 ι
1523 262 1543 280 M
1557 273 1565 286 ,
1589 251 1654 279 Λᾶν.
1678 241 1867 284 [semmam]
1888 247 1956 276 Plin.
1970 247 2019 277 lib.
2033 258 2058 282 9.
2080 256 2140 284 cap.
2158 251 2202 282 36.
2232 247 2355 276 Alterum
2373 254 2418 283 ge.

1287 304 1339 324 nus
1354 292 1541 323 concharum,
1563 296 1684 326 purpura
1702 293 1835 320 vocatur,
1858 285 2040 315 cuniculatim
2064 291 2246 322 procurrente
2263 283 2348 313 rostro
2362 306 2370 320 ,
2389 284 2416 313 δε

1287 331 1411 362 cuniculi
1421 331 1505 358 latere
1516 325 1648 355 introrsus
1659 323 1788 352 tubulato
1801 345 1808 355 .
1827 333 1881 359 qua
1892 323 2047 361 proseratur
2058 323 2161 359 lingua.

1251 371 1272 402 C
1282 381 1298 399 u
1312 379 1331 398 Ν
1341 381 1348 397 1
1359 379 1376 397 c
1385 379 1401 397 υ
1412 379 1427 396 L
1436 371 1452 396 ὃ
1462 374 1523 409 513⁸
1533 386 1542 399 ‚
1551 374 1578 408 ,a
1590 386 1598 398 ,
1620 372 1676 392 um.
1701 361 1775 404 Adj..
1791 357 1987 396 [ae‘zavrqmibiff]
2021 360 2166 390 Cuniculis
2185 359 2295 398 plenus.
2336 358 2418 388 Unde

1290 406 1413 437 Catullus
1424 404 1603 434 Celtiberiam
1613 407 1696 429 vocat
1704 397 1910 428 Cuniculosam.
1951 398 1983 428 V.
2006 407 2023 427 c
2031 408 2047 427 E
2057 409 2073 426 L
2081 407 2101 426 T
2109 409 2118 427 1
2128 408 2143 426 ri
2154 408 2167 427 e
2178 408 2193 426 a
2202 409 2211 426 1
2221 408 2250 427 A.

1252 447 1274 477 C
1283 448 1300 475 ῠ
1312 449 1351 473 Νῖ
1361 456 1376 473 i.
1387 454 1407 472 A
1418 465 1425 477 ,
1447 452 1478 471 ze.
1501 441 1519 470 f.
1542 439 1644 476 [ιωνίλπ
1656 457 1662 467 ⁷
1687 436 1801 472 κρνυζοι]
1825 435 1917 465 Herba
1927 436 1965 466 est
1977 444 2060 473 quani
2075 436 2242 466 Theodorus
2261 434 2336 464 Gaza
2346 433 2420 462 Puli.

1289 492 1381 513 carem
1392 479 1539 510 convertit.
1577 474 1717 506 Columel.
1733 474 1782 518 lib.
1796 484 1822 509 9.
1838 483 1900 510 cap.
1912 484 1939 508 4.
1962 473 2066 503 Eadem
2081 474 2158 511 regio
2167 473 2288 503 fecunda
2302 472 2333 501 sit
2341 472 2420 501 fruti-

1290 522 1330 551 cis
1345 519 1439 553 exigui
1450 540 1457 552 ,
1480 518 1505 546 ἃ
1518 516 1639 545 maxime
1651 514 1750 550 thymi,
1772 519 1819 541 aut
1829 512 1936 548 origani
1950 533 1958 547 ,
1978 518 2040 541 tum
2047 512 2133 541 etiam
2143 510 2277 548 thymbra:
2287 533 2295 547 ,
2316 509 2361 539 vel
2371 519 2422 538 no.

1291 558 1377 588 stratis
1389 555 1488 586 cunilae
1501 576 1509 589 ‚
1530 563 1613 590 quam
1622 551 1768 581 satureiam
1778 549 1871 579 rustici
1885 555 1996 579 vocant.

1291 596 1391 625 Cunila
1404 593 1506 623 bubula
1516 614 1525 627 ,
1547 591 1640 620 semen
1652 589 1757 627 pulegii
1769 587 1855 617 habet
1864 609 1871 622 ,
1893 587 1963 616 utile
1974 586 2010 617 ad
2021 585 2138 615 vulnera
2152 587 2421 616 commanducatum

1308 633 1533 670 impositumque,
1544 634 1575 658 ut
1589 629 1686 665 quinto
1697 626 1759 665 post
1770 626 1814 655 die
1824 625 1954 655 solvatur.
1966 625 2031 661 [Ex
2043 623 2113 653 Plin.
2125 623 2174 654 lib.
2191 633 2236 654 20.
2247 634 2307 662 cap.
2322 628 2364 653 16.
2377 633 2419 662 pr.

1309 672 1339 700 in
1355 680 1408 701 vet.
1421 668 1503 699 Gloss'.
1524 665 1681 697 Cunebulla
1692 687 1700 700 ,
1722 663 1815 700 κᾷννζκ
1828 686 1836 699 ,
1853 663 1941 695 βοτάνη
1953 685 1960 696 ,
1981 661 2079 692 vitiose
2089 671 2140 700 pro
2151 661 2260 692 Gunela
2271 661 2384 691 bubula.

1290 710 1335 740 Est
1353 709 1406 738 alia
1428 706 1544 740 Cunila,
1568 704 1728 733 Gallinacea
1747 701 1887 739 appellata
1905 701 2016 736 nostris,
2055 700 2158 730 Graecis
2169 700 2323 737 Origanum
2335 698 2423 729 Hera-

1309 748 1469 777 cleoticum.
1511 742 1622 773 Prodest
1631 741 1720 770 oculis
1728 740 1804 773 trita,
1826 739 1925 770 addito
1933 738 1997 769 sale.
2037 737 2144 768 Tuffim
2156 747 2269 775 quoque
2279 737 2422 773 emendat,

1310 787 1336 815 ἃ
1350 785 1507 821 jecinorum
1518 782 1594 811 vitia.
1623 780 1691 808 Haec
1704 778 1772 807 Plin.
1785 777 1834 807 lib.
1847 787 1892 806 20.
1910 786 1972 815 cap.
1987 779 2031 806 16.
2053 776 2134 813 Apul.
2147 776 2182 805 de
2193 775 2278 805 Herb.
2290 784 2420 813 capan-

1309 824 1457 860 Origanon
1470 831 1485 850 a
1496 819 1599 848 Graecis
1610 816 1819 846 Heraclioticon
1832 837 1840 849 ,
1862 815 1962 849 onitis,
1984 813 2126 851 asclepion
2136 835 2144 850 ,
2165 823 2285 851 panaces
2299 823 2305 843 :
2328 813 2422 843 conila

1309 861 1484 898 appellatur:
1508 856 1598 886 Latini
1618 854 1748 887 Cunilam
1766 853 1900 883 Gallicam
1919 855 1946 883 ἃ
1960 853 2107 890 origanum
2128 851 2284 880 nominant.
2325 852 2425 889 [Apu.

1307 899 1393 929 leium
1404 907 1440 927 ex
1452 896 1539 926 Plinio
1547 893 1681 924 emendat
1694 892 1855 922 Harduinus
1866 913 1875 927 ,
1894 890 1942 920 sed
1951 890 2068 920 fortassis
2079 890 2154 928 apud
2166 889 2250 920 Hunc
2268 889 2422 925 Gallicana,

1312 948 1362 975 pto
1380 935 1556 968 Gallinacea,
1577 931 1741 969 legendum.

1256 975 1278 1006 C
1288 986 1336 1042 1ng
1347 986 1355 1004 ι
1367 986 1381 1003 ι.
1392 978 1408 1003 Ji
1423 983 1440 1002 o
1451 983 1467 1001 o
1480 995 1488 1008 ,
1508 972 1574 1001 inis.
1596 970 1615 1000 f.
1640 966 1754 1005 [45vaoe
1772 965 1888 1003 ἀνοία]
1909 966 2010 997 Cunila
2020 966 2131 1004 agrestis
2143 965 2189 996 vel
2203 965 2328 997 erratica.
2350 964 2421 995 Plin.

1306 1024 1311 1042 1
1337 1023 1398 1047 .19.
1410 1021 1442 1041 ca
1466 1015 1509 1044 .8.

1256 1052 1304 1081 Cu
1317 1021 1484 1084 N1NA,pV.
1508 1056 1626 1077 ctiNffi.

1255 1090 1277 1120 C
1288 1099 1304 1119 u
1313 1099 1333 1118 N
1345 1101 1354 1117 1
1365 1099 1381 1117 o
1391 1110 1398 1123 ,
1420 1091 1471 1116 ire.
1493 1086 1584 1122 inquit
1596 1083 1686 1113 Festus
1696 1105 1704 1119 ,
1725 1083 1764 1112 est
1771 1082 1884 1113 Stercus
1894 1081 2002 1111 facere:
2024 1080 2132 1110 dicium
2141 1090 2157 1110 a
2166 1079 2253 1111 cunis
2259 1079 2423 1116 infantium,

1294 1136 1354 1163 quse
1369 1126 1438 1163 saepe
1448 1126 1567 1154 stercore
1578 1123 1729 1151 foedantur.

1255 1165 1277 1195 C
1287 1176 1304 1195 u
1315 1175 1334 1194 Ν
1346 1174 1365 1194 Ν
1374 1174 1391 1193 υ
1400 1174 1423 1199 s,
1435 1163 1451 1193 i.
1467 1172 1504 1192 m.
1520 1159 1656 1198 [emico]
1669 1158 1835 1189 Pudendum
1846 1157 1993 1187 muliebre.
2006 1156 2248 1193 Auctorcarminis
2257 1155 2364 1194 Priapei
2378 1165 2421 1193 39.

1372 1203 1399 1231 Si
1411 1211 1464 1238 qua
1474 1201 1582 1230 estnon
1594 1198 1662 1227 fatui
1672 1197 1765 1235 puella
1775 1196 1871 1226 cunni.
1956 1196 1982 1225 ἃ
1996 1194 2116 1224 Martial-
2127 1194 2175 1224 lib.
2187 1203 2213 1231 7.
2230 1203 2273 1231 17.

1292 1240 1409 1271 Mirator
1421 1239 1506 1268 cunni
1517 1236 1691 1274 Cupiennius
1702 1235 1767 1264 albi.
1805 1233 1905 1263 Versus
1920 1233 1959 1263 est
1972 1232 2042 1263 Hor.
2056 1242 2081 1263 1.
2100 1232 2188 1262 Serm.
2202 1241 2229 1262 2.
2245 1235 2289 1269 36.
2309 1230 2425 1261 satiricae

1311 1277 1495 1307 obscaenitatis
1509 1286 1515 1305 :
1537 1275 1584 1304 sed
1596 1275 1660 1311 quia
1679 1283 1739 1303 non
1755 1272 1819 1302 satis
1833 1271 1959 1309 apposite
1977 1270 2133 1309 explicatur
2152 1270 2187 1300 ab
2204 1269 2423 1308 interpretibus,

1310 1317 1375 1346 ideo
1391 1316 1435 1344 hic
1443 1314 1510 1351 quid
1525 1313 1560 1342 de
1577 1322 1612 1342 eo
1629 1311 1728 1341 sentiat
1741 1310 1891 1341 Turnebus
1906 1309 2113 1339 annotabimus.
2151 1308 2268 1338 Videtur
2282 1329 2290 1344 ,
2312 1308 2423 1345 inquit,

1312 1364 1348 1384 ex
1359 1353 1492 1392 pudenda
1506 1358 1583 1390 parte
1595 1350 1743 1379 mulierem
1757 1347 1916 1385 intelligere
1926 1369 1934 1382 ,
1956 1356 1993 1376 ex
2004 1347 2069 1376 albo
2081 1348 2244 1384 ingenuam.
2283 1346 2318 1375 At
2335 1346 2365 1375 in
2383 1346 2428 1375 in-

1312 1392 1410 1430 genuis
1425 1392 1515 1428 stupra
1524 1389 1630 1425 legibus
1640 1387 1854 1417 vindicabantur
1865 1407 1874 1421 ,
1896 1395 1955 1414 non
1964 1391 2058 1415 autem
2068 1385 2097 1414 in
2108 1384 2254 1414 libertinis.
2293 1383 2426 1421 Ingenuae

1313 1439 1377 1460 vero
1388 1429 1518 1458 mulieres
1528 1427 1626 1457 albatae
1634 1432 1712 1455 erant
1721 1447 1730 1461 ,
1750 1425 1890 1454 libertinae
1899 1429 2004 1458 atratae,
2024 1423 2180 1453 nobiliores
2190 1428 2357 1460 purpuratae.
2380 1424 2427 1451 Ar-

1312 1468 1487 1503 temidorus,
1508 1468 1531 1503 ’ᾖ
1553 1467 1569 1492 f't
1593 1460 1634 1501 μὴ)
1652 1465 1663 1493 ἦ
1678 1459 1787 1499 'clupeus
1807 1461 1837 1492 {in
1855 1461 1950 1496 nahah,
1976 1458 2104 1497 {Adesseffiv
2123 1461 2134 1487 ὅ
2157 1454 2212 1488 [alliu
2232 1460 2343 1496 γαμήσει.
2367 1461 2384 1486 ἐι
2398 1456 2425 1486 st

1314 1505 1440 1542 μέλοωνκ,
1459 1500 1633 1538 ἁῃλώθὲὲαν·
1650 1498 1701 1529 ’ἐιᾶἳ
1720 1501 1853 1537 πυρφνρθῖ,
1881 1496 2024 1535 svperis-{39⁶⁹
2047 1499 2132 1528 ἓαυτὲ,
2155 1499 2201 1528 Sic
2217 1498 2294 1528 enim
2308 1498 2427 1534 conjicit

1314 1544 1421 1574 somnia
1433 1543 1480 1573 ista
1491 1540 1699 1575 Artemidorus,
1720 1539 1797 1577 quod
1819 1539 1862 1568 liis
1876 1537 1964 1567 essent
1981 1536 2068 1566 solitae
2081 1536 2202 1567 vestibus
2217 1536 2259 1567 uti
2277 1537 2405 1574 ingenuae
2416 1557 2425 1573 ,

1316 1582 1451 1612 libertinae
1463 1603 1471 1616 ,
1493 1579 1644 1611 &nobiles.
1668 1578 1736 1608 Haec
1750 1577 1799 1607 ille
1810 1575 1920 1606 Advers.
1942 1585 1984 1604 11.
1998 1578 2024 1605 6.

1260 1623 1283 1653 C
1294 1631 1340 1651 υΝ
1350 1630 1369 1649 Ν
1380 1632 1387 1648 ι
1397 1631 1413 1648 ι,
1424 1631 1433 1648 ι
1443 1630 1462 1648 Ν
1471 1629 1489 1648 o
1499 1629 1518 1648 u
1528 1628 1540 1647 s
1550 1640 1558 1653 ,
1579 1619 1596 1646 i.
1620 1627 1656 1646 m.
1680 1616 1737 1653 Qui
1749 1624 1876 1652 cunnum
1888 1614 1980 1652 lingit.
2000 1612 2121 1643 Martial.
2131 1611 2182 1642 lib.
2198 1621 2240 1642 12.
2254 1622 2298 1648 59.

1261 1661 1502 1692 Cunicznms,
1524 1655 1570 1687 vel
1588 1656 1682 1693 potius
1704 1653 1956 1687 commum,
1976 1652 2043 1681 idis.
2065 1651 2085 1681 f.
2120 1650 2303 1687 [ιωννζαμὶς]
2332 1650 2426 1681 Herba

1298 1707 1358 1736 quae
1368 1696 1422 1726 alio
1431 1696 1546 1725 nomine
1560 1691 1699 1730 Cunilago
1709 1692 1820 1722 dicitur.
1842 1691 1944 1721 Auctor
1956 1689 2025 1720 Plin.
2038 1689 2088 1719 lib.
2103 1698 2146 1725 19.
2158 1697 2220 1727 cap.
2234 1693 2261 1723 8.

1722 1739 1752 1774 C
1842 1738 1875 1773 U
1958 1738 1983 1772 P

1261 1803 1363 1834 Cup».
1374 1824 1382 1838 ,
1403 1812 1435 1832 ae.
1456 1801 1476 1831 f.
1501 1800 1647 1836 [oivo'zmao
1661 1799 1677 1835 ]
1698 1798 1754 1828 Vas
1769 1797 1799 1827 in
1814 1807 1870 1835 quo
1885 1795 2010 1832 bibitur,
2030 1794 2107 1825 velut
2126 1795 2252 1833 cyathus.
2294 1796 2315 1826 A
2328 1805 2432 1834 caupo-

1299 1841 1399 1875 nibus,
1421 1840 1468 1877 qui
1478 1839 1533 1868 hoc
1548 1839 1576 1868 in
1594 1837 1704 1876 poculis
1719 1835 1888 1870 utebantur,
1909 1844 2016 1864 nomen
2029 1833 2177 1901 assumiksit.
2218 1834 2350 1870 Naevius,
2372 1835 2431 1872 Qui
2468 1867 2469 1871 ,

1299 1880 1370 1909 duas
1380 1888 1464 1916 cupas
1475 1887 1553 1907 mero
1565 1876 1660 1915 plenas
1671 1874 1804 1905 exhausit.
1827 1874 1905 1903 Varr.
1921 1873 1957 1903 de
1968 1873 2030 1902 Vita
2041 1872 2109 1910 Pop.
2149 1873 2261 1908 omani,
2282 1873 2359 1902 Mori
2368 1872 2432 1902 lon.

1300 1917 1327 1955 gi
1339 1926 1403 1947 cum
1414 1915 1548 1954 operculo
1562 1915 1597 1944 ad
1608 1923 1694 1952 cupas
1707 1935 1716 1950 ,
1736 1912 1819 1943 tertio
1829 1911 1990 1948 amphoras.
2017 1910 2059 1940 Ex
2072 1910 2170 1940 Nonio
2180 1919 2207 1941 2.
2220 1919 2283 1948 113.
2306 1910 2431 1948 Quidam

1301 1955 1408 1993 duplici
1423 1965 1438 1984 P
1450 1954 1549 1992 Cuppa
1558 1952 1690 1982 scribunt.

1302 1993 1381 2031 Cupa
1396 2015 1405 2028 ,
1426 1992 1477 2022 Vas
1484 1992 1620 2036 vinarium
1631 1991 1722 2026 majus
1732 2011 1741 2023 ,
1763 1987 1856 2026 inquit
1865 1986 2002 2022 Budaeus,
2021 1996 2055 2016 ea
2067 1986 2158 2016 forma
2171 1992 2203 2017 ut
2220 1986 2354 2023 arbitror,
2376 1997 2430 2026 qua

1319 2031 1397 2061 lacus
1406 2029 1556 2060 torcularis.
1597 2028 1656 2058 Cic.
1669 2029 1698 2058 in
1709 2027 1799 2058 Pison.
1812 2030 1857 2062 67.
1880 2025 1960 2054 Panis
1971 2026 1997 2055 δι
2007 2025 2102 2054 vinum
2118 2035 2134 2054 a
2148 2024 2266 2063 propola
2289 2034 2372 2063 atque
2394 2027 2430 2055 de

1320 2079 1401 2107 cupa.
1442 2068 1497 2098 Sed
1507 2068 1554 2097 hic
1563 2067 1601 2096 est
1609 2077 1684 2097 error
1694 2077 1702 2102 3
1726 2065 1806 2103 Cupa
1813 2064 1889 2094 enim
1900 2063 2004 2093 ibinon
2014 2063 2069 2093 Vas
2078 2063 2117 2092 est
2126 2085 2134 2098 ,
2155 2063 2203 2092 sed
2213 2063 2317 2093 Mulier
2327 2073 2432 2101 caupo.

1320 2108 1429 2150 natrix3
1450 2107 1542 2143 itaque
1552 2105 1656 2134 Vinum
1668 2105 1703 2134 de
1715 2112 1803 2141 cupa,
1829 2102 1867 2132 est
1880 2101 1969 2139 Quod
1979 2110 1995 2131 a
2006 2110 2077 2140 copa
2088 2101 2144 2131 five
2154 2110 2226 2140 cupa
2238 2102 2342 2140 petitur
2353 2112 2362 2138 3
2384 2102 2432 2132 seu

1323 2144 1408 2182 Quod
1422 2154 1451 2173 in
1460 2143 1573 2173 taberna
1583 2142 1682 2172 venale
1689 2142 1736 2172 est.
1787 2164 1794 2170 .

1303 2183 1382 2227 Ctupa
1390 2190 1487 2221 potare
1497 2181 1623 2219 magistra
1633 2203 1640 2215 ,
1660 2182 1678 2210 i.
1692 2190 1715 2210 e.
1737 2177 1825 2209 Nullo
1838 2176 1893 2208 alio
1908 2176 2026 2207 bibendi
2038 2176 2166 2214 magistro
2178 2176 2306 2208 adhibito
2318 2200 2327 2214 ‚
2348 2188 2431 2216 quam

1321 2221 1380 2259 ipsa
1389 2230 1478 2258 cupa,
1498 2227 1604 2258 potare.
1627 2218 1694 2248 Hor.
1706 2227 1731 2248 2.
1753 2217 1840 2248 Serm.
1855 2226 1881 2246 2.
1900 2225 1960 2251 ιη.

1397 2259 1456 2288 Post
1466 2258 1525 2288 haec
1536 2257 1618 2287 ludus
1633 2263 1691 2286 erat
1699 2265 1771 2293 cupa
1782 2260 1879 2294 potare
1890 2252 2024 2292 magistra.
2105 2252 2234 2283 Lambin.
2265 2252 2306 2282 Al.
2330 2253 2430 2291 Culpa.

1323 2307 1349 2335 q.
1363 2296 1401 2340 V..
1427 2298 1453 2340 ·[
1464 2296 1520 2340 Ego
1533 2296 1613 2333 Cupa
1623 2317 1632 2330 ‚
1653 2305 1704 2333 pro
1716 2293 1795 2332 Copa
1812 2293 1856 2323 vel
1870 2292 1927 2322 Cau
1951 2301 1973 2321 a·
1985 2290 2118 2328 scriptum
2135 2298 2205 2329 puto
2215 2314 2223 2326 ,
2244 2298 2276 2320 ut
2285 2292 2360 2329 apud
2370 2292 2430 2322 Cic.

1326 2345 1359 2365 ac
1375 2334 1446 2364 nihil
1457 2334 1533 2364 aliud
1543 2334 1667 2362 indicare
1678 2337 1790 2370 poetam
1801 2353 1810 2367 ,
1831 2339 1914 2368 quam
1947 2330 2027 2358 inum
2036 2329 2064 2357 in
2081 2329 2136 2358 hoc
2145 2329 2244 2366 frugali
2254 2330 2386 2359 convivio
2396 2330 2432 2359 de

1302 2392 1304 2394 ·
1322 2382 1414 2441 fiiliiplae,
1433 2373 1457 2440 {l
1467 2382 1505 2439 e.C
1512 2372 1662 2439 iizii‘irgaria
1673 2370 1799 2406 taberna,
1810 2369 1953 2408 praebente
1962 2376 2033 2405 copa
2044 2373 2179 2404 quantum
2190 2359 2295 2403 lubuit,
2311 2369 2433 2406 petitum

1305 2448 1434 2479 Clausum
1446 2447 1657 2486 cupatriticum.
1698 2445 1841 2484 Alphenus
1854 2444 1884 2473 in
1894 2443 1912 2473 l.
1927 2443 1959 2473 ln
1970 2453 2049 2474 nave.
2063 2443 2099 2473 D.
2118 2442 2213 2473 Locati
2226 2465 2235 2479 ‚
2257 2443 2344 2480 Quod
2363 2443 2380 2472 ii
2395 2443 2434 2473 se-

1323 2493 1450 2532 paratum
1462 2486 1562 2530 tabulis
1574 2492 1648 2529 ,aut
1657 2484 1808 2523 peronibus
1818 2505 1827 2518 ,
1848 2489 1896 2512 aut
1909 2482 1963 2512 alia
1983 2491 2055 2520 cupa
2074 2480 2197 2511 clausum
2218 2481 2432 2519 uniuscujusque

1323 2533 1450 2569 triticum
1458 2523 1550 2554 fuisset
1560 2545 1568 2558 ,
1588 2531 1625 2553 ita
1636 2531 1667 2552 ut
1679 2521 1830 2552 internosci
1840 2520 1929 2559 posset
1937 2520 2012 2557 quod
2024 2518 2157 2556 cujusque
2164 2518 2247 2555 esset,
2265 2521 2317 2549 &c.

1306 2563 1394 2601 Cupis
1409 2563 1559 2629 ”tebasstg
1570 2562 1604 2591 ad
1614 2562 1745 2599 pontium
1753 2559 1895 2590 fabricam.
1926 2558 2047 2596 Capitol.
2060 2557 2213 2588 Maximin.
2224 2567 2286 2596 cap.
2297 2567 2343 2588 22.
2364 2557 2434 2587 Pon-

1324 2609 1442 2630 teexcu
1466 2610 1487 2630 is
1510 2610 1539 2630 a>
1555 2609 1579 2629 0.

1305 2639 1398 2669 Naves
1409 2611 1494 2668 etiiim
1507 2638 1586 2676 cupis
1596 2636 1804 2667 sustinebantur.
1826 2634 1896 2664 Plin.
1906 2642 1952 2671 23.
1962 2642 1988 2664 2.
2013 2632 2045 2663 V.
2068 2632 2172 2663 Lucan.
2184 2643 2211 2670 4.
2222 2643 2287 2670 420.

1307 2677 1386 2714 Cupa
1394 2676 1449 2706 alio
1458 2675 1535 2706 sensu
1551 2676 1637 2705 utitur
1657 2674 1723 2704 Caes.
1735 2683 1760 2703 2.
1774 2672 1841 2703 Bell.
1854 2672 1935 2702 Civil.
1950 2682 1993 2701 11.
2014 2670 2046 2701 Id
2058 2671 2106 2701 ubi
2120 2671 2227 2707 vident,
2248 2676 2358 2702 mutant
2366 2680 2434 2701 con.

1325 2715 1414 2745 silium
1427 2724 1433 2744 :
1456 2724 1541 2752 cupas
1551 2714 1623 2743 taeda
1634 2722 1666 2742 ac
1676 2713 1738 2750 pice
1750 2712 1863 2741 refertas
1873 2711 2049 2745 incendunt3
2071 2709 2170 2747 easque
2184 2710 2220 2740 de
2231 2719 2311 2739 muro
2326 2710 2354 2738 in
2372 2719 2434 2739 mu·
2474 2739 2477 2741 ,

1325 2752 1432 2783 sculum
1442 2752 1603 2782 devolvunt.
1644 2751 1700 2787 [ln
1712 2750 1800 2779 tribus
1811 2749 1853 2778 his
1870 2748 1940 2778 locis
1955 2758 2043 2778 unum
2060 2747 2193 2784 idemque
2209 2757 2296 2785 genus
2313 2747 2381 2776 vasis
2402 2748 2435 2777 li-

1326 2791 1389 2829 gnei
1409 2789 1587 2828 intelligitur,
1609 2789 1683 2825 quod
1703 2788 1788 2825 vulgo
1806 2796 1951 2825 perperam
1972 2786 2085 2815 Dolium
2104 2794 2245 2816 vocamus.
2267 2786 2326 2815 Vet·
2346 2784 2431 2816 Gloff.

1328 2828 1469 2868 Cupa,seu
1485 2825 1673 2866 vagnassffla
1689 2826 1797 2860 μεγέλη,
1809 2825 1832 2854 ἦν
1844 2835 1898 2851 wir
1907 2826 2002 2858 γοωλὸν
2017 2824 2114 2855 zozim.
2130 2823 2160 2853 V.
2170 2823 2240 2862 Lips.
2255 2824 2431 2859 Poliorc.2.5.

1270 2868 1440 2935 cungJ‘4’
1462 2876 1493 2897 ae.
1514 2865 1534 2897 s.
1555 2866 1656 2896 dimin.
1679 2864 1768 2894 Calix.
1783 2863 1846 2901 Dig.
1862 2862 1881 2893 l.
1894 2871 1937 2900 33.
1955 2865 2008 2892 t.6.
2021 2861 2039 2891 1.
2055 2870 2080 2898 3.
2101 2861 2134 2892 In
2153 2863 2234 2900 cupis
2251 2862 2305 2892 sive
2321 2862 2433 2901 cupulis

1309 2916 1324 2936 a
1347 2912 1429 2935 mitti.

1272 2945 1294 2974 C
1305 2955 1321 2974 u
1332 2954 1346 2973 P
1356 2954 1370 2973 n
1378 2955 1394 2973 1.
1404 2954 1420 2972 i.
1430 2953 1449 2972 A
1457 2964 1465 2979 ,
1486 2952 1517 2972 ae.
1541 2941 1560 2971 f.
1582 2939 1659 2971 aliud
1671 2939 1771 2969 dimin.
1789 2939 1866 2978 Apic.
1880 2947 1902 2968 r.
1914 2947 1939 2967 22
1959 2937 1991 2967 In
2002 2936 2142 2976 cupellam
2153 2938 2272 2968 mittere.

1272 2982 1295 3012 C
1305 2992 1345 3015 ur>
1357 2992 1394 3010 ιιι.
1404 2991 1446 3010 Lu
1457 2991 1477 3009 Μ
1489 3002 1497 3015 ,
1518 2980 1536 3009 i.
1559 2988 1586 3009 n.
1608 2978 1695 3008 Idem.
1718 2977 1820 3009 Pallad.
1842 2976 1921 3007 Febr.
1933 2985 1994 3013 cap.
2009 2985 2054 3010 ας.
2077 2975 2127 3006 Vel
2142 2977 2173 3005 in
2189 2975 2327 3015 cupellis,
2347 2976 2392 3007 vel
2403 2976 2433 3007 in

1311 3019 1425 3050 vasculis
1435 3017 1566 3048 fictilibus
1575 3017 1754 3046 condiuntur.
1777 3018 1885 3042 nummi
1895 3037 1903 3050 ‚
1925 3013 2032 3043 Polluci
2041 3017 2068 3044 6.
2082 3017 2126 3044 16.

1274 3058 1415 3088 Cumani
1428 3067 1463 3092 Α,
1484 3055 1787 3085 ermemmarus.
1828 3053 1860 3082 V.
1883 3062 2004 3082 curas.

1273 3096 1296 3126 C
1305 3100 1322 3124 ῦ
1331 3106 1344 3124 1²
1354 3098 1369 3124 ἓ
1379 3106 1396 3124 D
1406 3105 1423 3124 o
1434 3116 1442 3130 ,
1465 3093 1505 3123 Al.
1527 3092 1548 3122 C
1558 3102 1598 3121 ur>
1608 3102 1622 3120 Ρ
1633 3103 1647 3121 s
1658 3102 1675 3120 o
1687 3102 1703 3120 0
1713 3113 1721 3126 ,
1741 3092 1805 3121 inis.
1828 3091 1847 3121 f.
1869 3087 2026 3127 [ἒπιθὺμησις
2036 3111 2045 3126 ,
2069 3085 2234 3125 hrenum]
2260 3089 2341 3120 Idem
2359 3090 2435 3128 quod

1312 3133 1441 3172 Cupido,
1461 3131 1507 3161 seu
1519 3131 1674 3168 Cupiditas.
1698 3129 1806 3159 Lucret.
1817 3128 1864 3159 lib.
1882 3138 1905 3158 1.
1920 3137 2001 3165 1007.

1391 3170 1474 3200 Haud
1484 3170 1568 3207 igitur
1580 3168 1691 3205 possunt
1700 3167 1748 3196 tali
1757 3168 1864 3196 ratione
1875 3167 1963 3195 teneri

1380 3209 1485 3252 'Resin
1499 3207 1651 3236 concilium
1671 3205 1756 3235 medii
1778 3204 1918 3243 cupedine
1936 3204 2024 3234 vidrae.
2108 3202 2183 3239 Res,
2211 3203 2239 3232 h.
2256 3213 2281 3233 e.
2310 3203 2436 3243 Corpora

1314 3256 1411 3290 gravia.
1454 3246 1482 3275 ln
1493 3244 1645 3274 concilium
1657 3265 1664 3277 ,
1687 3244 1704 3272 i.
1717 3253 1739 3272 e.
1765 3243 1795 3272 ln
1810 3243 2058 3279 congregationem
2072 3240 2166 3277 illam,
2188 3251 2271 3278 quam
2289 3241 2358 3272 facit
2380 3250 2437 3272 me·

1315 3282 1519 3327 diumresadse
1530 3282 1653 3311 labentes
1663 3290 1843 3318 congregans.
1886 3279 2116 3317 Viciaeeupedine
2126 3279 2230 3314 medii,
2251 3279 2313 3309 h.e.
2334 3279 2435 3309 Illeftae

1313 3322 1431 3351 naturali
1443 3321 1572 3364 instinctu
1584 3341 1591 3354 ,
1613 3320 1638 3348 &
1651 3319 1772 3356 genitiva
1782 3317 1936 3356 cupiditate
1956 3327 1989 3348 ae
2004 3316 2178 3355 proclivitate
2194 3316 2383 3347 descendendi
2397 3317 2434 3346 ad

1315 3360 1440 3390 medium
1451 3360 1504 3388 live
1513 3363 1650 3387 centrum.
1688 3357 1759 3386 Sunt
1768 3357 1815 3393 qui
1827 3356 1966 3394 Cuppedo
1977 3355 2090 3393 gemino
2104 3364 2120 3383 1²
2136 3355 2267 3386 carminis
2281 3354 2360 3385 causa
2371 3354 2435 3386 scri-

1314 3398 1438 3428 bendum
1449 3403 1557 3437 putent.
1582 3395 1658 3425 Idem
1669 3394 1717 3424 lib.
1731 3405 1755 3430 ς.
1768 3397 1813 3430 46.
2225 3387 2230 3394 “

1407 3435 1524 3471 Quantae
1534 3441 1593 3463 tum
1601 3432 1733 3462 scindunt
1746 3432 1890 3461 hominem
1904 3430 2052 3468 Cupedinis
2064 3439 2141 3460 acres

1407 3472 1564 3502 Sollicitum
1576 3471 1668 3501 curae‘?
1690 3471 1841 3507 quantique
1851 3469 1969 3507 perinde
1977 3469 2090 3498 timores
2100 3469 2114 3497 ‘2
2172 3467 2200 3498 h.
2211 3477 2236 3497 e.
2257 3466 2434 3506 cupiditatis.

1314 3511 1415 3542 Forum
1428 3510 1590 3547 Cupedinis.
1628 3508 1714 3537 Varro
1725 3509 1760 3537 de
1773 3507 1801 3537 L.
1819 3506 1847 3536 L.
1863 3518 1889 3543 4.
1901 3515 1944 3542 73.
1966 3505 2020 3535 Ubi
2036 3507 2116 3536 variae
2129 3515 2171 3536 res
2185 3506 2220 3535 ad
2241 3505 2359 3535 Cometa
2371 3528 2378 3541 ‚
2398 3507 2436 3543 fo-

1334 3559 1390 3576 rum
1403 3550 1524 3585 cupedim's
1534 3569 1542 3582 ,
1562 3558 1577 3576 a
1587 3546 1735 3584 Cupedi03
1757 3546 1832 3582 quod
1844 3544 1937 3575 multis
1942 3544 2029 3581 forum
2037 3545 2165 3579 cupidinis,
2183 3553 2198 3573 a
2207 3543 2378 3582 Cupiditate.
2403 3545 2433 3574 V.

1335 3586 1437 3616 Donat.
1447 3587 1482 3615 ad
1491 3586 1553 3616 Ter.
1570 3585 1638 3614 Eun.
1653 3593 1678 3614 2.
1692 3593 1717 3613 2.
1731 3593 1776 3618 ας.
1799 3583 1899 3620 Scalig.
1919 3582 2046 3618 Conjet‘k.
2059 3582 2170 3611 Varro-i.

1279 3624 1302 3656 C
1313 3635 1330 3654 u
1340 3635 1353 3653 ν
1363 3634 1376 3653 ir
1386 3633 1495 3668 neus,
1517 3623 1534 3652 i.
1557 3632 1593 3666 m.
1614 3622 1708 3659 lingua
1727 3621 1891 3651 Sabinorum
1906 3621 2042 3650 Sacerdos
2067 3618 2208 3648 vocabatm
2273 3644 2279 3656 ,

1318 3664 1436 3693 SerVius.
1457 3661 1532 3691 Hinc
1543 3660 1614 3696 Virg.
1632 3670 1672 3689 12.
1686 3659 1745 3689 [En.
1759 3669 1819 3694 539.
1840 3659 1950 3688 videtur
1960 3667 2065 3687 nomen
2075 3656 2233 3692 deduxisse,
2260 3668 2328 3688 t...
2352 3681 2404 3694 ....‚

1497 3714 1534 3718 —
1544 3707 1596 3727 nec
1605 3698 1633 3726 di
1643 3704 1737 3726 texere
1749 3697 1923 3735 Cupencum.
2007 3696 2048 3725 Al.
2071 3695 2240 3731 Cupentuni.
2264 3687 2272 3695 ⁴

1281 3738 1409 3771 Cunus,
1431 3736 1475 3766 vel
1496 3736 1516 3766 C
1528 3745 1647 3768 ueras.
1669 3735 1737 3763 edis.
1759 3745 1795 3764 m.
1818 3733 1976 3771 [ἐθόα-κατα
1988 3755 1996 3767 ,
2014 3731 2157 3768 πὶμμσιπι]
2178 3734 2204 3762 ἃ
2220 3733 2345 3770 Cupetlia
2359 3754 2367 3767 ‚
2389 3742 2437 3764 ve.

1319 3783 1389 3805 teres
1403 3774 1542 3804 Lautiores
1553 3773 1629 3802 cibos
1641 3773 1840 3802 nominabant:
1862 3772 1928 3801 inde
1939 3773 1963 3801 δι
1977 3770 2127 3801 Macellum
2138 3792 2144 3803 .
2168 3770 2266 3799 Forum
2278 3771 2436 3808 cupedinis,

1318 3812 1514 3856 appellabant.⁸
1539 3811 1668 3855 βμρερῐε
1687 3818 1781 3840 autem
1796 3822 1810 3840 a
1828 3811 1987 3846 Cupit-litate
2009 3808 2070 3838 sunt
2087 3808 2169 3839 dicia.
2212 3808 2260 3837 Vel
2282 3811 2335 3843 (ut
2356 3809 2437 3839 Varro

1319 3852 1400 3887 vult)
1422 3849 1545 3886 quodibi
1558 3849 1911 3886 lueritCupedinisequitis
1921 3849 2039 3883 domus,
2060 3847 2107 3884 qui
2119 3846 2437 3877 fuci-utoblatrucinium

1319 3889 1472 3920 damnatus.
1495 3888 1636 3919 Hactenus
1649 3887 1748 3917 Festus.
1960 3891 1968 3898 ‘

2331 3922 2440 3962 cupos,
