2604 4222
153 136 222 170 550
613 115 642 151 C
740 114 775 149 O
873 108 902 145 Α

191 205 277 237 berit.
299 203 398 232 Colere
410 211 469 230 non
487 199 577 238 prosit.
619 196 788 231 Liv.23.3q.
819 190 976 235 Concordia
999 188 1158 232 coaluerant
1179 187 1307 231 omnium

193 242 286 271 animi.
329 242 345 268 i.
358 250 381 268 e.
405 239 482 268 Aucti
499 245 584 267 erant.
625 234 735 270 [Immo
754 231 925 262 Coadunati.
946 228 1106 270 Coniundti.
1147 225 1309 268 Sedlp-erti.

193 287 241 309 net
252 279 287 307 ad
300 276 413 315 sequens
423 276 546 305 verbum.
579 273 674 308 Estque
686 270 802 315 omnino
815 268 882 311 istuc
892 266 1013 304 spurium
1024 273 1056 293 ac
1067 270 1303 312 commentitium.

158 316 353 347 C0Ar.i³sco
366 337 374 349 ‚
395 314 487 344 coalui
501 335 508 347 .
528 314 618 344 stum,
639 305 828 347 [wapecpuopccvg]
851 314 910 346 ere..
942 302 1028 332 idem.
1057 300 1195 345 Lolumel.
1217 301 1308 329 defir-

194 354 307 384 boribus
322 375 330 386 ,
351 362 409 390 cap.
423 361 467 387 ²7·
491 350 526 378 de
540 346 648 377 surculo
663 345 741 374 olivoe
760 344 855 372 fissurae
868 341 912 370 fier
933 347 1028 378 aptato
1040 361 1049 374 ,
1078 340 1124 370 Sic
1142 338 1307 376 interposito

191 393 312 422 triennio
322 388 531 419 coalescetficus
542 385 632 414 olivae.
1085 412 1091 419 ⁴
1243 414 1248 420 .

156 438 159 440 ·
191 428 418 460 Arbortranslata
434 427 462 454 in
473 433 568 461 agrum
581 429 674 450 meum
691 419 709 448 si
723 427 787 448 cum
804 423 877 446 terra
894 423 956 444 mea
971 413 1114 443 coaluerit.
1154 412 1220 451 Ulp.
1240 423 1269 442 m
1287 413 1308 443 1.

210 468 265 496 hoc
276 465 401 502 amplius.
418 463 452 493 D.
465 462 499 490 de
509 461 601 489 damn.
613 458 707 487 infecit.
931 490 936 496 ι
984 488 991 495 ⁴
1163 488 1170 495 .

191 505 303 538 Planta·‚
314 512 373 539 qua:
387 508 455 530 terra
466 497 634 531 coalescunt,
658 494 716 524 solo
733 491 847 523 cedunt.
888 490 972 520 Caius
983 498 1012 518 m
1023 489 1042 518 l.
1055 499 1108 526 qua
1119 493 1237 518 ratione.
1249 489 1270 526 §.
1285 497 1309 517 1.

211 542 244 572 D.
261 542 296 569 de
306 540 408 576 acquir.
421 547 470 566 rer.
484 535 590 564 domin.
860 566 868 572 ·
1041 564 1047 570 ι
1102 564 1107 569 .

191 578 349 609 Coalescere
363 575 457 605 diversi
475 571 572 610 populi
582 571 611 599 in
626 577 713 599 unum
723 576 825 605 corpus
838 565 979 596 dicuntur.
1016 563 1074 593 Lw.
1090 563 1138 608 lib.
1152 573 1178 599 4.
1191 574 1214 599 5.
1233 569 1305 593 extr.

208 618 252 651 Si,
273 614 420 644 connubiis
431 611 545 641 redditis
556 631 563 643 ‚
585 617 669 637 unam
683 607 755 635 hanc
768 606 910 635 civitatem
920 604 1033 632 tandem
1046 602 1136 631 facitis
1147 623 1155 635 ‚
1178 602 1194 630 si
1207 599 1310 630 coales-

209 664 285 687 cere,
307 652 324 681 si
334 651 411 687 jungi
422 671 430 684 ,
445 647 606 683 miscerique
618 644 696 674 vobis
708 643 823 681 privatis
834 641 1084 672 necessitudinibus
1092 639 1214 678 possunt.
1225 639 1307 668 Conf.

187 692 316 760 lissirriiicm
327 725 425 755 sonum
434 721 587 752 coalescere
603 722 629 751 ὰ
647 719 784 750 confundi
798 718 931 747 dicuntur
940 715 1062 746 vocales.
1083 715 1204 753 Quintil.
1216 714 1265 745 lib.
1280 722 1305 744 1.

187 774 444 833 vcuali'ius'coaiescit.
467 797 534 842 Plin.
548 796 598 825 lib.
609 806 635 832 9.
648 805 708 832 cap.
723 804 766 839 5¹1.
783 793 922 838 adfinem.
1038 830 1045 836 ⁸
1165 829 1171 836 ·

149 842 173 872 C
181 852 198 870 o
209 851 226 870 A
236 852 252 869 r.
262 850 276 868 ii
285 849 322 869 sc
330 849 344 867 a
352 848 371 867 N
383 847 406 870 s,
418 841 499 866 entis.
514 842 554 870 ut,
566 833 695 864 Membra
704 831 866 871 reipublicae
878 830 1071 861 coalescentia.
1082 826 1180 859 Vellei.
1190 837 1216 859 2.
1227 836 1304 865 90.1.

185 879 293 909 Littera
307 875 500 906 coalescentes.
522 872 592 902 Gell.
607 878 649 908 17.
661 881 688 906 9.
989 907 995 912 ι
1012 906 1018 912 ·
1160 906 1166 912 ·

184 917 239 946 Pax
250 913 414 944 coalescens.
457 910 551 940 Vellei.
568 919 593 939 2.
608 915 654 945 48.
669 920 693 945 5.
713 907 900 938 Coalescentis
910 906 1090 936 conditiones
1104 915 1192 943 pacis.

183 953 281 992 Populi
293 950 487 981 coalescentes.
510 948 567 978 Liv.
581 958 605 977 1.
617 956 645 976 2.
814 984 820 989 Ι
969 982 972 987 Ι
1265 979 1270 984 .

146 991 293 1022 COALIT
306 999 322 1018 u
333 999 345 1018 s
358 1011 366 1024 ‚
387 998 401 1017 a
413 1010 421 1021 .
443 996 499 1016 um.
525 985 729 1022 [συναυξηθεὶς]
750 983 847 1013 Partic.
870 982 940 1012 Gell.
955 981 1061 1011 lib.12.
1085 991 1148 1019 cap.
1163 989 1187 1009 1.
1218 979 1306 1016 CUJuS

183 1032 212 1059 in
221 1036 338 1066 corpore
346 1048 354 1061 ,
375 1025 457 1061 cujus
472 1034 507 1053 ue
516 1033 551 1053 ex
562 1023 693 1060 sanguine
704 1029 851 1051 concretus
862 1020 948 1049 homo
959 1021 984 1050 Sc
995 1019 1113 1048 coalitus
1124 1018 1163 1048 sit.
1231 1055 1236 1061 .

180 1067 304 1097 Audacia
313 1064 422 1094 coalita.
454 1035 552 1091 qfacit.
570 1071 610 1094 14
629 1061 696 1090 Ann.
714 1070 737 1089 1.
759 1059 897 1088 Vetustate
909 1057 1129 1101 imper-iicoalita
1140 1056 1264 1100 audacia.

181 1103 364 1136 Irrevorentia
380 1100 491 1131 coalita.
531 1099 622 1129 Tacit.
637 1108 679 1135 13.
693 1099 820 1127 Ann.26.
852 1095 989 1125 Coalitam
1004 1094 1132 1124 libertate
1154 1102 1305 1123 irreveren-

136 1172 139 1177 ,
199 1143 266 1171 tiam
279 1151 313 1170 eo
321 1138 474 1177 prorupisse
484 1137 673 1167 frementibus.

181 1180 302 1209 Libertas
311 1177 420 1207 coalita.
441 1176 531 1206 Tacit.
544 1187 570 1210 4.
582 1174 648 1204 Hist.
663 1184 707 1209 ςς.
1031 1207 1038 1213 .

144 1216 222 1248 CoA
233 1227 294 1246 ιιτ
305 1226 344 1245 us
355 1238 362 1250 ‚
386 1216 426 1244 us.
448 1224 485 1243 m.
510 1213 608 1242 Arnob.
631 1212 679 1242 lib.
690 1222 717 1248 4.
733 1221 761 1249 p.
778 1219 840 1244 150-
872 1208 959 1245 Quod
973 1213 1084 1246 penitus
1102 1206 1250 1245 oportebat
1267 1215 1304 1236 ex

182 1256 296 1285 humani
309 1254 418 1291 generis
428 1251 530 1281 coalitu
540 1250 610 1279 tolli.
1076 1283 1082 1289 ·
1244 1283 1249 1287 .

143 1293 191 1324 Co
204 1301 343 1322 AtiTio
356 1314 363 1327 ‚
387 1291 465 1324 onis,
488 1291 513 1319 ἃ
534 1289 852 1320 (ΖοΑιΕεοΕΝτιΑ,
873 1294 904 1313 ae.
924 1283 943 1313 f.
964 1293 1016 1321 pro
1028 1283 1302 1318 UnioneSoeonJun-

181 1332 275 1360 ctione
286 1329 450 1367 usurpantur
461 1337 475 1356 a
487 1327 617 1356 Medicis.
761 1361 766 1366 ι
810 1361 815 1365 .
1269 1358 1275 1363 1

143 1366 166 1398 C
175 1380 220 1398 0A
232 1381 247 1397 L
258 1380 274 1397 ι,
283 1378 302 1397 υ
311 1378 337 1402 o.
360 1368 414 1396 ere.
436 1365 474 1394 est
487 1364 536 1394 Per
551 1362 720 1393 alluvionem
731 1359 837 1397 aliquid
847 1369 958 1397 augere.
999 1358 1134 1395 Pompon.
1149 1357 1184 1387 de
1194 1367 1300 1395 acquir.

181 1417 233 1436 rer.
245 1407 350 1435 domin.
365 1405 383 1434 l.
396 1414 469 1440 ergo.
503 1402 636 1432 Paulatim
654 1398 838 1432 coalluendo,
860 1398 956 1426 locum
977 1397 1152 1425 eminentem
1170 1395 1251 1434 supra
1263 1395 1302 1425 al-

179 1454 260 1474 veum
274 1444 342 1473 fecit
353 1464 361 1478 ,
383 1444 408 1471 ἃ
420 1450 484 1470 eum
495 1440 626 1468 alluendo
640 1438 726 1467 auxit.
765 1436 818 1465 Alii
833 1435 993 1479 Colluendo
1004 1434 1110 1472 legunt.

142 1481 166 1512 C
174 1492 191 1511 o
201 1493 220 1515 4
230 1493 250 1511 M
259 1486 295 1511 ic
305 1492 320 1510 υ
332 1491 344 1510 s
353 1503 361 1515 ,
382 1481 400 1508 i.
422 1489 459 1508 m.
481 1475 659 1513 [bflbv17i&]
681 1476 739 1504 Cic.
750 1474 786 1502 de
797 1475 907 1503 Amicit.
918 1483 965 1509 99.

271 1519 365 1549 Hodie
374 1527 419 1547 me
428 1523 492 1546 ante
502 1524 599 1545 omnes
610 1514 751 1543 coamicos
762 1511 858 1542 stultos
870 1511 948 1541 senes
1263 1547 1270 1553 .

270 1555 388 1587 Versaris
398 1578 405 1590 ,
426 1561 509 1590 atque
526 1553 618 1582 luseris
640 1550 799 1580 lautissime.
941 1548 983 1578 Ex
1004 1546 1125 1586 quadam
1146 1547 1298 1577 comoedia.

178 1595 326 1625 Emendati
335 1594 447 1623 codices
457 1592 560 1621 habent
573 1591 714 1620 Comicos.
884 1623 893 1633 Α

141 1631 399 1666 ὒοΛΝῦυεΤο,
422 1630 466 1659 vel
486 1630 562 1658 Cou
574 1624 1008 1662 ANGUSTO‚[0·125²2⁴⁰⁰]'510.
1030 1623 1114 1652 Varro
1128 1631 1153 1659 3.
1171 1621 1251 1652 deR.
1262 1621 1297 1653 R.

178 1681 241 1709 cap.
255 1675 296 1700 1⁶.
309 1668 344 1699 de
354 1669 438 1698 alveis
447 1678 528 1706 apum
543 1689 551 1701 ,
571 1666 626 1696 Sed
636 1667 673 1695 ita
683 1664 722 1694 uti
734 1673 820 1701 quum
831 1672 931 1699 parum
944 1662 975 1691 sit
992 1672 1044 1699 qua
1053 1660 1232 1698 compleant,
1253 1670 1300 1704 eas

178 1708 376 1746 coangustent:
398 1716 434 1736 ne
452 1707 481 1734 in
492 1705 567 1735 vasto
579 1705 643 1733 loco
658 1705 684 1733 δι
704 1702 781 1731 inani
799 1700 991 1738 despondeant
1007 1701 1141 1729 animum.
1182 1698 1213 1728 V.
1234 1698 1299 1728 Exi-

176 1747 271 1784 guior⁷
293 1746 322 1774 in
347 1753 521 1775 izxicuus.
881 1776 887 1782 ¹
950 1775 976 1781 Η
1235 1774 1265 1780 ..

174 1785 289 1815 Aditum
299 1783 410 1813 aedium.
450 1781 513 1820 Ulp.
526 1781 554 1810 in
571 1779 588 1808 l.
609 1779 656 1808 sed
667 1777 761 1807 addes.
804 1777 826 1814 §.
848 1775 865 1804 si
880 1774 1041 1813 inqullinus.
1058 1775 1092 1805 D.
1104 1773 1189 1803 locat.
1213 1774 1243 1803 Si
1258 1784 1300 1802 m-

194 1822 317 1860 quilinus
328 1830 418 1850 arcam
427 1826 536 1849 aeratam
547 1819 575 1847 in
587 1817 661 1847 aedes
676 1814 819 1849 intulerit,
841 1815 867 1844 Sc
878 1814 981 1843 aediuni
989 1813 1095 1843 aditum
1105 1812 1300 1856 coangustave-

194 1861 230 1890 rit
246 1860 376 1889 dominus
390 1868 396 1888 :
419 1859 508 1887 verius
520 1856 558 1887 est
576 1865 613 1885 ex
633 1854 774 1884 condut‘to
795 1862 861 1883 eum
882 1853 972 1881 teneri
982 1872 990 1887 ,
1012 1853 1038 1881 &
1057 1852 1093 1881 ad
1105 1850 1299 1880 exhibendum

192 1899 304 1928 actione
316 1919 324 1932 ‚
346 1896 401 1926 five
414 1895 465 1925 scit
474 1917 484 1931 ,
504 1895 557 1924 five
569 1892 746 1931 ignoraverit.
903 1928 909 1933 ἱ
1092 1926 1098 1932 .

172 1935 275 1974 Legem
285 1935 473 1972 coangustare,
495 1933 534 1962 Ad
566 1932 676 1961 auciora
684 1929 855 1966 restringere.
878 1927 938 1957 Cic.
951 1935 976 1962 ς.
985 1926 1024 1971 ‚de
1034 1925 1127 1971 Legib.
1141 1934 1186 1963 32.
1209 1926 1298 1964 Atque

193 1974 253 2003 haec
262 1973 308 2003 lex
317 1995 326 2009 ‚
347 1972 458 2002 dilatata
467 1972 496 2000 in
508 1981 538 2000 or
562 1970 636 1999 inem
648 1969 782 1998 cunstum
791 1989 799 2002 ,
821 1965 992 2009 coangustari
1004 1971 1089 1994 etiam
1104 1964 1204 2002 potest.

136 2011 160 2042 C
169 2022 186 2041 o
198 2022 217 2041 A
228 2022 247 2041 N
258 2021 275 2040 α
285 2021 302 2041 υ
313 2020 377 2041 sTo
387 2020 403 2039 rr
415 2031 423 2044 ,
445 2007 622 2046 [σιςειὲμοω]
643 2007 691 2035 ari.
712 2004 807 2044 passiv.
830 2003 900 2033 Cels.
915 2003 962 2032 hb.
975 2013 998 2040 7.
1015 2012 1075 2040 cap.
1082 2012 1133 2046 ¹27.
1146 2003 1182 2046 ad
1192 2002 1276 2031 finem
1286 2023 1296 2037 ‚

173 2050 260 2087 Quod
272 2049 290 2078 fi
303 2048 396 2078 fistulae
408 2055 499 2077 metus
507 2056 541 2076 ex
549 2045 593 2075 his
601 2044 696 2079 causis,
709 2052 775 2081 quas
785 2041 926 2081 proposui,
946 2040 1051 2071 subesse
1063 2041 1218 2075 videbitur,
1240 2049 1296 2077 quo

173 2088 282 2117 facilius
295 2087 438 2116 claudatur
456 2095 489 2115 ea
498 2107 508 2121 ‚
528 2083 573 2114 vel
592 2089 667 2112 certe
688 2081 897 2118 coangustetur‚
918 2081 948 2108 in
967 2089 1053 2109 anum
1074 2088 1186 2117 quoque
1204 2078 1297 2107 danda

172 2126 304 2164 plumbea
314 2124 401 2156 fistula
410 2124 456 2153 est.
1171 2154 1176 2159 ·

133 2163 380 2194 COANGUSTA
393 2170 481 2196 Tus,
512 2159 558 2189 vel
579 2159 944 2190 CONANGUSTATUS,
966 2165 1001 2191 a,
1022 2164 1081 2185 um.
1101 2154 1234 2191 Undique
1248 2163 1296 2183 an-

171 2202 299 2239 gustatus.
338 2199 373 2229 V.
395 2199 463 2229 Fest.
480 2199 507 2227 in
524 2194 722 2227 Conauditum.

133 2239 303 2273 COAPTO‚
324 2241 379 2267 are.
405 2239 471 2275 Apte
483 2236 669 2272 conjungere,
690 2241 806 2272 parare,
826 2230 1051 2261 accommodare.
1080 2229 1213 2259 Prudent.
1235 2228 1296 2267 Psy-

169 2277 264 2307 chom.
277 2286 302 2306 v.
317 2286 378 2311 559·
1100 2305 1106 2312 .
1252 2306 1258 2311 .

250 2315 340 2349 Hujus
352 2313 378 2342 se
390 2311 482 2350 specie
496 2309 617 2340 mendax
628 2308 744 2338 Bellona
764 2312 884 2344 coaptat.
1012 2304 1047 2335 Et
1070 2305 1186 2335 Hieron.
1207 2304 1291 2343 Epist.

171 2356 234 2383 116.
255 2352 381 2381 Maxime
395 2360 465 2379 Lxx
485 2350 667 2387 interpretum
679 2345 875 2376 consuetudini
893 2353 940 2374 me
953 2344 1092 2382 coaptavi.
1115 2343 1190 2373 conf.
1208 2343 1292 2373 Mart.

167 2390 273 2429 Capell.
291 2401 313 2419 i.
331 2400 359 2427 p.
379 2398 404 2425 3.
660 2423 665 2428 ἡ
738 2423 743 2428 1
940 2419 946 2425 .
1032 2420 1038 2426 ⁸

133 2429 155 2458 C
164 2438 181 2457 o
190 2439 208 2457 A
218 2438 233 2457 P
242 2437 261 2456 *r
270 2438 287 2457 A
299 2437 337 2456 Tr
348 2437 365 2456 o
375 2449 383 2462 ,
399 2426 470 2455 onis.
485 2425 504 2454 f.
523 2425 589 2462 Apta
601 2423 771 2459 conJumfiio.
796 2420 903 2457 August.
914 2419 973 2449 Civ.
987 2419 1038 2449 Dei
1048 2442 1056 2455 ‚
1078 2428 1123 2449 22.
1136 2428 1182 2456 24.
1202 2418 1294 2457 Coap-

169 2466 239 2496 tatio
249 2488 257 2500 ,
280 2476 342 2501 quae
354 2463 457 2501 σἰςμενίοι
476 2464 570 2493 Graece
583 2462 693 2490 dicitur.
711 2498 714 2500 .
736 2460 813 2489 Idem
827 2460 863 2488 de
875 2457 977 2488 Trinit.
988 2469 1016 2494 4.
1027 2465 1055 2487 2.
1083 2458 1165 2487 Hanc
1182 2464 1295 2495 coapta-

166 2505 272 2534 tionem
283 2504 376 2532 dicere
387 2501 478 2536 volui,
499 2509 581 2538 quam
594 2499 682 2528 Graeci
702 2499 818 2532 αεμῳίκν
829 2502 939 2526 vocant.
1230 2533 1236 2539 .

130 2541 152 2572 C
162 2552 179 2571 o
190 2551 286 2571 APTU
296 2551 308 2570 s
321 2564 329 2575 ⁷
351 2550 366 2569 a
376 2562 384 2574 ,
404 2548 462 2568 um.
484 2538 591 2576 Supei'l.
615 2537 696 2567 Mart.
714 2534 830 2572 Capella
840 2556 846 2567 .
862 2543 887 2563 2.
906 2544 933 2571 p.
944 2542 988 2570 35.
1010 2533 1067 2562 Nisi
1089 2533 1148 2562 haec
1161 2554 1180 2576 '.
1209 2532 1292 2563 uibus

167 2580 282 2618 plenum
295 2580 392 2616 pee‘tus
402 2578 472 2614 geris
489 2599 497 2610 ,
519 2575 691 2613 coaptissima
701 2574 841 2611 egestione
851 2572 1001 2601 voinueris.
1027 2570 1061 2600 al.
1085 2571 1180 2600 CoaCti
1205 2580 1269 2599 ima.

128 2616 150 2647 C
161 2628 178 2647 o
189 2628 207 2646 A
218 2628 233 2646 n
244 2627 261 2646 c
272 2626 289 2645 T
300 2627 312 2645 ii
323 2639 331 2651 ‚
354 2616 421 2645 Λᾶν.
444 2614 513 2643 Com
520 2624 575 2650 par.
591 2611 660 2642 Gell.
677 2622 701 2647 9.
716 2621 743 2640 2.
764 2611 792 2641 Si
803 2609 977 2647 interpretari
989 2609 1127 2639 coarftius
1135 2608 1212 2638 velis.
1225 2607 1290 2637 Vul-

165 2666 199 2693 go
208 2655 309 2690 legitur
319 2654 457 2683 Coaclius.
495 2652 597 2688 [Forte
608 2649 750 2688 Coaptius.
873 2685 879 2691 ·
1068 2685 1074 2690 ·
1268 2684 1274 2690 ⁸

127 2693 150 2723 C
160 2704 177 2723 o
188 2705 206 2722 A
217 2703 232 2721 R
243 2702 287 2722 cr
295 2703 313 2721 o
323 2714 330 2726 Ἰ
349 2691 494 2728 [serapem
504 2711 513 2724 ‚
533 2688 706 2725 συπιοχωεεω]
725 2690 780 2716 are.
814 2685 968 2722 Astrmgere
978 2707 988 2721 ‚
1007 2693 1191 2722 conjungere.
1215 2684 1289 2714 Scri-

166 2732 240 2761 bitur
256 2732 283 2760 Sc
301 2731 430 2759 Coartare
443 2728 498 2756 sine
520 2738 544 2756 c.

163 2769 244 2799 Dicta
258 2770 406 2798 coarctare.
448 2765 515 2795 Plin.
528 2774 551 2795 1.
563 2763 645 2802 Epist.
657 2772 703 2791 20.
724 2761 805 2791 Dicta
818 2761 847 2790 in
857 2769 945 2789 unum
958 2759 1059 2789 librum
1073 2758 1230 2789 coardtasse.

162 2806 217 2837 lter
228 2808 374 2836 coarctare.
417 2803 474 2833 Liv.
486 2808 531 2837 28.
547 2814 572 2839 5.
596 2801 719 2839 Angustae
729 2800 823 2828 fauces
834 2800 976 2828 coar-ciant
986 2799 1047 2827 iter.
1266 2835 1271 2841 Ι

162 2845 344 2875 coarctare&
357 2841 485 2876 Dilatare‚
505 2840 653 2870 contraria.
694 2838 753 2867 Cic.
768 2847 789 2866 1.
804 2838 840 2865 de
851 2837 928 2866 Orat.
944 2840 1008 2871 163.
1028 2835 1084 2865 Sed
1098 2842 1127 2864 tu
1140 2835 1195 2864 hoc
1205 2834 1287 2864 nobis

181 2883 216 2912 da
227 2881 348 2912 Scaevola
359 2881 384 2911 δι
396 2879 499 2918 perfice
510 2900 518 2913 ‚
540 2886 571 2907 ut
581 2876 687 2906 Crassus
701 2876 759 2904 haec
770 2885 830 2912 qua>
841 2875 1009 2911 coaretavit,
1033 2875 1059 2903 ἃ
1071 2873 1234 2911 peranguste
1245 2882 1288 2902 re-

180 2921 254 2950 fersit
263 2920 291 2948 in
305 2919 432 2948 oratione
443 2917 488 2946 sua
499 2938 507 2952 ‚
529 2916 627 2946 dilatet
636 2914 718 2944 nobis
725 2919 806 2950 atque
818 2912 953 2950 explicet.
1036 2913 1056 2941 i.
1068 2921 1094 2942 e.
1120 2911 1208 2948 Quod
1216 2921 1285 2949 pau-

180 2959 219 2987 cis
229 2957 317 2987 verbis
329 2955 504 2998 perstrinxit..

161 2995 227 3026 Nox
238 2995 428 3025 coarctatiter.
450 2991 535 3022 Ovid.
550 3001 573 3027 ς.
588 2989 657 3019 Fast.
673 2992 737 3024 546.
799 3026 806 3033 .

255 3033 361 3062 Cedere
371 3032 502 3061 festinant
512 3051 521 3064 ,
544 3037 657 3064 noxque
668 3028 789 3056 coarftat
799 3032 860 3057 iter.

161 3068 268 3101 Vulnus
280 3072 427 3101 coarctare.
467 3067 578 3099 Petron.
593 3075 655 3103 cap.
668 3071 712 3101 58.
734 3064 842 3095 Vulnus
857 3063 964 3094 ataneis
974 3063 1038 3094 oleo
1048 3062 1228 3093 madentibus
1240 3072 1287 3093 co-

161 3111 275 3176 Pilirrsitziiti
285 3146 369 3175 etiam
378 3155 428 3184 pro
440 3144 555 3181 Cogere.
596 3140 671 3172 Paul.
687 3139 706 3171 l.
725 3150 768 3178 57.
781 3150 823 3179 pr.
834 3139 869 3169 de
879 3137 1007 3169 contrah.
1019 3144 1087 3169 emt.
1109 3139 1287 3169 Coartandus

180 3185 218 3214 est
227 3191 315 3215 emtor
329 3184 522 3213 venditionem
533 3179 697 3218 adimplere.
806 3216 812 3222 .
905 3215 911 3221 Ι
1011 3214 1018 3220 ι

126 3221 149 3251 C
159 3232 175 3251 o
186 3232 202 3250 A
215 3232 283 3251 scr
294 3232 312 3250 A
323 3231 343 3250 ‘r
353 3232 369 3250 u
379 3231 407 3254 s,
430 3231 462 3256 a,
484 3229 541 3249 um.
564 3226 612 3253 ut,
634 3217 794 3247 coarctatus
805 3225 835 3245 in
845 3224 881 3253 op
904 3213 962 3243 ido.
986 3213 1045 3243 Cic.
1059 3223 1083 3251 7.
1098 3214 1150 3243 Att.
1166 3224 1208 3244 10.
1232 3215 1285 3245 Cn.

164 3260 253 3289 noster
262 3260 330 3297 quid
342 3259 447 3289 consilii
457 3257 573 3296 ceperit,
584 3256 711 3294 capiatve
724 3253 817 3283 nescio
829 3263 835 3283 :
859 3225 952 3284 adlitic
962 3252 990 3280 iu
1000 3252 1112 3295 oppidis
1120 3254 1284 3282 coarciatus.

125 3296 149 3326 C
158 3308 175 3326 o
185 3307 203 3325 A
214 3307 227 3325 a
239 3306 256 3326 c
267 3307 286 3326 >r
297 3306 343 3326 AT
352 3307 380 3325 io
391 3319 398 3331 ‚
421 3298 490 3326 sinis.
513 3296 531 3325 f.
552 3291 740 3331 [ςενοχώξηεις]
763 3292 818 3321 Liv.
830 3300 874 3328 27.
888 3294 934 3327 46.
956 3290 1114 3320 Coarctatio
1124 3290 1245 3327 plurium
1256 3291 1285 3319 in

161 3335 274 3369 angusto
288 3335 462 3363 tendentium
474 3332 583 3363 facilior
591 3332 682 3362 sutura
691 3337 757 3361 erat.
798 3330 832 3359 Et
843 3327 990 3359 Hirt.Bell.
1004 3327 1082 3372 Alex.
1096 3336 1120 3357 e.
1132 3337 1177 3364 74.
1198 3328 1286 3371 Cassar-

162 3373 268 3401 ridebat
281 3372 393 3402 inanem
405 3372 618 3401 ostentationem
629 3371 654 3400 δι
664 3379 699 3399 eo
708 3368 772 3398 loco
784 3366 908 3397 militum
916 3367 1149 3396 coarctationem.
1158 3365 1189 3395 V.
1201 3372 1286 3395 etiam

162 3408 268 3438 Vitruv.
300 3431 305 3436 .
335 3432 341 3437 .

125 3446 149 3476 C
159 3457 175 3475 o
188 3457 204 3475 A
215 3420 297 3480 ιιοῗ
314 3419 381 3481 (ἐκ,
410 3445 455 3475 vel
476 3445 570 3483 potius
587 3444 687 3475 coAn
697 3453 784 3474 risco
795 3465 805 3479 ,
826 3442 881 3473 Ere.
912 3441 1018 3472 Vitruv.
1034 3448 1062 3478 7.
1077 3449 1121 3470 11.
1152 3440 1193 3470 Ab
1213 3441 1285 3479 ignis

165 3484 341 3514 vehementia
354 3483 589 3514 confervescendo
603 3491 666 3512 cum
679 3481 844 3511 coaruerint.

125 3518 148 3551 C
157 3531 174 3550 o
185 3531 202 3550 A
213 3531 226 3549 ι
236 3532 254 3549 c.
264 3532 280 3550 u
291 3531 323 3557 0,
353 3522 400 3558 ui,
427 3525 507 3550 situm
519 3543 527 3555 ,
556 3519 730 3557 [νωπλέῆω]
751 3521 805 3548 ere.
836 3517 1026 3554 Redarguere,
1056 3516 1282 3560 reprehendere,

162 3565 309 3596 peccatum
319 3559 434 3594 alicujus
445 3559 590 3588 ostendere
600 3559 626 3588 ἃ
634 3557 758 3595 prodere.
795 3557 854 3586 Cic.
866 3565 891 3585 2.
906 3555 941 3584 de
950 3555 1057 3585 Invent.
1074 3563 1133 3590 ¹37-
1157 3555 1209 3583 Aut
1219 3554 1280 3583 aliis

163 3605 272 3633 quoque
289 3597 531 3626 constitutionibus
547 3596 651 3625 fuitum
672 3603 845 3632 coarguetur.
885 3593 943 3622 Cic.
961 3602 1010 3630 pro
1020 3592 1130 3622 inuren.
1146 3602 1170 3627 9.
1208 3592 1282 3629 Fuga

162 3633 262 3663 laboris
271 3655 279 3666 ,
300 3634 449 3663 desidiam:
475 3633 634 3672 repudiatio
651 3632 825 3670 supplicum,
854 3630 1030 3670 superbiam:
1061 3630 1216 3659 amicorum
1234 3639 1285 3659 ne.

182 3671 263 3700 lectio
274 3692 282 3705 ‚
303 3671 507 3708 improbitatem
517 3671 651 3708 coarguit.
1056 3705 1062 3711 ³

160 3681 330 3744 {unguere
352 3709 559 3738 &convincere
600 3709 659 3737 Cic.
674 3711 698 3737 6.
717 3707 792 3737 Verr.
806 3717 868 3742 104.
899 3705 1040 3736 Omnibus
1054 3714 1084 3734 in
1105 3704 1188 3735 rebus
1206 3714 1283 3735 coar-

182 3746 273 3783 guitur
284 3755 298 3773 a
311 3755 356 3774 me
365 3767 373 3779 ‚
394 3746 567 3776 convincitur
580 3756 594 3774 a
605 3745 728 3776 testibus.

160 3783 453 3826 Avaritiaecoarguere.
494 3783 551 3812 Cic.
563 3793 587 3816 7.
606 3783 680 3813 Verr.
695 3791 756 3819 ¹5²·
777 3783 876 3813 Meum
890 3781 996 3811 crimen
1013 3781 1134 3811 avaritiae
1148 3780 1241 3810 nimiae
1252 3786 1280 3810 te

179 3831 242 3849 coar
265 3826 312 3848 uit.

158 3830 278 3895 Cuipain
290 3865 438 3893 coarguere
448 3855 531 3886 suam.
572 3856 630 3886 Cic.
644 3867 670 3892 9.
684 3857 736 3886 Att.
745 3867 772 3893 4.
795 3855 978 3895 Quiescamus
990 3866 1025 3886 ne
1034 3855 1155 3886 nostram
1167 3854 1279 3894 culpam

178 3904 368 3932 coarguamus.

159 3932 329 3965 Criminibus
340 3930 459 3970 coargui.
481 3930 541 3960 Cic.
557 3932 583 3959 6.
598 3929 673 3960 Verr.
686 3940 748 3967 104.

1808 105 1838 140 C
1932 106 1968 141 O
2066 104 2095 141 C

1397 186 1523 216 Errorem
1534 184 1646 215 alterius
1656 195 1814 229 coarguere.
1855 186 1915 218 Cic.
1934 197 1957 217 1.
1973 188 2057 218 acad.
2075 198 2118 226 13.
2142 188 2270 219 Errorem
2292 200 2399 227 eorum,
2421 193 2467 230 qui
2486 193 2522 225 iea

1418 231 1559 261 putarunt,
1572 232 1706 261 coarguit.

1399 261 1499 291 Lituris
1510 262 1632 305 coargui.
1673 262 1732 292 Cic.
1746 272 1796 301 pro
1806 262 1919 294 Cluent.
1930 272 1976 298 41.
2000 263 2093 301 Digito
2111 264 2199 301 legata
2210 265 2331 295 delevit:
2355 267 2382 295 δι
2398 277 2482 304 quum
2494 270 2523 299 id

1419 299 1514 329 multis
1530 299 1599 328 locis
1610 299 1715 329 fecisset
1727 322 1735 334 ,
1756 301 1816 339 post
1827 308 1946 330 mortem
1954 301 2030 337 ejus,
2051 311 2086 331 ne
2096 301 2185 332 lituris
2196 305 2307 340 coargui
2319 304 2409 340 posset
2419 326 2428 339 ‚
2449 307 2525 337 testa.

1420 345 1548 366 mentum
1559 338 1588 365 in
1599 336 1664 365 alias
1677 338 1785 368 tabulas
1796 339 1989 376 transcriptum
2002 339 2082 377 signis
2092 340 2256 370 adulterinis
2269 341 2432 378 obsignavit.

1400 373 1584 405 Mendacium
1597 374 1722 404 refellere
1734 378 1760 405 Sc
1771 386 1930 414 coarguere.
1972 377 2030 406 Cic.
2044 388 2095 415 pro
2107 378 2195 415 Ligar.
2211 382 2253 408 16.
2282 379 2412 409 Hominis
2421 390 2477 410 non
2487 381 2525 411 es:-

1419 412 1459 441 set
1469 434 1477 447 ‚
1488 413 1526 478 din
1541 419 1620 456 tanto
1632 412 1790 479 {sermone
1802 416 1829 445 ἃ
1840 413 1966 452 periculo
1974 415 2050 451 civis,
2071 416 2199 446 refellere
2210 418 2235 446 δι
2246 426 2395 454 coarguere
2403 419 2524 450 nostrum

1420 459 1483 479 men
1507 459 1598 479 acrum
1609 471 1617 485 ‚
1662 461 1686 480 c.

1399 487 1491 517 Reum
1501 497 1650 524 coarguere
1658 488 1781 519 testibus.
1820 488 1879 519 Cic.
1892 499 1918 526 7.
1929 488 2004 520 Verr.
2018 498 2065 527 74.
2092 490 2168 521 Reus
2178 501 2265 530 quum
2277 498 2319 522 tot
2326 492 2439 523 testibus
2449 502 2524 525 coar.

1420 535 1503 562 guare
1516 547 1525 560 ,
1548 534 1629 564 potes
1638 526 1674 555 de
1690 527 1871 557 danmatione
1881 526 2032 557 dubitare‘.>

1398 563 1516 593 Sceleris
1526 573 1684 600 coarguere.
1725 565 1794 593 Plio.
1808 565 1858 594 lib.
1873 575 1882 593 1
1892 575 1914 594 1.
1922 575 1984 604 cap.
1997 574 2041 604 37.
2064 565 2145 597 Certe
2156 572 2233 597 extat
2243 567 2334 597 oratio
2345 566 2460 605 Vitellii,
2471 579 2523 607 qua

1420 611 1497 630 reum
1511 602 1633 630 Pisonem
1641 603 1702 638 ejus
1711 601 1821 632 sceleris
1829 604 1964 640 coarguit.

1400 638 1610 676 Suspicionibus
1624 649 1771 677 coarguere
1780 640 1884 677 aliquid
1896 642 1922 670 Sc
1933 640 2105 675 conjectura.
2145 640 2204 671 Cic.
2218 652 2242 672 1.
2261 642 2298 671 de
2313 641 2386 681 [ege
2401 644 2462 682 Agr.
2478 653 2521 682 17.

1421 678 1508 714 Atque
1518 677 1577 706 haec
1590 687 1605 706 a
1617 687 1661 706 me
1672 677 1873 715 suspicionibus
1884 680 1910 708 &
1921 680 2081 714 conjectura
2094 686 2289 716 coarguuntur.

1399 713 1661 758 Turpitudinevitae
1673 717 1833 752 coarguitur
1842 716 2016 754 improbitas.
2039 716 2097 746 Cic.
2114 718 2210 754 Anteq.
2222 719 2274 747 iret
2286 716 2315 746 in
2325 717 2389 748 exil.
2404 727 2446 754 15.
2468 720 2524 751 Sed

1419 752 1486 789 quid
1498 762 1550 789 ego
1558 752 1636 790 plura
1646 753 1681 782 de
1693 753 1804 783 illorum
1815 755 1902 783 autin
1913 764 1958 783 me
1968 753 2125 784 maledictis
2138 775 2146 790 ,
2167 762 2213 784 aut
2231 756 2262 784 iri
2277 766 2327 786 vos
2343 755 2474 787 scelerate
2483 757 2524 787 lo..

1417 800 1485 856 qugr
1494 791 1594 834 factis?
1614 801 1732 859 ᾳέζοωιη
1747 792 1859 830 cognita
1871 792 2037 830 improbitas
2051 814 2060 828 ,
2081 802 2128 823 me
2139 799 2250 824 tacente
2265 794 2423 832 coarguitur
2438 797 2524 834 turpi.

1417 834 1448 856 tu
1471 837 1517 857 ine
1527 835 1590 857 vitae
1599 850 1608 863 ‚
1657 838 1682 858 c.

1397 864 1481 894 Vinci
1494 887 1502 900 ‚
1524 866 1630 902 refelli,
1652 867 1763 904 coargui
1776 873 1876 905 putant
1886 866 1941 897 esse
1952 866 2147 905 turpissimum.
2170 867 2229 899 Cic.
2244 879 2295 906 pro
2305 868 2397 899 Flacc.

1397 903 1603 939 Coarguiteum
1612 913 1645 934 ea
1654 914 1704 934 res.
1745 905 1803 934 Cic.
1816 915 1867 943 pro
1881 904 1982 934 Milon.
1996 914 2040 943 ³7-
2070 906 2219 943 Reliquum
2231 907 2269 936 est
2279 914 2310 937 ut
2322 908 2376 941 iam
2385 907 2466 937 illum
2476 918 2521 939 na.

1415 948 1477 970 tura
1485 941 1578 979 ipsius,
1595 942 1823 980 consuetudoque
1834 942 1983 979 defendat,
1998 943 2074 973 hunc
2083 950 2175 974 autem
2186 944 2245 974 liaec
2253 946 2351 975 eadem
2362 953 2520 982 coarguant.

1359 979 1381 1008 C
1391 989 1407 1008 0
1419 989 1436 1008 A
1447 981 1589 1009 RTrcut
1599 990 1616 1009 o
1626 1002 1633 1014 ‚
1654 983 1709 1011 are.
1732 980 1833 1010 Arnob.
1848 980 1896 1010 lib.
1914 991 1936 1011 1.
1948 981 2052 1011 advers.
2067 981 2148 1011 Gent.
2170 981 2335 1012 Permittant
2352 984 2402 1013 uni
2418 993 2453 1013 ex
2492 995 2521 1014 o.

1399 1017 1466 1055 pulo
1475 1039 1483 1051 ,
1507 1018 1534 1046 in
1547 1017 1671 1048 officium
1683 1018 1817 1048 sermonis
1824 1019 1911 1048 dandi
1923 1041 1930 1054 ‚
1953 1029 2001 1049 ora
2017 1019 2198 1050 coarticulare
2211 1028 2362 1051 mutorum.
2393 1022 2412 1052 i.
2426 1032 2452 1052 e.
2496 1033 2522 1053 a-

1395 1064 1458 1084 cere
1469 1062 1499 1084 ut
1510 1056 1580 1084 muti
1592 1056 1739 1093 loquantur
1752 1056 1905 1086 articulate.

1358 1092 1380 1122 C
1389 1103 1406 1121 o
1417 1103 1436 1122 A
1446 1102 1458 1122 s
1467 1103 1480 1121 ι’
1492 1103 1530 1122 aa
1538 1103 1559 1122 N
1569 1103 1585 1122 o
1596 1104 1612 1122 R
1621 1116 1630 1129 ,
1651 1095 1700 1124 ari.
1719 1094 1783 1131 dep.
1803 1094 1893 1125 Tacit.
1915 1104 1937 1124 1.
1951 1094 2019 1124 Hist.
2032 1105 2055 1128 ς.
2070 1105 2096 1130 4.
2117 1094 2240 1126 Laudata
2251 1095 2318 1126 olim
2329 1097 2356 1127 δε
2366 1096 2522 1129 militarifa.

1394 1140 1440 1160 nia
1447 1131 1587 1161 celebrata
1596 1131 1727 1162 severitas
1738 1133 1798 1168 ejus
1809 1154 1818 1168 ‚
1840 1132 1958 1171 angebat
1972 1133 2183 1171 coaspernantes
2199 1140 2321 1165 veterem
2337 1135 2519 1173 disciplinam.

1356 1168 1538 1204 C0A81218‚
1567 1169 1599 1199 V.
1622 1179 1816 1201 CHOAspis.
2041 1202 2043 1204 ,

1356 1206 1378 1236 C
1389 1217 1406 1235 o
1418 1216 1434 1235 A
1444 1216 1456 1235 s
1465 1216 1477 1236 s
1488 1216 1504 1235 0
1517 1226 1524 1238 ,
1545 1204 1664 1243 [madico
1673 1229 1681 1243 ‚
1706 1201 1869 1244 widh-ilum]
1890 1211 1945 1238 are.
1968 1208 2157 1240 Contabulare
2168 1208 2308 1248 significat.
2330 1209 2436 1243 Vitruv.
2448 1220 2475 1248 7.
2494 1221 2517 1242 t.

1395 1244 1467 1273 Cum
1480 1245 1631 1275 coass'atum
1643 1245 1733 1276 suerit.
1767 1246 1796 1276 V.
1819 1256 1835 1275 c
1847 1256 1864 1275 o
1874 1256 1893 1275 A
1905 1256 1923 1275 x
1933 1256 1959 1275 o.

1355 1281 1378 1312 C
1387 1291 1403 1310 o
1416 1292 1435 1311 A
1444 1292 1456 1311 s
1465 1292 1477 1311 s
1488 1292 1506 1311 A
1515 1292 1536 1310 τ
1545 1293 1554 1311 1
1565 1294 1582 1311 o
1594 1305 1602 1318 ‚
1620 1284 1693 1314 onis.
1714 1284 1733 1314 f.
1758 1278 1931 1320 [amdam]
1951 1283 2160 1314 ContabulatiO.
2200 1284 2270 1316 Plin.
2282 1286 2330 1316 lib.
2344 1289 2387 1324 36.
2400 1296 2461 1325 cap.
2471 1296 2517 1325 25.

1393 1320 1581 1351 Necessarium
1596 1321 1674 1351 binas
1687 1331 1736 1360 per
1746 1320 1884 1352 diversum
1894 1322 2079 1352 coalititiones
2089 1322 2231 1353 substerni.

1355 1358 1376 1387 C
1385 1367 1403 1386 o
1414 1368 1432 1386 A
1444 1368 1476 1387 ss
1485 1361 1502 1387 ὀ
1512 1369 1528 1387 L
1538 1369 1596 1392 ET,
1617 1359 1728 1397 imperf.
1749 1360 1828 1390 Idem
1845 1360 1920 1397 quod
1932 1359 2041 1391 Assolet.
2062 1361 2148 1391 Plaut.
2157 1361 2238 1399 Epid.
2252 1370 2276 1393 1.
2288 1371 2313 1392 1.
2328 1372 2353 1399 ς.
2374 1362 2461 1400 Quod
2472 1372 2517 1393 co-

1397 1396 1503 1426 assolet.
1526 1396 1584 1427 scil.
1602 1397 1681 1428 Fieri.
1712 1397 1764 1427 Alii
1774 1397 1851 1427 aliter
1862 1398 1967 1435 legunt.

1353 1433 1376 1464 C
1384 1443 1400 1462 o
1411 1444 1429 1461 A
1440 1443 1452 1463 s
1461 1443 1507 1463 Tr.
1517 1445 1540 1463 ia
1549 1457 1557 1470 ‚
1579 1435 1726 1471 [κοάςραι]
1746 1435 1845 1473 Populi
1856 1436 1919 1464 sunt
1934 1435 2019 1466 lndiae
2028 1458 2037 1471 ‚
2058 1436 2134 1474 apud
2147 1446 2216 1473 quos
2227 1436 2339 1467 arbores
2350 1437 2435 1475 usque
2445 1439 2515 1470 adeo

1390 1481 1513 1540 ffiocerae
1523 1472 1673 1540 gascuntur
1681 1494 1690 1510 ,
1710 1479 1785 1504 utne
1793 1473 1895 1511 sagittae
1913 1474 2027 1511 quidem
2046 1475 2123 1510 jactu
2141 1474 2262 1513 superari
2274 1474 2387 1514 possint.
2410 1476 2514 1508 Lucan.

1402 1520 1410 1538 1
1432 1532 1440 1539 .
1468 1532 1476 1539 .
1486 1520 1501 1539 2
1544 1533 1551 1541 .

1452 1518 1463 1546 3
1482 1521 1593 1579 Iii⁴thera
1602 1554 1748 1586 tangentes
1759 1549 1838 1579 silvas
1848 1548 1954 1588 liquere
1965 1548 2090 1580 Coastrae.

1353 1586 1400 1616 Co
1412 1596 1429 1615 A
1441 1596 1487 1615 uc
1498 1596 1537 1615 ao
1548 1607 1557 1620 ‚
1579 1589 1634 1616 Ere.
1675 1587 1768 1621 Hinc,

1352 1625 1376 1654 C
1385 1634 1402 1653 o
1414 1634 1432 1652 A
1444 1634 1463 1653 u
1473 1634 1489 1653 c
1498 1634 1519 1653 *r
1527 1635 1536 1653 1
1546 1635 1580 1660 o,
1601 1625 1672 1656 onis.
1693 1624 1714 1654 f.
1741 1625 1800 1656 Cic.
1813 1635 1839 1664 5.
1858 1623 1935 1656 Verr.
1955 1630 2017 1663 189.
2048 1624 2090 1656 Ex
2106 1625 2273 1656 coaud‘ti‘one
2294 1635 2414 1658 annonae
2431 1634 2512 1667 atque

1391 1663 1590 1693 aestimationis.

1355 1697 1430 1730 COA
1441 1710 1541 1730 UGMF.
1552 1710 1626 1731 uro
1637 1723 1647 1737 .,
1666 1704 1722 1731 Ere.
1760 1700 1831 1731 Inde

1352 1738 1375 1768 C
1384 1748 1401 1767 o
1412 1748 1429 1767 A
1439 1748 1456 1767 u
1466 1748 1513 1768 GM
1523 1749 1538 1768 a
1547 1749 1568 1768 N
1576 1749 1597 1767 Τ
1606 1750 1625 1768 A
1634 1748 1655 1768 T
1663 1750 1672 1768 1
1680 1749 1698 1768 o
1711 1761 1720 1773 ‚
1741 1739 1814 1769 onis.
1833 1739 1853 1769 f.
1887 1738 1945 1768 Cic.
1953 1747 1980 1769 2.
1989 1739 2025 1769 de
2034 1738 2098 1769 Nat.
2110 1738 2196 1768 Deor.
2207 1749 2219 1769 1
2228 1749 2270 1776 19.
2290 1739 2361 1778 Quae
2370 1741 2511 1779 copulatio

1370 1785 1371 1788 ¹
1390 1785 1481 1806 rerum
1493 1798 1502 1812 ‚
1523 1777 1633 1814 &quasi
1648 1777 1826 1807 consentiens
1843 1777 1879 1806 ad
1899 1777 1999 1806 mundi
2019 1776 2243 1807 incolumitatem
2255 1800 2264 1814 ‚
2285 1781 2511 1816 coaugmentatio

1390 1820 1506 1849 naturae,
1518 1824 1601 1852 quem
1610 1825 1669 1844 non
1680 1815 1929 1849 commovet,hunc
1937 1814 2038 1844 horum
2047 1814 2119 1844 nihil
2129 1825 2251 1853 unquam
2261 1817 2425 1854 reputavisse
2435 1826 2510 1847 certo

1389 1851 1455 1882 scio.
1468 1852 1501 1882 In
1510 1853 1748 1883 emendatioribus
1761 1853 1907 1883 codicibus
1918 1852 2027 1890 legitur,
2039 1852 2261 1890 Coagmentatio.
2278 1854 2306 1884 V.
2319 1864 2508 1886 coAGMsNTo.

1354 1889 1400 1919 Co
1412 1900 1430 1919 A
1440 1900 1457 1918 u
1468 1900 1487 1919 c
1496 1901 1517 1919 M
1527 1900 1541 1920 a
1550 1899 1598 1920 ΝΤ
1609 1902 1629 1920 A
1641 1901 1662 1920 T
1673 1901 1691 1922 u
1699 1901 1711 1920 s
1722 1913 1730 1926 ‚
1751 1901 1766 1921 a
1776 1913 1784 1927 ‚
1811 1901 1869 1921 um.
1899 1898 1946 1926 ut,
1973 1891 2147 1920 Constructio
2165 1899 2388 1930 coaugmentata.
2427 1893 2510 1924 Mart.

1391 1927 1498 1966 Capell.
1514 1939 1538 1964 5.
1551 1939 1579 1966 p.
1596 1934 1628 1959 16
1651 1951 1658 1958 .
1680 1929 1733 1959 Alii
1743 1936 1837 1958 autem
1847 1929 1946 1967 legunt
1957 1928 2165 1965 coagmentata.

1354 1965 1401 1995 Co
1413 1976 1431 1994 A
1441 1976 1459 1995 x
1470 1976 1487 1995 o
1503 1988 1512 2001 ‚
1531 1970 1588 1997 are.
1609 1967 1620 1997 I
1642 1977 1688 1997 em
1698 1967 1775 2004 quod
1789 1966 1925 1996 Coassare.
1964 1964 2047 1996 Unde
2058 1966 2200 1997 Coaxatio.
2232 1977 2258 2006 q.
2271 1967 2302 1998 V.

1390 2004 1529 2039 Coaxare.
1555 2005 1695 2041 [ηααξᾶν]
1714 2006 1799 2034 etiam
1810 2005 1941 2035 dicuntur
1949 2014 2022 2034 ranae
2041 2014 2126 2042 quum
2145 2015 2245 2036 vocem
2259 2006 2408 2042 emittunt,
2429 2017 2512 2043 quam

1409 2042 1498 2080 probe
1509 2042 1615 2081 effingit
1624 2043 1819 2081 Aristophanes
1828 2043 1857 2072 in
1867 2052 1899 2072 ea
1910 2043 2051 2072 comoedia
2063 2052 2124 2080 quae
2139 2043 2296 2073 inscribitur
2308 2044 2400 2074 Ranae.
2431 2045 2510 2075 Suet.

1408 2080 1516 2147 August.
1531 2090 1592 2118 cap.
1605 2091 1650 2118 94.
1673 2082 1754 2118 Atqui
1765 2091 1801 2111 ex
1813 2091 1847 2110 eo
1858 2086 1995 2119 negantur
2005 2080 2044 2110 ibi
2053 2090 2127 2110 ranae
2138 2090 2266 2112 coaxare.
2285 2082 2320 2112 Et
2332 2084 2408 2112 fluct.
2420 2083 2515 2113 Philo.

1405 2127 1451 2148 me
1464 2128 1486 2147 ae
1501 2128 1526 2148 v.
1540 2122 1557 2148 6
1580 2141 1587 2148 .

1408 2192 1432 2223 G
1480 2130 1593 2186 Garrula
1604 2156 1783 2187 limosis-rana
1794 2162 1893 2187 coaxat
1903 2157 1990 2194 aquis.

1435 2199 1479 2223 eta
1489 2203 1521 2223 ca
1543 2217 1550 2224 .
1566 2205 1589 2230 ς.

1348 2228 1373 2261 C
1382 2241 1399 2260 o
1412 2242 1428 2260 A
1439 2241 1457 2260 x
1466 2242 1484 2260 A
1494 2242 1514 2260 ‘r
1522 2205 1559 2261 i'o
1570 2254 1578 2268 ‚
1600 2233 1671 2262 onis.
1691 2233 1710 2262 f.
1733 2232 1771 2261 est
1781 2233 1862 2271 Opus
1873 2233 1971 2263 axibus
1986 2232 2121 2263 constans.
2144 2233 2217 2263 Axes
2229 2233 2304 2262 enim
2314 2232 2468 2263 transversis
2477 2234 2509 2264 ti.

1385 2270 1447 2306 gnis
1458 2270 1578 2307 impositi
1591 2271 1833 2307 contignationum
1844 2270 1900 2300 sola
1911 2270 2031 2300 fulciunt
2044 2281 2050 2300 :
2067 2280 2103 2301 ex
2110 2280 2145 2301 eo
2154 2277 2248 2301 autem
2255 2281 2341 2309 opere
2350 2271 2508 2309 intertignia

1384 2307 1519 2344 constant,
1530 2309 1607 2346 quod
1617 2318 1704 2346 genus
1713 2309 1787 2346 apud
1797 2319 1849 2338 nos
1858 2319 1917 2338 non
1927 2309 1966 2337 cst
1977 2309 2114 2339 usitatum.
2136 2309 2264 2338 Budaeus.
2287 2309 2320 2338 V.
2343 2308 2508 2345 Vitruv.5.1.

1346 2343 1369 2374 C
1377 2355 1394 2374 o
1404 2356 1422 2373 A
1433 2355 1451 2374 x
1462 2356 1482 2374 A
1491 2356 1511 2374 T
1519 2356 1536 2375 ο
1546 2356 1562 2375 R
1572 2368 1582 2382 ‚
1603 2347 1772 2376 Coaxatores
1782 2347 1899 2376 vocitari
1910 2357 1924 2375 a
1935 2347 2102 2384 quibusdam
2118 2369 2127 2382 ‚
2149 2357 2212 2383 eos,
2232 2346 2385 2384 quiinsulse
2393 2347 2508 2385 loquen-

1383 2383 1422 2412 do
1432 2385 1585 2422 inepteque
1598 2386 1624 2414 ἃ
1636 2394 1678 2414 res
1688 2386 1715 2414 &
1725 2384 1808 2414 verba
1820 2385 2019 2422 profundendo
2031 2385 2195 2416 obtundunt
2207 2406 2216 2421 ,
2236 2386 2330 2423 inquit
2344 2385 2486 2417 Pomanus
2497 2407 2510 2422 n.

1383 2421 1419 2450 de
1428 2422 1565 2452 Sermone
1577 2431 1640 2460 357.
1662 2423 1698 2452 H.
1710 2423 1749 2453 St.
1766 2422 1813 2452 fol.
1832 2432 1891 2458 19²·
1905 2423 1931 2452 b.
1965 2422 2037 2453 Aldi.

1789 2474 1818 2508 C
1914 2474 1949 2508 O
2045 2475 2069 2509 B

1345 2521 1479 2557 Coruo,
1499 2522 1572 2551 onis.
1593 2531 1631 2551 m.
1654 2521 1735 2551 Piscis
1757 2522 1871 2559 quidam
1889 2531 1924 2565 eit
1945 2532 2047 2558 genere
2065 2521 2276 2566 chombrorum.
2315 2521 2385 2553 Plin.
2402 2522 2450 2553 lib.
2463 2531 2506 2559 32.

1382 2569 1443 2597 cap.
1456 2565 1482 2593 8.
1505 2559 1713 2604 Chombrorum
1723 2570 1825 2604 genera
1836 2560 1994 2604 Cvprinus.,
2017 2560 2145 2595 Chalcis,
2167 2560 2266 2604 CobiO.

1344 2597 1367 2627 c
1375 2607 1541 2672 ‘iiiissffiiissss
1555 2608 1588 2666 ii.
1601 2597 2266 2673 {effiffgrssicheynnssiii{sssgssiiiessfflffifflssb'
2277 2602 2324 2629 ²⁶'
2336 2608 2397 2637 ⁰³¹³·
2411 2604 2436 2633 ⁸·
2448 2608 2506 2636 ‘¹¹³²

1781 2675 1810 2709 C
1909 2676 1943 2710 O
2042 2676 2071 2710 C

2083 2156 2120 2188 V.
2144 2157 2228 2188 etiam
2245 2157 2382 2195 spartian.
2401 2159 2433 2188 in
2446 2159 2508 2190 Ant.

1342 2721 1365 2752 C
1375 2732 1392 2751 o
1402 2723 1442 2752 css
1451 2734 1467 2751 r.
1476 2732 1495 2751 υ
1503 2732 1515 2752 s
1528 2745 1537 2757 ‚
1559 2723 1577 2752 i.
1600 2732 1636 2752 m.
1661 2723 1832 2758 [Κόυιλῶν]
1853 2722 1953 2754 Sicilire
1963 2733 2013 2753 rex
2022 2745 2030 2759 ‚
2050 2723 2086 2753 ad
2094 2732 2177 2760 quem
2189 2722 2317 2754 Daedalus
2326 2733 2361 2754 ex
2371 2724 2451 2753 Creta
2461 2731 2505 2752 au-
2520 2743 2524 2748 .
2556 2717 2558 2723 '

1379 2760 1451 2798 fugit
1462 2770 1469 2789 :
1492 2760 1654 2799 insequente
1664 2761 1763 2790 Minoe
1776 2761 1946 2792 Cretensium
1957 2771 2019 2798 rege
2027 2783 2035 2795 .
2057 2771 2139 2798 quem
2148 2762 2263 2793 tandem
2272 2760 2504 2792 aCocalifiliahus
2556 2780 2557 2785 ,

1378 2799 1559 2828 interfectum
1570 2798 1625 2829 esse
1634 2799 1717 2828 refert
1729 2799 1895 2829 Aristoteles.
1918 2799 2002 2828 Ovid.
2016 2804 2042 2832 8.
2060 2800 2130 2830 Met.
2141 2803 2206 2829 261.

1471 2836 1589 2873 Jamque
1598 2837 1744 2874 fatigatum
1753 2837 1836 2867 tellus
1844 2838 1950 2869 ffitnaea
1959 2836 2074 2867 tenebat

1470 2874 1607 2904 Daedalon
1618 2897 1625 2909 ‚
1649 2876 1676 2904 ἃ,
1687 2875 1803 2912 sumptis
1815 2886 1866 2913 pro
1877 2875 2000 2913 supplice
2016 2874 2135 2905 Cocalus
2146 2875 2231 2905 armis

1472 2912 1551 2942 Mitis
1563 2912 1724 2942 habebatur.

1337 2949 1386 2979 Co
1396 2960 1413 2979 c
1423 2959 1442 2979 A
1452 2961 1469 2979 L
1479 2952 1516 2979 io
1528 2960 1563 2979 as
1574 2972 1582 2985 ‚
1603 2960 1658 2980 um.
1678 2951 1697 2980 f.
1719 2950 1758 2988 pl.
1780 2949 1856 2980 Filiae
1871 2949 1976 2979 Cocali.
1998 2949 2046 2980 Sil.
2063 2960 2105 2985 14.
2118 2960 2164 2984 4².

1470 2988 1616 3026 Postquam
1632 2998 1682 3026 per
1705 2996 1781 3017 etuas
1793 2989 1881 3025 judex
1892 2987 2026 3018 concessit
2035 2988 2070 3016 ad
2081 2989 2192 3017 umbras
2201 3009 2210 3024 ‚

1470 3026 1637 3055 Cocalidum
1647 3028 1675 3055 in
1689 3026 1751 3055 idiis
1764 3048 1772 3062 ‚
1790 3027 1844 3056 διο.
1973 3025 2006 3055 V.
2027 3026 2066 3054 ibi
2083 3024 2199 3064 Interpr.

1339 3062 1362 3094 C
1371 3074 1388 3093 o
1396 3073 1413 3093 c
1424 3073 1441 3093 A
1452 3074 1472 3092 N
1482 3067 1493 3093 ῑ
1502 3074 1519 3093 c
1530 3074 1547 3093 u
1556 3074 1567 3093 s
1577 3086 1585 3099 ,
1604 3065 1622 3093 i.
1636 3074 1672 3094 ni.
1688 3063 1790 3094 Siciliae
1800 3064 1894 3093 lacus:
1917 3073 1951 3092 ex
1964 3073 2020 3101 quo
2033 3063 2117 3094 salem
2130 3063 2303 3093 Cocanicum
2313 3064 2500 3094 nominamus.

1376 3101 1446 3131 Plin.
1459 3102 1507 3132 lib.
1520 3111 1533 3136 ι
1542 3112 1564 3132 1.
1579 3112 1639 3139 cap.
1650 3112 1676 3137 7.
1700 3102 1877 3131 Adulteratur
1884 3101 1978 3131 Siculo
1987 3123 1996 3138 ,
2012 3111 2096 3139 quem
2106 3101 2280 3131 Cocanicum
2291 3101 2500 3139 appellavimus.

1377 3146 1489 3169 necnon
1502 3142 1527 3169 Sc
1542 3141 1648 3178 Cyprio
1658 3140 1780 3169 maxime
1794 3139 1883 3168 simili.

1338 3177 1361 3207 C
1371 3188 1387 3206 0
1398 3188 1413 3206 c
1424 3181 1463 3206 οἱ
1474 3187 1492 3206 Τ
1501 3188 1519 3206 u
1530 3189 1550 3207 M
1560 3200 1568 3213 ‚
1590 3179 1608 3207 i.
1630 3187 1659 3208 n.
1681 3177 1776 3207 Genus
1787 3176 1874 3206 edulii
1892 3186 1928 3205 ex
1947 3176 2031 3205 melle
2044 3178 2071 3206 &
2082 3186 2219 3215 papavere
2231 3176 2350 3206 sactum:
2373 3176 2448 3214 quod
2465 3173 2501 3205 ad

1376 3216 1468 3252 ignem
1478 3222 1622 3252 coquatur.
1646 3216 1748 3245 Festus.
1787 3215 1889 3245 Beatus
1901 3215 2052 3245 Rhenanus
2073 3216 2103 3244 in
2120 3221 2247 3244 annotat.
2265 3215 2294 3243 in
2307 3215 2424 3245 Tertull.
2450 3213 2501 3244 Co-

1378 3261 1491 3283 centum
1503 3253 1579 3291 legit.
1622 3253 1675 3283 Alii
1685 3253 1782 3291 legunt
1793 3253 1939 3282 cocetum.

1339 3291 1535 3326 Coeeaus,
1557 3292 1823 3325 CoccrNATus‚
1846 3290 2050 3320 Coccruus.
2086 3288 2118 3319 V.
2142 3299 2307 3319 coccuar.

1338 3330 1362 3359 C
1373 3339 1389 3358 o
1398 3339 1415 3357 c
1424 3339 1440 3357 c
1451 3339 1468 3358 u
1479 3340 1500 3358 M
1510 3351 1518 3363 .
1544 3330 1562 3358 i.
1584 3339 1612 3358 n.
1634 3330 1744 3396 qm‘mffl:
1762 3328 1882 3363 βοιφικὴ]
1903 3328 1939 3357 esl
1955 3327 2041 3358 veluti
2050 3327 2182 3362 Granum,
2196 3328 2272 3364 quod
2281 3337 2316 3357 ex
2325 3327 2433 3362 frutice,
2455 3325 2500 3364 qui
2550 3339 2551 3343 ¹

1376 3376 1478 3396 coccus
1488 3368 1608 3402 dicitur,
1630 3368 1637 3395 i
1653 3367 1686 3396 ici
1697 3366 1792 3401 simili.
1814 3365 1905 3395 velex
1916 3365 2026 3394 rubenti
2047 3367 2171 3403 gramine
2188 3365 2325 3395 nascitur:
2349 3365 2433 3400 vulgo
2443 3373 2501 3401 gra·
2544 3390 2547 3397 .

1375 3415 1436 3431 num
1456 3405 1564 3434 dicitur.
1607 3404 1675 3434 Plin.
1694 3404 1742 3434 lib.
1754 3413 1799 3435 21.
1815 3413 1875 3441 cap.
1889 3409 1915 3438 8.
1948 3403 1982 3432 Et
1992 3403 2039 3433 lib.
2054 3414 2079 3438 9.
2099 3413 2161 3441 cap.
2174 3414 2220 3438 41.
2249 3404 2372 3432 Coccum
2391 3402 2500 3433 Galatiae

1375 3442 1476 3473 rubens
1485 3453 1599 3479 granum
1609 3465 1616 3475 .
1638 3449 1686 3471 aut
1704 3443 1776 3471 circa
1789 3442 1938 3470 Emeritam
1951 3441 2094 3471 Lufitaniae
2106 3442 2135 3470 in
2145 3442 2265 3471 maxima
2277 3440 2360 3470 laude
2371 3440 2416 3469 est.
2432 3439 2501 3482 Coc-

1374 3488 1439 3509 cum
1451 3489 1543 3510 autem
1556 3491 1570 3509 a
1582 3480 1743 3510 Dioscoride
1753 3484 1837 3509 mimo<
1850 3482 1943 3509 βαφική
1954 3479 2073 3509 dicitur:
2089 3479 2143 3508 hoc
2152 3480 2314 3509 estGranuin
2329 3479 2497 3507 tinfiorium.

1373 3517 1475 3547 Frutci(
1484 3519 1522 3548 est
1532 3518 1676 3553 fullonius,
1689 3518 1733 3547 cui
1743 3517 1884 3546 adhaerent
1895 3527 1987 3554 grana,
2003 3516 2142 3553 quibusfit
2153 3517 2229 3546 color
2242 3516 2289 3545 ille
2299 3515 2423 3545 lanarum
2436 3523 2500 3552 prae·

1374 3555 1473 3593 cipuus
1485 3579 1493 3591 ‚
1515 3557 1594 3592 cujus
1605 3555 1798 3594 copiasumma
1807 3556 1834 3583 in
1845 3564 1877 3599 ea
1886 3561 1964 3592 parte
1974 3554 2114 3592 Hispaniae
2124 3565 2185 3592 quae
2195 3554 2367 3584 Tudertania
2378 3551 2500 3591 appella-

1373 3599 1417 3622 tur
1428 3615 1435 3627 ‚
1457 3601 1487 3623 ut
1499 3594 1537 3624 est
1549 3595 1645 3624 auctor
1659 3593 1755 3623 Strabo
1770 3593 1797 3621 in
1816 3592 1939 3622 decimo.
1981 3593 2107 3630 Quidam
2119 3593 2149 3622 id
2168 3592 2223 3622 esse
2239 3597 2339 3630 putant
2357 3591 2432 3628 quod
2448 3597 2498 3619 noa
2540 3608 2542 3620 i

1373 3631 1534 3667 zramcfiaum
1547 3633 1677 3660 dicimus
1720 3630 1839 3668 Baylius.

1372 3668 1468 3697 Rubro
1480 3679 1567 3698 cocco
1578 3671 1664 3699 tincta
1676 3669 1765 3698 vestis.
1791 3668 1856 3698 Hor.
1867 3675 1892 3696 2.
1905 3667 1995 3697 Serm.
2009 3671 2034 3697 6.
2050 3676 2111 3697 102.

1372 3704 1496 3735 Coccum
1507 3707 1668 3737 diversuina
1680 3708 1809 3743 Purpura,
1830 3705 1905 3735 clare
1914 3705 2077 3743 intelligitur
2085 3715 2119 3734 ex
2130 3705 2148 3735 l.
2162 3705 2180 3734 li
2193 3705 2238 3734 cui
2252 3704 2324 3734 lana.
2346 3705 2358 3742 §
2385 3701 2497 3733 versico-
2539 3697 2541 3701 ¹

1393 3743 1506 3773 loribus.
1530 3745 1562 3774 D.
1577 3745 1700 3782 delegat.
1716 3752 1739 3779 3.
2458 3776 2464 3782 .

1334 3779 1357 3810 C
1368 3790 1385 3808 o
1398 3792 1414 3809 c
1424 3792 1440 3809 c
1452 3791 1469 3810 u
1478 3792 1490 3811 s
1501 3804 1509 3816 ⁷
1530 3783 1547 3811 i.
1571 3792 1608 3812 m.
1632 3792 1682 3819 pro
1694 3783 1785 3811 Panno
1798 3781 1942 3810 coccineo.
1982 3780 2051 3810 Plin.
2065 3779 2112 3809 lib.
2124 3790 2150 3814 9.
2160 3788 2220 3817 cap.
2232 3785 2277 3813 ³8.
2301 3778 2336 3808 de
2353 3785 2495 3816 purpuris,

1369 3818 1526 3850 Buccinum
1536 3830 1585 3857 per
1594 3820 1621 3850 se
1633 3822 1796 3852 damnatur,
1819 3819 1951 3853 quoniam
1963 3819 2059 3847 fucum
2071 3818 2195 3847 remittit.
2228 3817 2336 3853 Pelagio
2347 3815 2495 3845 admodum
2536 3823 2538 3843 i

1369 3856 1495 3900 alligatur
1514 3859 1664 3896 nimiaeque
1683 3859 1742 3894 ejus
1759 3857 1876 3894 nigritiae
1895 3856 1943 3886 dat
1961 3856 2144 3885 austeritatem
2165 3855 2241 3884 illam
2259 3856 2433 3890 nitoremque
2452 3849 2498 3888 qui

1373 3900 1505 3930 quaeritur
1517 3897 1605 3925 cocci.
1778 3906 1779 3909 ¹

1369 3931 1484 3961 Ardenti
1495 3942 1582 3962 cocco
1593 3933 1699 3963 radiare
1710 3955 1718 3969 ,
1741 3931 1896 3970 Splendida
1908 3930 1980 3960 veste
1992 3929 2124 3961 indutum
2133 3927 2196 3960 esse.
2218 3928 2268 3960 Sil.
2277 3928 2326 3958 lib.
2340 3930 2494 3994 ηάζίὲυκ

2595 1919 2604 1991 i

2589 2013 2604 2058 5!

2570 2054 2604 2091 ιθ

2568 2092 2604 2137 ἶζ

2566 2213 2604 2267 ig}

2564 2271 2604 2391 i

2584 2397 2601 2430 ³3
