2600 4177
445 127 475 163 C
564 128 600 163 O
691 128 718 164 L

83 207 152 238 Vide
160 216 195 237 an
207 208 280 246 apud
290 207 479 245 Ovid.Vulgus
488 208 622 238 amicitias
632 207 750 237 utilitate
762 207 849 238 colit?
864 208 896 237 11.
911 207 949 237 St.
971 206 1060 237 Immo
1070 206 1178 237 Probat.

83 256 117 276 ex
128 246 213 274 Ponto
224 256 248 274 2.
262 256 284 278 1.
299 253 322 281 8.
346 247 432 276 Miror
441 254 496 275 tam
507 247 563 275 triti
574 245 695 275 verficuli
710 246 738 274 V.
751 247 781 275 C.
799 256 855 275 non
869 246 1052 275 recordatum.

66 284 193 356 Agicittia
210 284 340 349 igeritate,
361 284 416 313 fide
432 284 564 319 societas,
586 283 689 321 pietate
708 284 901 322 propinquitas
923 284 1032 314 colitur.
1055 283 1112 312 Cic.
1130 291 1181 320 pro

114 330 160 349 uin
177 343 181 349 .
195 330 210 349 2
232 344 238 350 .
1057 332 1078 359 θ

65 359 150 388 Amor
161 357 306 387 colendus.
329 357 423 386 Tibul.
434 357 482 386 lib.
495 365 558 392 24.
575 365 619 392 52.

159 395 234 424 Illius
244 398 281 424 elt
291 394 371 423 nobis
382 395 443 431 lege
460 394 595 423 colendus
606 404 692 424 amor.

64 432 167 462 Aurum
177 433 283 466 colere,
305 433 430 461 Pecuniae
447 431 596 461 studiosum
606 430 670 461 effe.
693 431 814 470 propert.
827 431 874 462 lib.
888 442 913 469 3.
926 439 968 469 13.
981 437 1028 469 48.

160 471 260 499 Aurum
271 479 368 498 omnes
381 470 452 498 vidia
463 470 518 504 jam
528 470 632 506 pietate
642 468 747 498 colunt.

66 506 251 536 Caeremonias
261 516 358 543 magna
370 516 436 536 cura
451 506 638 545 sepulcrorum
646 506 747 536 colere.
768 507 825 536 Cic.
842 517 864 536 1.
877 506 958 537 Tusc.
971 516 1016 545 27.

68 544 301 573 conciliationem
318 553 497 573 communem
518 546 544 574 &
556 544 793 574 consociationem
812 547 920 582 generis
937 545 1053 575 humani
1074 543 1183 580 colere,

86 583 157 610 tueri
170 603 179 617 ,
199 581 312 610 servare.
336 582 393 610 Cic.
406 591 428 610 1.
443 581 500 611 Off.
515 591 576 617 149.

67 618 218 655 Diligentia
230 619 369 656 praecipue
381 619 499 648 colenda
508 619 546 648 est
555 619 645 648 nobis.
668 618 725 648 Cic.
738 627 763 649 2.
781 618 817 648 de
833 620 909 650 Orat.
926 625 989 656 148.

68 655 261 694 Disciplinam.
285 656 342 685 Cic.
358 657 393 685 de
406 657 477 686 Clar.
489 657 566 687 Orat.
584 666 646 694 117.

69 694 145 724 Festa
155 694 255 723 colere.
278 694 361 723 Ovid.
373 698 399 723 6.
414 695 479 724 Fast.
494 704 554 731 179.

70 731 167 762 Fidem
179 731 289 767 colere,
311 732 476 768 &justitiam
486 733 613 761 retinere.
654 730 713 760 Cic.
729 739 753 760 1.
770 730 805 759 de
814 731 922 761 Invent.
938 740 963 768 3.
986 732 1041 769 Age
1055 741 1131 768 vero,
1144 741 1191 762 ur-

38 794 45 801 .
90 769 171 798 bibus
182 769 336 798 constitutis
348 792 355 805 ‚
377 776 407 799 ut
419 769 503 799 fidem
517 770 611 799 colere
622 791 630 804 ,
651 770 677 799 <Sc
686 768 817 804 justitiam
828 771 946 800 retinere
955 769 1102 800 discerent.

73 806 187 842 Fidem,
208 808 371 844 rectumque
384 807 485 837 colere.
508 807 591 837 Ovid.
603 816 626 836 1.
642 806 711 836 Met.
726 816 771 840 90.

71 843 275 911 Ὲὲἒῐιπξιέἶίιῖἓὲη
287 846 388 875 colere.
427 845 505 875 Curt.
520 855 562 875 10.
577 854 601 882 3.
616 854 642 881 9.
665 844 869 874 Fortitudinem
888 854 946 874 non
964 845 1051 883 magis
1065 854 1147 883 quam
1159 844 1190 875 fi-

71 919 164 949 Genus
177 905 310 949 orationis
321 920 454 958 aequabile
464 922 490 950 Sc
499 926 685 957 temperatum
700 917 860 948 colendum.
883 919 940 949 Cic.
960 929 982 949 1.
996 919 1055 950 Off.
1070 929 1095 956 3.

71 957 371 1025 Hlolspitia‚l{lientelae
384 980 393 994 ‚
413 959 612 996 cognationes,
633 957 780 987 affinitates
794 957 864 986 caste
882 957 1018 988 colendae.
1039 959 1140 988 Auctor
1155 957 1191 988 ad

120 1004 194 1024 eren.
225 1006 232 1024 1
254 1019 260 1024 .
278 1005 301 1028 z.
319 1007 346 1032 4.

73 1031 148 1068 Jura.
171 1032 266 1062 Tibul.
282 1033 328 1063 lib.
344 1042 370 1063 2.
381 1041 407 1070 3.

73 1070 122 1105 Jus
131 1069 255 1107 religiose
265 1071 366 1100 colere.
390 1072 490 1100 Audor
500 1070 535 1099 ad
546 1069 649 1100 Heren.
662 1069 710 1099 lib.
726 1077 750 1104 3.
765 1079 791 1104 4.

73 1107 123 1174 ,ἷξε
136 1108 235 1174 &tfasr
257 1108 314 1138 Liv.
328 1118 374 1146 27.
390 1113 432 1146 1‘7.
455 1108 584 1138 Animum
594 1108 651 1144 jam
660 1107 771 1146 pridem
782 1107 821 1137 ibl
831 1107 904 1144 esse,
925 1107 974 1139 ubi
984 1107 1028 1144 ius
1040 1109 1118 1139 &fas
1134 1118 1193 1140 cre-

113 1155 158 1174 ΕΥΕ
182 1155 215 1174 CO
228 1156 246 1175 1.

74 1182 210 1218 justitiam
225 1185 251 1213 δι
262 1183 465 1214 liberalitatem.
484 1183 542 1212 Cic.
556 1192 579 1212 1.
594 1182 651 1212 Off.
666 1193 690 1218 ς.

75 1220 160 1257 Leges
172 1221 246 1258 sequi
260 1223 284 1251 St
297 1222 398 1251 colere.
420 1221 480 1251 Cic.
492 1221 521 1250 in
534 1221 625 1250 Parad.
638 1231 662 1255 ς.
688 1225 692 1228 ”

75 1258 196 1288 Martem
209 1259 299 1289 colere
311 1282 318 1295 ,
340 1260 439 1289 Studio
450 1258 515 1288 belli
525 1259 653 1288 deditum
667 1257 730 1287 esse.
752 1258 799 1289 Sil.
811 1259 859 1288 lib.
869 1265 895 1294 8.
906 1262 971 1295 464.

75 1296 244 1327 Memoriam
255 1297 378 1333 alicujus.
420 1296 479 1326 Cic.
491 1305 517 1326 2.
527 1297 562 1325 de
575 1296 663 1325 Finib.
680 1305 740 1325 101.
763 1297 889 1335 Itemque
902 1297 1034 1328 omnibus
1044 1298 1195 1335 mensibus,

95 1343 141 1363 xx
155 1335 202 1363 die
213 1335 295 1364 Luna:
308 1338 376 1364 dent
386 1335 420 1364 ad
430 1344 526 1364 eorum
541 1334 636 1372 epulas
646 1355 654 1369 ‚
675 1334 722 1371 qui
738 1344 794 1364 una
808 1335 901 1365 secum
919 1335 1109 1374 philosophati
1123 1337 1175 1366 sint
1185 1358 1195 1372 ‚

96 1377 128 1400 ut
138 1373 164 1401 ἃ
174 1372 214 1401 sui
229 1374 256 1402 ἀ
266 1373 439 1402 Methrodori
454 1373 589 1402 memoria
600 1371 717 1401 colatur.

78 1409 247 1476 Rkergoriam
266 1411 346 1441 vestri
363 1409 492 1441 beneficii
511 1410 603 1440 colam
627 1409 823 1440 benevolentia
848 1410 1025 1450 sempiterna.
1057 1411 1116 1443 Cic.
1136 1412 1199 1450 post

122 1457 137 1476 e
161 1470 167 1477 .
183 1457 228 1483 ²4·

77 1484 220 1515 Militiam.
242 1485 325 1515 Ovid.
340 1495 365 1515 2.
378 1485 444 1515 Fast.
460 1491 522 1521 518.

78 1523 190 1553 Morem
200 1523 327 1553 colere&
338 1524 476 1561 usurpare.
517 1522 587 1552 Plin.
603 1522 632 1551 in
643 1521 742 1560 Paneg.
761 1532 821 1560 cap.
834 1533 857 1552 1.
881 1524 937 1561 Qui
961 1533 1022 1554 mos
1043 1525 1088 1554 cui
1105 1526 1198 1564 potius

97 1570 179 1597 quam
191 1561 296 1590 consuli
307 1563 320 1590 ἰ)
341 1570 388 1591 3111
399 1562 510 1600 quando
522 1561 609 1597 magis
619 1559 791 1598 usurpandus
802 1561 993 1599 colendusque
1003 1562 1060 1592 est‘?

64 1603 66 1607 ’
79 1598 174 1629 Mores
184 1599 283 1637 populi
292 1600 410 1636 alicujus
421 1599 521 1629 colere.
555 1598 640 1628 Plaut.
652 1598 740 1628 Casiri.
755 1609 778 1633 ς.
790 1610 815 1635 4.
833 1609 855 1629 1.

170 1636 225 1666 Ubi
237 1643 267 1666 tu
281 1646 310 1666 es
320 1639 367 1675 qui
379 1638 470 1667 colere
481 1646 572 1667 mores
585 1636 764 1666 Massilienses
775 1637 895 1675 postulas
903 1638 917 1667 ‘?
1186 1654 1188 1656 ·

78 1672 178 1703 Colere
188 1676 214 1704 Sc
224 1675 334 1704 efficere
346 1676 459 1705 Munus.
500 1675 560 1704 Cic.
575 1683 597 1704 1.
612 1675 648 1703 de
659 1674 751 1712 Legib.
769 1679 811 1704 16.
840 1676 926 1712 CuJus
945 1676 1069 1706 muneris
1086 1675 1199 1706 colendi

98 1710 296 1750 efficiendique
304 1713 383 1743 causa
393 1714 450 1743 nati
458 1715 484 1743 ‹S’c
492 1714 520 1741 in
531 1713 624 1742 lucem
635 1712 704 1742 editi
716 1711 817 1742 sumus.

80 1749 215 1817 Nsstqragi
226 1751 414 1818 exceglentem
422 1758 503 1789 310110
513 1750 687 1789 praestantem
704 1751 752 1788 pie
763 1750 912 1789 sancteque
922 1750 1023 1782 colere.
1045 1752 1104 1782 Cic.
1120 1761 1144 1782 1.
1166 1751 1202 1782 de

129 1798 143 1816 a
158 1811 165 1817 .
206 1798 289 1824 eor.5
315 1811 321 1818 .

81 1825 216 1856 Officium
225 1826 312 1856 suum.
333 1827 419 1857 Plaut.
430 1826 514 1857 Stich.
534 1836 558 1856 1.
574 1835 596 1855 1.
612 1834 655 1862 35.

81 1863 180 1894 Pectus
193 1864 285 1894 colere
296 1875 345 1902 per
353 1873 430 1894 artes.
453 1864 538 1894 Ovid.
553 1873 579 1893 2.
593 1864 628 1893 de
642 1865 703 1894 Arte
712 1863 770 1893 Am.
787 1872 848 1894 121.

174 1902 235 1932 Nec
244 1902 313 1932 levis
326 1904 459 1941 ingenuas
471 1903 568 1940 pestus
579 1902 694 1932 coluisse
705 1912 755 1940 per
766 1909 838 1932 artes

104 1976 112 1982 ⁴
213 1940 286 1970 Cura
296 1941 327 1970 sit
339 1963 347 1976 ,
369 1941 512 1977 &linguas
526 1940 670 1970 edidicisse
680 1940 757 1970 duas.

83 1976 227 2007 Pietatem.
251 1978 336 2008 Plaut.
352 1979 420 2008 Asin.
433 1987 458 2014 3.
474 1987 497 2007 1.
512 1981 538 2007 6.

101 2052 129 2083 H
176 2016 304 2045 Hoccine
316 2017 353 2046 est
361 2017 496 2055 pietatem
505 2015 598 2045 colere
607 2037 615 2050 ‚
636 2016 731 2045 matris
745 2015 895 2052 imperium
905 2016 1031 2047 minuere
1041 2017 1055 2046 ‘2
1137 2015 1203 2047 Ter.

130 2062 172 2083 ec.
184 2062 208 2089 3.
220 2064 246 2090 4.
260 2062 304 2089 ῃ.

176 2091 262 2128 Quod
273 2098 372 2129 potero
381 2092 481 2121 faciam
494 2101 501 2121 :
522 2097 616 2121 tamen
626 2097 657 2120 ut
666 2090 797 2128 pietatem
807 2090 918 2121 colam:

175 2130 247 2159 Nam
260 2139 305 2160 me
314 2130 422 2168 parenti
433 2130 528 2167 potius
539 2138 622 2166 quam
636 2129 723 2157 amori
734 2128 846 2165 obsequi

178 2168 310 2205 Oportet.
405 2168 459 2197 Hic
473 2167 594 2197 declarat
617 2167 782 2200 Terentius,
805 2166 937 2197 Pietatem
955 2166 1048 2198 colere
1059 2189 1067 2204 ‚
1088 2167 1142 2198 effe
1159 2168 1207 2198 Pa-

103 2204 227 2235 rentibus
239 2205 361 2242 obsequi.

84 2241 221 2273 Pudorem
238 2245 264 2274 ἀ
300 2243 455 2273 udicithm.
496 2243 554 2272 Cic.
573 2253 596 2277 ς.
616 2241 748 2277 Verr.95.
774 2242 912 2272 Pudorem
932 2244 959 2273 δι
973 2243 1138 2282 pudicitiam
1159 2244 1207 2281 qui

105 2283 191 2316 colit,
213 2288 277 2319 rote
312 2282 406 2311 animo
416 2281 578 2318 aequoistius
589 2280 752 2317 quotidiana
760 2280 912 2317 adulteria,
929 2283 982 2312 διο.
1007 2282 1127 2312 videre?
1148 2283 1166 2312 i.
1178 2293 1204 2313 e.

105 2319 162 2355 Qui
175 2322 293 2357 pudlcus
303 2327 348 2349 eit.

85 2357 227 2393 Quaestum
238 2357 327 2387 suum.
351 2357 436 2387 Plaut.
451 2357 526 2386 Poen.
542 2367 566 2392 ς.
582 2366 608 2386 2.
625 2366 685 2393 1³7·

86 2394 271 2432 Religionem.
312 2396 368 2425 Cic.
381 2405 431 2433 pro
443 2395 521 2424 Font.
534 2404 578 2424 21.
601 2395 659 2429 Qui
675 2394 758 2423 etiam
769 2393 786 2422 si
802 2393 914 2432 quando
928 2393 1021 2432 aliquo
1032 2400 1109 2424 metu
1121 2395 1207 2425 addu-

104 2434 143 2462 611
157 2434 224 2462 deos
235 2433 388 2470 piacandos
399 2433 452 2462 esse
464 2433 649 2466 arbitrantur,
671 2434 723 2462 640.
745 2440 775 2461 111
796 2442 831 2462 ne
852 2433 1015 2469 religionem
1029 2433 1145 2470 quidem
1161 2443 1207 2463 co-

106 2471 164 2500 lere
174 2471 276 2507 pollint
287 2493 294 2505 ,
315 2471 362 2500 nisi
375 2481 435 2500 eam
444 2470 529 2509 ipsam
540 2471 615 2508 prius
626 2470 727 2499 scelere
739 2470 877 2499 violarint.

28 2525 29 2544 ;
85 2507 261 2546 Religionem
285 2510 505 2538 testimoniorum
536 2518 680 2545 nunquam
700 2508 806 2537 colunt.
848 2508 907 2537 Cic.
922 2517 974 2546 pro
993 2507 1083 2539 Flacc.
1096 2518 1122 2544 9.
1144 2508 1162 2538 i.
1179 2519 1204 2540 e.

27 2556 29 2570 ¹
43 2567 47 2572 -
104 2547 257 2583 Nunquam
265 2546 326 2576 sunt
336 2556 447 2576 veraces
456 2548 486 2576 in
497 2547 660 2577 testimoniis
671 2546 832 2576 reddendis.

28 2583 30 2611 ἶ
85 2584 165 2615 Sacra
176 2584 324 2614 Musarum.
348 2585 433 2614 Ovid.
446 2595 471 2620 4.
484 2585 520 2614 de
531 2585 606 2613 Pont.
619 2593 645 2614 2.
658 2594 703 2619 ⁴9-

41 3284 43 3291 .

16 3321 45 3369 .-1

4 3876 57 3937 ᾗ,

5 3923 57 3975 ti

6 3995 12 4081 1
58 4056 59 4088 ;

61 2628 63 2631 ’
85 2623 255 2653 seditiones.
295 2624 393 2652 Auctor
407 2623 442 2652 de
453 2622 521 2652 Viris
531 2622 628 2652 lllustr.
640 2631 701 2660 cap.
715 2630 756 2658 19.
780 2621 880 2651 Uthac
894 2621 995 2658 injuria
1006 2621 1097 2659 plebs,
1116 2628 1206 2660 agros,

106 2669 164 2689 non
175 2659 325 2690 seditiones
335 2660 448 2690 coleret.

87 2698 255 2728 Servitutem
267 2700 341 2736 apud
352 2699 473 2736 aliquem
481 2697 582 2727 colere.
604 2697 691 2727 Plaut.
706 2696 782 2726 Poen.
794 2707 820 2732 4.
837 2706 863 2726 2.
875 2706 902 2732 7.

86 2737 239 2766 Societates
249 2743 331 2773 atque
344 2737 480 2766 amicitias
491 2735 609 2765 studiose
620 2735 721 2765 colere.
743 2737 845 2765 Austor
858 2735 892 2764 ad
905 2734 1005 2764 Heren.
1019 2744 1044 2770 ³-
1055 2745 1082 2770 4.

88 2774 185 2805 Studia
198 2774 291 2804 colere
305 2796 313 2809 ,
336 2775 352 2804 i.
362 2784 386 2804 e.
409 2774 512 2803 Labore
522 2782 604 2811 atque
617 2774 816 2803 exercitatione
831 2783 863 2802 ea
874 2772 1033 2802 consectari.
1055 2773 1112 2803 Cic.
1127 2783 1151 2808 ς.
1173 2772 1209 2803 de

106 2812 196 2842 Finib.
213 2822 256 2848 50.
279 2814 365 2849 Atque
375 2812 502 2842 hocloco
514 2813 560 2848 qui
571 2819 683 2849 propter
693 2811 781 2840 animi
795 2811 968 2849 voluptatem
987 2811 1087 2841 dicunt
1107 2811 1164 2841 coli
1177 2820 1210 2841 ea

107 2850 194 2880 studia
203 2860 264 2888 quae
276 2851 352 2886 dixi,
374 2860 431 2879 non
441 2849 616 2887 intelligunt,
636 2851 689 2879 Sec.

87 2888 130 2918 Ad
140 2889 352 2926 percipiendam
363 2888 566 2925 colendamque
577 2888 706 2917 virtutem
714 2886 813 2916 litteris
823 2886 1155 2924 adjuvari.Cic.proArch.
1165 2889 1209 2916 16.

87 2924 180 2956 Vitam
192 2927 303 2961 colere,
325 2923 452 2963 [zlelyw
470 2924 491 2953 ’ἲ-
506 2926 587 2961 Cubi]
609 2925 715 2954 Vivere.
757 2924 921 2953 Plautuud.
937 2934 958 2953 1.
974 2935 996 2960 5.
1009 2934 1053 2960 25.
1077 2924 1129 2953 Vix
1144 2924 1209 2954 colo

108 2960 204 2994 vita'm.
246 2965 347 2994 Auctor
358 2964 392 2993 ad
405 2964 508 2994 Heren.
519 2963 568 2993 lib.
581 2974 607 2999 4.
621 2973 665 2992 21.
688 2962 746 3000 Qii
760 2961 831 2991 nihil
850 2961 934 2991 habet
951 2962 980 2990 in
991 2963 1047 2992 vita
1057 2962 1211 2998 jucundius

110 3002 167 3032 vita
178 3024 186 3037 ‚
208 3001 231 3031 is
241 3011 306 3032 cum
319 3004 420 3032 virtute
435 3002 520 3032 vitam
534 3011 591 3030 non
604 3001 692 3039 potest
701 3000 803 3032 colere.
844 2999 918 3029 conf.
941 2999 1050 3030 ffivum.

92 3038 167 3070 Inter
177 3040 204 3070 se
217 3039 318 3070 colere.
357 3040 417 3069 Cic.
432 3048 473 3075 13.
492 3041 543 3069 Att.
561 3049 603 3069 11.
633 3039 747 3072 Posthac
765 3037 841 3067 enim
860 3038 1014 3076 poterimus
1033 3037 1212 3068 commodius

111 3078 204 3108 colere
218 3079 290 3107 inter
299 3088 349 3108 nos
358 3078 388 3107 in
400 3077 568 3108 Tusculano.

37 3111 39 3118 ⁴
92 3114 204 3146 Victum
213 3115 314 3146 colere.
351 3116 411 3147 Cic.
424 3125 468 3146 12.
482 3117 536 3145 Att.
553 3120 598 3150 28.
621 3114 683 3145 Nec
694 3123 746 3152 ego
755 3114 860 3143 victum
872 3135 880 3148 ‚
902 3122 955 3143 nec
970 3113 1057 3144 vitam
1078 3112 1155 3143 illam
1166 3122 1215 3143 co·-

110 3153 168 3184 lere
178 3153 296 3192 possum.

22 3188 42 3234 ,Ἰ
59 3186 219 3227 Consus,
241 3192 323 3221 entis.
343 3187 521 3228 [m‘o'ulpceo]
540 3196 591 3226 ut⁷
620 3189 724 3220 Colens
753 3189 931 3226 religionum.
972 3188 1030 3218 Cic.
1052 3197 1103 3226 pro
1121 3188 1214 3219 Plane.

19 3236 60 3271 12,

97 3238 159 3264 103.
180 3229 236 3266 Qui
250 3228 335 3259 saneti
347 3251 355 3263 ,
377 3229 423 3265 qui
433 3228 599 3267 religionum
611 3228 752 3263 colentes,
773 3228 822 3256 nifi
842 3228 887 3263 qui
902 3227 1028 3256 meritam
1038 3227 1092 3256 diis
1101 3227 1216 3257 immot-

94 3266 194 3297 talibus
206 3268 319 3305 gratiam
331 3267 407 3303 justis
418 3267 570 3296 honoribus
580 3268 606 3296 8<
620 3266 738 3295 memori
750 3271 845 3295 mente
857 3264 1041 3303 persolvunt?

95 3304 232 3335 Homines
242 3304 446 3334 arvacolentes.
469 3304 553 3334 Ovid.
571 3314 592 3334 1.
609 3306 699 3333 Amor.
715 3312 756 3340 13.
772 3314 796 3338 5.

96 3342 234 3381 Nymphae
243 3344 330 3372 undas
343 3342 477 3372 colentes.
501 3342 586 3373 Ovid.
601 3352 623 3372 1.
635 3343 727 3371 Amor.
741 3350 782 3378 13.
797 3350 841 3377 15.

25 3366 31 3398 Ῑ
44 3373 46 3404 i
97 3380 275 3418 Populisacra
285 3380 417 3410 colentes.
442 3380 520 3411 idem
534 3390 575 3415 ¹5-
590 3380 660 3409 Met.
673 3383 738 3416 679.

11 3451 15 3455 ,
45 3418 47 3444 1
60 3417 108 3448 Cu
120 3429 136 3447 1.
145 3428 163 3447 τ
172 3429 190 3448 u
199 3428 211 3448 s
220 3441 228 3453 ‚
250 3429 265 3448 a
274 3441 282 3454 ‚
304 3428 361 3448 um.
383 3415 664 3454 [κεωιλλωνητμῖρῶι]
685 3417 780 3447 Partic.

45 3452 48 3482 ἶ
99 3455 196 3486 Cultus
206 3457 277 3486 veste
288 3457 407 3485 candida
417 3455 552 3485 sacerdos.
582 3457 599 3484 i.
610 3465 635 3485 e.
658 3455 789 3485 Ornatus.
814 3452 881 3481 Plin.
899 3451 945 3482 lib.
959 3454 1003 3482 16.
1016 3460 1078 3490 cap.
1087 3461 1134 3488 44.

98 3493 225 3524 incultus
235 3496 260 3524 S:
273 3495 442 3523 Cultillimus
454 3515 462 3529 ‚
481 3494 625 3522 contraria.
667 3493 725 3522 Cic.
745 3501 795 3530 pro
806 3490 884 3520 Rosc.
900 3491 979 3520 Com.
993 3499 1035 3527 13.
1067 3489 1143 3520 Tum
1158 3493 1218 3519 erat

115 3541 180 3569 ager
190 3532 312 3562 incultus
323 3532 378 3561 sine
388 3533 461 3562 tecto
473 3553 481 3567 ‚
502 3540 577 3560 nunc
585 3531 623 3560 est
633 3530 798 3560 cultiffimus
810 3538 874 3558 cum
891 3529 999 3567 optima
1013 3527 1087 3558 villa.

101 3571 171 3607 Ager
184 3570 259 3599 nulla
270 3579 305 3599 ex
314 3578 391 3608 parte
400 3569 500 3599 cultus.
524 3570 582 3598 Cic.
595 3579 646 3607 pro
656 3568 739 3599 Rosc.
753 3569 833 3597 Com.
844 3575 888 3604 33.

101 3608 216 3636 Animus
233 3608 335 3638 cultus.
357 3608 415 3637 Cic.
428 3617 453 3636 2.
464 3607 490 3636 T
492 3606 546 3636 usc.
559 3615 601 3642 33.

101 3644 160 3674 Dea
171 3645 403 3681 cultavirginibus
414 3645 553 3674 ministris.
574 3644 659 3674 Ovid.
673 3647 699 3673 6.
715 3643 781 3674 Fast.
794 3647 856 3679 283.

102 3682 183 3712 Fides
194 3683 276 3712 culta.
301 3684 386 3712 Valer.
402 3693 424 3711 1.
442 3684 542 3719 Argon.
555 3687 618 3716 838.

102 3720 191 3751 Focus
199 3721 290 3751 cultus
302 3720 416 3758 superba
427 3720 497 3749 strue
508 3720 605 3749 iliceti.
629 3718 748 3749 Martial.
768 3716 817 3748 lib.
831 3726 875 3748 12.
889 3721 932 3752 18.

294 3774 331 3778 —
339 3759 416 3787 focus
427 3759 488 3787 exci
512 3759 533 3786 it
546 3757 663 3796 superba

195 3796 285 3825 Vicini
300 3796 370 3825 strue
381 3796 471 3825 cultus
485 3797 493 3824 i
508 3796 582 3825 iceti.

104 3833 217 3872 Ingenia
228 3834 352 3863 cultiora.
375 3833 450 3862 Curt.
467 3843 492 3869 7.
510 3839 536 3867 8.
554 3843 596 3863 11.

105 3871 248 3901 Lacertuni
260 3870 367 3900 armilla
378 3881 458 3900 aurea
470 3871 585 3901 cultum.
608 3870 715 3899 Petron.
729 3868 816 3905 Satyr.
825 3876 888 3905 cap.
902 3874 947 3902 τε.
1061 3903 1068 3910 ἱ

74 3910 77 3913 ’
106 3909 232 3939 Materia.
272 3909 329 3938 Cic..
347 3919 372 3938 2.
386 3909 420 3937 de
433 3908 495 3938 Nat.
509 3909 588 3938 Deor.
606 3917 667 3942 151.
689 3906 824 3937 Arborum
841 3912 934 3936 autem
948 3902 1142 3940 constdhone,
1163 3913 1223 3935 om-

124 3947 208 3985 nique
219 3948 334 3978 matcria
342 3968 351 3983 ‚
372 3948 398 3976 ἃ
410 3945 485 3976 culta
496 3948 522 3978 6(
533 3945 652 3976 silvestri.

1684 121 1713 155 C
1812 120 1848 155 Ο
1943 120 1972 155 L
2319 133 2385 171 575

1274 202 1509 234 Militeshabebat
1519 207 1576 233 tarn
1589 202 1678 232 cultos
1689 224 1697 237 ‚
1720 206 1752 231 ut
1766 203 1818 232 &c.
1840 201 1915 232 Suet.
1929 200 1994 232 Caes.
2007 204 2053 239 67.

1275 241 1388 271 Prscdia.
1414 242 1509 270 Claud.
1526 251 1548 271 1.
1560 242 1588 270 in
1605 240 1676 270 Ruff.
1690 245 1751 273 188.

1275 279 1394 315 segetes.
1417 279 1513 308 Claud.
1528 290 1552 314 4.
1571 279 1668 314 Paneg.

1275 316 1403 345 Thalami
1419 317 1502 345 ebore
1518 316 1596 346 culti.
1619 315 1706 345 Ovid.
1720 324 1746 345 2.
1765 314 1833 344 Met.
1846 322 1911 351 737.

1276 353 1378 382 Velles.
1400 354 1497 383 Claud.
1510 364 1535 382 2.
1553 356 1587 383 de
1599 354 1679 391 Rapt.
1692 352 1812 390 Proserp.
1826 361 1889 387 321.

1241 390 1289 421 Cu
1302 400 1385 425 rxrrz,
1409 392 1473 420 Adv.
1498 399 1546 426 111,
1568 391 1649 420 Culte
1661 391 1796 420 dicentes.
1820 388 1940 426 Quintil.
1951 394 1976 423 8.
1990 397 2014 425 ς.

1278 428 1407 465 Compar.
1430 430 1493 457 Sen.
1506 429 1578 458 Suas.
1593 439 1618 463 4.
1641 429 1732 458 Nemo
1744 428 1853 457 videtur
1865 426 1963 456 dixisse
1973 426 2083 456 cultius.

1277 465 1412 495 Incubare
1426 465 1528 495 cultius
1543 467 1623 495 strato
1634 466 1746 495 lectulo.
1768 465 1857 494 Valet.
1868 465 1944 494 Max.
1956 474 1981 493 2.
1995 468 2019 494 6.
2032 469 2058 498 8.

1276 502 1407 568 ngffidl
1420 504 1531 569 cultisus.
1571 504 1667 540 Justin.
1683 513 1705 539 3.
1718 513 1743 540 3.
1766 503 1826 533 Nec
1835 512 1992 540 quenquam
2001 502 2104 532 cultius
2113 511 2195 539 quam
2206 502 2325 534 alterum
2336 514 2399 543 pro.

1310 550 1346 569 tre
1371 551 1377 568 1
1410 550 1475 569 011111
1489 548 1518 569 it.

1242 551 1373 607 Cuisru
1384 551 1424 613 ii,
1435 579 1462 621 j.
1485 588 1511 607 n.
1534 574 1756 621 [κμωργνθρρν]
1771 584 1826 621 ut,
1847 577 1961 613 Pinguia
1981 577 2065 608 culta.
2087 577 2184 607 Claud.
2208 579 2237 608 in
2256 579 2340 609 Laud.
2355 581 2401 611 Se-

1244 652 1266 683 c
1275 625 1410 687 {552323
1431 625 1502 682 ὲήῗὲ.
1513 615 1733 689 Ῑὶῗῖξὲἐξζῶ
1747 615 1860 688 vniat
1873 616 2100 690 {isszgssssiass
2109 617 2224 692 εὸἷὲῗῖἷ
2234 618 2402 686 Ἢέἑέἒξε.

1282 690 1359 726 Quid
1375 690 1413 719 est
1422 690 1496 718 enim
1508 690 1617 723 Sicilia.
1637 691 1654 718 11
1666 692 1690 720 01
1702 690 1757 726 agri
1770 690 1925 720 cultionem
1937 689 2098 721 sustuleris?

1284 729 1347 764 Agri
1357 727 1481 758 cultione
1489 727 1515 757 se
1530 727 1680 757 oblectare.
1702 728 1759 757 Cic.
1773 728 1808 756 de
1818 729 1926 757 Senest.
1942 731 1984 763 56.

1244 765 1398 795 Currus
1413 787 1421 800 ‚
1444 766 1483 794 us.
1511 775 1550 795 m.
1581 762 1723 801 [iwaniec.
1745 762 1866 801 γωςνῐι,
1893 766 1981 801 σκευὴ,
2008 765 2198 801 &naimo-mn]
2228 767 2285 797 Cic.
2301 777 2324 797 1.
2344 768 2404 798 Off.

1285 808 1352 869 1383
1363 802 1416 870 pb
1427 803 1525 840 easque
1535 801 1626 832 causas
1641 803 1748 832 studeat
1759 813 1853 840 parare
1864 811 1906 838 ea,
1917 813 1977 840 quae
1986 803 2167 842 suppeditent
2180 806 2206 835 8<
2217 806 2253 835 ad
2260 805 2366 836 cultum
2377 809 2404 837 8(

1283 851 1297 870 3
1328 850 1370 870 vrc
1385 849 1442 869 um.

1281 879 1472 916 Agricolarum
1485 877 1576 907 cultus
1587 875 1720 906 elaborat.
1746 877 1804 906 Cic.
1818 886 1844 907 2.
1861 877 1897 907 de
1907 876 1981 913 Lege
1992 879 2053 916 Agr.
2066 881 2112 909 66.

1282 917 1419 953 Agrorum
1429 915 1530 945 cultus.
1552 914 1620 944 Plin.
1634 914 1682 944 lib.
1703 925 1745 949 15.
1760 924 1820 952 cap.
1838 924 1861 944 1.

1284 954 1378 984 Bivius
1387 962 1517 991 agrorum
1525 951 1626 982 cultus.
1666 952 1698 981 V.
1720 963 1735 980 Β
1747 963 1754 980 1
1765 962 1828 982 viu
1839 962 1860 982 s.

1284 993 1419 1029 Agrorum
1431 991 1508 1020 cultu
1520 996 1642 1020 aratores
1655 989 1760 1019 defeffi.
1781 990 1840 1019 Cic.
1853 999 1879 1019 2.
1895 989 1929 1019 de
1941 989 2013 1027 Lege
2022 991 2082 1029 Agr.
2094 996 2140 1029 87.

1284 1031 1439 1060 Accuratus
1452 1028 1552 1058 cultus.
1593 1028 1625 1057 ln
1645 1037 1664 1056 A
1673 1037 1691 1056 c
1699 1038 1716 1057 c
1726 1037 1745 1057 υ
1755 1037 1773 1057 R
1782 1037 1802 1057 A
1811 1037 1831 1056 T
1839 1037 1856 1057 u
1866 1037 1888 1057 s.

1285 1067 1409 1105 Agrestis.
1431 1067 1499 1096 Stat.
1516 1069 1542 1095 6.
1558 1065 1650 1095 Theb.
1665 1068 1708 1101 56.

1286 1105 1424 1173 anabis⁷
1445 1104 1464 1134 i.
1479 1113 1504 1134 e.
1527 1103 1625 1133 Cultus
1633 1103 1706 1133 circa
1719 1103 1812 1134 crines
1826 1103 1853 1133 &
1870 1102 1997 1141 capillos.
2019 1103 2119 1133 Claud.
2137 1105 2167 1134 in
2183 1104 2265 1136 cons.
2287 1106 2365 1138 Prob.
2384 1109 2411 1139 &

1336 1143 1355 1171 i·
1388 1165 1393 1171 .
1408 1147 1454 1177 85.

1349 1153 1363 1180 Υ
1381 1181 1453 1210 Nam
1466 1189 1557 1216 neque
1567 1178 1704 1210 caesariem
1716 1177 1814 1209 crinali
1828 1178 1960 1216 stringere
1969 1178 2065 1214 cultu,

1382 1218 1461 1248 Colla
1470 1227 1522 1247 nec
1531 1224 1630 1247 ornatu
1642 1218 1745 1254 patitur
1757 1216 1866 1246 mollire
1880 1223 1994 1247 retorto.

1288 1256 1431 1287 Gemmati
1443 1255 1543 1285 cultus.
1565 1254 1661 1285 Claud.
1678 1264 1702 1291 3.
1719 1254 1802 1284 Cons.
1820 1254 1894 1284 11011.
1924 1265 1970 1290 04.

1371 1292 1584 1330 Gemmatosque
1595 1292 1733 1323 humilem
1745 1292 1899 1330 dispergere
1908 1263 2015 1321 i'ersida
2023 1290 2124 1322 cultus.

1288 1331 1365 1362 Laeto
1375 1331 1451 1361 cultu
1464 1331 1594 1361 convivia
1604 1352 1612 1366 ,
1633 1330 1718 1360 Laute
1729 1337 1858 1368 apparata
1867 1330 2005 1360 convivia.
2032 1329 2119 1361 Valet.
2135 1340 2158 1367 ς.
2170 1330 2270 1369 Argon.
2285 1341 2347 1370 570.

1371 1370 1479 1399 Interea
1490 1369 1554 1398 laeto
1565 1368 1668 1407 patitur
1679 1369 1807 1398 convivia
1816 1367 1903 1398 cultu.

1290 1408 1469 1438 Luxuriosus.
1510 1407 1543 1437 In
1564 1418 1582 1436 1.
1591 1417 1609 1436 U
1618 1416 1636 1435 x
1647 1416 1665 1435 u
1677 1416 1699 1435 s.

1292 1446 1426 1476 Modicus
1437 1444 1523 1474 cultu.
1568 1444 1602 1475 In
1622 1455 1643 1474 M
1654 1454 1670 1473 o
1680 1454 1698 1474 r>
1709 1452 1756 1473 us.

1292 1483 1482 1514 mouiffimus.
1521 1482 1554 1513 111
1586 1491 1732 1511 1101113.

1292 1522 1430 1552 Mundior
1439 1521 1519 1557 justo.
1561 1519 1594 1550 In
1615 1530 1637 1548 M
1647 1529 1666 1549 υ
1675 1529 1697 1548 N
1707 1529 1726 1548 D
1736 1529 1754 1548 u
1763 1528 1786 1549 s.

1293 1559 1399 1589 Preffus
1409 1560 1434 1588 ἃ
1444 1558 1521 1589 velut
1531 1557 1681 1597 applicitus
1690 1557 1730 1586 rei
1739 1556 1838 1587 cultus.
1860 1555 1980 1593 Quintil.
1993 1553 2042 1585 lib.
2056 1564 2084 1592 4.
2094 1565 2156 1595 cap.
2166 1565 2193 1588 2.

1293 1597 1427 1634 Purpurei
1441 1596 1541 1626 cultus.
1563 1597 1632 1626 Stat.
1645 1598 1672 1625 6.
1684 1595 1777 1626 Theb.
1793 1599 1838 1629 81.

1294 1635 1412 1673 Regales
1419 1635 1520 1664 cultus.
1542 1633 1640 1663 Claud.
1652 1642 1695 1700 ῖς.
1710 1642 1736 1670 7.

1388 1673 1491 1709 Accipe
1502 1671 1608 1709 regales
1617 1681 1650 1701 cu
1665 1678 1707 1701 tus
1720 1693 1728 1706 ‚
1749 1672 1775 1701 δι
1786 1670 1862 1700 crine
1875 1669 2008 1707 superbus

1387 1710 1487 1740 Erecto
1498 1710 1598 1739 virides
1609 1709 1713 1747 spumis
1724 1708 1865 1747 perfunde
1875 1708 2041 1745 smaragdos.

1296 1747 1432 1786 Simplex.
1456 1747 1556 1777 Claud.
1570 1757 1593 1777 1.
1605 1748 1635 1776 in
1645 1746 1721 1777 Ruff.
1736 1754 1801 1783 ²¹7·

1295 1786 1399 1854 legius
1412 1808 1419 1821 ‚
1440 1795 1492 1824 pro
1504 1785 1627 1816 Molli&
1640 1784 1813 1815 effeminato.
1854 1782 1974 1813 martial.
1987 1782 2038 1813 lib.
2052 1791 2095 1813 11.
2105 1792 2152 1820 40.
2173 1782 2205 1813 in
2225 1783 2422 1816 Charidemum

1328 1835 1337 1854 1
1359 1832 1469 1859 01111111,

1391 1863 1420 1892 Si
1437 1861 1538 1898 Tyrios
1549 1860 1649 1899 sumpsi
1660 1860 1752 1890 cultus
1762 1881 1770 1895 ‚
1791 1859 1896 1889 unxive
1905 1858 2021 1896 capillos
2032 1880 2041 1895 ‚

1429 1899 1577 1930 Exclamas
1587 1921 1595 1932 .
1617 1908 1760 1936 nunquam
1770 1898 1874 1927 fecerat
1885 1897 1933 1925 ista
1946 1903 2033 1934 pater.

1299 1936 1436 1968 Affedtare
1448 1937 1556 1968 cultum
1567 1936 1722 1968 effusiorem
1735 1937 1763 1964 in
1774 1936 1874 1965 verbis.
1898 1935 2018 1971 Quintil.
2030 1934 2079 1964 lib.
2092 1944 2117 1972 3.
2130 1945 2192 1974 cap.
2203 1940 2232 1971 8.

1299 1976 1550 2006 Enitescetclarius
1561 1976 1606 2004 hic
1617 1975 1707 2004 noster
1716 1974 1818 2004 cultus.
1841 1973 1963 2010 Quintil.
1976 1972 2026 2002 lib.
2040 1982 2066 2002 2.
2081 1982 2145 2012 cap.
2161 1985 2185 2010 ς.

1299 2013 1385 2043 Cultu
1402 2016 1426 2043 &
1436 2014 1542 2043 honore
1553 2013 1670 2051 dignari.
1693 2012 1750 2042 Cic.
1761 2021 1786 2041 2.
1800 2011 1836 2040 de
1847 2011 1956 2041 Invent.
1969 2014 2030 2040 161.

1301 2051 1437 2081 Tribuere
1455 2051 1620 2089 diligentem
1636 2050 1743 2080 cultum
1755 2049 1848 2079 alicui.
1890 2048 1947 2078 Cic.
1960 2058 1986 2078 2.
2008 2049 2043 2077 de
2054 2048 2155 2078 invent
2180 2053 2240 2080 161.
2275 2049 2364 2080 Pietas
2380 2060 2429 2089 per

1321 2099 1404 2156 guam
1415 2088 1546 2156 sanguine
1558 2089 1716 2125 coniunctis
1729 2110 1737 2123 ,
1761 2088 1909 2126 patriaeque
1920 2086 2069 2116 benevolis
2081 2086 2204 2118 officium
2216 2090 2242 2118 ἃ.
2253 2088 2372 2126 diligens
2383 2090 2429 2119 tri.

1344 2134 1418 2156 1111111
1431 2137 1464 2156 cu
1479 2134 1531 2157 tus.

1303 2165 1401 2195 Cultus
1413 2165 1545 2193 hominis.
1566 2164 1625 2194 Cic.
1634 2173 1661 2200 4.
1673 2162 1806 2192 deFinib.
1820 2164 1864 2198 36.
1888 2161 1984 2192 Omne
1994 2161 2137 2198 officium,
2158 2172 2316 2201 munusque
2325 2164 2431 2202 sapien.

1322 2204 1367 2232 tiae
1386 2203 1414 2231 in
1434 2202 1555 2232 hominis
1573 2202 1650 2231 cultu
1668 2200 1722 2230 effe
1740 2206 1919 2238 occupatum.
1952 2200 1971 2230 i.
1989 2209 2013 2230 e.
2037 2200 2212 2232 Educatione
2231 2203 2258 2232 &
2272 2201 2430 2241 disciplina.

1323 2241 1391 2277 [vel
1406 2241 1498 2278 potius
1511 2241 1542 2270 ln
1554 2239 1728 2278 perficiendo
1739 2239 1862 2268 homine.

1303 2279 1460 2309 Hominum
1472 2278 1563 2308 cultus
1575 2279 1600 2308 δι
1610 2277 1725 2307 curatio.
1761 2276 1819 2306 Cic.
1832 2285 1859 2306 2.
1872 2275 1909 2305 de
1922 2275 1985 2305 Nat.
1996 2275 2081 2305 Deor.
2094 2280 2156 2312 158.
2178 2276 2215 2306 de
2227 2277 2335 2313 ovibus,
2360 2278 2432 2316 Quae

1324 2316 1439 2354 quidem
1449 2326 1540 2353 neque
1550 2315 1605 2351 ali,
1626 2324 1717 2351 neque
1728 2313 1886 2348 sustentari,
1907 2323 1998 2350 neque
2014 2313 2105 2344 ullum
2122 2313 2245 2344 fructum
2261 2315 2346 2346 edere
2359 2326 2394 2347 ex
2405 2317 2433 2347 se

1323 2356 1381 2384 line
1390 2354 1467 2384 cultu
1479 2354 1627 2383 hominum
1640 2354 1665 2382 &
1677 2353 1821 2382 curatione
1837 2351 1998 2390 potuissent.

1305 2393 1407 2423 Omnis
1418 2392 1508 2421 cultus
1518 2394 1543 2421 Sc
1551 2391 1657 2421 curatio
1667 2391 1792 2428 corporis
1803 2391 1856 2420 erit
1864 2390 1965 2420 eadem
1980 2386 2140 2420 adhibenda
2150 2389 2205 2420 deo
2214 2412 2223 2427 ,
2243 2400 2305 2429 quae
2319 2391 2434 2423 adhibe-

1324 2437 1368 2460 tur
1379 2431 1497 2460 homini.
1520 2430 1580 2459 Cic.
1595 2439 1619 2459 1.
1632 2429 1666 2458 de
1677 2428 1741 2457 Nat.
1754 2429 1835 2458 Deor.
1850 2431 1895 2463 96.

1305 2468 1404 2499 Cultus
1414 2470 1487 2497 vitae.
1529 2468 1588 2497 Cic.
1605 2477 1627 2503 5.
1643 2466 1678 2495 de
1697 2466 1785 2495 Finib.
1800 2475 1843 2502 53.
1866 2465 1946 2502 Quos
1962 2474 2028 2495 cura
2050 2465 2130 2495 omni
2148 2465 2280 2497 liberatos
2291 2489 2300 2505 ‚
2323 2467 2435 2500 nullum

1325 2505 1506 2536 necessarium
1516 2506 1578 2536 vitae
1589 2503 1697 2534 cultum
1710 2526 1718 2539 ‚
1740 2512 1787 2534 aut
1796 2510 1923 2542 paratum
1932 2504 2114 2541 requirentes.

1305 2541 1716 2611 Delectanctyetiamorfrfiagnifici
1730 2547 1897 2581 apparatus,
1918 2542 2039 2579 vitaeque
2055 2541 2148 2572 cultus
2166 2551 2232 2573 curn
2249 2542 2387 2581 elegantia
2405 2545 2434 2575 Sc

1323 2592 1359 2612 co
1382 2592 1416 2611 13.
1463 2591 1533 2611 ic.1.
1598 2603 1605 2609 .
1622 2590 1667 2609 2.

1306 2593 1395 2687 flgssa
1405 2641 1414 2656 ,
1434 2619 1587 2687 {gregique
1599 2590 1655 2648 vitai
1665 2617 1701 2647 ad
1710 2617 1786 2647 hunc
1795 2616 1950 2647 humanum
1968 2617 2077 2648 cultum
2096 2617 2267 2656 civilemque
2282 2618 2433 2652 deducere.

1352 2667 1428 2688 10.1.
1464 2667 1478 2686 e
1518 2664 1567 2686 rat.
1582 2665 1627 2693 33.

1306 2695 1411 2726 Patrius
1421 2695 1513 2724 cultus
1528 2693 1692 2731 habitusque
1701 2692 1838 2723 locorum.
1860 2693 1934 2730 Virg.
1950 2702 1974 2722 1.
1993 2693 2093 2730 Georg.
2109 2703 2153 2728 52.

1307 2733 1404 2765 Abeffe
1415 2732 1571 2771 longfflime
1581 2742 1596 2762 a
1605 2731 1682 2761 cultu
1695 2733 1721 2761 Sc
1730 2731 1903 2761 humanitate
1913 2731 2071 2761 Provinciae.
2091 2731 2157 2761 Caes.
2169 2739 2193 2761 1.
2204 2731 2274 2762 Bell.
2286 2732 2357 2763 Gall.
2372 2742 2396 2764 1.

1307 2772 1440 2802 Dcfistere
1451 2781 1465 2800 a
1477 2770 1554 2801 cultu
1563 2771 1693 2807 vidtuque
1702 2769 1858 2799 bestiarum.
1880 2769 1940 2800 Cic.
1949 2778 1976 2799 2.
1988 2768 2046 2800 Off.
2061 2779 2105 2806 15.

1307 2810 1435 2841 Educare
1445 2809 1567 2846 aliquem
1577 2807 1655 2838 cultu
1667 2807 1777 2836 humili.
1801 2806 1859 2837 Liv.
1873 2816 1898 2836 1.
1913 2816 1956 2845 39.

1308 2848 1465 2879 Hominum
1479 2847 1590 2883 cultus,
1611 2845 1664 2875 alia
1675 2845 1881 2883 significatione.
1922 2845 2011 2875 Tacit.
2022 2853 2049 2874 2.
2062 2844 2132 2874 Ann.
2146 2853 2190 2880 23.
2213 2845 2359 2883 Milesque,
2374 2847 2438 2877 nul-

1328 2886 1356 2915 lo
1375 2885 1434 2915 illic
1450 2885 1599 2914 hominum
1616 2884 1710 2917 cultu.
1740 2883 1813 2912 fame
1838 2882 2009 2921 absumptus.
2063 2883 2252 2918 Subandstur,
2284 2884 2433 2915 Existente.

1328 2923 1471 2961 Significat
1481 2928 1574 2952 autern
1581 2921 1683 2952 insulas
1693 2920 1755 2951 illas
1767 2920 1921 2951 cultoribus
1931 2943 1939 2957 ,
1961 2920 2217 2958 habitatoribusque
2228 2931 2328 2951 vacuas
2344 2923 2433 2954 fuisse.

1330 2963 1378 2992 Sic

1309 3000 1344 3030 Et
1353 2997 1517 3029 habitabiles
1527 2999 1655 3036 regiones
1665 3019 1673 3033 ‚
1695 2996 1839 3027 &rursum
1847 2997 1926 3027 omni
1941 2996 2035 3033 cultu,
2057 3002 2173 3034 propter
2188 2997 2246 3026 vim
2266 2997 2374 3033 frigoris
2387 3005 2437 3029 aut

1330 3038 1446 3071 caloris,
1466 3044 1604 3066 vacantes.
1628 3035 1685 3065 Cic.
1710 3045 1733 3065 1.
1744 3035 1825 3065 Tusc.
1835 3045 1882 3071 45.

1311 3075 1410 3106 Cultus
1426 3074 1521 3104 animi.
1562 3073 1620 3104 Cic.
1639 3084 1662 3109 ς.
1675 3074 1710 3103 de
1725 3073 1815 3104 Finib.
1830 3084 1874 3110 54.
1895 3072 1950 3103 Sed
1960 3071 2046 3102 animi
2055 3071 2150 3102 cultus
2165 3078 2225 3102 erat
2243 3073 2270 3102 ei
2286 3073 2359 3110 quafi
2377 3076 2437 3112 qui.

1331 3114 1396 3142 darn
1409 3111 1587 3141 humanitatis
1597 3111 1684 3141 cibus.

1311 3151 1412 3181 Cultus
1423 3150 1557 3185 deorum,
1579 3150 1718 3179 Adoratio.
1741 3144 1904 3185 [π’ζαισ-κφ]
1935 3147 1994 3178 Cic.
2009 3156 2032 3176 1.
2056 3146 2193 3182 Tusc.64.
2226 3147 2292 3178 Haec
2313 3158 2365 3178 nos
2383 3151 2438 3187 pri-

1332 3198 1411 3218 mum
1417 3189 1454 3254 sad
1465 3187 1578 3217 illorum
1586 3187 1715 3223 cultum,
1737 3186 1841 3216 deinde
1856 3186 1891 3216 ad
1908 3186 1953 3222 J‘us
1972 3185 2120 3214 hominum
2140 3185 2278 3222 erudivit,
2299 3187 2352 3216 810.
2393 3188 2437 3218 De

1355 3225 1414 3255 hilo
1427 3236 1444 3255 0
1468 3226 1521 3255 hia.

1314 3237 1424 3301 Rtgligio
1436 3236 1639 3293 dpeorunrcultu
1650 3262 1698 3301 pio
1708 3262 1878 3292 continetur.
1900 3261 1958 3291 Cic.
1969 3270 1994 3290 2.
2013 3259 2048 3289 de
2058 3260 2123 3289 Nat.
2134 3260 2218 3290 Deor.
2231 3269 2258 3297 7.

1277 3303 1436 3334 Curxrort
1450 3323 1459 3336 ,
1481 3302 1546 3330 oris.
1568 3311 1605 3330 m.
1627 3298 1767 3337 [κωεηὲς]
1788 3306 1833 3334 111,
1856 3298 1954 3329 Cultor
1973 3307 2101 3336 agrorum
2121 3299 2148 3329 &
2168 3304 2254 3330 terrae.
2277 3299 2335 3331 Liv.
2350 3310 2436 3338 4²5·

1316 3341 1431 3371 Famem
1439 3339 1592 3368 cultoribus
1601 3348 1729 3375 agrorum
1741 3340 1881 3367 timentes.

1316 3379 1386 3408 Vitis
1396 3377 1486 3406 cultor
1499 3398 1506 3411 ‚
1528 3376 1646 3405 Vinitor.
1668 3376 1728 3405 Cic.
1744 3386 1766 3410 5.
1779 3375 1814 3404 de
1828 3373 1918 3404 Finib.
1929 3383 1976 3408 40.

1317 3415 1407 3446 Collis
1416 3414 1559 3444 Heliconii
1569 3414 1679 3450 cultor;
1702 3412 1883 3442 inhabitator.
1907 3410 2006 3441 Catull.
2022 3420 2064 3447 ς9.
2080 3420 2104 3440 1.

1317 3454 1410 3485 Terrae
1422 3453 1522 3482 cultor.
1563 3451 1622 3481 Cic.
1633 3461 1660 3480 2.
1674 3451 1708 3480 de
1721 3451 1782 3480 Nat.
1795 3451 1877 3479 Deor.
1891 3459 1935 3484 99.
1959 3448 2037 3486 Quid
2051 3449 2107 3484 jam
2124 3448 2160 3478 de
2178 3449 2327 3480 hominum
2335 3461 2439 3489 genere

1335 3492 1445 3526 dicam,
1468 3489 1596 3527 quiquass
1607 3489 1727 3518 cultores
1739 3495 1817 3518 terrae
1825 3487 1967 3517 constituti
1977 3509 1985 3522 ‚
2005 3496 2064 3515 non
2079 3487 2224 3525 patiuntur
2238 3498 2301 3519 eam
2317 3499 2372 3520 nec
2388 3491 2440 3521 im.

1336 3530 1472 3559 manitate
1484 3527 1627 3557 beluarum
1639 3526 1747 3555 efferari
1757 3547 1764 3561 ,
1782 3528 1834 3555 810.

1317 3567 1444 3598 Deorum
1454 3566 1553 3595 cultor.
1575 3563 1643 3594 Hor.
1659 3574 1681 3593 1.
1694 3563 1785 3593 Carm.
1796 3572 1839 3599 34.
1855 3572 1878 3592 1.
1900 3561 1999 3592 Parcus
2008 3561 2125 3592 deorum
2133 3562 2233 3594 cultor.

1319 3606 1464 3636 Minervae.
1488 3602 1607 3632 Martial.
1624 3601 1671 3630 lib.
1689 3612 1712 3636 5.
1726 3612 1748 3636 ς.

1401 3643 1484 3672 Sexte
1495 3640 1622 3669 Palatinae
1633 3639 1723 3668 cultor
1736 3638 1857 3667 facunde
1867 3637 2013 3668 Minervae.

1319 3679 1449 3711 Veritatis
1458 3678 1559 3707 cultor.
1600 3677 1658 3705 Cic.
1676 3687 1697 3705 1.
1711 3675 1768 3705 Off.
1785 3685 1847 3710 109.
1869 3676 1939 3705 Sunt
1955 3675 1997 3704 his
2010 3675 2056 3704 alii
2076 3674 2196 3706 multum
2216 3676 2356 3716 dispares,
2383 3680 2445 3710 fim.

1339 3718 1427 3756 plices
1438 3738 1446 3752 ,
1468 3717 1493 3745 &
1506 3715 1613 3753 aperti,
1635 3715 1682 3751 qui
1695 3713 1767 3742 nihil
1788 3723 1824 3742 ex
1842 3712 1938 3742 oculto
1949 3735 1957 3747 ‚
1979 3713 2049 3743 nihil
2061 3723 2098 3743 ex
2115 3714 2222 3745 insidiis
2237 3718 2378 3754 agendum
2393 3729 2444 3756 pu.

1341 3763 1402 3785 tant
1412 3777 1419 3789 ,
1441 3754 1562 3782 veritatis
1576 3751 1698 3781 cultores
1710 3773 1717 3785 ,
1738 3751 1841 3780 fraudis
1852 3751 1969 3780 inimici.

1284 3793 1414 3824 (ἧπτε
1425 3801 1461 3820 rx
1474 3813 1482 3825 ‚
1501 3792 1562 3819 icis.
1583 3790 1601 3818 f.
1623 3786 1798 3825 [Qszm‘f]
1819 3787 1878 3817 Cic.
1894 3799 1917 3823 ς.
1930 3789 1965 3817 de
1976 3788 2065 3818 Finib.
2079 3797 2123 3824 39.
2143 3789 2184 3819 Ex
2193 3800 2248 3827 quo
2260 3801 2317 3820 non
2333 3792 2446 3821 0113110-

1321 3840 1391 3861 num
1402 3852 1409 3865 ‚
1431 3836 1462 3858 ut
1471 3827 1675 3861 animantibus,
1697 3826 1734 3855 sic
1750 3825 1805 3855 illis
1828 3829 1855 3855 δ’(
1870 3833 1934 3863 apta
1952 3826 2078 3862 quaedam
2093 3827 2129 3856 ad
2142 3835 2270 3857 naturam
2287 3837 2396 3866 aptare,
2419 3832 2446 3860 Sc

1321 3869 1431 3902 aliena,
1452 3874 1602 3902 earumque
1613 3865 1803 3901 augendarum
1822 3865 1849 3894 &
1864 3864 2028 3895 alendarum
2048 3865 2190 3902 quandam
2209 3867 2355 3896 cultricem
2372 3867 2425 3897 effe
2436 3890 2444 3903 ,

1322 3915 1383 3944 quat
1392 3905 1422 3935 fit
1432 3903 1545 3934 scientia
1556 3925 1564 3939 ‚
1576 3904 1630 3933 &c.

2378 3941 2450 3971 Item
