2600 4177
471 159 499 193 C
600 161 625 194 A
723 162 754 195 D

34 243 38 249 ’
73 237 169 267 Varios
179 247 295 270 tremere
306 240 389 270 casus.
411 240 474 270 Seii.
486 240 589 270 Troad.
603 251 628 273 4.

75 275 250 307 Volziiitarius
262 278 344 307 casus.
368 278 424 307 Cic.
439 283 464 307 6.
480 278 589 319 miilipp
617 287 658 308 10.

75 313 205 350 Accipere
216 317 331 351 graviter
344 315 434 344 casum
446 316 574 352 aliquem.
614 316 672 344 Cic.
685 325 709 344 2.
721 316 756 345 de
769 316 845 346 Orat.
860 328 920 355 197.
946 318 985 348 Ita
997 329 1084 357 quum
1095 319 1193 357 singuli

94 352 168 380 casus
179 354 357 382 humanarum
370 353 538 382 miseriarum
552 354 668 387 graviter
683 354 868 390 accipiuntur.

34 408 37 410 -
76 389 171 418 Attulit
184 389 239 426 ipse
250 390 313 420 viris
325 397 450 427 optatum
461 390 536 420 casus
549 392 694 419 honorem.
718 391 790 427 Virg.
807 402 829 426 ς.
842 392 901 422 ffin.
917 402 980 422 201.

76 425 199 456 Afflietus
209 427 280 456 casu.
322 428 380 457 Cic.
394 438 443 465 pro
455 428 518 465 Syll.
532 432 574 456 61.
600 428 631 457 In
642 428 696 456 hoc
712 436 806 459 tamen
817 429 878 459 casu
891 453 898 466 ,
922 441 976 468 quo
988 430 1195 466 afflictusjacet‚

95 473 145 502 per
160 474 209 493 vos
221 464 302 494 tutaii
316 487 322 498 ,
343 465 557 502 conservareque
570 465 695 502 cupiunt.

78 502 126 539 Agi
137 502 249 531 casibus.
273 502 346 539 Virg.
365 514 385 531 i.
399 503 460 532 AEn.
475 513 537 537 244.

157 539 240 568 Nunc
250 541 346 569 eadem
359 541 467 570 fortuna
480 542 552 569 viros
563 563 569 573 .
592 546 634 569 tot
645 539 749 569 casibus
761 541 837 571 astos
850 564 857 577 ,
953 542 1115 581 Insequitur.

36 599 37 602 1
77 578 204 607 Avertere
215 577 509 608 casunidiciturDeus.
535 578 604 615 Virg.
622 587 644 613 3.
662 578 724 608 ffin.
738 583 800 611 265.

170 615 213 643 Dii
225 616 371 652 prohibete
382 617 471 645 minas
482 638 490 651 ‚
515 617 551 645 dii
565 615 648 645 talem
657 616 770 645 avertite
781 616 882 647 casum.

77 652 196 682 Concuti
208 652 269 682 casii
280 653 390 683 acerbo.
422 653 495 691 Virg.
511 664 532 689 5.
548 654 609 684 AEn.
626 663 688 688 700.

170 691 201 719 At
211 697 287 728 pater
297 691 396 721 AErieas
408 689 469 721 casu
481 691 627 721 concussus
639 690 749 720 acerbo,
832 691 909 722 Idem
924 703 947 728 5.
961 692 1021 722 AEn.
1035 697 1098 729 869.

268 743 305 748 —-
317 728 434 766 casuque
447 730 571 758 animum
584 728 731 758 concussus
741 729 832 757 amici.

77 764 254 795 Concurrunt
265 766 337 801 casu,
350 767 420 796 forte
430 774 534 797 temere
542 776 743 803 nonnunquam
755 766 868 796 somnia.
892 767 978 797 Cim.
990 768 1025 798 de
1038 768 1129 798 Divin.
1137 777 1198 804 141.

97 804 138 832 An
151 809 179 832 tu
191 803 283 833 censes
294 804 378 834 ullam
390 814 474 834 anum
485 813 541 834 tam
553 804 666 834 deliram
675 804 794 833 futuram
806 804 883 834 fuisse
894 827 901 839 ,
924 812 957 834 ut.
974 805 1087 836 somniis
1106 808 1202 836 crede-

93 846 145 874 ret,
167 841 215 869 nisi
225 841 272 870 ista
281 840 342 871 casu
354 852 569 879 nonnunquam,
588 842 657 871 forte
670 849 774 871 temere
785 844 1005 873 concurrerent?

77 878 132 908 Dat
140 878 216 908 casus
228 886 340 916 tempus
351 878 509 917 locumque.
530 881 548 909 i.
561 890 584 909 e.
608 880 735 909 Fortuna.
758 880 821 909 Sen.
833 880 937 918 Hippol
958 893 985 916 4.

77 915 148 947 Dare
161 916 189 944 in
201 917 301 946 casum.
344 916 433 947 Tacit.
450 928 473 947 1.
491 919 560 947 Ann.
574 927 619 953 47.
642 917 739 947 Fixum
753 917 868 946 Tiberio
885 919 937 947 fuit
950 928 1007 948 non
1018 919 1148 949 omittere
1159 928 1202 948 ca-

96 961 147 992 put
160 964 250 983 rerum
262 977 269 987 ,
291 964 383 992 neque
392 955 417 984 se
430 956 557 992 Remque
567 955 711 993 publicam
725 955 754 984 in
771 955 861 985 casum
872 957 944 985 dare.

77 991 193 1023 Demisit
203 1002 247 1021 nie
259 993 285 1021 in
297 1003 363 1023 eum
373 993 464 1023 casum
476 994 594 1023 fortuna.
635 993 694 1022 Cic.
709 1003 749 1022 10.
770 993 845 1023 Fam.
856 1000 882 1029 8.
915 994 970 1024 Sed
990 1004 1077 1032 quum
1096 995 1124 1023 in
1135 1003 1202 1025 eum

96 1029 188 1061 casum
199 1040 245 1059 me
253 1031 362 1060 fortuna
372 1031 518 1061 demisisset
530 1054 538 1066 ,
558 1038 589 1060 ut
598 1037 644 1060 aut
654 1053 661 1065 ,
678 1032 730 1061 Sco.

77 1066 231 1097 Deterritus
244 1067 315 1098 casu.
339 1069 460 1105 Quintil.
473 1069 521 1099 lib.
539 1079 560 1098 1.
574 1078 635 1107 cap.
648 1078 690 1098 io.

79 1105 201 1136 Evadere
211 1106 296 1136 casus.
320 1107 391 1144 Virg.
402 1118 428 1142 4-
446 1107 545 1144 Georg.
561 1112 625 1143 485.

270 1160 307 1165 —-
318 1145 394 1174 casus
408 1145 527 1175 evaserat
538 1152 645 1174 omnes.

77 1180 196 1213 Evenire
207 1187 312 1211 temere
322 1184 347 1213 Sc
359 1182 431 1212 casu.
469 1183 527 1212 Cic.
541 1193 565 1212 2.
577 1183 613 1212 de
624 1182 685 1212 Nat.
699 1182 781 1212 Deor.
795 1186 820 1212 6.
842 1183 929 1221 quue
942 1184 1036 1213 evenit
1047 1193 1105 1214 non
1116 1190 1202 1214 teme-

95 1229 125 1248 re
139 1241 147 1254 ,
169 1229 222 1249 nec
232 1219 313 1256 casu,
334 1219 381 1250 sed
393 1220 468 1257 quod
478 1223 503 1251 81
515 1221 687 1259 praesentiam
695 1220 767 1258 saepe
778 1221 837 1250 divi
847 1222 923 1251 suam
933 1222 1075 1252 declarant
1085 1245 1094 1259 ,
1109 1224 1162 1253 810.

76 1256 228 1287 Exhaustus
240 1258 354 1288 casibus.
383 1259 454 1296 Virg.
472 1269 495 1289 1.
508 1260 569 1290 AEn.
581 1269 642 1295 599·

76 1294 242 1333 Expendere
258 1296 343 1326 casus.
363 1295 434 1334 Virg.
453 1305 495 1327 12.
509 1297 570 1328 AEn.
585 1305 647 1333 324.

109 1355 115 1360 .
270 1347 308 1356 —
317 1341 400 1372 atque
413 1343 512 1364 omnes
522 1342 694 1364 metuentem
705 1334 863 1373 expendere
874 1333 958 1365 casus.

76 1369 177 1401 Facere
186 1370 290 1409 aliquid
301 1372 429 1408 Judicio‚
451 1374 477 1403 &
488 1373 556 1402 Casu
568 1373 712 1402 contraria.
746 1373 804 1402 Cic.
819 1383 843 1402 2.
866 1374 939 1403 Fam.
953 1376 978 1402 6.
1001 1372 1113 1410 Judicio
1125 1372 1202 1404 enim

98 1415 165 1444 tuo,
196 1419 254 1439 non
279 1409 358 1447 casu,
390 1411 420 1440 in
442 1410 532 1449 ipsum
557 1410 705 1442 discrimen
727 1420 820 1440 rerum
840 1411 983 1441 contulisti
1013 1412 1202 1443 Tribunatum

96 1452 185 1476 tuum.
644 1458 646 1461 '

76 1483 191 1515 Factum
201 1485 272 1515 casu.
294 1485 353 1515 Cic.
367 1495 390 1516 1.
403 1486 439 1516 de
452 1484 516 1516 Nat.
526 1484 610 1516 Deor.
622 1494 666 1522 92.

76 1523 147 1553 Fieri
159 1523 223 1552 casu
233 1531 279 1553 aut
289 1523 361 1553 forte
371 1523 490 1554 fortuna.
514 1525 571 1555 Cic.
588 1534 612 1554 2.
625 1525 660 1554 de
675 1523 767 1555 Divin.
781 1529 807 1560 8.

76 1560 158 1591 Ferre
170 1560 306 1599 sapienter
315 1561 390 1592 casus
401 1562 535 1593 adversos.
577 1563 636 1593 Cic.
650 1573 675 1592 2.
699 1563 734 1592 de
755 1564 833 1593 Orat.
847 1567 909 1599 346.
941 1561 1045 1603 Magna
1057 1562 1140 1594 etiam
1155 1563 1202 1595 illa

97 1598 156 1629 laus
166 1601 192 1629 &
202 1600 371 1630 admirabilis
380 1601 469 1632 videri
478 1600 547 1631 solet
555 1623 563 1637 ,
584 1600 675 1631 tulisse
686 1600 822 1640 sapienter
831 1601 907 1632 casus
915 1603 1044 1633 adversos
1054 1625 1063 1639 ,
1084 1613 1142 1632 non
1152 1603 1203 1632 fra-

97 1638 172 1667 etum
184 1637 237 1667 esse
249 1638 361 1668 fortuna
373 1661 381 1675 ,
398 1640 451 1669 Sec.
1183 1639 1187 1648 ’

77 1674 161 1705 Casus
180 1676 286 1705 nostros
303 1677 359 1706 vita
378 1676 477 1715 apibus
490 1676 564 1707 tulit.
604 1677 622 1707 i.
637 1686 661 1707 e.
692 1676 798 1707 Natura
827 1677 928 1709 iisdem
953 1678 1058 1710 casibus
1075 1678 1201 1715 addixit,

95 1723 128 1744 30
139 1723 200 1744 nos.
224 1713 296 1752 Virg.
310 1725 337 1751 4.
356 1714 456 1753 Georg.
468 1724 531 1749 251.

170 1789 202 1819 ν.
271 1769 308 1818 1-
319 1755 451 1790 quoniam
460 1752 537 1783 casus
548 1753 646 1792 apibus
657 1763 769 1791 quoque
780 1753 887 1784 nostros

196 1797 233 1820 ita
242 1796 272 1820 tu
286 1798 315 1820 it.

76 1827 155 1858 Flere
167 1828 241 1858 casus
253 1828 378 1864 alicujus.
401 1828 486 1859 Ovid.
503 1838 526 1859 1.
545 1829 636 1859 Amor.
652 1837 695 1858 12.
711 1839 733 1859 1.

77 1866 180 1896 Gerere
194 1866 300 1904 aliquid
312 1866 374 1896 casu
386 1877 392 1896 ε
415 1868 461 1897 cui
472 1868 643 1906 opponitur,
664 1866 771 1897 Virtute
787 1868 813 1897 8(
826 1865 942 1898 consilio
954 1877 1058 1907 gerere.
1081 1869 1140 1900 Cic.
1150 1877 1202 1906 pro

96 1904 163 1942 Syll.
177 1910 221 1941 ὃς.
245 1905 301 1942 Ego
314 1906 486 1934 committam
500 1927 508 1941 ,
535 1913 565 1935 ut
582 1915 614 1934 ea
634 1915 695 1943 quae
708 1916 759 1943 pro
771 1905 857 1935 salute
877 1908 1003 1936 omnium
1023 1907 1107 1945 gessi,
1139 1906 1202 1936 casu

97 1943 184 1980 magis
194 1945 219 1973 Gt
229 1943 361 1972 fecilitate
372 1954 387 1973 a
396 1953 456 1978 me,
478 1953 560 1981 quarn
573 1944 674 1973 virtute
686 1945 711 1973 ἃ
724 1944 840 1973 consilio
856 1945 929 1981 gesta
940 1944 994 1975 esse
1012 1946 1180 1975 videantur?

76 1979 187 2010 Habere
199 1981 287 2010 varios
298 1981 382 2011 casus.
423 1981 480 2011 Cic.
492 1982 526 2011 de
536 1982 645 2011 Senec‘t.
657 1985 701 2017 67.
725 1982 889 2019 Quinetiam
905 1991 968 2013 aetas
979 1983 1027 2013 illa
1038 1984 1128 2013 multo
1141 1982 1202 2022 plu-

95 2028 138 2048 res
150 2038 158 2054 ,
180 2028 263 2056 quam
275 2019 365 2048 nostra
374 2041 382 2055 ‚
404 2020 500 2049 mortis
516 2020 593 2050 casus
605 2019 697 2049 habet.

76 2054 212 2092 Magnum
225 2057 317 2086 casum
329 2056 412 2087 habet
422 2058 481 2088 haec
490 2067 542 2087 res.
583 2057 642 2087 Cic.
657 2067 697 2087 10.
717 2057 792 2087 Fam.
809 2063 851 2092 18.
885 2057 959 2088 Nam
971 2068 1031 2096 quae
1040 2068 1084 2089 res
1094 2057 1202 2089 nullam

93 2094 215 2124 habebat
224 2095 431 2125 dubitationem
443 2118 450 2132 ,
471 2096 489 2125 si
501 2097 640 2126 exercitus
650 2093 747 2133 Lepidi
756 2096 834 2133 absit,
847 2106 881 2126 ea
894 2107 972 2128 nunc
984 2106 1113 2135 magnam
1123 2096 1204 2127 affert.

95 2132 303 2163 solicitudinem
314 2155 320 2166 ,
343 2143 531 2171 magnumque
542 2135 625 2164 habet
636 2134 737 2164 casum.

77 2169 197 2207 ,Iactatus
210 2172 293 2201 variis
302 2171 414 2202 casibus.
436 2172 556 2209 Quintil.
570 2172 620 2202 lib.
633 2182 658 2209 7.
677 2182 737 2209 cap.
750 2181 774 2209 3.

78 2208 202 2239 Imitatur
212 2209 289 2239 casus
297 2210 451 2239 veritatem.
489 2210 547 2240 Cic.
558 2220 583 2240 2.
604 2210 641 2240 de
652 2210 743 2240 Divin.
755 2219 800 2247 ⁴9·
838 2210 929 2240 Potest
950 2210 1034 2249 igitur
1054 2209 1132 2249 quod
1142 2220 1203 2241 mo-

97 2246 133 2275 do
144 2247 264 2284 negabas
275 2269 282 2282 ,
305 2248 451 2277 veritatem
459 2248 536 2278 casus
547 2248 661 2278 imitari.

78 2283 231 2322 impeditus
242 2285 302 2315 casu
312 2286 414 2323 aliquo.
437 2286 557 2323 Quintil.
576 2287 660 2316 lib.2.
673 2295 732 2324 cap.
751 2291 793 2319 18.

77 2321 223 2390 imple-Here
232 2324 260 2352 in
271 2323 373 2354 casum.
413 2323 473 2354 Cic.
496 2324 528 2354 In
538 2325 616 2355 hunc
627 2335 673 2354 me
682 2324 775 2354 casum
786 2346 795 2360 ,
814 2333 864 2354 vos
876 2323 990 2355 vivendi
1007 2326 1133 2356 auetores
1151 2324 1203 2354 im-

96 2370 133 2398 pu
148 2371 153 2388 i
181 2371 209 2390 is.

76 2397 202 2429 Incidere
214 2399 241 2428 iri
253 2398 354 2429 casum.
393 2398 451 2430 Cic.
468 2409 510 2430 10.
525 2399 599 2431 Fam.
613 2408 660 2430 21.
680 2400 785 2432 Incidit
796 2401 881 2430 ineos
895 2399 981 2437 casus,
1002 2410 1070 2438 quos
1085 2400 1202 2437 vitasset,

96 2436 115 2465 {i
127 2437 150 2466 is
162 2447 226 2466 eum
241 2437 311 2466 nihil
323 2437 470 2467 fefellisset.

74 2472 203 2504 Incidere
214 2475 307 2505 casum
320 2475 414 2505 alicui.
437 2475 495 2506 Cic.
513 2486 536 2510 ς,
550 2475 626 2506 Fam.

75 2511 105 2542 Si
118 2513 342 2543 incideritcasus.
379 2514 438 2544 Cic.
452 2524 495 2544 10.
515 2513 588 2544 Fam.
601 2524 647 2544 21.
684 2513 746 2544 Nec
762 2513 853 2551 mori,
874 2513 893 2544 si
911 2513 987 2545 casus
1005 2514 1137 2546 inciderit
1149 2525 1202 2554 pro

96 2551 174 2581 vobis
185 2573 193 2587 ,
213 2553 335 2590 paratior
345 2551 398 2581 fuit
408 2551 561 2590 quisquam.

76 2587 216 2627 Indignari
230 2590 320 2619 casum
330 2591 422 2619 amici.
445 2590 516 2628 Virg.
530 2600 555 2619 2.
572 2589 633 2620 AEn.
646 2599 692 2627 93.

77 2625 230 2664 Insequitur
239 2635 266 2657 te
277 2627 361 2657 casus.
385 2628 457 2665 Virg.
473 2638 496 2657 1.
516 2629 577 2658 AEn.
592 2633 655 2662 oie.

20 2666 25 2692 i
77 2663 208 2695 Insultare
220 2665 324 2695 casibus
333 2666 460 2702 alicujus.
483 2665 569 2696 Ovid.
589 2677 612 2700 ς.
629 2665 710 2697 Trist.
721 2669 748 2700 8.
760 2675 787 2701 4.

76 2701 227 2734 Intercedit
238 2703 313 2733 casus
325 2726 332 2739 ‚
354 2712 401 2734 aut
411 2703 547 2734 dissensio.
588 2705 619 2734 In
643 2715 652 2733 1
662 2714 682 2733 N
692 2714 711 2733 T
721 2714 736 2733 iz
744 2714 761 2732 R
769 2714 787 2733 c
795 2711 810 2732 n
819 2712 838 2732 11
847 2713 875 2734 ο.

77 2740 229 2772 Intervenit
240 2741 372 2772 mirificus
383 2741 468 2773 casus.
511 2742 570 2772 Cic.
582 2752 608 2779 7.
626 2741 699 2772 Fam.
716 2753 740 2778 ς.
772 2742 855 2771 Casus
870 2740 1075 2772 veromirificus
1086 2742 1202 2780 quidam

96 2779 262 2816 intervenit,
294 2780 366 2819 quasi
387 2780 432 2810 vel
450 2780 524 2811 testis
544 2780 687 2819 opinionis
707 2789 777 2810 meae
787 2801 795 2816 ‚
826 2780 871 2810 vel
888 2780 1001 2818 sponsor
1021 2781 1202 2812 humanitatis

93 2822 155 2848 tuae.

77 2853 210 2886 Invehere
219 2854 320 2885 casum.
349 2855 382 2885 In
404 2867 414 2885 1
425 2865 471 2885 Nv
481 2865 497 2885 11
506 2865 526 2885 H
535 2866 562 2885 o.

38 2906 41 2907 ⁷
77 2892 204 2923 Invenire
215 2894 287 2923 casu.
310 2893 430 2930 Quintil.
443 2893 490 2922 lib.
506 2905 529 2928 ς.
542 2903 602 2932 cap.
620 2902 663 2924 10.

77 2929 181 2968 Lugere
190 2932 281 2961 casum
293 2931 418 2968 alicuius.
459 2931 517 2961 Cic.
530 2941 580 2970 pro
592 2933 667 2962 Sext.
680 2940 722 2968 53.
752 2930 849 2961 Meum
870 2930 949 2961 illum
964 2932 1057 2963 casum
1069 2938 1125 2962 tam
1135 2932 1201 2962 hor·

96 2969 222 3005 ribilem,
244 2977 300 2999 tam
311 2980 431 3007 gravem,
447 2975 504 2999 tam
517 2972 715 3008 repentinum,
737 2979 797 3000 non
809 2969 898 3000 solum
907 2970 1053 3006 homines,
1074 2971 1202 3002 sedtem-

97 3008 142 3044 pla
152 3008 227 3038 urbis
237 3019 270 3038 ac
281 3010 354 3037 reeta
364 3008 499 3044 lugerent.

9 3047 11 3050 '
39 3060 43 3062 *
63 3044 195 3075 -Manent
205 3056 254 3076 eos
262 3045 346 3075 casus.
368 3043 490 3082 Quintil.
504 3044 553 3075 lib.
567 3048 592 3075 6.
607 3054 668 3083 cap.
684 3054 708 3074 1.

77 3083 178 3114 Minari
189 3083 280 3113 casum
291 3084 391 3113 dicitur
401 3084 521 3113 fortuna.
543 3083 613 3121 Virg.
625 3089 650 3117 8.
668 3083 730 3114 AEn.
746 3087 824 3126 5753.¹

156 3122 204 3151 Siti
215 3123 335 3159 aliquem
345 3122 491 3151 infandum
502 3121 593 3151 casum
605 3121 717 3151 fortuna
726 3130 848 3150 minaris.

78 3156 200 3189 miserari
211 3160 300 3189 casum
310 3160 401 3189 amici.
427 3159 497 3196 Virg.
513 3170 536 3194 5.
551 3159 611 3189 AEn.
627 3169 689 3196 350.

158 3197 205 3227 Me
215 3197 298 3227 liceat
309 3197 401 3227 casum
413 3197 531 3227 miserari
543 3197 658 3227 insontis
670 3196 762 3227 amici.

79 3233 200 3265 Moerere
212 3235 287 3265 casus
296 3235 422 3271 alicujus.
444 3235 492 3264 Sil.
502 3235 551 3264 lib.
569 3239 611 3265 16.

77 3271 166 3303 Natus
177 3274 239 3303 casu
250 3274 370 3310 quodam
385 3274 414 3302 in
425 3273 504 3302 silvis.
527 3272 583 3302 Liv,
603 3283 626 3302 1.
641 3280 666 3307 3.

78 3309 227 3341 Obmutuit
236 3311 298 3341 casu
308 3311 459 3349 inopinatae
469 3311 517 3340 rei.
539 3310 660 3348 Quintil.
672 3307 721 3339 lib.
731 3312 756 3339 6.
770 3318 831 3347 cap.
845 3319 867 3339 1.

79 3347 201 3379 Onerare
212 3349 356 3386 casussuos
368 3371 376 3385 ‚
398 3351 504 3386 ilugere
519 3350 590 3378 mala
602 3348 657 3378 sua.
679 3349 743 3378 Seri.
756 3348 847 3378 Theb.
861 3357 885 3378 1.

42 3402 49 3408 ν
79 3384 200 3417 Pandere
209 3387 271 3416 suos
281 3386 367 3417 casus.
389 3386 475 3417 Ovid.
492 3397 534 3423 14.
551 3387 619 3416 Met.
630 3395 695 3416 221.

79 3422 217 3455 Perculsus
224 3425 285 3455 casii
295 3425 334 3454 ini
357 3435 402 3454 uo.
423 3424 497 3462 Virg.
511 3428 537 3454 6.
548 3424 610 3454 AEn.
623 3434 689 3461 475.

79 3461 185 3500 Perpeti
195 3462 279 3493 casus.
304 3463 340 3492 Va
353 3473 391 3492 er.
406 3471 431 3498 3.
445 3464 543 3500 Argon.
555 3468 618 3499 318.

83 3499 213 3530 Relevare
224 3501 324 3531 casum.
362 3500 419 3530 Cic.
437 3511 459 3530 1.
476 3501 511 3537 Q.
526 3500 586 3530 frat.
595 3512 622 3535 4.
652 3499 680 3529 Si
692 3498 811 3529 relevare
826 3503 907 3536 potes
915 3506 1093 3529 communem
1105 3501 1199 3534 casum

97 3538 283 3568 misericordia
298 3539 446 3568 hominum
456 3560 465 3573 ‚
486 3538 591 3568 scilicet
602 3537 766 3567 incredibile
778 3537 913 3574 quiddam
923 3537 1078 3573 assequeris.

79 3573 182 3606 Rotant
192 3577 288 3614 quanti
298 3576 373 3606 casus
381 3576 521 3606 humana?
543 3577 561 3606 i.
571 3585 598 3606 e.
622 3575 746 3605 Volvunt
762 3577 788 3605 δι
797 3576 902 3613 agitant
911 3585 953 3606 res
963 3575 1107 3606 humanas.
1129 3577 1195 3608 Seri.

98 3613 211 3653 Hippoi.
228 3626 268 3644 11.

79 3648 218 3682 Renovare
229 3652 314 3682 casus.
337 3652 407 3690 Virg.
420 3662 446 3682 2.
464 3652 526 3682 AEn.
541 3661 605 3688 750.
895 3687 901 3693 .

156 3691 214 3720 Stat
224 3689 299 3720 casus
309 3700 440 3720 renovare
449 3700 556 3719 omnes.
649 3689 668 3720 i.
685 3698 710 3720 e.
731 3687 834 3718 Denuo
843 3686 942 3718 subire.

30 3739 31 3742 ¹
79 3724 229 3757 Revolvere
240 3727 324 3758 casus.
348 3729 418 3765 Virg.
434 3739 474 3758 10.
490 3728 551 3757 lEn.
563 3731 607 3757 61.

269 3782 305 3786 —
315 3767 471 3803 iterumque
481 3765 622 3795 revolvere
636 3764 715 3795 casus

156 3802 216 3837 Da,
237 3812 331 3840 pater,
352 3805 450 3833 Iliacos
460 3803 585 3833 Teucris.
878 3837 885 3844 ⁶

78 3839 194 3870 Simulet
211 3841 301 3870 casum
320 3851 370 3871 ars.
412 3842 498 3871 Ovid.
518 3852 541 3875 z.
559 3842 594 3871 de
617 3841 679 3870 Arte
697 3842 755 3869 Am.
777 3849 838 3875 155.
877 3848 894 3867 1.
908 3847 933 3868 e.
963 3838 1050 3876 Quod
1065 3850 1100 3871 ex
1119 3851 1196 3872 com.

97 3878 182 3915 posito
199 3879 347 3916 deditaque
362 3889 446 3917 opera
461 3881 566 3909 facium
583 3890 599 3909 a
615 3879 698 3908 nobis
714 3878 752 3906 est
767 3899 776 3912 ,
809 3877 838 3905 id
858 3875 921 3905 casu
940 3878 1070 3909 accidisse
1088 3879 1197 3910 simule-

64 3933 67 3935 ,
97 3925 165 3945 mus.

78 3951 151 3983 Sum.
174 3959 222 3987 ut,
241 3951 274 3983 In
284 3953 346 3984 casu
355 3954 419 3984 eise.
458 3954 516 3984 Cic.
526 3965 551 3984 2.
569 3955 604 3984 de
613 3954 673 3984 Fin.
709 3952 742 3982 Et
760 3952 835 3989 quod
849 3959 1016 3996 externum,
1037 3953 1067 3982 id
1085 3955 1114 3984 in
1134 3955 1196 3985 casu

97 3991 151 4021 est:
174 3992 212 4021 ita
220 3991 250 4021 fit
260 3991 345 4022 beatae
354 3993 416 4022 vitae
427 3992 542 4023 domina
553 3993 671 4022 fortuna.
696 3991 808 4022 Fortem
819 3989 873 4020 effe
884 3989 955 4020 casu.
977 3989 1037 4021 Cic.
1047 4002 1071 4029 ς.
1088 3993 1194 4024 Fama.

1647 168 1675 202 C
1777 171 1801 203 A
1900 172 1930 205 D
2347 188 2412 223 333

1305 245 1450 311 guisfsset
1462 248 1508 312 qqi
1522 256 1566 313 ml?
1579 249 1606 306 i7n
1620 247 1787 285 Consulatu,
1811 261 1868 280 non
1881 252 1942 282 casu
1951 255 2045 292 potius
2055 259 2231 297 existimaret,
2254 271 2415 298 (1113111οο11-

1317 294 1365 312 iio
1392 293 1478 312 ortem
1506 291 1540 314 uil
1556 290 1591 314 e‘.

1286 319 1441 350 Sustentare
1454 322 1554 352 casum.
1579 324 1637 352 Cic.
1652 334 1678 359 4.
1696 324 1768 353 Fam.
1788 333 1826 358 13.

1287 356 1400 387 Timere
1411 359 1500 388 casum
1513 361 1641 397 aliquem.
1670 361 1776 391 Lucret.
1794 362 1840 392 lib.
1854 372 1877 400 3.
1891 368 1954 399 906.

1304 431 1323 439 ν
1482 413 1519 417 —
1530 399 1676 435 casumque
1692 400 1792 429 timent
1802 411 1884 436 quem
1895 404 1995 440 cuique
2005 405 2073 435 ferat
2084 406 2148 437 sors.

1289 431 1401 461 ‘liniere
1411 434 1496 469 praelii
1507 435 1606 464 casum.
1632 436 1690 466 Cic.
1704 447 1728 466 2.
1743 439 1777 466 de
1788 438 1876 469 Divin.
1892 450 1952 476 114.

1288 469 1390 498 Ulcisci
1406 470 1505 500 03111111.
1530 473 1648 509 Quintil.
1666 475 1712 503 lib.
1724 479 1749 504 6.
1766 485 1827 513 cap.
1844 486 1866 506 1.

1289 506 1391 540 Casus,
1413 518 1463 543 1110
1487 510 1606 553 Morbo,
1628 512 1670 540 vel
1692 513 1891 550 Sympromzitc.
1931 515 2000 547 Cels.
2013 518 2059 548 lib.
2076 530 2099 554 ς.
2121 530 2144 550 c.
2158 530 2201 555 ²³-
2215 531 2255 559 pr.
2285 524 2417 555 Antidota

1309 554 1368 587 raro
1381 567 1387 577 ,
1406 545 1449 573 sed
1463 557 1604 584 praecipue
1620 549 1760 579 interdum
1780 552 1928 582 necessaria
1949 553 2029 589 sunt,
2052 558 2115 593 quia
2133 559 2292 595 gravissimis
2311 563 2417 592 casibus

1309 582 1488 626 opitulantur.
1514 585 1588 614 idem
1603 597 1628 621 4.
1643 597 1703 624 cap.
1715 597 1758 617 20.
1784 589 1892 619 Deinde
1906 591 1952 620 ubi
1965 593 1998 621 ad
2012 594 2038 623 sc
2051 595 2132 629 redit,
2156 598 2416 629 circumcidendum

1309 629 1406 647 Vitium
1419 620 1457 648 est
1472 631 1498 648 iii
1512 630 1600 651 totuin
1617 634 1721 653 anniiiii
1734 647 1741 660 ‚
1764 627 1867 656 etiamsi
1889 629 1963 658 casus
1979 631 2054 661 idem
2069 642 2125 661 non
2146 636 2298 665 revertitur.
2340 639 2417 668 ldeiii

1310 655 1329 686 l.
1343 668 1366 700 ς.
1379 666 1402 685 0.
1416 662 1460 686 26.
1478 659 1504 687 S.
1518 668 1560 694 ³4-
1579 661 1619 703 ‘de
1633 662 1783 697 Gangraenii
1796 686 1802 697 ,
1834 665 1864 694 ln
1875 666 2008 700 ejusmodi
2021 670 2082 698 casu
2101 672 2222 707 primum
2240 674 2278 702 est
2289 696 2296 709 ‚
2319 676 2335 703 si
2348 678 2417 706 vires

1310 701 1470 731 patiuntur,
1492 696 1650 731 sanguinem
1664 701 1781 730 mittere.
1805 704 1829 730 ἃ
1842 703 1923 739 paulo
1937 705 2005 735 infra
2016 729 2024 741 ,
2048 708 2243 748 Praecipueque
2263 713 2290 740 in
2309 713 2362 742 hoc
2373 724 2416 743 ca.

1310 731 1354 766 su,
1379 733 1530 775 petendum
1545 744 1600 763 11011
1619 738 1858 769 ametlicameiitis
1870 740 1976 777 solum,
1997 744 2044 774 sed
2067 747 2150 776 etiam
2171 760 2186 779 a
2206 749 2293 779 vietus
2309 753 2417 782 ratione

1311 771 1523 806 praelidiuinest.
1559 772 1684 802 Budaeus.

1293 807 1376 837 Casus
1389 817 1439 843 pro
1452 808 1586 845 periculo.
1609 811 1680 847 Virg.
1695 822 1719 845 4.
1739 812 1799 841 [ΕΠ.
1815 817 1876 847 560.

1375 845 1444 874 Nate
1456 846 1507 875 dea
1518 868 1525 881 ,
1548 853 1628 883 potes
1642 849 1696 877 1100
1706 849 1752 877 sub
1766 849 1827 880 casu
1841 852 1942 884 ducere
1956 854 2087 888 somnos‘?

1291 882 1407 921 Hyemis
1419 883 1502 913 casus.
1528 884 1599 922 Virg.
1614 896 1635 914 1.
1657 885 1753 923 Georg,
1767 896 1829 923 340.

1373 921 1508 950 Extremae
1522 921 1570 951 sub
1582 922 1672 952 casum
1689 924 1804 961 hyemis.

1312 966 1394 995 quani
1407 968 1455 988 ver
1474 960 1599 997 incipiat.
1640 962 1758 991 Servius.

1293 995 1376 1025 Casus
1389 996 1462 1026 urbis
1474 1019 1481 1031 ,
1504 998 1659 1028 Exeidium.
1682 999 1753 1037 Virg.
1771 1010 1792 1030 1.
1816 1000 1875 1031 AEn.
1889 1006 1953 1041 627.

1292 1034 1379 1063 Altior
1394 1034 1486 1074 casus,
1508 1035 1608 1065 Ruina.
1633 1036 1732 1071 Juven.
1752 1048 1792 1067 10.
1805 1040 1858 1068 Sat.
1875 1051 1936 1075 105·
2063 1061 2100 1067 -
2112 1050 2379 1090 numeroffiparabqt

1373 1072 1492 1102 Excelsae
1505 1075 1585 1103 turris
1597 1074 1719 1104 tabulata
1734 1097 1742 1110 ,
1764 1077 1840 1106 unde
1850 1077 1931 1108 altior
1944 1080 2010 1109 effer
2091 1084 2173 1115 Casus
2191 1090 2234 1118 &c
2353 1074 2358 1082 ι

1292 1108 1425 1140 Graviore
1436 1111 1497 1140 casu
1509 1111 1586 1140 ceisae
1596 1113 1732 1142 decidunt
1744 1121 1839 1144 turres.
1863 1116 1928 1146 Hor.
1940 1128 1964 1147 2.
1978 1119 2067 1150 Carm.
2084 1131 2124 1151 10.
2141 1133 2181 1153 10.
2237 1111 2244 1118 ⁶

1291 1147 1404 1215 Οὲῐῇρῗε
1414 1149 1557 1178 Saturnini
1567 1157 1649 1188 atque
1660 1151 1849 1182 Gracchorum
1858 1155 1977 1192 expiata.
2015 1158 2032 1186 i.
2045 1168 2069 1187 e.
2098 1160 2199 1191 Morte.
2222 1163 2288 1193 Caes.
2305 1174 2328 1195 1.
2346 1165 2414 1196 Bell.

1337 1194 1373 1215 ivi
1389 1210 1394 1215 .
1408 1196 1432 1223 7.

1291 1222 1375 1253 Casus
1385 1246 1392 1259 ,
1415 1234 1470 1260 quo
1482 1224 1630 1254 infantium
1641 1236 1758 1265 corpora
1769 1228 1852 1258 toties
1864 1229 1892 1258 in
1904 1236 2003 1260 terram
2014 1232 2176 1265 deferuntur

1311 1263 1381 1291 viter
1392 1262 1495 1300 affligit.
1519 1263 1638 1300 Quintil.
1651 1264 1698 1294 lib.
1716 1275 1737 1294 i.
1750 1276 1781 1295 ca
1805 1290 1810 1295 .
1828 1276 1868 1296 12.

1291 1296 1343 1329 Pro
1355 1301 1526 1337 ponderibus
1536 1301 1611 1331 casus
1625 1302 1753 1333 celerare.
1799 1311 1883 1334 ucret.
1896 1305 1944 1335 lib.
1957 1315 1983 1335 2.
1997 1315 2061 1342 231.

1292 1337 1357 1367 Dari
1370 1338 1404 1367 ad
1420 1339 1511 1368 casum
1523 1341 1588 1369 iciu.
1611 1341 1628 1369 i.
1643 1351 1667 1370 e.
1691 1341 1833 1371 Prosterni.
1858 1342 1918 1372 Cic.
1932 1355 1952 1373 i.
1968 1345 2003 1374 de
2012 1345 2104 1376 Divin.
2116 1359 2163 1385 44.

1293 1374 1414 1405 Insistere
1426 1378 1571 1415 &ingredi
1584 1378 1635 1407 viis
1647 1378 1841 1410 adolescentiae
1851 1381 1908 1410 sine
1918 1381 1989 1412 casu.
2032 1384 2090 1414 Cic.
2105 1396 2155 1423 pro
2171 1388 2242 1419 Coei.
2255 1401 2299 1426 4¹-
2330 1391 2418 1423 [nter-

1313 1414 1380 1457 dum
1393 1415 1493 1444 multas
1504 1417 1561 1445 vias
1572 1416 1765 1446 adolescentiae
1777 1419 1896 1448 lubricas
1908 1420 2043 1457 ostendit,
2066 1425 2167 1459 quibus
2182 1426 2229 1457 illa
2239 1429 2357 1461 insistere
2369 1438 2417 1461 aut

1312 1453 1422 1489 ingredi
1439 1454 1494 1482 sine
1504 1453 1565 1482 casu
1577 1453 1687 1491 aliquo,
1708 1463 1755 1485 aut
1765 1457 1937 1494 prolapsione
1952 1460 1997 1488 vix
2012 1460 2110 1497 posset.

1293 1489 1396 1520 Manus
1407 1500 1464 1520 nori
1475 1492 1592 1521 timuere
1603 1492 1705 1522 casum.
1728 1493 1847 1524 Martial.
1860 1495 1908 1524 lib.
1930 1505 1970 1526 12.
1983 1506 2028 1535 75.

1375 1529 1408 1558 Et
1421 1529 1512 1558 casum
1524 1530 1649 1559 tremulae
1660 1540 1717 1560 non
1727 1532 1844 1562 timuere
1854 1543 1961 1564 manus.

1295 1564 1384 1602 Casu,
1407 1568 1424 1597 i.
1438 1577 1462 1597 e.
1484 1567 1524 1596 Ex
1535 1568 1690 1605 inopinato.
1714 1570 1781 1599 Hor.
1799 1580 1820 1600 i.
1834 1572 1920 1601 Serm.
1934 1583 1959 1607 9.
1973 1575 2016 1608 36.

1489 1621 1526 1625 —
1537 1607 1563 1635 <Sc
1573 1605 1636 1636 casu
1647 1614 1715 1636 tunc
1726 1607 1893 1646 respondere
1905 1611 2005 1640 vadato
2099 1612 2236 1647 Debebat.
2293 1617 2352 1649 Cic.
2366 1631 2417 1659 pro

1313 1641 1424 1671 Cluent.
1438 1652 1482 1679 74.
1506 1644 1594 1681 Atque
1611 1645 1695 1674 etiam
1714 1652 1774 1675 tum
1793 1646 1874 1683 casu,
1896 1648 1971 1685 quod
1988 1648 2060 1680 illud
2080 1661 2199 1691 repente
2220 1662 2277 1686 erat
2296 1657 2399 1689 factum

1314 1680 1441 1710 Stalenus
1454 1690 1510 1710 non
1522 1683 1622 1711 aderat.
2408 1681 2417 1695 ’

1294 1716 1377 1747 Casus
1389 1719 1517 1755 dicimus,
1531 1728 1588 1749 nori
1601 1720 1687 1750 modo
1699 1720 1736 1750 Ea
1747 1730 1807 1758 quae
1816 1722 1931 1753 fortuita
1942 1723 2106 1757 hominibus
2117 1729 2259 1765 accidunt,
2275 1732 2322 1763 sed
2334 1735 2418 1765 etiam

1314 1756 1644 1788 Vocabulorumsormas:
1667 1760 1731 1796 quia
1743 1760 1772 1788 in
1786 1759 1868 1791 aliam
1886 1768 1969 1799 atque
1988 1763 2072 1793 aliam
2094 1767 2200 1797 cadunt
2220 1770 2347 1807 effigiem.
2372 1773 2420 1803 Fe-

1312 1793 1407 1861 stus.D
1421 1795 1450 1861 If.
1475 1795 1640 1826 Priscianum
1657 1797 1692 1826 de
1710 1796 1824 1828 Casibus
1842 1799 1954 1830 abunde
1966 1804 2132 1834 tractantem
2143 1827 2151 1840 ‚
2173 1807 2200 1836 ὁὶ
2220 1806 2299 1846 supra
2314 1809 2420 1842 Cadere

1313 1841 1364 1869 pro
1407 1842 1425 1861 e
1438 1843 1523 1862 inere.

1294 1868 1378 1900 Casus
1387 1892 1395 1905 ,
1416 1881 1449 1900 eo
1461 1870 1613 1909 significato
1624 1881 1680 1910 quo
1692 1878 1807 1903 utuntur
1818 1874 2007 1907 Grammatici.
2029 1877 2089 1908 Cic.
2102 1879 2131 1909 in
2143 1880 2222 1912 Orat.
2237 1887 2299 1914 160.
2323 1886 2421 1923 Quum

1312 1908 1468 1945 Phrygum.
1491 1911 1517 1939 &
1534 1920 1622 1954 quum
1643 1910 1793 1949 Phrygibus
1813 1912 1968 1944 dicendum
1990 1915 2075 1951 esset,
2103 1917 2252 1950 absurdum
2272 1930 2348 1958 8131,
2374 1933 2423 1955 aut

1314 1951 1423 1976 tantum
1436 1947 1555 1977 barbaris
1564 1948 1671 1978 casibus
1683 1950 1805 1979 Graecam
1817 1950 1925 1981 literam
1939 1953 2071 1984 adhibere
2084 1977 2092 1990 ‚
2114 1964 2161 1986 aut
2172 1960 2248 1988 recto
2260 1960 2321 1990 casu
2334 1961 2422 1993 solum

1314 1984 1410 2014 Graece
1423 1985 1508 2022 loqui.
1529 1992 1624 2015 tamen
1643 1987 1669 2016 &
1685 1987 1821 2025 Phryges.
1844 1990 1870 2018 &
1890 1989 2039 2028 Pyrrhum,
2061 1995 2168 2024 aurium
2191 1997 2269 2027 causa
2290 1999 2419 2032 dicimus.

1314 2022 1409 2052 Graeca
1419 2022 1498 2053 litera
1509 2023 1547 2053 est
1556 2046 1564 2059 ,
1586 2034 1646 2062 quae
1658 2025 1887 2070 diciturlypsilon.
1930 2028 2016 2058 Vocat
2025 2038 2119 2061 autem
2131 2032 2241 2064 Latinos
2251 2036 2326 2066 casus
2335 2059 2342 2073 ,
2364 2040 2422 2069 bar-

1313 2059 1393 2090 baros
1403 2083 1411 2095 ,
1433 2062 1591 2091 Graecorum
1605 2072 1698 2093 more:
1721 2073 1786 2101 quia
1797 2064 1885 2095 Graeci
1898 2065 2053 2098 statuebant
2068 2091 2076 2105 ‚
2097 2080 2195 2102 omnes
2207 2073 2253 2110 qui
2265 2074 2352 2105 Graeci
2363 2087 2422 2107 non

1314 2095 1418 2133 effent,
1440 2099 1571 2129 barbaros
1583 2099 1637 2130 esse
1649 2102 1847 2132 nominandos.

1316 2136 1362 2166 Sic
1373 2137 1403 2166 in
1413 2137 1530 2175 Topicis
1544 2138 1630 2174 dicit⁷
1653 2139 1693 2168 Ad
1706 2141 1856 2170 mutandos
1865 2140 1950 2171 casus.
1991 2143 2062 2174 Vide
2073 2145 2103 2175 in
2118 2155 2131 2176 s
2141 2156 2156 2176 P
2165 2156 2179 2176 a
2190 2157 2225 2178 cr
2235 2159 2249 2178 E
2259 2158 2279 2179 s.
2302 2149 2337 2181 H.
2350 2151 2389 2182 St.

1294 2174 1377 2205 Casus
1389 2186 1402 2204 3
1412 2174 1428 2211 J
1432 2175 1617 2205 urisconsultis
1627 2177 1683 2206 dici
1694 2177 1850 2214 consuevit,
1872 2189 1923 2217 pro
1936 2179 2127 2219 Controversia
2135 2194 2196 2222 quae
2202 2195 2267 2217 nata
2278 2189 2316 2218 est
2327 2211 2335 2225 ,
2355 2200 2422 2229 qua-

1313 2213 1331 2241 si
1343 2223 1403 2248 quae
1413 2214 1546 2243 acciderit
1555 2236 1562 2249 ,
1585 2216 1611 2244 δι
1622 2214 1684 2244 casu
1701 2217 1860 2253 contigerit.
1901 2217 1930 2247 V.
1953 2228 1971 2247 c
1983 2229 2002 2248 A
2014 2230 2031 2248 υ
2040 2230 2052 2250 s
2063 2231 2091 2251 A.

1255 2248 1279 2280 C
1290 2261 1309 2294 A
1320 2255 1381 2280 SUR
1393 2261 1410 2280 υ
1419 2260 1430 2281 s
1442 2274 1449 2286 ,
1472 2262 1487 2281 a
1499 2274 1506 2287 ‚
1528 2262 1584 2282 um.
1608 2252 1703 2283 Partic.
1717 2264 1731 2283 a
1743 2253 1829 2284 Cado,
1871 2254 1930 2286 Cic.
1944 2266 1985 2293 ¹5·
2000 2257 2076 2289 Fam.
2090 2269 2114 2290 1.
2137 2260 2215 2296 Quid
2231 2263 2358 2296 casurum
2369 2265 2415 2298 sit·

1293 2296 1433 2318 incertum
1445 2290 1491 2319 est.
1520 2291 1538 2320 i.
1552 2300 1577 2320 8.
1600 2289 1780 2322 Eventurum.

1295 2328 1378 2364 Aquae
1390 2327 1499 2357 casurae.
1523 2328 1643 2358 Martial.
1656 2329 1704 2359 lib.
1719 2339 1759 2360 12.
1771 2340 1815 2365 29.

1297 2367 1378 2394 Arces
1393 2365 1499 2395 casirrae.
1523 2366 1608 2396 Ovid.
1625 2377 1666 2397 12.
1682 2367 1752 2397 Met.
1768 2373 1830 2403 588.

1295 2401 1399 2433 Fontes
1410 2403 1495 2434 casuri
1508 2405 1537 2433 in
1548 2414 1666 2442 aequora.
1694 2405 1797 2436 Lucan.
1811 2406 1858 2437 lib.
1878 2416 1903 2438 2·
1915 2418 1980 2445 419.

1295 2441 1405 2471 Moenia
1415 2442 1515 2472 casura.
1539 2443 1622 2472 Ovid.
1641 2453 1682 2480 13.
1698 2444 1765 2474 Met-
1778 2454 1839 2481 375.

1294 2478 1409 2510 Nomen
1421 2480 1547 2510 casurum
1558 2480 1637 2511 nullo
1649 2487 1786 2520 tempore.
1809 2494 1826 2512 1.
1837 2493 1861 2513 8.
1884 2483 2051 2523 Perpetuum
2062 2496 2177 2519 nomen.
2195 2489 2280 2522 ovid.
2294 2502 2317 2522 1.
2331 2493 2422 2526 Amor.

1318 2528 1359 2553 15.
1384 2528 1429 2548 20.

1294 2555 1387 2623 Βυὶηῗ
1397 2555 1499 2624 caelium.
1532 2556 1617 2587 Ovid.
1629 2566 1655 2587 2.
1673 2556 1708 2587 de
1720 2557 1798 2588 Pont.
1813 2568 1837 2596 3.
1855 2569 1895 2596 59.
1925 2559 2008 2591 Conf.
2028 2562 2059 2591 in
2079 2563 2140 2602 ipso
2160 2565 2247 2597 verbo
2270 2567 2375 2600 Cadere
2393 2571 2424 2602 iri

1257 2603 1520 2667 CA‘sciJnipfiqule.
1543 2631 1662 2669 [τυχῶν]
1685 2633 1770 2670 Quod
1782 2634 1844 2664 casu
1855 2635 1902 2670 fit,
1924 2635 1979 2666 sine
1996 2638 2104 2669 ratione
2115 2647 2209 2672 certa:
2230 2651 2277 2679 ut,
2301 2644 2423 2677 Casualis

1293 2670 1441 2737 {onditim
1463 2671 1534 2708 Quae
1555 2670 1589 2700 ab
1609 2672 1717 2701 incerto
1738 2680 1840 2703 eventu
1858 2674 1981 2711 pendet,
2002 2675 2056 2715 leg.
2078 2677 2128 2709 ult.
2151 2679 2221 2711 Cod.
2241 2682 2276 2712 de
2292 2685 2420 2715 necessar.

1315 2718 1369 2737 erv.

1294 2745 1487 2776 Grammaticis
1504 2745 1586 2776 Casus
1598 2746 1821 2778 declinationum
1834 2749 1964 2788 respicit:
1987 2757 2034 2786 ut,
2055 2753 2149 2785 Genus
2170 2755 2285 2788 casuale.
2308 2758 2420 2798 Varr.7.

1316 2785 1352 2813 de
1364 2784 1393 2814 L.
1408 2784 1435 2813 L.
1449 2794 1493 2819 29.
1517 2784 1623 2814 Formae
1633 2785 1763 2816 casuales.
1787 2787 1912 2818 Priscian.
1928 2800 1951 2825 ς.
1964 2800 1991 2827 p.
2004 2794 2068 2827 672.

1256 2821 1279 2852 C
1292 2832 1308 2851 A
1318 2832 1356 2852 su
1369 2833 1412 2851 AL
1422 2833 1430 2851 1
1441 2833 1481 2851 >rii
1492 2833 1507 2850 R
1518 2844 1526 2857 ,
1547 2823 1614 2852 Adv.
1636 2823 1770 2854 Fortuito.
1792 2826 1889 2855 Sidon.
1900 2836 1925 2862 9.
1944 2827 1964 2857 E
1988 2828 2027 2858 ist.
2044 2839 2084 2859 11.

1258 2860 1280 2890 C
1291 2868 1309 2888 A
1320 2871 1332 2890 s
1343 2870 1359 2889 o
1372 2882 1379 2896 ,
1401 2858 1569 2905 [jansemus]
1587 2863 1641 2890 {ire-
1663 2862 1800 2899 frequent.
1814 2874 1829 2893 a
1839 2863 1926 2894 Cado.
1967 2838 2052 2896 Flaut.
2066 2867 2125 2898 Mil.
2142 2878 2166 2905 3.
2179 2878 2204 2899 2.
2219 2878 2230 2906 3
2256 2893 2260 2898 .
2282 2871 2347 2901 Non
2358 2872 2418 2903 her-

1295 2898 1338 2927 cle
1350 2905 1406 2928 tam
1419 2898 1507 2928 isthoc
1516 2899 1609 2928 valide
1620 2899 1748 2930 casabant
1757 2902 1828 2931 cadi.
1850 2903 1868 2931 i.
1884 2912 1908 2932 e.
1926 2903 1991 2933 Non
2003 2911 2058 2934 tam
2069 2907 2158 2937 valide
2169 2909 2237 2937 cade
2260 2916 2322 2944 ant,
2341 2913 2418 2947 quod

1293 2936 1422 2966 fecissent
1432 2959 1439 2968 ,
1460 2947 1546 2973 quum
1560 2936 1659 2967 fitillic
1670 2939 1888 2970 lubricuslocus.
1928 2941 2040 2980 Legitur
2058 2943 2114 2974 fere
2126 2946 2155 2974 in
2166 2947 2295 2977 omnibus
2305 2948 2419 2985 Quassa-

1295 2974 1382 3009 bunt,
1405 2975 1451 3004 sed
1465 2984 1617 3013 perperam.
1659 2976 1698 3005 Ab
1711 2977 1765 3007 hoc
1776 2978 1848 3008 est&

1256 3011 1279 3042 C
1289 3023 1306 3041 A
1316 3015 1400 3041 siro
1413 3035 1421 3047 ,
1442 3016 1496 3042 are.
1521 3013 1638 3042 alterum
1649 3014 1784 3051 frequent.
1807 3016 1915 3046 Paulus.
1937 3016 1971 3047 D.
1991 3018 2026 3047 de
2037 3017 2126 3049 servit.
2139 3020 2198 3051 urb.
2213 3023 2298 3059 praed.
2313 3023 2330 3053 l.
2355 3023 2418 3055 Scr-

1293 3051 1395 3094 vitutes
1408 3073 1415 3084 ,
1438 3052 1465 3080 Si
1484 3050 1597 3080 servitus
1617 3051 1749 3095 stillicidii
1767 3054 1894 3092 imposita
1908 3055 1956 3085 sit:
1979 3066 2036 3085 non
2057 3057 2123 3087 licet
2143 3059 2257 3089 domino
2270 3060 2417 3094 servientis

1292 3098 1362 3117 areae
1374 3089 1410 3117 ibi
1424 3088 1579 3124 aedificare,
1600 3089 1647 3119 ubi
1665 3091 1777 3121 03111318
1797 3094 1884 3130 coepit
1903 3093 2082 3124 stillicidium.
2121 3096 2149 3125 Si
2168 3105 2247 3127 antea
2266 3109 2301 3128 ex
2321 3102 2415 3138 tegula

1291 3126 1639 3157 casitaveritstillicidium:
1663 3130 1755 3167 postea
1765 3139 1799 3159 ex
1810 3131 1942 3166 tabulato,
1954 3132 1997 3161 vel
2008 3142 2040 3160 ex
2051 3133 2103 3161 alia
2111 3135 2223 3165 materia
2232 3137 2343 3167 calitare
2355 3149 2414 3169 non

1291 3165 1389 3202 potest.
1423 3164 1588 3201 [Formatur
1599 3165 1667 3195 Caso
1679 3168 1841 3205 regulariter
1858 3179 1871 3197 a
1883 3169 1981 3207 supino
1998 3169 2105 3205 Casum,
2116 3170 2181 3201 licet
2193 3173 2220 3202 id
2232 3174 2320 3211 ipsum
2332 3177 2415 3206 inusi-

1292 3209 1381 3231 tatum
1393 3202 1423 3231 sit
1432 3225 1440 3238 ,
1462 3213 1526 3232 cum
1537 3213 1571 3233 ne
1583 3204 1612 3232 in
1624 3206 1786 3243 compositis
1796 3207 1910 3244 quidem
1922 3208 1969 3236 nisi
1989 3208 2022 3236 ab
2039 3208 2149 3238 Occido
2161 3210 2299 3242 Occasum
2317 3224 2415 3245 occur-

1291 3248 1350 3273 rat,
1371 3240 1473 3278 dequo
1485 3240 1543 3278 ipso
1562 3248 1655 3272 tamen
1673 3244 1744 3272 inter
1755 3245 1980 3281 veteresquidam
1993 3245 2164 3276 dubitarunt.
2185 3249 2241 3279 Sed
2260 3251 2295 3280 ab
2310 3253 2413 3284 eodem

1291 3277 1407 3308 Casurus
1416 3301 1424 3313 ,
1443 3280 1469 3308 ἃ
1480 3279 1590 3308 verbale
1599 3279 1682 3310 Casus
1694 3303 1702 3316 ‚
1725 3283 1750 3311 6<
1761 3293 1774 3312 a
1786 3282 1945 3320 Composito
1958 3283 2072 3312 Occasio
2081 3305 2089 3318 ,
2111 3285 2241 3318 Occasus.

1251 3314 1275 3344 C
1285 3326 1323 3346 As
1332 3327 1349 3345 A
1360 3327 1374 3344 iz
1384 3327 1402 3360 u
1412 3327 1431 3345 N
1443 3327 1460 3345 11
1472 3327 1489 3346 u
1498 3327 1526 3352 s,
1548 3327 1564 3346 a
1574 3339 1581 3353 ,
1601 3329 1658 3348 um.
1682 3320 1855 3355 [nieme-J
1877 3321 1934 3356 Adj,
1959 3320 2061 3350 Crebro
2076 3323 2190 3354 cadens.
2210 3326 2312 3358 Festus.
2338 3328 2412 3361 Varr.

1290 3364 1325 3384 ex
1336 3362 1451 3392 antiquo
1461 3362 1545 3393 poeta
1556 3377 1564 3390 ‚

1345 3392 1399 3421 Risi
1410 3400 1523 3430 egomet
1537 3403 1647 3424 mecum
1658 3393 1846 3423 cafiibundum
1858 3394 1896 3423 ire
1906 3394 2021 3426 ebrium.
2105 3398 2127 3428 A
2138 3399 2222 3430 verbo
2235 3404 2351 3441 antiquo
2363 3406 2414 3437 Ca-

1288 3427 1335 3464 s0,
1357 3441 1403 3466 as,
1421 3432 1580 3461 deducitur.
1622 3432 1728 3467 Ennio,
1750 3433 1778 3460 in
1790 3431 1861 3461 libro
1879 3432 2052 3468 Juratissimae
2069 3433 2165 3473 Fidei,
2187 3440 2278 3471 versus
2296 3443 2345 3474 iste
2366 3446 2414 3474 tri-

1289 3466 1386 3498 buitur
1397 3491 1405 3503 ,
1426 3476 1456 3498 ut
1465 3470 1548 3498 refert
1558 3469 1716 3499 Turnebus.

1250 3502 1274 3534 C
1284 3515 1303 3533 A
1314 3516 1330 3534 o
1340 3508 1357 3535 ΰ
1369 3516 1386 3535 0
1395 3517 1414 3537 u
1423 3516 1435 3536 s
1445 3529 1452 3543 ,
1477 3517 1491 3535 a
1500 3529 1508 3541 ,
1531 3517 1587 3536 um.
1610 3508 1762 3542 [⁷¹7ossmv&
1772 3528 1780 3540 ³
1796 3505 1921 3542 ‘’⁶1⁶‘inss
1942 3508 2003 3544 Adj.
2026 3509 2111 3546 Quod
2127 3512 2156 3542 in
2167 3515 2275 3546 ruinam
2287 3519 2411 3555 proclive

1287 3544 1327 3573 est
1338 3567 1346 3579 ‚
1368 3546 1394 3574 ἅ
1407 3544 1499 3573 casum
1512 3545 1642 3573 minatur.
1685 3543 1742 3576 Cic.
1755 3544 1790 3572 de
1801 3545 1909 3574 Senect.
1924 3557 1946 3580 ς.
1979 3547 2033 3576 Sed
2048 3556 2140 3580 tamen
2162 3555 2270 3585 necesse
2289 3558 2342 3586 t‘uit
2363 3559 2411 3588 ali-

1287 3583 1362 3618 quod
1373 3582 1426 3611 8118
1439 3590 1595 3612 extremum
1606 3603 1614 3615 ,
1636 3583 1661 3611 Sc
1670 3583 1799 3618 tanquam
1810 3583 1839 3610 in
1849 3584 1976 3612 arborum
1987 3585 2078 3616 baccis
2089 3609 2097 3623 ,
2118 3596 2251 3628 terraeque
2267 3594 2391 3632 frugibus

1286 3622 1444 3686 matliliritatse
1461 3620 1624 3663 tempestiva
1636 3641 1643 3655 ‚
1666 3621 1739 3656 quali
1758 3620 1863 3649 vietum
1883 3624 1909 3651 8<
1927 3623 2084 3654 caducum:
2113 3629 2189 3664 quod
2204 3630 2351 3662 ferendum
2371 3619 2409 3664 eii

1287 3666 1336 3687 mo
1361 3666 1412 3687 iter
1437 3667 1551 3695 apienti.

1285 3694 1392 3733 Fragile
1402 3697 1427 3725 81
1439 3696 1586 3724 caducum.
1627 3692 1685 3723 Cic.
1698 3703 1723 3723 2.
1740 3694 1774 3723 de
1788 3694 1848 3724 Fin.
1864 3699 1909 3730 86.
1942 3697 2012 3734 Quis
2024 3701 2100 3730 enim
2112 3703 2230 3734 confidit
2240 3705 2347 3745 semper
2359 3709 2408 3739 fibi

1306 3733 1375 3763 illud
1387 3733 1480 3762 stabile
1491 3735 1516 3762 i&
1527 3732 1634 3760 firmum
1642 3732 1852 3775 permansurum
1863 3755 1871 3768 ,
1894 3738 1970 3771 quod
1982 3737 2077 3774 fragile
2089 3741 2114 3768 St
2127 3743 2266 3773 caducum
2280 3746 2332 3775 iit?

1286 3770 1399 3800 Caduca
1411 3771 1551 3800 &incerta
1560 3769 1622 3798 sunt
1633 3790 1640 3804 ,
1663 3769 1785 3806 divitiae,
1803 3770 2031 3812 bonavaletudo‚
2048 3776 2179 3810 honores.
2219 3782 2278 3813 Cic.
2291 3784 2326 3814 de
2336 3784 2406 3814 Ami.

1307 3817 1352 3838 cit.
1367 3818 1411 3837 20.
2026 3840 2028 3842 ,

1286 3846 1382 3876 Brevia
1393 3868 1400 3878 ,
1422 3845 1545 3881 fugacia,
1567 3846 1593 3873 Se
1604 3844 1717 3873 caduca.
1740 3843 1799 3875 Cic.
1812 3856 1854 3876 10.
1871 3846 1945 3878 Fam.
1961 3859 2003 3879 12.

1283 3884 1430 3914 Caducum
1440 3882 1616 3912 &infirmum
1625 3892 1733 3919 corpus.
1756 3884 1816 3914 Cic.
1831 3896 1853 3914 1.
1863 3887 1899 3914 de
1908 3887 1969 3916 Nat.
1983 3888 2064 3918 Deor.
2077 3900 2123 3927 99.

1283 3920 1404 3952 Mortale
1416 3922 1442 3950 &
1456 3920 1603 3957 caducum.
1627 3919 1684 3949 Cic.
1697 3921 1733 3949 de
1744 3922 1837 3951 8011111.
1849 3923 1922 3962 Scip.
1939 3935 1979 3954 10.

1283 3959 1387 3989 Omnia
1399 3958 1503 3987 caduca
1514 3965 1612 3995 praeter
1623 3959 1762 3988 virtutem.
1805 3960 1863 3991 Cic.
1875 3974 1900 3998 4.
1922 3963 2042 4002 Philipp.
2059 3975 2100 4002 13.
2132 3967 2298 4007 Quanquam
2311 3972 2407 4002 omnin

1301 3996 1353 4026 alia
1362 3994 1426 4025 falsa
1438 4017 1446 4031 ‚
1467 3996 1573 4026 incerta
1582 3994 1662 4033 sunt,
1685 3997 1808 4034 caduca,
1828 4000 1961 4031 mobilia:
1984 4003 2069 4034 virtus
2086 4005 2124 4034 est
2141 4015 2196 4036 uua
2212 4007 2347 4038 altissimis
2359 4010 2407 4039 de-

2354 4048 2408 4076 fixa

1887 928 1905 956 i.
1921 939 1944 959 e.
1980 931 2061 962 Circa
2077 932 2161 964 finem
2181 936 2310 974 hyemis,
2341 948 2417 971 ante-

2185 1258 2195 1271 ,
2215 1248 2274 1268 non
2294 1250 2342 1271 eos
2357 1250 2418 1277 gra-
