2641 4187
526 159 555 195 A
649 162 674 196 B
770 161 807 196 O

136 239 206 272 tium
216 241 270 278 est,
290 248 339 272 aut
359 240 455 279 (quod
465 241 627 274 abominor)
645 243 674 271 in
685 249 712 271 te
722 248 791 271 ruet.
822 242 904 272 Ovid.
916 243 984 274 Met.
998 255 1023 281 9.
1036 250 1098 283 ⁶7⁶-
1115 248 1141 277 σι
1151 246 1227 277 Pont,

140 290 164 315 3.
183 291 204 309 1.
227 290 288 315 105.
326 280 587 321 Quodabominor!
617 280 694 308 Adde
708 280 822 308 Sueton.
839 279 935 310 Claud.
956 293 1014 320 cap.
1031 295 1076 320 45.
1118 284 1232 319 Eleuiiris

136 317 197 346 'haee
208 324 331 346 veterum
345 317 445 354 phrasis
458 317 542 353 vulgo
553 317 671 350 dicitur;
702 317 787 353 Quod
800 317 874 347 Deus
884 322 1000 349 avertat!
1031 321 1062 350 V.
1080 321 1151 351 Parei
1167 315 1230 351 [ex.

139 355 249 398 Crit3p.
266 365 308 384 10.
346 355 403 384 illia
420 354 555 390 formula,
588 354 718 383 Hostibus
734 354 803 384 illud
819 357 942 385 eveniat:
977 358 1012 387 de
1026 369 1079 396 qua
1092 359 1232 388 Drakenb.

137 393 174 423 ad
186 392 234 422 Sil.
251 401 276 421 2.
302 403 344 427 54.
365 430 369 431 .
386 392 425 421 'Et
438 392 555 422 Broekh.
572 392 607 421 ad
624 392 703 429 Prop.
720 401 743 425 3.
760 397 784 421 6.
803 402 846 421 20.
889 395 981 424 Aetiva
998 396 1100 431 forma,
1131 396 1235 425 abomi-

137 440 195 465 n0,
224 429 286 459 usus
306 431 344 459 est
357 429 441 459 l’laut.
461 429 540 459 Trin.
559 439 582 467 3.
599 439 624 458 2.
641 434 686 463 82.
724 430 798 458 Hinc
811 429 873 467 pall]
891 431 1000 463 Verrius
1014 434 1089 471 apud
1107 433 1231 462 Pristim.

137 477 161 497 c.
177 473 201 501 8.
219 478 246 505 p.
258 476 320 504 791.
357 468 465 496 Saevitia
478 477 575 496 eorum
586 466 760 495 abominatur
774 467 807 495 ab
823 469 960 498 omnibus.

116 505 299 543 Abominari,
326 515 390 535 cum
403 505 550 535 infinitivo.
591 505 687 533 Senec.
705 505 740 533 de
758 504 851 533 Benef.
890 506 956 536 Haec
971 507 1094 537 universa
1117 508 1233 542 habere,

139 543 174 571 de
186 542 285 579 quibus
298 542 433 580 loqueris,
454 541 664 572 abominabitur.

78 581 333 611 ABOMiNANoo
344 591 356 610 s
366 603 373 616 ,
395 576 566 616 [βδὶλυκΐὸς]
587 578 773 609 Detestatione
783 578 890 615 dignus.
922 581 1019 618 Quint.
1033 582 1081 612 lib.
1094 593 1119 618 9.
1136 591 1195 620 cap.
1208 592 1232 611 2.

121 626 183 655 791.
222 618 412 647 Abominanda
425 618 541 647 crimina
554 617 723 655 sparguntur.

117 655 312 686 Abominanda
324 656 478 685 infelicitas.
512 657 608 692 Quint.
629 656 658 685 'in
677 655 792 684 Prooem.
810 654 857 683 lib.
870 660 895 687 8.

117 693 339 723 Abominandam
349 702 432 732 opem
447 693 529 723 alicui
543 695 621 723 ferre.
647 692 745 722 Senec.
759 692 786 720 iri
804 692 915 730 Hippoi.
930 702 951 729 3.
970 701 1033 729 948.

115 730 139 772 ,F
141 741 169 760 er
179 731 391 761 abominandam
401 741 476 760 nunc
488 742 571 770 opem
586 738 651 761 nato
661 739 768 768 parens.
800 730 861 760 Hoc
872 730 910 759 est
919 753 926 766 ,
944 733 989 761 cui
999 733 1047 762 filii
1059 741 1157 763 necem
1169 733 1238 761 invi-

135 766 192 798 sam
207 776 288 806 atque
304 769 516 799 abominandam
533 769 586 799 else
600 767 753 806 oportebat.

119 807 313 836 Abominanda
329 814 430 846 optata.
460 808 557 837 Senec.
574 808 602 836 in
618 804 730 844 Hippoi.
745 815 786 834 10.
799 807 843 834 26.

81 843 149 910 hii-o
159 855 223 888 MJN
233 855 319 875 ATio
329 868 338 881 ,
360 846 383 874 V
384 845 482 875 erbale.
514 845 663 875 Detestatio
673 866 681 879 ,
707 843 845 873 execratio
855 864 863 878 ,
893 840 1079 880 [βδῖλυγμφ]
1107 845 1136 874 in
1150 844 1238 874 Sacris

128 890 208 913 iteris.
245 891 249 896 '

81 920 338 957 ssssoMiNATus,
359 917 540 957 [emma]
559 919 655 949 Partic.
674 917 776 956 paffive
790 916 938 955 sumptum.
968 919 1034 949 Hor.
1050 920 1137 957 Epod.
1155 923 1195 949 16.
1208 925 1235 954 8.

118 958 333 997 Parentibusque
345 959 518 989 abominatus
530 957 654 987 Annibal.
686 956 748 986 Hoc
759 955 812 991 est,
833 957 1002 986 execrationi
1013 957 1137 994 habitus,
1157 958 1240 987 Acro-

119 1006 155 1026 ne
169 997 326 1035 interprete.
358 997 391 1027 V.
404 996 460 1026 Liv.
475 1006 517 1032 31.
534 1005 575 1024 12.

82 1034 126 1064 AB
135 1044 151 1063 o
161 1044 180 1063 Ν
189 1045 205 1064 0
218 1045 247 1063 rr
256 1046 273 1064 e
282 1045 346 1064 1-311-
355 1046 378 1064 ιγ,
387 1057 395 1070 ,
418 1031 648 1070 [A’Cmo-mzlm]
668 1031 767 1069 Populi
778 1030 883 1060 suntad
896 1031 1013 1062 Pontum
1024 1033 1165 1063 Euxinum
1174 1055 1182 1069 ,
1202 1033 1239 1062 ita

117 1072 186 1102 dieii
201 1072 234 1102 ab
248 1074 348 1109 exiguo
362 1073 467 1112 oppido
479 1094 486 1105 ,
515 1072 561 1100 cui
579 1071 655 1098 oiss’asm
673 1071 768 1102 ⁶:525&
779 1089 786 1100 ‚
814 1068 869 1098 hoc
885 1070 923 1099 cst
943 1071 1032 1100 Aboni
1051 1080 1163 1107 murus,
1190 1080 1241 1100 no-

119 1119 185 1140 men
198 1111 243 1140 est.
279 1111 309 1140 V.
327 1110 421 1148 Steph.
435 1111 462 1139 Sc
476 1109 588 1138 Lucian.
603 1109 632 1137 in
646 1106 741 1137 Pseud.

81 1149 126 1181 AB
135 1157 152 1177 o
162 1159 254 1178 «ΑΕΔ
264 1171 271 1184 ,
291 1150 308 1184 [
319 1148 453 1183 Α’ζορφκὴ]
476 1146 649 1184 Regiuncula
660 1145 698 1174 est
713 1144 749 1173 ad
760 1143 924 1174 Maeotidem
934 1146 1066 1184 paludem
1075 1168 1084 1182 ,
1105 1156 1164 1176 non
1176 1155 1240 1185 pro-

120 1184 167 1215 cul
181 1186 214 1216 ab
231 1186 340 1224 Hypani
356 1184 449 1214 fluvio.
487 1184 518 1213 V.
540 1184 626 1214 Strab.
640 1183 688 1212 lib.
703 1193 713 1212 i
724 1193 745 1211 1.

83 1224 308 1259 Asoaiiiuse,
329 1223 431 1252 civium
442 1223 632 1252 Romanorum
645 1223 674 1250 in
686 1220 774 1250 Africa
787 1220 931 1258 oppidum.
961 1220 1029 1250 Plin.
1046 1221 1094 1251 lib.
1106 1232 1132 1258 4.
1149 1231 1174 1251 c.
1192 1233 1217 1257 5.

83 1262 329 1295 ABORtoiNES,
354 1263 443 1290 inum.
472 1259 656 1296 [oiCoyfiies]
687 1257 817 1298 appellati
837 1258 917 1291 sunt.
947 1259 1018 1296 quali
1039 1260 1096 1289 sine
1114 1260 1238 1297 origine,

119 1305 217 1337 utpote
234 1308 351 1336 quorum
366 1299 536 1336 ignoraretur
549 1299 643 1335 origo,
674 1307 708 1326 eo
726 1296 802 1333 quod
816 1296 876 1333 vagi
891 1304 1068 1334 errantesque
1078 1320 1086 1332 ,
1114 1307 1150 1326 ex
1167 1298 1240 1326 varia

137 1338 243 1366 entium
264 1336 423 1366 colluvione
447 1337 535 1372 misti,
571 1335 754 1364 convenerint
776 1335 804 1363 in
830 1343 924 1371 agrum
946 1335 992 1371 qui
1013 1345 1088 1364 nunc
1108 1336 1146 1364 est
1169 1345 1237 1373 pop.

144 1384 200 1404 om.
248 1374 310 1404 Fuit
328 1375 403 1403 enim
422 1384 488 1411 gens
513 1373 698 1411 antiquiffirna
722 1372 827 1407 ltaliae,
861 1372 959 1400 author
980 1373 1080 1402 Festus.
1120 1373 1170 1402 Alii
1189 1383 1240 1410 pu-

119 1418 179 1441 tant
203 1411 364 1449 Aborigines
393 1412 482 1442 dictos
514 1413 610 1442 Graeco
639 1411 753 1440 nomine
774 1432 782 1446 ,
830 1409 905 1447 quod
934 1418 1044 1441 montes
1072 1410 1241 1440 incoluerint

117 1451 147 1480 St
161 1451 191 1493 1¹¹.
205 1450 238 1480 iis
254 1450 340 1487 geniti
355 1450 423 1485 sint,
450 1450 516 1485 ’ὀρθ
531 1450 607 1479 enim
622 1458 703 1478 mons
718 1448 756 1477 est
767 1470 775 1483 ,
807 1448 834 1477 Sc
853 1444 948 1482 ν’νομαα
965 1458 1081 1485 generor
1092 1471 1100 1483 ,
1128 1448 1238 1483 nascor,

120 1489 148 1518 Sc
166 1493 242 1524 γνῶ·
265 1498 359 1526 genus.
403 1488 454 1517 Alii
473 1488 546 1525 quasi
567 1486 746 1524 Aberrigenes
763 1508 770 1521 ,
806 1485 882 1522 quod
903 1494 1022 1515 errantes
1041 1496 1075 1515 eo
1093 1487 1237 1516 venerint:

119 1536 181 1594 puae
201 1526 335 1555 sententia
352 1527 390 1556 est
406 1525 484 1556 Festi.
523 1525 594 1563 Lege
614 1526 677 1555 Aur.
696 1524 766 1553 Vici.
787 1523 822 1552 de
843 1523 918 1560 Orig.
942 1523 1021 1552 Rom.
1041 1534 1101 1562 cap.
1118 1536 1144 1560 4.
1167 1524 1238 1553 Plin.

132 1564 168 1593 ub
186 1563 232 1593 fin.
252 1563 299 1593 lib.
314 1575 342 1600 4.
383 1564 484 1602 Tyrios
500 1563 661 1600 Aborigines
676 1562 797 1591 Gadium
818 1562 871 1596 (ut
886 1561 998 1597 quidem
1013 1562 1156 1591 Salmasius
1173 1571 1240 1591 eum

118 1601 214 1632 locum
233 1612 315 1639 quam
338 1601 491 1631 felicissinie
512 1601 690 1631 emendavit»
723 1605 822 1633 vocat,
856 1599 932 1636 quod
961 1610 976 1628 a
1001 1599 1092 1637 Tyriis
1118 1599 1239 1629 conditae

120 1640 207 1670 essent
226 1640 324 1670 Gades.
372 1640 468 1677 Itaque
488 1639 650 1677 Aborigines
669 1637 732 1667 sunt
750 1637 908 1667 conditores
927 1639 1106 1675 auctoresque
1126 1638 1240 1675 originis

118 1675 259 1713 memiiwu
290 1678 391 1708 Graecis
418 1677 559 1716 appellati.
604 1677 666 1706 Nec
695 1675 747 1705 alia
772 1674 851 1704 causa
879 1675 1055 1712 antiqiiiismii
1078 1675 1239 1705 Latinorum

118 1716 281 1753 Aborigines
299 1716 382 1752 dicti,
411 1725 493 1753 quam
512 1715 588 1752 quod
606 1715 745 1744 dederunt
761 1713 844 1742 Genti
860 1712 899 1741 illi
914 1713 1066 1749 originem:
1095 1713 1148 1743 five
1163 1712 1240 1750 quod

141 1754 233 1784 osteris
254 1754 307 1783 suis
327 1754 439 1791 originis
456 1755 582 1783 austores
601 1753 705 1782 fuerint
722 1774 731 1787 ,
770 1757 801 1780 ut
818 1752 843 1780 δε
862 1750 973 1787 Dionys]
994 1750 1128 1789 Explicat.
1146 1751 1238 1788 Antiq.

146 1802 200 1822 om.
225 1803 247 1822 1.
273 1802 314 1821 10.
360 1792 484 1829 Quidam
505 1791 600 1820 omnia
616 1800 676 1829 quse
699 1790 734 1819 de
754 1787 949 1825 Aboriginibus
967 1789 1110 1825 feruntur,
1139 1789 1240 1818 fabulae

119 1830 231 1870 potius,
258 1840 341 1867 quam
353 1830 470 1860 historioe
483 1828 612 1859 similiora
626 1834 733 1866 putant.
763 1827 837 1857 conf.
854 1826 930 1855 Suid.
947 1827 973 1856 Sc
988 1826 1089 1856 Meurs.
1108 1827 1142 1856 ad
1154 1826 1242 1864 Lyco-

119 1869 221 1908 phron.
239 1877 300 1906 pag.
314 1878 375 1906 315.
418 1868 454 1897 Hi
489 1868 562 1897 ostea
577 1867 698 1897 adventu
711 1865 823 1899 ffineae,
849 1864 1000 1901 Phrygibus
1016 1865 1122 1900 junCti,
1148 1863 1241 1894 Latini

120 1917 178 1937 uno
197 1906 312 1936 nomine
328 1916 343 1935 a
364 1906 459 1945 pellati
483 1912 542 1935 unt.
591 1904 634 1934 De
653 1904 696 1933 his
716 1903 844 1932 meminit
862 1902 966 1931 Sallust.
987 1903 1015 1931 in
1032 1902 1111 1932 Catil.
1133 1912 1194 1946 cap.
1213 1905 1239 1932 6.

121 1947 148 1975 ὁὶ
171 1944 229 1974 Liv.
257 1943 292 1973 ab
320 1917 362 1974 UP
376 1944 405 1974 C.
430 1954 451 1973 1.
478 1954 501 1973 1.
552 1942 605 1973 Alii
623 1952 673 1981 per
692 1941 844 1971 secundam
868 1940 995 1970 vocalem
1013 1941 1043 1970 in
1069 1940 1242 1980 penultima,

118 1982 243 2012 scribunt
256 1982 434 2021 Aborigenes.

84 2022 153 2051 Ano
163 2030 332 2057 rucanas,
354 2021 408 2050 fuit
417 2019 546 2049 Varronis
560 2018 673 2055 quidam
689 2016 761 2046 liber
772 2015 826 2045 hoc
838 2017 951 2045 nomine
961 2038 969 2051 ,
988 2016 1017 2044 in
1032 2025 1088 2053 quo
1104 2016 1139 2045 de
1154 2016 1245 2045 homi-

121 2059 165 2089 nis
182 2064 279 2088 natura
294 2061 321 2089 «St
333 2059 457 2096 origine,
484 2057 635 2096 primisque
649 2054 704 2085 illis
717 2055 780 2084 rudi
794 2054 867 2084 coelo
883 2054 954 2084 natis
971 2053 1133 2084 hominibus
1149 2054 1246 2092 loque-

119 2097 210 2127 batur.
245 2096 405 2126 Turnebus.

84 2139 263 2170 Assoaross,
284 2135 356 2170 eris,
377 2134 422 2164 vel
435 2134 502 2169 iris,
522 2138 615 2167 ortus,
638 2132 682 2161 '1⁴ri.
706 2130 912 2167 [imminebit-1.
936 2126 1112 2165 duanam]
1137 2129 1246 2167 Signifi-

120 2179 166 2202 cat
178 2173 280 2202 foetum
290 2173 447 2202 abortivum
461 2171 520 2201 fieri
531 2193 539 2206 ,
560 2169 606 2200 vel
615 2168 808 2207 intempestive
821 2167 902 2197 nasci.
931 2166 1001 2196 Gell.
1012 2167 1061 2197 lib.
1078 2177 1119 2197 12.
1142 2177 1202 2205 cap.
1218 2178 1241 2196 1.

120 2211 208 2248 Quod
221 2211 336 2248 quidem
347 2211 446 2240 eadem
460 2209 591 2239 vecordia
600 2230 608 2242 .
637 2218 691 2246 qua
705 2206 871 2244 quibusdam
888 2206 1087 2235 commentitiis
1101 2206 1244 2235 fraudibus

119 2251 248 2280 nituntur
258 2271 266 2284 ,
290 2256 323 2278 ut
334 2249 420 2278 foetus
433 2257 545 2285 quoque
563 2246 611 2284 ipsi
623 2247 653 2275 in
667 2254 784 2283 corpore
798 2244 846 2274 suo
862 2245 992 2282 concepti
1007 2243 1173 2274 aboriantur.
1211 2243 1244 2273 Id

119 2287 160 2317 est
167 2310 175 2323 ,
196 2294 260 2316 ante
271 2294 410 2317 maturum
420 2294 530 2324 partum
540 2285 698 2320 ejiciantur.

120 2325 228 2356 Aboriri
245 2325 357 2363 quidam
374 2325 460 2354 active
477 2323 636 2361 accipiunt,
661 2329 693 2351 ut
707 2321 742 2350 de
758 2326 845 2350 matre
862 2321 987 2354 dicatur,
1037 2330 1086 2355 ro,
1116 2319 1244 2348 abortum

139 2364 247 2393 facere:
279 2364 315 2392 de
332 2373 386 2401 qua
399 2363 415 2391 si
437 2361 596 2391 nificatione
612 2361 713 2390 citatur
729 2358 804 2397 apud
823 2360 897 2390 Non.
914 2358 1008 2388 Marce
1033 2381 1038 2387 .
1059 2357 1187 2387 Varronis
1205 2356 1246 2386 lo-

137 2411 189 2432 cus
198 2411 249 2439 pro
261 2401 349 2431 Callio
360 2400 405 2431 vel
414 2372 560 2435 {undanio
569 2421 578 2433 ,
600 2399 635 2428 de
646 2397 814 2427 admirandis
828 2396 909 2427 rebus
918 2395 988 2431 ,'his
1001 2395 1091 2425 verbis
1103 2406 1110 2431 3
1140 2395 1244 2424 Vinum

136 2439 270 2478 quodibi
289 2446 386 2469 natum
400 2438 431 2467 sit
451 2438 481 2467 in
500 2437 622 2475 quodam
639 2436 703 2465 loco
715 2458 722 2470 ,
752 2435 771 2464 si
792 2444 933 2473 praegnans
953 2433 1071 2469 biberit,
1100 2433 1159 2462 fieri
1171 2456 1178 2468 ,
1214 2439 1246 2462 ut

139 2478 286 2507 aboriatur.
326 2477 359 2507 ln
374 2476 473 2514 quibus
489 2475 580 2504 verbis
593 2475 704 2504 videtur
719 2473 809 2503 deesse
823 2483 926 2502 nomen
947 2472 1070 2507 (foetusi
1096 2477 1128 2500 ut
1142 2471 1173 2499 sit
1186 2469 1246 2499 sen-

139 2516 201 2551 sus,
227 2516 286 2583 {geri
302 2524 335 2545 ut
348 2515 434 2544 foetus
448 2513 594 2544 aboriatur.
633 2511 828 2551 Potest-tamen
843 2510 965 2540 absolute
982 2510 1072 2548 accipi
1087 2509 1244 2544 aboriatur,

140 2555 159 2583 i.
171 2564 194 2583 c.
213 2564 229 2583 a
250 2561 325 2584 ortus
335 2553 391 2582 liat.

122 2591 227 2622 Aboriri
245 2602 303 2622 vox
319 2592 420 2621 dicitur
430 2612 438 2626 ‚
464 2589 551 2626 idque
608 2599 620 2617 r
633 2587 827 2626 metaphoram
838 2609 847 2622 ,
876 2585 987 2624 quando
998 2596 1055 2624 prae
1071 2592 1148 2616 metu
1158 2607 1167 2622 ‚
1196 2590 1246 2615 aut

139 2629 195 2660 alia
208 2630 243 2659 de
252 2629 333 2660 causa
343 2625 445 2659 deficit.
475 2627 555 2657 Lucr.
584 2626 619 2656 'b.
632 2635 657 2663 3.
674 2629 735 2661 156.

167 2671 170 2677 '
203 2668 342 2706 Corpore:
365 2665 513 2703 &infringi
523 2665 663 2702 linguam,
684 2673 838 2701 vocemque
852 2662 960 2692 aboriri.

142 2705 176 2735 Id
186 2706 241 2741 est,
262 2704 429 2739 intercludi,
450 2703 602 2732 intermori.

87 2742 313 2779 Aaoaiscoii,
334 2743 390 2773 isci.
423 2741 465 2772 lta
474 2741 573 2771 Pareus
587 2740 655 2777 legit
665 2739 695 2768 in
706 2739 815 2769 Liicret.
831 2749 854 2774 ς.
870 2747 932 2776 732.

196 2781 286 2819 Inque
300 2782 361 2811 dies
375 2780 467 2819 privos
481 2778 596 2808 aborisci
614 2787 730 2815 quaeque
746 2784 845 2806 creata.

126 2817 250 2848 Giffinius
259 2820 290 2849 in
299 2820 395 2850 Indice
405 2824 499 2848 tuetur
510 2816 642 2846 consensu
654 2815 797 2844 librorum.
988 2832 992 2836 ·

126 2855 276 2887 Gaffendus
298 2857 407 2887 aboriri.
454 2857 490 2885 At
512 2854 601 2899 Fayiis
628 2863 694 2883 cum
716 2853 851 2884 Lambino
878 2853 904 2882 ἃ
931 2851 1055 2881 Creecho
1080 2851 1244 2882 abolescere.
1280 2871 1282 2873 -

173 2895 230 2924 uod
245 2895 278 2925 V.

89 2892 269 2969 angerro,
290 2933 360 2962 onis.
389 2930 506 2961 Verbale
533 2929 697 2967 [ἄιιςλωπς.
724 2924 893 2962 ὐκιιιρωσιιές]
922 2926 1004 2956 Atius
1020 2927 1077 2965 ipse
1091 2927 1243 2957 aboriendi.

125 2969 212 3000 Plaut.
232 2971 316 3001 Truc.
332 2980 355 3000 1..
369 2980 395 3000 2.
410 2980 454 3006 99.
495 2968 627 3004 Celabat,
653 2967 852 3003 metuebatque
869 2971 914 2994 te:
947 2974 983 2994 ne
1002 2965 1050 2994 fibi
1070 2965 1247 3004 persuaderes

87 3037 90 3040 ,
123 3014 158 3037 iit
171 3009 310 3038 abortioni
320 3017 433 3046 operam
448 3007 533 3036 daret.
560 3006 622 3036 Cic.
641 3016 691 3043 pro
705 3005 814 3035 Cluent.
829 3013 872 3040 34.
909 3002 938 3032 Si
956 3002 1016 3032 haec
1031 3002 1131 3033 solutio
1142 3002 1245 3041 legato-

125 3055 187 3076 rum
196 3069 204 3083 ,
226 3049 254 3077 ἃ
263 3056 321 3076 non
332 3055 437 3076 merces
447 3044 599 3074 abortionis
610 3043 777 3082 appellanda
789 3042 835 3071 est.

124 3084 250 3115 Abort'ire
291 3084 352 3113 onit
371 3083 495 3121 Calepin.
514 3092 550 3112 ex
563 3081 711 3111 Columell.
734 3081 782 3110 lib.
796 3090 821 3117 7.
844 3089 868 3108 e.
882 3081 906 3107 6.
939 3077 985 3107 sed
1004 3084 1134 3116 corrupte
1150 3078 1245 3108 locum

144 3123 220 3152 citat.
285 3132 329 3151 am
342 3120 504 3151 Columellae
520 3119 603 3150 verba
616 3119 674 3149 haec
690 3119 753 3149 sunt
763 3141 770 3153 ,
795 3119 856 3147 Nec
872 3123 966 3145 tamen
978 3126 1010 3145 ea
1019 3116 1077 3146 sola
1092 3124 1186 3146 creant
1200 3117 1248 3145 ab-

145 3167 222 3190 ortus
231 3183 239 3196 ,
256 3160 306 3190 sed
318 3160 402 3189 etiam
416 3158 492 3197 glans
505 3168 572 3187 cum
583 3158 652 3187 citra
660 3157 813 3187 satietatem
831 3155 894 3184 data
908 3153 953 3183 est.

89 3197 301 3233 AnoaTiuM,
324 3198 342 3228 i.
370 3196 535 3233 [inriguam]
562 3195 642 3225 idem
659 3196 735 3232 quod
751 3194 874 3224 Abortio.
904 3192 1017 3221 Hieron.
1038 3191 1073 3221 ad
1088 3191 1244 3222 Pammach.

124 3237 155 3266 in
175 3236 257 3275 Epist.
281 3234 463 3265 consolatoria
480 3233 562 3271 super
580 3233 660 3262 obitu
677 3232 796 3262 Pauiinae
815 3231 928 3265 iixoriS,
958 3234 1002 3258 26.
1025 3239 1048 3258 c.
1072 3239 1094 3258 1.
1117 3230 1200 3259 Tom.
1222 3241 1243 3259 1.

123 3275 143 3304 f.
161 3284 205 3312 74„
246 3273 376 3311 Dumque
394 3271 496 3302 crebris
509 3271 640 3306 abortiis,
671 3272 697 3301 Sc
716 3277 830 3308 experta
854 3268 1035 3297 foecunditate
1055 3274 1245 3305 conceptuum

124 3323 184 3342 non
201 3311 326 3350 desperat
341 3311 462 3345 liberos,
493 3310 519 3340 δι
539 3308 630 3339 socrus
651 3309 828 3338 aviditatem.
862 3306 1006 3342 maritique
1025 3305 1159 3334 tristitiam
1180 3316 1248 3343 prse-

147 3351 207 3380 onit
223 3349 409 3379 imbecillitati
425 3347 495 3383 suae,
524 3346 598 3385 palla
614 3347 652 3376 est
665 3346 770 3384 aliquid
786 3347 821 3375 de
834 3342 962 3374 Racheiis
973 3343 1112 3382 exemplo.
1153 3343 1247 3380 Quem

124 3361 220 3418 focum
233 3387 270 3417 sic
285 3387 402 3425 exponit
417 3384 518 3415 Erasm.
552 3385 661 3422 *Saepius
679 3383 806 3413 aborsum
820 3384 924 3412 fecerat
940 3381 1059 3410 Paulina.
1097 3380 1163 3410 Non
1181 3381 1248 3410 facit

125 3434 219 3456 autem
234 3425 381 3460 abortum,
411 3423 461 3452 nisi
479 3433 539 3460 quae
559 3423 707 3460 concepit,
738 3423 822 3451 etiam
833 3421 852 3449 si
868 3420 936 3448 vitio
953 3419 1045 3455 aliquo
1061 3418 1105 3447 vel
1124 3419 1248 3456 corporis

125 3464 170 3494 vel
185 3464 296 3493 seminis
311 3463 342 3492 fit
352 3485 360 3498 ,
391 3468 422 3491 iit
435 3461 519 3491 foetus
530 3460 658 3490 nondum
669 3466 792 3489 maturus
809 3459 943 3496 ejiciatur.
984 3456 1027 3486 Ex
1042 3456 1153 3486 abortiis
1165 3458 1249 3494 igitur

125 3501 264 3533 intellexit
276 3501 303 3530 se
316 3511 375 3530 non
388 3499 441 3530 esse
455 3499 582 3529 sterilem.

90 3540 255 3576 Axoii'ro,
274 3538 417 3575 [o'epcssm‘ffi
437 3536 580 3572 ὲξοιμζλόω,
601 3534 753 3571 &staffilem-e]
774 3545 827 3564 are.
864 3533 998 3563 Abortum
1008 3532 1106 3561 facere.
1131 3531 1206 3561 Van.
1221 3541 1246 3561 2.

127 3577 162 3606 de
178 3577 212 3607 R.
230 3577 263 3606 R.
280 3586 339 3614 cap.
353 3587 379 3612 4.
395 3584 437 3612 13.
473 3574 518 3604 Ne
529 3575 597 3603 dum
608 3573 704 3602 exilire
715 3573 783 3602 velit
793 3596 800 3608 ,
826 3580 968 3611 praegnans
984 3569 1100 3598 abortet.
1139 3569 1246 3599 Firmic.

126 3615 174 3644 lib.
187 3625 211 3650 3.
226 3625 288 3652 cap.
302 3624 327 3651 7.
345 3617 371 3644 6.
411 3616 464 3642 Aut
474 3612 611 3642 abortabit
627 3611 787 3648 frequenter
798 3633 806 3645 ,
834 3616 880 3638 aut
897 3606 1038 3637 difficilem
1050 3607 1115 3635 edet
1127 3614 1246 3645 partum.

125 3652 167 3683 Id.
182 3652 229 3682 lib.
241 3657 266 3682 6,
283 3662 343 3690 cap.
358 3661 402 3688 31.
419 3651 453 3680 ad
464 3650 549 3680 finem
558 3672 566 3685 ,
587 3648 681 3679 Flilios
692 3659 803 3686 quoque
816 3647 939 3685 geminos
950 3644 1094 3674 abortabit.

88 3691 268 3727 -Assossus,
296 3693 344 3725 us,
372 3699 408 3718 m.
436 3683 618 3724 [abnui-rista]
648 3686 773 3716 Verbaie.
804 3687 839 3714 de
853 3694 907 3721 quo
925 3683 961 3711 sic
977 3682 1052 3711 Non.
1114 3682 1248 3712 hortus&

128 3727 238 3758 aborsus
267 3728 353 3756 varias
380 3726 484 3756 habent
509 3724 732 3763 fignificationes.
791 3722 905 3752 Aborsus
933 3721 1009 3749 enim
1038 3719 1069 3749 ssi
1112 3721 1248 3750 dicendus

129 3765 187 3802 est,
218 3765 265 3803 qui
285 3765 324 3794 est
342 3766 373 3794 in
396 3764 493 3802 primis
518 3762 675 3797 mensibus,
708 3772 774 3791 cum
797 3759 948 3797 conceptui
972 3758 1118 3788 exordium
1144 3759 1249 3788 factum

127 3803 174 3833 est.
214 3803 331 3833 Abortus
354 3811 441 3844 prope
460 3809 571 3839 tempus
588 3800 724 3838 pariendi.
771 3799 837 3828 Haec
858 3798 971 3839 Non-,5—
993 3799 1034 3824 16.
1081 3797 1134 3826 Cui
1149 3805 1250 3825 conve-

127 3842 171 3871 nit
189 3841 265 3878 quod
286 3840 379 3869 scribit
400 3839 512 3874 teitus,
547 3838 683 3868 Abortuni
703 3837 819 3875 gravidae
840 3835 963 3864 mulieris
983 3833 1038 3862 dici
1052 3856 1060 3868 ,
1094 3835 1170 3871 quod
1192 3843 1251 3863 non

127 3879 160 3909 sit
178 3879 339 3945 tempestive
356 3884 457 3906 ortum.
503 3875 620 3906 Aborsus
644 3874 678 3903 ab
698 3875 827 3904 abortiior
844 3884 852 3909 3
885 3872 1002 3902 Abortus
1021 3871 1054 3900 ab
1075 3872 1185 3902 aborior
1205 3871 1253 3901 de-

128 3917 194 3946 duci
209 3917 236 3945 vi
257 3922 327 3945 etur.

91 3954 277 4023 ΑιιΡῗκτυε,
304 3963 336 3989 a,
362 3961 422 3982 um.
454 3952 498 3988 ,Id
509 3952 567 3986 est,
596 3949 724 3980 Exortus.
763 3950 832 3980 Stat.
853 3947 902 3979 lib.
922 3953 948 3982 8.
979 3946 1070 3978 Theb.
1092 3952 1118 3983 8.
1140 3956 1184 3984 32.
1217 3946 1252 3976 de

159 3998 255 4028 utone,
1103 4017 1108 4020 ,

1679 171 1707 206 Α
1803 173 1827 206 Β
1924 172 1955 206 R
2380 188 2419 221 ¹3

1397 252 1456 282 Nec
1471 252 1564 282 solitus
1579 252 1676 282 sentire
1691 260 1780 282 metus
1791 275 1797 287 ,
1819 261 1853 282 ex
1875 253 1929 281 :wit
1943 253 2036 282 abom

1397 290 1507 323 Sidera,
1533 292 1705 328 iucundaque
1719 289 1838 319 offensus
1865 300 1914 318 iice
1937 291 2057 318 ›roliitiiiu

1322 323 1375 353 Sed
1389 327 1478 369 .h‘.'di²
1497 329 1532 356 ibi
1553 328 1647 365 legunt
1665 328 1771 357 Obortii
1792 328 1892 357 Sidoni.
1925 300 1986 362 liin.
2003 326 2162 356 Geblizirdus
2182 326 2322 365 Crepund.
2341 339 2363 359 i.
2388 340 2429 360 12.

1343 362 1444 391 Ovidii)
1459 375 1491 393 ex
1510 366 1584 395 MSS.
1603 366 1673 396 hanc
1687 375 1785 395 vocem
1800 365 1922 394 restituit.

1286 398 1472 436 Asoiz’rus,
1502 404 1539 431 us.
1572 403 1707 437 [ἔκπωμα.
1720 423 1727 434 ,
1751 403 1881 436 ana-oie]
1912 401 2024 430 Verbaile
2036 423 2043 435 ,
2074 401 2113 430 ld.
2130 403 2205 438 quod
2223 402 2337 431 abortio.
2369 404 2433 434 Ter.

1324 436 1428 478 llec.3.
1445 448 1467 472 ζ.
1484 445 1526 480 38:
1566 440 1659 469 Dicam
1678 441 1803 469 abortum
1819 439 1881 469 else.
1919 439 1971 468 Ubi
1993 439 2132 473 Donatus,
2160 440 2223 468 Non
2244 440 2280 468 est
2297 440 2433 477 Latinum,

1323 472 1479 517 ²¹b‘'¹'¹¹.¹⁰st.¹
1512 477 1557 504 led
1576 478 1700 506 :ibortuni
1713 479 1785 507 fecit.
1817 478 1882 506 Plin.
1902 477 1946 505 lib.
1961 487 1985 513 7.
2008 487 2066 513 cap.
2090 487 2128 505 ii.
2148 487 2168 505 i.
2210 477 2327 506 Extitin
2338 488 2436 508 monu-

1324 519 1424 539 mentis
1436 521 1517 555 euim
1529 514 1697 543 medicorum
1708 538 1715 549 ,
1738 526 1793 544 uno
1804 515 1900 543 abortu
1915 514 2065 542 duodecim
2078 516 2219 551 puerperia
2230 516 2326 549 egesta.

1324 547 1441 577 Abortus
1457 558 1537 591 etium
1558 551 1591 579 dc
1609 552 1748 581 arboribus
1760 554 1868 582 dicitur.
1897 551 1964 581 Plin.
1983 551 2029 580 lib.
2042 561 2067 580 2.
2084 561 2143 588 cap.
2162 559 2201 584 18.
2241 554 2382 589 Quoniam
2394 564 2433 582 ur-

1345 584 1442 614 borum
1457 596 1538 615 eriam
1553 587 1661 617 abortus
1680 591 1842 619 invenimus.

1325 621 1457 651 Abortum
1473 624 1577 657 facere,
1606 636 1655 662 pro
1674 626 1798 656 abortum
1812 628 1876 665 pati.
1908 626 1976 655 Plin.
1995 625 2054 661 Jun.
2074 625 2120 654 iib.
2134 632 2158 657 8.
2180 626 2260 663 Epist.
2277 637 2316 655 10.
2339 628 2372 655 ad
2389 628 2436 657 Fa-

1346 659 1457 701 b3¹tl¹¹1¹‚
1486 662 1550 696 Quo
1562 664 1645 697 iungis
1662 664 1739 699 cupis
1757 675 1789 693 ex*
1811 665 1889 692 nobis
1901 670 2068 702 pronepotes
2078 663 2170 692 videre
2182 686 2189 698 ,
2211 664 2263 692 hoc
2274 665 2371 693 tristior
2389 676 2434 694 :iu-

1347 697 1405 725 dies
1416 720 1422 731 ,
1445 705 1554 734 neptem
1567 706 1641 728 tuzim
1654 700 1778 729 ¹abortum
1793 702 1890 730 secisse.

1327 734 1460 763 Abortuni
1478 735 1584 769 facere,
1614 747 1663 773 pro
1683 737 1811 766 Abortuiii
1830 740 1936 767 inserre.
1976 738 2042 767 l’lin.
2059 738 2107 767 lib.
2126 747 2170 766 21.
2192 748 2251 776 cap.
2269 744 2309 771 ¹8-
2351 739 2436 769 Ouod

1347 772 1381 801 ad
1394 782 1514 809 cyperon
1526 774 1640 804 attinet.
1668 775 1864 810 Apollodorum
1884 776 1994 811 quidem
2012 776 2120 813 sequar:
2151 777 2196 812 qui
2209 777 2324 814 negabat
2341 766 2436 808 biben-

1348 810 1414 838 duni
1424 832 1431 843 ,
1450 813 1501 852 &cs
1523 810 1644 839 heminis
1654 812 1765 846 quidem
1777 812 1886 841 abortus
1898 814 1983 842 iacere
1995 824 2048 841 non
2066 813 2181 842 dubitat.

1328 847 1462 890 Abortiini
1481 850 1570 876 tacere
1586 858 1634 885 per
1649 849 1845 885 metaphoram.
1884 850 1948 878 l'lin.
1969 851 1994 878 in
2010 852 2110 887 prtesu.
2133 861 2172 880 iz.
2196 854 2255 885 163.
2297 851 2437 884 Quoniam

1348 886 1431 927 :iu-dio
1444 887 1468 914 i&
1480 886 1588 915 Stoicos
1598 908 1605 919 ,
1626 888 1651 914 ἃ
1663 894 1722 915 ciet.
1741 886 1854 915 subinde
1866 886 1974 915 abortiis
1986 888 2071 916 littere
2087 889 2136 919 iun
2149 888 2244 917 deceni
2257 884 2335 917 annis
2344 911 2351 922 ,
2373 900 2436 918 cuin

1346 930 1430 951 etiiiiii
1446 923 1564 965 *celerius
1580 923 1722 965 Elephanti
1736 925 1848 960 piiriiiiit.
1888 923 2018 961 Loquitur
2030 925 2063 953 de
2081 926 2154 953 libris
2165 927 2209 962 qui
2227 927 2328 955 etiamli
2342 926 2388 955 diii
2405 927 2438 955 :ib

1348 961 1504 990 auctoribus
1517 961 1662 1001 comprelli
1676 962 1743 994 init.
1767 961 1882 990 nimium
1899 968 1990 989 tamen
2007 969 2110 991 mziture
2129 964 2189 992 lunt
2202 964 2287 998 editi,
2317 971 2346 993 ut
2361 964 2438 995 abor.

1347 1005 1392 1027 tus
1406 999 1498 1035 potius
1514 1000 1562 1033 lit,
1587 1008 1669 1035 quam
1684 999 1819 1035 persetftus
1834 1000 1859 1026 ἃ
1870 1008 1948 1027 verus
1962 1006 2060 1035 partus.

1330 1036 1462 1065 Abortuni
1478 1037 1542 1072 pati.
1571 1036 1638 1065 Plin.
1655 1035 1702 1064 lib.
1715 1042 1758 1069 28.
1779 1045 1838 1073 cap.
1852 1045 1876 1072 7.

1329 1074 1461 1104 Abortum
1474 1074 1580 1103 inferre.
1613 1073 1680 1102 Plin.
1696 1073 1741 1102 lib.
1755 1083 1799 1109 24.
1813 1082 1872 1110 cap.
1888 1075 1927 1101 16.
1942 1082 1986 1107 9²·
2007 1073 2041 1101 de
2057 1073 2240 1111 dracunculo,
2261 1075 2439 1113 Tantumque

1349 1111 1432 1141 incise
1443 1112 1468 1140 ei
1480 1112 1552 1140 virus
1561 1133 1569 1146 ,
1589 1119 1620 1140 ut
1630 1110 1761 1140 olfactum
1772 1111 1889 1148 gravidis
1900 1110 2025 1138 abortum
2041 1111 2144 1139 inserat.

1292 1152 1522 1184 Anoarivcs,
1544 1159 1576 1183 a,
1599 1159 1654 1177 um.
1683 1148 1936 1184 [ψ’κπωμφπιιιΘ-ζ]
1956 1147 2078 1184 asiipino
2094 1148 2234 1177 abortum:
2265 1158 2310 1184 ut,
2335 1151 2441 1180 Aburii,

1330 1197 1379 1217 vus
1391 1187 1474 1216 fietus
1485 1209 1492 1221 ,
1513 1188 1688 1224 imperfectus
1699 1188 1724 1216 ἐξ
1737 1186 1860 1215 informis
1871 1207 1879 1220 ,
1901 1186 1946 1221 qui
1958 1184 2061 1213 scilicet
2070 1186 2164 1214 abortu
2179 1195 2255 1214 natus
2267 1188 2310 1215 eil.
2335 1189 2398 1217 lior.
2413 1199 2438 1218 i.

1329 1227 1417 1256 Seri-n.
1433 1225 1486 1253 Sat.
1501 1234 1525 1260 3.
1539 1228 1584 1259 46.
1624 1224 1651 1253 Si
1662 1225 1705 1253 cui
1720 1224 1790 1253 lilius
1801 1223 1839 1252 est
1851 1245 1857 1256 .
1878 1230 1909 1251 ut
1921 1222 2058 1251 abortivus
2073 1222 2124 1250 suit
2135 1222 2200 1250 oiim
2229 1223 2363 1261 sisvplim.

1330 1263 1493 1294 Abortivuni
1505 1284 1511 1296 ,
1542 1262 1571 1290 id
1589 1262 1625 1290 est
1636 1284 1643 1297 ,
1673 1262 1748 1298 quod
1768 1261 1867 1290 aboriri
1882 1260 1954 1289 fiicit.
1987 1259 2055 1289 Plin.
2071 1259 2116 1288 lib.
2129 1269 2155 1296 7.
2171 1270 2229 1297 cap.
2244 1256 2275 1289 6]
2308 1263 2382 1291 Oscit
2393 1264 2440 1292 .iio

1350 1301 1463 1337 quidem
1481 1301 1511 1328 in
1526 1300 1609 1329 enixu
1623 1298 1711 1329 letalis
1731 1299 1786 1328 est:
1819 1298 1886 1327 licut
1899 1296 2055 1327 sternutiisl'e
2078 1308 2093 1325 a
2112 1298 2186 1326 coitu
2201 1297 2359 1329 abortivum.
2397 1301 2438 1330 ld.

1350 1339 1398 1369 lib.
1411 1348 1456 1373 25.
1472 1347 1531 1375 cap.
1549 1347 1571 1373 3.
1609 1337 1666 1374 Ego
1680 1347 1732 1366 nec
1746 1335 1868 1366 abortiva
1881 1335 1945 1364 dico
1956 1358 1963 1370 ,
1985 1344 2016 1364 ac
2030 1345 2065 1363 ne
2078 1335 2206 1363 :iniiitorii
2221 1336 2339 1371 quidem.

1292 1378 1456 1407 Asoiiriv
1468 1386 1530 1410 υΜ,
1559 1376 1576 1404 i.
1607 1374 1786 1410 [λ’πιφὼλιον]
1816 1374 1855 1403 ld.
1872 1373 1947 1410 quod
1964 1372 2084 1401 abortus.
2118 1372 2183 1400 Plini.
2203 1372 2247 1401 lib.
2265 1379 2303 1405 ¹8-
2323 1384 2380 1410 cip.
2401 1384 2439 1408 «7-

1331 1415 1375 1446 ‚Est
1397 1416 1422 1444 ἃ
1443 1413 1518 1443 aliud
1536 1423 1569 1442 ex
1587 1413 1679 1441 vicino
1702 1422 1794 1442 avenis
1814 1412 1910 1440 vitium
1924 1433 1931 1446 ,
1960 1420 2024 1439 cum
2044 1409 2226 1446 amplitudine
2246 1410 2370 1439 inchoata
2388 1423 2444 1440 em-

1331 1463 1398 1482 num
1415 1451 1460 1480 sed
1475 1451 1600 1480 nondum
1613 1458 1717 1479 matura
1728 1473 1735 1485 ,
1765 1450 1840 1487 prius
1853 1458 1935 1485 quam
1946 1448 2088 1477 roboretur
2105 1458 2204 1485 corpus
2218 1470 2224 1482 ,
2252 1448 2294 1476 affl
2306 1456 2341 1476 itu
2361 1451 2444 1478 noxio

1330 1491 1433 1520 causum
1448 1492 1473 1518 St
1496 1489 1576 1517 inane
1595 1498 1609 1516 a
1627 1487 1701 1526 [pica
1717 1487 1853 1517 evanescit
1872 1486 1993 1523 quodam
2014 1485 2146 1514 abortivo.
2181 1487 2199 1515 i.
2215 1495 2238 1514 e.
2263 1485 2368 1514 abortu.
2408 1487 2445 1515 lta

1332 1538 1429 1557 omnes
1446 1527 1522 1556 MSS.
1545 1526 1625 1561 libri,
1647 1526 1713 1555 teste
1728 1525 1862 1554 llarduin.

1292 1566 1439 1596 Ami-ru
1450 1576 1468 1593 Μ
1479 1587 1487 1599 ,
1508 1574 1535 1593 n.
1566 1564 1627 1593 Ul).
1643 1564 1671 1592 in
1686 1563 1703 1593 l.
1724 1573 1788 1592 cuni
1801 1562 1921 1599 quidam.
1942 1561 1963 1598 §.
1980 1561 2054 1597 quod
2067 1560 2175 1590 dicitur.
2208 1559 2242 1589 D.
2262 1561 2297 1588 de
2311 1570 2389 1597 arque
2404 1561 2448 1591 vel

1329 1604 1440 1633 adniitt.
1459 1602 1552 1632 hered.
1616 1602 1664 1636 uid
1678 1611 1742 1639 ergo
1757 1602 1774 1630 ii
1814 1609 1936 1637 raegnans
1953 1599 2005 1627 fuit
2018 1608 2083 1627 cum
2100 1604 2208 1637 puniret
2226 1597 2303 1626 heres
2322 1608 2377 1626 ron
2392 1599 2444 1627 csse

1330 1649 1517 1680 praegnantem
1529 1663 1536 1675 ,
1559 1641 1584 1668 ὃς
1595 1639 1679 1669 adiit:
1701 1648 1767 1668 mox
1778 1648 1793 1667 a
1813 1646 1905 1666 ortum
1916 1637 2019 1666 fadtum
2030 1636 2088 1666 est‘?
2121 1636 2155 1665 sic
2172 1635 2274 1664 habent
2290 1635 2446 1666 Heioanticr

1332 1682 1358 1709 δι
1371 1680 1454 1709 Pand.
1470 1678 1644 1707 florentinae.

1291 1718 1361 1747 Ano
1372 1728 1386 1745 R
1397 1727 1411 1745 R
1422 1727 1438 1745 A
1447 1726 1459 1745 s
1470 1739 1477 1751 ,
1504 1717 1518 1751 [
1530 1715 1649 1751 ettam]
1676 1714 1776 1744 fluvius
1787 1713 1825 1743 est
1840 1712 2047 1750 Mesopotamia
2056 1734 2064 1748 ,
2085 1712 2114 1740 ‘iri
2130 1710 2298 1748 Euphratem
2318 1712 2444 1743 influens.

1331 1755 1417 1784 Strab.
1432 1753 1480 1782 lib.
1498 1756 1539 1782 16.

1293 1793 1363 1822 Auo
1376 1802 1426 1821 ris
1437 1814 1445 1827 ,
1473 1792 1535 1820 i'dis.
1568 1792 1583 1826 [
1596 1786 1701 1824 Α’ξοτὶς]
1730 1789 1794 1818 urbs
1809 1789 1847 1818 est
1858 1788 1924 1825 ffigy
1947 1788 1986 1823 ti,
2013 1793 2042 1816 ut
2053 1785 2167 1816 tradidit
2182 1784 2325 1815 Hecataeus
2335 1809 2343 1822 ,
2369 1789 2448 1823 cujus

1332 1829 1430 1859 incolit*
1444 1829 1574 1858 dicuntur
1591 1828 1716 1857 Abotitae.
1750 1827 1845 1865 Steph.
1860 1826 1894 1855 de
1936 1826 1974 1854 rb.

1294 1869 1464 1899 Asst’A'rRU
1475 1877 1513 1895 us
1524 1889 1531 1901 ,
1558 1867 1596 1895 ui.
1627 1863 1794 1901 [ὶὲηθεῖῷι]
1824 1864 1915 1894 Frater
1933 1863 2019 1893 abavi.
2051 1861 2093 1893 Ex
2109 1860 2157 1891 lib.
2178 1870 2203 1898 3.
2220 1860 2305 1891 Instit.
2321 1861 2356 1892 de
2373 1863 2444 1901 grad.

1332 1915 1393 1945 cog.
1408 1906 1435 1936 δι
1449 1904 1469 1935 l.
1485 1903 1635 1941 Juriscons.
1656 1903 1691 1934 D.
1707 1903 1770 1934 eod.
1783 1902 1825 1933 tit.

1738 1995 1767 2030 A
1859 1993 1884 2028 B
1976 1991 2008 2027 R

1296 2093 1340 2122 AB
1349 2102 1392 2121 ΕΛ
1402 2114 1410 2128 ,
1432 2101 1462 2121 ae.
1490 2091 1607 2129 [KQ]
1639 2090 1769 2121 ancillam
1781 2088 2027 2119 adolescentiorem
2043 2085 2185 2124 fignificat.

1297 2132 1319 2161 A
1327 2141 1340 2159 s
1349 2140 1366 2158 R
1376 2140 1393 2158 A
1401 2140 1418 2158 c
1427 2140 1444 2158 A
1455 2141 1472 2159 D
1482 2135 1497 2159 A
1508 2141 1522 2158 s
1533 2140 1546 2158 P.
1558 2141 1575 2159 A
1584 2153 1592 2165 ,
1609 2139 1664 2159 vox
1675 2127 1864 2167 superstitiosa,
1877 2135 1959 2164 quam
1968 2126 2085 2155 Serenus
2096 2124 2288 2153 Sammonicus
2298 2133 2321 2152 c.
2335 2132 2377 2159 53.
2396 2123 2451 2153 He,

1333 2168 1461 2197 mitritreo
1480 2168 1515 2197 de
1538 2168 1649 2197 ellendo
1663 2168 1764 2196 chartie
1778 2165 1936 2207 inscriptam
1947 2186 1954 2198 ,
1985 2164 2022 2192 ita
2036 2170 2067 2191 ut
2086 2162 2184 2190 ordine
2205 2161 2361 2199 retrogrado
2375 2161 2451 2191 litera

1335 2205 1462 2240 deficiat,
1484 2208 1509 2235 ἃ
1532 2207 1578 2235 ino
1591 2205 1724 2235 inclusam
1741 2204 1816 2233 collo
1828 2202 1991 2240 sulpendere
2006 2200 2092 2236 jubet.
2127 2199 2157 2228 V.
2175 2199 2212 2228 ibi
2225 2199 2366 2229 Keuchen.
2387 2209 2448 2237 pag.

1297 2247 1442 2312 Ass5i?A6035
1451 2245 1486 2317 88:
1499 2254 1532 2317 ²[7
1539 2243 1649 2317 {33qu
1659 2241 1790 2315 ]&ui(iii{s[
1796 2239 2134 2308 gihfisihnqssnsimaiigerilis
2141 2241 2283 2303 6ducibus.
2317 2273 2448 2316 Xenoph.

1334 2319 1383 2348 lib.
1399 2330 1421 2348 1.
1446 2319 1481 2348 de
1493 2319 1556 2357 Cyri
1575 2319 1689 2348 minoris
1700 2317 1889 2356 expeditione.
1929 2314 2008 2352 Regii
2024 2322 2090 2342 vero
2107 2313 2244 2342 exercitus
2260 2312 2452 2348 quadrifariam

1335 2357 1421 2386 divisi.
1472 2357 1529 2388 Ter
1554 2357 1679 2386 centenis
1702 2356 1849 2385 hominum
1877 2352 1999 2382 millibus
2024 2350 2121 2388 singuli
2146 2350 2230 2379 duces
2253 2349 2356 2378 summa
2373 2355 2452 2386 pote-

1333 2395 1400 2462 {Abte
1413 2395 1602 2433 imperabant,
1633 2400 1715 2433 atque
1730 2394 1751 2422 ii
1769 2393 1862 2427 fuere,
1887 2391 2054 2420 Abrocomas
2065 2410 2074 2424 ,
2097 2387 2306 2426 Tissaphernes,
2327 2386 2452 2421 Gobrias,

1378 2443 1461 2462 taces.

1297 2474 1541 2506 ABRAoArAs,
1573 2464 1775 2506 [A'C’gmec]
1807 2467 1868 2498 Rex
1887 2465 2016 2496 Susorum
2038 2464 2110 2499 fuit,
2148 2463 2174 2492 8:
2194 2463 2306 2491 maritus
2326 2461 2452 2490 Pantheae

1330 2508 1508 2538 nobiliffimae
1528 2514 1679 2542 matronae,
1711 2516 1793 2544 quam
1813 2515 1878 2535 curn
1893 2514 1908 2532 a
1926 2504 1997 2540 Cyro
2013 2509 2142 2540 captam,
2173 2500 2242 2529 caste
2263 2501 2297 2542 ἀ.
2306 2498 2453 2540 liberaliter

1334 2546 1430 2576 haberi
1443 2553 1541 2584 praeter
1559 2545 1635 2584 spem
1654 2543 1847 2579 intellexisset,
1878 2541 1913 2571 ad
1928 2550 1989 2570 eam
2008 2539 2163 2573 accedens,
2191 2537 2312 2574 quaelivit
2327 2537 2394 2573 quid
2405 2536 2452 2565 libi

1331 2584 1382 2614 illa
1409 2585 1570 2614 faciendum
1596 2582 1719 2612 censeret
1732 2604 1740 2617 ,
1777 2592 1832 2619 quo
1858 2579 1927 2609 tanti
1956 2577 2089 2615 Principis
2113 2575 2248 2605 beneficio
2272 2575 2383 2612 gratiam
2406 2573 2452 2602 ali-

1335 2632 1417 2660 quam
1438 2633 1465 2652 re
1477 2622 1611 2651 ienderet.
1662 2620 1714 2650 Cui
1733 2629 1798 2650 cum
1817 2618 1864 2648 illa
1883 2614 2062 2654 respondisset
2076 2637 2084 2648 ,
2114 2623 2146 2642 ut
2162 2614 2311 2642 eniteretur
2330 2612 2356 2641 se
2375 2620 2453 2640 tanto

1332 2661 1392 2698 tegi
1408 2660 1464 2689 fimi
1478 2660 1576 2689 linium
1594 2658 1734 2697 praestare,
1766 2658 1855 2686 statim
1872 2655 1901 2684 in
1918 2655 2006 2683 aciem
2019 2652 2175 2691 profectus,
2205 2651 2312 2692 strenue
2329 2656 2454 2692 pugnzuis

1335 2698 1456 2727 occubit.
1498 2697 1584 2733 Cujus
1603 2706 1703 2735 eorpus
1722 2695 1758 2724 ad
1773 2694 1799 2724 se
1815 2694 1933 2723 relatum
1948 2701 2012 2720 cum
2029 2690 2150 2720 Panthea
2163 2687 2322 2726 aspexisset,
2343 2695 2453 2716 acmace

1332 2735 1595 2803 {cgpsampcqirjifotgt
1612 2757 1620 2770 ,
1654 2734 1744 2772 capite
1763 2732 1843 2771 super
1869 2730 1919 2760 viri
1945 2730 2042 2767 pectus
2072 2726 2244 2757 recumbens.
2280 2723 2450 2762 Xenophon.

1347 2785 1354 2803 1
1377 2798 1383 2803 .
1417 2798 1422 2803 .
1466 2784 1487 2802 ae
1521 2784 1542 2802 ae
1584 2783 1633 2803 vri.

1298 2784 1467 2847 ABRA7D0,
1492 2804 1650 2847 [ἁπηξιῖνεω.
1673 2805 1794 2842 ἀπυξᾶω]
1818 2806 1836 2835 si
1847 2826 1855 2842 ,
1875 2805 1954 2839 sum,
1974 2814 2028 2833 ere.
2052 2803 2189 2832 Radendo
2206 2801 2319 2836 tollere,
2339 2800 2391 2830 sive
2406 2800 2453 2829 de-

1334 2850 1442 2879 trahere
1453 2872 1460 2884 ,
1489 2849 1565 2886 quod
1577 2850 1603 2878 ἃ
1615 2847 1747 2877 deradere
1759 2844 1868 2874 dicitur.
1894 2841 2032 2872 Columel.
2052 2841 2099 2870 lib.
2115 2850 2138 2876 3.
2156 2846 2180 2873 8.
2221 2839 2299 2868 Arida
2316 2840 2342 2868 <Sc
2359 2847 2451 2867 vetera

1334 2898 1396 2925 quae
1407 2887 1477 2916 falce
1491 2886 1625 2930 amputari
1636 2895 1694 2914 nori
1707 2883 1834 2922 possunt,
1856 2889 1936 2910 acuta
1951 2879 2063 2922 dolabra
2077 2878 2209 2921 abradito.
2365 2915 2369 2919 ι

1332 2926 1435 2955 Abradi
1450 2936 1514 2963 pars
1530 2926 1643 2954 iummae
1662 2923 1763 2952 dieitur
1774 2943 1781 2957 ,
1810 2930 1860 2958 pro
1880 2918 1987 2948 detrahi
2000 2916 2045 2946 vel
2058 2916 2159 2945 decidi.
2192 2914 2258 2944 Plin.
2278 2914 2341 2949 Jun.
2360 2920 2392 2943 tin
2405 2913 2452 2944 Pa.

1354 2973 1389 2992 ne
1410 2967 1445 2992 .6
1472 2973 1517 2992 20.

1334 2973 1471 3031 Abrffder'e
1487 3010 1537 3038 pei·
1555 2998 1746 3037 metaphoram
1758 3019 1766 3032 ,
1796 2994 1950 3025 Difficulter
1968 2999 2015 3022 aut
2032 3002 2080 3030 per
2097 2993 2152 3019 vim
2163 3012 2186 3032 ,η
2200 2991 2225 3018 ὁὶ
2243 2987 2314 3025 quasi
2328 2988 2452 3017 radendo

1353 3039 1468 3068 aufene.
1499 3038 1564 3068 Ter.
1586 3037 1695 3066 Phorin.
1710 3045 1735 3064 2.
1752 3044 1778 3064 ς..
1798 3043 1839 3070 19.
1877 3032 1959 3061 Unde
1980 3030 2083 3067 aliquid
2097 3027 2186 3058 abradi
2206 3026 2300 3068 potest.
2331 3026 2387 3068 Cic.
2402 3035 2454 3063 pro

1349 3076 1472 3105 Caecina.
1492 3086 1552 3114 cap.
1566 3085 1591 3112 7.
1635 3073 1813 3110 Posteaquam
1825 3071 1901 3100 v-idet
1916 3068 1987 3098 nihil
2002 3067 2032 3097 se
2047 3068 2079 3096 ab
2097 3068 2124 3095 A.
2149 3065 2256 3093 Caecina
2271 3062 2346 3101 poffe
2360 3063 2452 3094 litium

1354 3121 1457 3144 terrore
1475 3113 1614 3143 abradere.
2181 3139 2186 3144 ,

1416 3152 1477 3182 Nec
1496 3151 1623 3180 manibus
1660 3150 1790 3187 uicquam
1806 3147 1909 3176 teneris
1927 3144 2055 3174 abradere
2073 3139 2210 3174 membris,

1417 3189 1549 3223 Poisunt,
1573 3190 1625 3218 διε.
1642 3159 1762 3216 qLucret.
1778 3185 1825 3214 lib.
1840 3194 1864 3220 7.
1885 3193 1963 3220 1097.
2006 3219 2011 3224 .
2069 3216 2074 3221 θ

1336 3228 1474 3258 Abradere
1491 3226 1610 3256 barbam.
1652 3225 1731 3254 idem
1747 3223 1822 3261 quod
1840 3222 1942 3251 radere.
1974 3218 2040 3248 Plin.
2058 3215 2102 3244 lib.
2117 3218 2220 3257 ὁκοίη).
2233 3223 2280 3243 20.

1299 3268 1413 3297 ABRKS
1425 3276 1463 3295 us
1475 3288 1483 3300 7
1508 3275 1541 3297 a„
1559 3274 1619 3293 um,
1650 3263 1747 3293 Panic,
1778 3257 1990 3296 [άπιξυςμενζῷ-ι]
2020 3254 2120 3283 Lucan.
2137 3251 2184 3280 lib.
2205 3255 2230 3280 6.
2257 3262 2317 3286 155„
2349 3250 2454 3280 Abrasae

1336 3304 1439 3333 fauces,
1474 3301 1570 3332 Abrasa
1580 3300 1732 3339 supercilia.
1755 3299 1812 3328 Cic.
1824 3307 1874 3335 pro
1884 3295 1961 3326 Rosc.
1975 3294 2052 3334 Com.
2066 3300 2125 3327 cap.
2137 3299 2178 3332 ··.'
2194 3288 2454 3331 Nonne-supercilia

1336 3342 1385 3371 illa
1395 3341 1507 3379 penitus
1517 3339 1608 3369 abrasa
1616 3362 1623 3375 ‚
1643 3338 1717 3367 olere
1728 3336 1859 3365 malitiam
1871 3356 1878 3368 ,
1904 3336 1929 3363 St
1941 3332 2077 3371 clamitare
2087 3327 2269 3371 calliditatem
2279 3326 2407 3368 videntur·
2420 3327 2432 3353 ?

1301 3379 1370 3409 ABR
1379 3390 1398 3408 A
1407 3389 1426 3408 H
1435 3389 1452 3407 A
1462 3390 1482 3407 M
1493 3401 1501 3413 ,
1531 3379 1551 3406 A
1560 3388 1574 3406 Β
1583 3387 1598 3405 R
1606 3387 1624 3405 A
1634 3386 1653 3405 H
1662 3386 1681 3404 A
1690 3386 1710 3404 M
1718 3385 1736 3404 u
1747 3384 1759 3403 s
1769 3396 1777 3409 ,
1807 3374 1826 3402 A
1836 3383 1849 3399 s
1858 3382 1873 3400 iz
1883 3382 1900 3399 A
1911 3381 1939 3398 M.
1977 3365 2128 3396 patriarch-a
2144 3364 2208 3393 hdei
2229 3364 2454 3396 celebratiilimae,

1339 3417 1440 3447 Abram
1450 3416 1556 3454 parenti
1568 3415 1667 3447 dictus,
1679 3412 1813 3442 Abraham
1823 3409 1890 3438 Deo.
1907 3405 2033 3436 Prudent.
2046 3402 2140 3446 Psych.
2153 3412 2177 3431 v.
2187 3413 2213 3437 4.
2231 3401 2316 3431 Casus
2327 3401 2456 3438 obliquus

1338 3455 1452 3485 Abrahae
1475 3454 1513 3482 est
1531 3453 1606 3490 apud
1632 3451 1711 3481 Prud.
1732 3449 1809 3478 Catii.
1822 3456 1866 3475 -η,
1886 3454 1929 3480 43.
1947 3481 1952 3485 .
1977 3442 2052 3485 Abrae
2077 3450 2106 3468 in
2126 3440 2205 3485 Prud.
2226 3439 2324 3477 Apoth.
2345 3449 2370 3468 v.
2390 3448 2452 3476 ζῇς.

1338 3492 1459 3523 Primam
1476 3493 1501 3521 ἃ
1522 3490 1670 3520 secundam
1689 3489 1717 3516 in
1735 3485 1867 3516 Abraham
1885 3489 1997 3517 corripit
2015 3477 2122 3508 Tertul.
2143 3478 2233 3506 Latin.
2249 3475 2351 3507 advers.
2366 3476 2453 3505 Marc.

1342 3540 1367 3568 3.
1384 3534 1409 3559 6.
1433 3531 1459 3559 Sc
1473 3539 1517 3564 29.
1555 3528 1704 3563 Utramque
1721 3519 1996 3576 producit—Victoria.
2019 3517 2088 3546 Gen.
2101 3525 2127 3549 ς.
2147 3520 2210 3550 ςς3.

1302 3569 1520 3602 ΑΒΚΔΜΙΒΞ,
1538 3575 1623 3594 tirum.
1644 3574 1680 3592 m.
1702 3573 1739 3600 pi.
1762 3559 1858 3589 Posteri
1871 3556 1991 3598 Abrah'ae.
2057 3593 2062 3596 Ι
2207 3591 2212 3595 ¹
2234 3590 2239 3595 ¹
2267 3589 2272 3595 ι
2365 3588 2370 3592 ¹

1303 3608 1348 3635 Ais
1356 3616 1372 3634 R
1381 3616 1399 3634 A
1409 3615 1427 3634 x
1436 3615 1453 3633 A
1462 3614 1473 3633 s
1484 3627 1492 3638 ,
1513 3604 1566 3632 live
1581 3605 1602 3632 A
1611 3613 1624 3630 s
1633 3612 1649 3629 R
1657 3611 1675 3629 A
1683 3610 1695 3629 s
1705 3610 1723 3627 A
1733 3607 1749 3627 x
1759 3621 1766 3631 ,
1789 3596 1865 3625 Unus
1874 3604 1909 3623 ex
1920 3594 1979 3622 deis
1988 3615 1996 3627 ,
2009 3602 2065 3629 ,qui
2075 3591 2108 3619 ab
2121 3591 2255 3619 haereticis
2263 3588 2371 3631 ‘inducssti
2382 3586 2453 3628 sunt,

1342 3643 1460 3672 barbaris
1472 3644 1497 3671 St
1509 3640 1657 3670 inconditis
1669 3635 1827 3666 nominibus
1839 3643 1845 3662 z
1867 3632 1901 3661 de
1913 3630 2013 3669 quibus
2024 3630 2056 3658 ab
2068 3630 2171 3670 lrenieo
2184 3630 2209 3657 ὁὶῑ
2220 3627 2374 3663 Epiphanio
2385 3626 2454 3667 iacta

1342 3682 1380 3710 est
1394 3681 1508 3709 mentio.
1541 3679 1574 3706 V.
1591 3674 1695 3706 Tertul.
1712 3673 1746 3701 <ie
1760 3670 1862 3701 Praescr.
1879 3680 1939 3707 cap.
1952 3673 1997 3704 4⁶-
2016 3665 2201 3696 voii.The01.
2215 3664 2296 3694 (jerit.
2312 3673 2334 3692 1.
2347 3668 2372 3696 8.

1302 3720 1347 3749 AB
1368 3728 1407 3747 RE
1429 3714 1496 3753 [a’m‘
1513 3718 1588 3747 πάπκ
1601 3733 1607 3742 ,
1635 3714 1664 3739 ἐκ
1681 3707 1725 3738 >cri
1743 3708 1841 3744 πόπκ]
1861 3717 1920 3736 non
1932 3706 1966 3736 ab
1978 3715 2017 3735 re.
2048 3704 2080 3733 V.
2101 3715 2128 3732 A.

1304 3759 1500 3786 ABREPTUS.
1533 3752 1563 3781 V.
1586 3757 1745 3780 ABR1910.
2062 3780 2067 3784 .
2190 3776 2195 3783 Ι
2261 3776 2266 3781 Ι
2432 3773 2436 3778 ¹

1304 3795 1348 3824 AB
1356 3804 1373 3822 R
1382 3803 1422 3822 ετ
1432 3802 1450 3820 T
1458 3803 1477 3820 A
1485 3801 1506 3819 N
1514 3800 1532 3818 A
1543 3812 1550 3824 ,
1573 3784 1748 3824 [Α’ζρε-ἕανέ]
1778 3784 1869 3813 Suidae
1880 3805 1888 3817 ,
1909 3781 2003 3819 Mysiae
2013 3788 2088 3817 regio
2105 3778 2143 3806 est
2154 3799 2162 3811 ,
2189 3783 2226 3805 ita
2239 3776 2312 3805 dicia
2328 3783 2343 3802 a
2354 3773 2456 3814 Brettia

1342 3830 1473 3867 nvmpha.
1503 3826 1589 3856 Strab.
1604 3824 1652 3854 lib.
1674 3833 1715 3851 12.
1755 3821 1906 3850 Abretanus
1921 3819 2045 3857 jupiter,
2076 3815 2179 3857 Mysius
2197 3814 2273 3857 Deus
2288 3814 2344 3845 eit,
2370 3815 2403 3839 lic
2422 3809 2455 3838 ab

1341 3864 1475 3899 Abretana
1489 3865 1595 3898 dictus,
1625 3860 1710 3891 Strab.
1734 3860 1918 3888 Annum
1944 3854 2114 3893 [Α’ζςετιιω]
2142 3851 2230 3881 Plinio
2247 3852 2377 3880 dicuntur
2396 3846 2456 3883 My-

1339 3906 1384 3935 siae
1396 3902 1493 3942 populi
1503 3924 1511 3937 ,
1533 3911 1597 3938 cap.
1611 3909 1635 3935 3.
1652 3898 1701 3941 lib.
1716 3908 1740 3933 5.
1871 3934 1876 3939 ι

1304 3946 1524 3975 ΑΒΜΝΑΤᾹ,
1558 3935 1748 3978 [Ᾰζμναταί]
1779 3933 1888 3973 Populi.
1901 3932 1964 3962 sunt
1983 3940 2043 3960 non
2066 3927 2166 3968 procul
2187 3937 2203 3956 a
2225 3925 2323 3956 Ponto.
2361 3921 2457 3960 Steph.

1339 3981 1379 4011 ile
1392 3978 1458 4009 Utb.

1889 4008 1910 4038 B
1940 4017 1952 4045 3

2335 3998 2461 4027 Assis-
