2604 4222
101 138 173 177 674
534 119 564 154 C
662 116 697 152 O
797 110 831 146 N

107 249 129 278 C
139 211 315 277 Oobgagrhptoi}
321 192 885 278 ensteffiivetn‹Effikgssequffliiitnprggta'pg
892 198 921 254 11.
933 231 977 259 34.
998 219 1043 251 Ne
1053 226 1104 248 nos
1114 222 1172 247 tam
1182 222 1249 245 con-

145 285 273 321 temptim
290 288 425 311 conteras.
755 304 760 310 ,

145 321 335 358 Contemptim
347 317 465 353 dejicere
476 313 603 355 aliqpem.
625 308 731 351 oneret.
743 303 791 333 lib.
806 312 831 338 ς.
845 307 926 334 1124.

146 360 242 397 Vagati
256 355 453 393 contemptius.
473 350 561 394 'sanic
576 357 602 390 ³:
615 345 679 375 Hist.
694 352 739 379 47.

145 395 337 433 Contemptim
348 392 441 422 audire
455 395 551 418 minas.
574 385 630 414 Liv.
648 391 674 411 2.
688 389 732 418 35.

113 473 136 503 C
146 429 475 502 gssnirtzniapiilpredffdgnis.
485 425 686 496 (ἐυῗέξῖἒεζιισις,
706 448 904 485 «audebunt-ns]
918 452 966 480 ut,
988 439 1169 479 Contemptio
1178 448 1251 469 mor-

149 511 192 539 tis.
215 508 272 538 Cic.
283 517 308 536 2.
323 506 358 534 de
370 504 426 533 Fin.
451 502 476 530 ἃ
487 507 520 528 ex
529 495 614 534 ejusd.
633 489 777 524 Hortensio
788 486 864 527 apud
882 484 1017 516 Nonium.
1032 490 1056 518 3.
1066 489 1112 517 70.

148 547 283 577 Fortunae.
305 543 360 572 Cic.
373 542 401 569 in
413 537 503 569 Parad.
514 547 539 570 4.

149 572 764 652 Xgiiiizttilrtg{indveffrllgribslisiagdiitemptionem.
785 600 844 630 Cic.
857 609 880 628 1.
891 597 926 627 de
935 596 1042 626 Invent.
1054 601 1099 622 22.

150 659 238 689 Animi
250 653 408 691 magnitudo
420 651 656 682 humanarumque
671 650 762 672 rerum
776 643 960 678 contemptio.
984 632 1042 662 Cic.
1057 641 1078 659 1.
1091 626 1150 659 Off.
1163 634 1220 694 ¹³³1·

149 693 327 730 Contemptio
338 700 369 720 ac
379 686 555 726 despicientia
569 691 659 712 rerum
673 680 868 724 humanarum.
909 673 968 716 Cic,
984 680 1006 714 ι.
1020 667 1102 711 Tusc.
1117 676 1161 701 95.
1193 702 1199 708 ·
1223 674 1252 693 o-

168 740 277 768 tamque
289 730 342 758 viru
357 728 427 757 bene
439 722 548 754 vivendi
559 722 586 750 in
595 720 679 749 animi
690 717 789 758 robore
799 723 829 757 ahc
841 709 1252 756 magnitudine‚ut·in'omniuni

167 779 255 800 rerum
267 767 446 796 humanarum
458 759 668 796 contemptione
678 765 709 785 ac
718 754 894 792 despicientia
902 769 910 785 ‚
931 749 956 777 δι
969 756 999 775 ιιι
1009 753 1085 774 omni
1095 747 1196 772 virtute
1203 749 1253 778 po-

168 815 271 836 namus.
293 803 367 833 conf.
389 802 460 832 Non.
473 808 497 834 3.
509 806 561 843 7⁰⁸,
645 829 651 839 Ι
710 828 732 843 ‚,

113 846 370 876 CONTRMPTUS
383 861 390 874 ‚
412 840 450 868 sis.
470 846 508 865 m.
530 836 689 871 [ampo-»yffi
711 841 732 862 ες

149 882 287 913 omnibus,
300 888 357 907 nori
373 877 439 906 odio
451 874 537 903 solum
547 870 620 909 apud
628 868 727 903 hostes,

148 912 633 993 &iraathngcnggpAEgitlgippngffihem’
654 940 816 981 quibusdam
824 941 1018 974 contemptum
1029 931 1143 962 adferre.
1165 928 1254 966 Quin-

168 994 207 1023 til.
220 992 267 1021 lib.
279 1001 301 1027 3.
316 1000 375 1028 cap.
388 998 413 1026 7.
691 1018 696 1024 ,

149 1031 250 1068 Turpis
263 1029 341 1059 famae
352 1029 537 1062 contemptus.
559 1020 666 1051 Lucret.
678 1017 727 1046 lib.
746 1025 770 1052 3.
784 1018 829 1050 65.

150 1070 240 1098 Armat
249 1073 370 1096 mentem
382 1066 544 1099 contemptu
555 1058 639 1088 necis.
661 1055 712 1098 3³¹:
723 1054 769 1083 lib.
782 1064 813 1095 4‘.
823 1059 885 1085 ²50.
928 1085 934 1091 .
1100 1081 1106 1088 0
1229 1084 1232 1085 γ

149 1107 228 1136 Exire
245 1115 259 1134 e
270 1101 477 1140 contemptibus
487 1121 495 1135 ,
516 1097 553 1127 est
565 1094 696 1126 Paulatim
707 1102 734 1121 in
745 1097 832 1129 pretio
841 1087 944 1117 haberi.
967 1083 1074 1113 Lucret.
1087 1080 1135 1110 lib.
1149 1091 1172 1117 ς.
1186 1085 1251 1122 83c3.

114 1143 159 1173 Co
169 1153 217 1172 NT
228 1152 241 1171 a
251 1151 270 1171 Μ
281 1151 294 1170 P
303 1151 322 1170 T
333 1151 349 1170 o
360 1150 375 1168 a
387 1162 394 1176 ‚
416 1139 479 1168 oris.
501 1145 537 1165 m.
557 1129 742 1171 [wigoni-if]
763 1134 810 1163 ct,
841 1125 1026 1161 Contemptor
1054 1119 1146 1158 gratiae
1156 1139 1165 1154 ,
1185 1118 1253 1148 divi.

149 1182 256 1211 tiaruni.
280 1179 337 1208 Liv.
352 1187 394 1213 39.
407 1186 451 1211 40·
465 1182 534 1204 extr.

149 1219 236 1254 AEqui.
255 1217 339 1246 Ovid.
358 1224 381 1249 ι.
403 1213 468 1244 Fast.
480 1221 523 1248 49.

148 1256 238 1286 Deum
251 1253 416 1284 Mezentius.
439 1251 508 1287 Virg.
521 1258 546 1285 7.
559 1246 620 1277 ΖΕΝ.
631 1247 695 1280 648.

149 1294 246 1324 Famae.
269 1291 365 1321 Claud.
379 1291 406 1319 in
416 1289 526 1324 Eutrop.
540 1295 561 1314 ι.
574 1292 637 1327 934.

149 1330 352 1360 Lucisanimus.
374 1327 392 1357 i.
407 1337 431 1356 e.
453 1325 527 1354 Vitae.
550 1322 623 1357 Virg.
636 1329 662 1354 9.
675 1318 734 1348 AEn.
747 1324 783 1345 20
804 1337 811 1344 .

735 823 862 862 εθένημω]
892 823 949 852 Liv.
963 824 988 850 6.
1002 829 1027 849 2.
1047 819 1253 856 Appareretque

747 865 793 895 sed
803 866 968 899 contemptu
979 859 1061 889 etiam
1073 858 1144 886 inter
1154 854 1251 889 socios,

114 1369 135 1399 C
144 1379 160 1398 o
171 1378 190 1397 N
199 1378 217 1397 T
227 1377 240 1396 a
250 1378 269 1396 Μ
279 1377 292 1396 i>
302 1376 321 1395 T
330 1376 344 1394 a
355 1373 389 1394 ix
399 1387 406 1399 ,
427 1364 486 1393 icis.
507 1361 525 1390 f.
546 1353 724 1395 [ὑπεςόπῖιε]
753 1324 820 1384 plin.
832 1350 881 1381 lib.
894 1358 937 1387 ¹9·
949 1357 1011 1387 cap.
1022 1347 1049 1382 Β,
1080 1340 1167 1376 Eruca
1185 1353 1253 1383 praea
1262 1394 1272 1397 Α

150 1407 232 1443 cipue
243 1405 371 1440 frigorum
383 1398 576 1437 contemptrix.
681 1431 685 1437 ,

150 1444 221 1474 Ferri
233 1441 352 1479 ignisque
364 1437 556 1475 contemptrix.
579 1433 656 1463 idem
667 1430 716 1460 lib.
729 1438 772 1466 37.
787 1436 847 1466 cap.
860 1436 888 1463 4.

150 1480 246 1511 Pericli
258 1478 443 1515 contemptrix
453 1474 538 1505 turba.
560 1471 608 1501 Sil.
620 1469 723 1514 lib317.
736 1476 768 1502 41
777 1476 799 1495 r.
980 1499 987 1505 -

81 1538 89 1559 ν,
113 1520 135 1550 C
145 1518 378 1548 oNTsMivTiiii
388 1524 441 1543 tis
453 1535 460 1549 ,
481 1522 504 1541 e.
532 1506 717 1547 [έκφοωλιιιι]
737 1515 752 1535 a
772 1504 949 1535 Contemn03
979 1498 1055 1528 idem
1079 1496 1154 1533 quod
1178 1494 1252 1525 con..

149 1555 323 1585 temnendus.
362 1553 443 1582 Unde
465 1544 735 1585 Contemptibilitas:
765 1543 832 1571 item
851 1534 1124 1582 Contemptibilitem
1155 1534 1251 1563 adver.

149 1594 235 1623 bium.
259 1593 388 1621 Perottus.
430 1587 562 1626 Ulpianus
575 1585 593 1614 l.
612 1584 661 1613 Em
684 1581 745 1611 tori.
769 1580 801 1609 D.
817 1578 852 1607 de
862 1576 943 1619 evic't.
965 1575 995 1618 Si
1004 1579 1147 1610 margarita
1160 1571 1248 1606 forte,

148 1638 195 1661 aut
205 1636 364 1659 ornamenta
382 1625 513 1666 pretiosa,
533 1623 577 1653 vel
596 1621 652 1651 vest
664 1630 676 1649 s
693 1618 796 1652 serica,
816 1615 860 1646 vel
878 1613 945 1657 quid
960 1612 1038 1642 aliud
1057 1620 1114 1639 non
1125 1616 1251 1653 contem:

148 1668 260 1705 prinde,
279 1673 384 1696 veneat.
426 1663 524 1693 Arnob.
537 1660 585 1690 lib.
596 1671 621 1695 4.
641 1655 742 1687 advers.
757 1660 831 1694 gerit.
853 1652 912 1683 8011
922 1650 984 1680 sunt
994 1648 1068 1688 apud
1090 1657 1141 1678 vos
1158 1647 1251 1685 superi

148 1705 323 1739 inhonorati,
345 1698 570 1739 contemptibiles
583 1719 591 1732 ,
611 1696 687 1726 viles.
1147 1723 1153 1730 ⁸
1225 1722 1231 1729 Ι

110 1744 133 1774 C
143 1754 159 1773 o
168 1754 187 1773 N
196 1753 216 1772 ‘r
225 1753 238 1772 iz
248 1753 268 1772 Μ
278 1752 292 1771 1²
302 1751 321 1770 T
330 1746 362 1770 i'iz
370 1752 379 1770 ι
387 1752 402 1769 ι.
411 1741 422 1769 i
432 1750 450 1769 T
459 1749 477 1768 A
486 1747 498 1768 s
511 1760 519 1774 ‚
540 1737 599 1766 atie.
620 1734 639 1764 f.
661 1731 726 1763 Cael.
746 1728 835 1762 Aurel.
856 1726 942 1758 Tard.
966 1737 989 1756 1.
1016 1735 1040 1762 ς.
1070 1723 1252 1753 continuatio

147 1779 436 1818 contemptibilitatem
446 1777 525 1815 parit.
602 1811 607 1816 ι
731 1806 738 1813 ·
1055 1800 1060 1806 ,
1084 1798 1090 1806 .
1105 1799 1111 1806 ι
1221 1798 1227 1804 ἡ

111 1819 134 1850 C
143 1830 158 1849 o
167 1829 186 1848 N
197 1829 215 1848 T
227 1828 239 1847 R
248 1829 269 1847 Μ
281 1827 299 1846 Ν
311 1819 343 1846 ir
354 1818 391 1845 ic
400 1825 418 1844 υ
427 1824 450 1850 s,
471 1814 530 1849 Adj.
551 1816 697 1847 antiquum
705 1829 713 1843 ‚
731 1806 806 1835 idem
815 1801 890 1848 quod
901 1799 1135 1843 Contemptibilis.
1160 1797 1249 1828 Lucil.

148 1857 195 1887 lib.
211 1859 253 1893 3⁶-
276 1855 333 1892 Ego
345 1854 418 1884 enim
429 1848 638 1883 contemnificus
648 1842 873 1876 fieri&fastidire
891 1842 1113 1878 Agamemnonis.
1135 1836 1176 1866 Ex
1194 1835 1251 1866 No·-

112 1933 134 1962 C
142 1904 214 1961 (iffi
222 1902 338 1960 ri²ia1125r⁴3⁴i³
347 1937 373 1964 o,
389 1930 444 1958 are.
460 1927 480 1956 A
502 1926 534 1955 ic.
547 1935 573 1961 4.
585 1933 612 1954 2.
633 1923 665 1953 In
675 1921 777 1960 patina,
788 1927 849 1956 quae
861 1916 982 1946 invicem
992 1917 1250 1958 contemperentur.

113 1970 134 2000 C
144 1980 159 1999 o
169 1979 188 1998 N
199 1979 217 1998 T
228 1979 242 1997 iz
251 1979 270 1997 Μ
280 1977 294 1996 1³
303 1977 318 1996 s
326 1977 340 1995 a
349 1977 368 1995 A
376 1976 395 1995 T
404 1976 421 1995 u
433 1975 460 2001 s,
481 1935 576 1995 Eartic.
597 1961 702 1993 vitruv.
715 1969 741 1995 9.
751 1969 778 1994 4.
800 1955 864 1992 Sol,
886 1964 945 1992 quae
953 1961 1082 1991 propiora
1094 1950 1167 1986 sunt,
1185 1958 1252 1979 con.-¹

149 2012 298 2044 temperata
306 2004 397 2033 habet.
732 2034 739 2040 ·
982 2029 987 2035 .
1173 2026 1180 2032 „
1246 2036 1248 2038 q

113 2046 136 2075 C
144 2055 160 2074 0
170 2054 216 2073 NT
227 2054 240 2072 iz
249 2054 268 2072 Μ
276 2052 290 2071 ι·
300 2053 315 2071 L
324 2052 340 2071 o
348 2051 363 2070 R
375 2063 383 2076 ,
404 2039 508 2077 [9wge'u
519 2060 527 2073 ,
539 2034 682 2071 ammaim]
701 2037 750 2064 firi.
770 2032 922 2070 Deponens
931 2051 938 2064 ‚
960 2029 1067 2058 distum
1087 2026 1142 2062 (ut
1156 2032 1194 2055 ait
1204 2025 1253 2055 Fe.

150 2082 221 2116 ssus)
242 2090 256 2110 a
269 2078 388 2116 Templo
397 2100 405 2115 ‚
425 2077 454 2107 id
465 2077 502 2106 est
512 2075 575 2105 loco
587 2075 632 2112 qui
642 2073 676 2103 ab
687 2072 763 2101 omni
773 2076 849 2109 parte
860 2067 959 2106 aspici,
980 2065 1024 2096 vel
1041 2073 1076 2094 ex
1094 2071 1150 2101 quo
1161 2063 1253 2092 omnis

151 2117 417 2157 parsvideripotest‚
438 2124 518 2152 quam
527 2112 633 2148 antiqui
644 2109 778 2148 templum
786 2105 975 2152 nominabant.
1015 2103 1110 2140 Itaque
1126 2102 1165 2131 est
1180 2101 1254 2130 Con..

151 2155 295 2193 templati,
317 2153 499 2191 Conspicere,
519 2152 545 2181 ἃ.
556 2149 701 2188 diligenter
714 2148 823 2177 intueri.
844 2143 909 2174 Ter.
922 2142 1031 2173 Phorm.
1047 2149 1071 2170 1.
1083 2150 1110 2176 4.
1125 2148 1168 2177 ῃ.
1188 2138 1253 2168 Vol-

151 2201 210 2223 tum
221 2190 459 2228 contemplamini.
1234 2213 1241 2220 ⁶

152 2232 183 2262 In
194 2230 286 2260 Indice
302 2229 401 2258 Donati
414 2228 442 2257 in
451 2225 615 2256 Terentium
626 2220 807 2259 Contemplor
823 2230 838 2249 a
850 2217 1012 2255 Templum.
1034 2215 1069 2245 H.
1082 2215 1121 2244 St.
1161 2215 1194 2244 At
1213 2223 1253 2244 m..

171 2268 208 2298 hil
221 2268 249 2297 in
263 2265 460 2296 accuratissimo
471 2262 664 2299 Lindenbrogii
674 2260 776 2289 indice.
797 2257 829 2287 V.
846 2257 958 2300 Varron.
971 2254 1006 2283 de
1018 2253 1047 2296 L:
1061 2252 1090 2282 L.
1105 2255 1129 2281 6.
1146 2260 1172 2282 2.

152 2303 338 2341 Contemplari
353 2304 444 2332 animo
460 2302 533 2339 quod
544 2299 632 2329 oculis
643 2308 699 2327 non
714 2296 842 2327 cernitur.
864 2294 922 2324 Cic.
934 2301 985 2331 pro
996 2291 1088 2321 Deiot.
1099 2300 1145 2327 40.

152 2342 337 2379 Contemplari
347 2341 438 2370 lituras
449 2338 561 2369 codicis.
583 2337 641 2365 Cic.
655 2347 679 2371 ς.
697 2335 769 2364 Verr.
785 2342 830 2376 4¹:

150 2382 249 2410 Secum
258 2379 424 2408 considerare
434 2378 459 2407 δι
470 2374 651 2412 contemplari
661 2372 772 2410 aliquid.
794 2369 852 2400 Cic.
864 2378 891 2399 2.
903 2367 962 2398 Off.
975 2375 1036 2404 133.

151 2418 235 2447 Omni
245 2418 302 2446 acie
313 2416 424 2453 ingenii.
447 2414 504 2443 Cic.
517 2423 539 2443 i.
552 2413 587 2441 de
599 2412 675 2442 Orat.
690 2420 750 2444 ιςι.
1015 2442 1021 2448 '
1216 2435 1223 2447 ·‚

151 2455 278 2484 Caelestia.
318 2454 375 2483 Cic.
387 2463 411 2482 ιι.
425 2452 459 2481 de
472 2451 535 2481 Nat.
550 2451 631 2480 Deor.
640 2460 668 2485 4.
689 2448 785 2485 Quum
801 2444 900 2476 caelum
916 2443 1086 2481 suspeximus
1097 2463 1105 2478 ‚
1125 2434 1252 2471 caelestia.

170 2502 221 2527 que
235 2491 414 2528 contemplati
423 2489 523 2518 sumus.
872 2519 878 2526 ι

152 2529 332 2566 Contemplor
342 2550 350 2562 ,
373 2538 421 2566 pro
433 2525 641 2564 Circumspicio,
661 2522 806 2561 perspicio.
836 2519 905 2564 ·Cic.
920 2528 970 2558 pro
981 2517 1071 2561 Flacci.
1082 2519 1126 2546 26.
1150 2515 1254 2547 Torani

172 2566 288 2601 causam,
306 2574 388 2604 quam
399 2565 517 2595 maxime
533 2563 646 2593 intentis
662 2560 762 2596 oculis,
780 2563 915 2593 utaiunt‚
933 2565 1065 2587 acerrime
1081 2553 1254 2592 contemplar-

172 2614 249 2633 mini.

153 2642 288 2671 Intueri&
299 2638 490 2675 contemplari.
511 2637 568 2666 Cic,
580 2645 630 2677 pro
640 2635 731 2666 Plane.
743 2644 769 2664 2.

154 2679 288 2709 Nummos
302 2675 492 2713 contemplari.
516 2675 580 2704 Hor.
596 2684 617 2703 ι.
633 2674 717 2703 Serm·
730 2675 806 2707 1.67.
1168 2697 1170 2701 ,
1212 2703 1218 2711 .

117 2718 138 2747 C
148 2727 164 2746 o
173 2727 191 2746 N
200 2727 219 2745 T
228 2726 241 2745 iz
251 2727 271 2745 Μ
281 2725 294 2744 i>
305 2727 321 2744 i.
329 2724 346 2744 o
355 2736 362 2748 ‚
383 2712 507 2749 [9wet'w]
527 2715 581 2741 are.
603 2712 722 2741 activum
733 2731 741 2745 ‚
762 2709 795 2738 ab
806 2707 926 2745 antiquis
938 2706 1081 2737 dicebatur
1091 2727 1101 2742 ‚
1120 2706 1146 2736 δι
1157 2703 1254 2743 saepius

153 2754 226 2793 apud
244 2753 365 2783 Plautum
382 2751 496 2787 legitur:
518 2750 586 2780 utin
601 2748 697 2786 Amph.
711 2757 733 2777 ι.
748 2757 771 2776 1.
783 2751 845 2782 285.

231 2791 310 2820 Certe
319 2788 420 2855 είςίεροὶ
431 2810 439 2823 ,
461 2797 544 2824 quum
554 2787 633 2816 illum
642 2784 803 2823 contemplo
813 2806 821 2819 ‚
843 2784 870 2814 ἃ
883 2782 999 2812 formam
1017 2780 1135 2819 agnosco
1150 2788 1252 2810 meam.

155 2829 231 2858 Ideni
244 2829 269 2856 in
283 2828 347 2856 Per.
381 2849 386 2855 .
418 2849 423 2854 .
444 2836 452 2854 i
478 2847 485 2854 .

155 2865 331 2902 Contemples
341 2886 348 2899 ‚
361 2836 642 2901 ⁴pri>t3cintemp1eris
666 2860 749 2889 Plaut.
763 2859 831 2888 Asin.
846 2867 870 2895 3.
885 2868 908 2887 i.
921 2867 965 2892 ις.

208 2903 302 2932 Meum
317 2909 399 2939 caput
409 2900 598 2938 contemples,
620 2899 636 2926 si
649 2898 761 2934 quidem
773 2907 788 2926 e
802 2906 830 2926 re
844 2895 981 2925 consultas
1002 2900 1058 2924 tua.
1139 2893 1170 2922 V.
1182 2891 1253 2922 Gell.

172 2939 218 2969 lib.
235 2941 433 2976 18.cap.12.&
446 2938 518 2967 Non.
530 2947 554 2973 7.
570 2947 611 2966 ii.
634 2935 736 2965 Ennius
745 2934 818 2972 apud
833 2933 904 2963 Vatr.
916 2931 983 2962 L.1..
992 2935 1017 2962 6.
1029 2941 1055 2962 2.
1077 2930 1254 2969 Contempla.

174 2979 199 3006 ἃ
218 2977 351 3014 templum
371 2975 475 3005 Cereris
495 2975 530 3004 ad
546 2974 639 3003 laevam
657 2971 774 3007 adspice.

119 3014 164 3043 co
175 3024 219 3043 NT
230 3025 292 3043 nna
303 3025 344 3042 cn
358 3023 396 3042 Ns
408 3035 415 3048 ,
438 3012 531 3042 Partic.
554 3010 683 3048 [ἳιωςᾶι]
703 3010 761 3039 Cic.
782 3008 817 3038 de
834 3007 941 3039 Senec't.
960 3017 1002 3042 ςς.
1035 3006 1121 3042 Cujus
1139 3006 1253 3043 quidem

154 3061 203 3088 ego
215 3052 305 3080 villam
316 3050 507 3087 contemplans
527 3049 622 3086 (abest
631 3049 707 3078 enlm
721 3056 778 3076 non
791 3046 872 3082 longe
882 3047 897 3074 a
906 3045 964 3080 me)
988 3044 1113 3073 admirari
1125 3043 1186 3073 satis
1196 3053 1254 3072 non

156 3089 268 3125 polium.
290 3089 363 3117 conf.
386 3088 552 3120 Curt.8.1o.

120 3125 164 3155 Co
174 3136 190 3154 N
199 3136 217 3154 T
229 3137 240 3154 i·
249 3136 269 3155 Μ
277 3136 290 3154 i·
300 3138 315 3154 t
325 3137 341 3154 A
352 3135 395 3154 τυ
405 3133 417 3154 s
430 3147 437 3160 ‚
459 3124 553 3154 Partic.
574 3123 664 3153 active
679 3121 754 3161 apud
764 3120 839 3150 Curt.
852 3130 879 3156 4.
892 3125 918 3154 8.
940 3119 1096 3150 Alexander
1105 3118 1161 3148 loci
1175 3123 1254 3148 natu-

155 3174 208 3192 ram
223 3161 431 3200 contemplatus.

158 3201 253 3230 Pallivc
263 3202 335 3237 apud
350 3199 479 3228 Ammian.
494 3208 536 3234 ιι.
553 3209 592 3233 ις.
615 3196 729 3234 Scriptis
740 3195 859 3225 recitatis
872 3195 897 3224 δι
911 3193 1114 3231 contemplatis.

120 3237 220 3266 CoN¹r
231 3249 240 3266 i·
252 3250 270 3266 Μ
284 3249 295 3266 i·
305 3242 434 3271 ιῖιτιο,
456 3238 525 3267 onis.
547 3236 566 3266 f.
587 3234 734 3272 [9w'enm]
754 3239 801 3270 ut,
822 3229 1028 3269 Contemplatio
1051 3240 1141 3261 rerum
1157 3226 1254 3260 'occul-

156 3276 261 3304 tiorum.
285 3275 341 3304 Cic.
357 3286 381 3309 4.
395 3276 428 3303 de
442 3274 499 3303 Fin.

156 3312 339 3341 Consideratio
350 3311 603 3349 contemplatioque
614 3315 723 3338 naturae.
746 3308 804 3337 Cic.
816 3317 841 3343 4.
855 3306 936 3336 Acad.
951 3315 1012 3343 1²7.

157 3349 215 3377 Frui
228 3350 264 3378 sui
277 3348 518 3387 contemplatione.
541 3347 659 3384 Quintil.
677 3346 722 3375 lib.
735 3355 760 3375 2.
774 3355 804 3374 ca
827 3368 833 3374 .
848 3350 889 3378 18.

157 3385 224 3415 Dare
234 3388 375 3423 pecuniam
385 3408 391 3419 ,
413 3385 524 3421 alicujus
535 3383 770 3421 contemplatione
781 3405 788 3416 ,
806 3355 839 3412 in
851 3382 966 3419 gratiam
976 3380 1103 3416 alicuju&
1128 3378 1253 3415 Julianus

173 3423 201 3451 in
216 3424 270 3452 1.δί
292 3424 396 3461 pupilli.
419 3424 440 3460 §.
465 3423 531 3453 ltem
550 3423 568 3451 si
588 3422 765 3459 procuratori.
788 3420 819 3449 D.
833 3420 867 3448 de
884 3419 1001 3456 negotiis
1023 3418 1112 3455 gestis.
1150 3416 1219 3446 Item
1234 3416 1253 3445 si

174 3463 338 3496 procuratori
359 3469 407 3490 tuo
428 3468 551 3490 mutuam
570 3459 716 3497 pecuniam
736 3457 854 3491 dedero,
875 3457 916 3486 tui
941 3454 1201 3493 contemplatione,
1222 3461 1252 3483 ut

174 3498 329 3527 creditorem
342 3506 418 3527 tuum
428 3498 469 3528 vel
481 3500 579 3536 pignus
594 3503 672 3525 tuom
684 3495 799 3529 liberet,
820 3496 872 3524 Sic.

155 3533 251 3563 Cerere
266 3536 372 3571 negotia
381 3536 503 3569 alicujus,
515 3544 570 3563 non
581 3533 816 3570 contemplatione
827 3532 896 3565 eius,
917 3529 963 3559 sed
974 3529 1012 3559 sui
1023 3528 1184 3559 lucricausa.
1204 3528 1252 3564 Ju-

173 3570 259 3600 lianus
274 3573 299 3600 in
316 3573 332 3601 l.
352 3574 377 3601 Si
396 3572 501 3609 pupilli.
524 3573 545 3609 §.
562 3572 649 3601 Sed&
662 3570 679 3598 si
691 3571 758 3607 quis.
781 3570 812 3599 D.
837 3570 872 3598 de
885 3568 1008 3604 Negotiis
1027 3567 1115 3604 gestis.

155 3607 284 3637 Arborum
296 3609 653 3646 contemplationesunduui
665 3616 832 3645 comparare.
857 3605 997 3642 Papinian.
1017 3606 1044 3633 in
1059 3605 1078 3633 l.
1093 3602 1248 3633 Arboribus.

172 3644 205 3673 D.
222 3646 255 3673 de
267 3647 429 3675 contrahen.
443 3654 526 3683 empt.
540 3649 564 3676 &
575 3645 678 3675 vendit.
701 3644 846 3674 Arboribus
863 3652 974 3680 quoque
985 3650 1067 3671 vento
1079 3642 1194 3676 deiectis
1204 3641 1249 3669 vel

171 3681 318 3718 absumptis
331 3685 406 3719 igne.
427 3684 529 3712 dictum
548 3684 585 3712 est
598 3683 767 3719 emptionem
785 3681 866 3711 fundi
885 3690 941 3708 non
962 3680 1048 3709 videri
1068 3679 1121 3708 esse
1141 3684 1250 3708 contra·

171 3722 251 3784 (tegni,
273 3720 289 3747 li
300 3721 528 3757 contemplatione
538 3720 643 3750 illarum
653 3720 790 3754 arborum,
811 3719 887 3748 velut
897 3717 1003 3753 oliveti,
1024 3717 1127 3746 fundus
1137 3724 1251 3753 compa-

171 3766 197 3784 ra
220 3766 285 3785 arur.

151 3793 366 3830 Contemplatio,
378 3793 538 3830 prolntenta
549 3794 723 3829 cogitatione.
746 3791 812 3821 Plin.
823 3802 848 3822 2.
862 3791 940 3829 Epist.
957 3801 978 3820 1.
1001 3790 1082 3820 Volui
1099 3790 1147 3819 tibi
1161 3789 1249 3819 multa

170 3831 221 3895 aith
239 3830 368 3865 scribere,
400 3830 445 3858 sed
465 3838 536 3859 totus
554 3832 659 3860 animus
681 3832 708 3859 in
728 3830 779 3859 hac
802 3840 854 3859 una
874 3829 1112 3866 contemplatione
1140 3826 1248 3857 defixus

168 3878 182 3895 C
209 3890 213 3896 .

113 3902 134 3933 C
145 3914 218 3970 9er}
228 3914 241 3932 Β
251 3915 271 3932 Μ
282 3905 341 3970 ἓζῖ
352 3913 370 3932 Τ
381 3913 396 3932 ι’
406 3913 417 3932 ⁸
427 3926 434 3939 .
452 3906 491 3933 sss-
512 3911 548 3932 m·
570 3900 707 3939 [Juvv'ae]
727 3903 803 3933 Idem
814 3903 888 3940 quod
898 3902 1113 3941 Contemplatio.
1131 3902 1245 3938 Ovid.5.

175 3951 196 3969 ri
221 3963 227 3970 .
241 3950 266 3977 7.
321 3963 326 3969 .

1713 84 1743 120 C
1841 86 1876 120 O
1973 84 2009 119 N

1425 170 1470 199 Sic
1486 168 1614 198 animum
1627 166 1791 204 tempusque
1804 167 1882 195 traho
1894 188 1902 200 ,
1923 175 2024 203 meque
2040 166 2098 204 ipse
2115 166 2222 196 reduco

1494 208 1512 234 A
1525 204 1717 241 contemplatu
1726 204 1911 241 seinoveoque
1924 204 1999 232 mali.
2103 204 2230 233 macrob.
2240 203 2270 233 in
2281 202 2377 234 somn.
2388 202 2462 241 Scip.

1346 243 1396 272 lib.
1412 253 1435 273 1.
1451 253 1512 281 cap.
1534 254 1555 271 i.
1580 243 1628 271 Pro
1642 242 1834 279 contemplatu
1846 242 1925 279 probi
1943 241 2098 278 improbive
2109 242 2210 270 meriti.

1309 282 1556 315 CoNrEMPLK‘roR,
1571 281 1635 309 oris.
1652 289 1688 308 m.
1705 276 1847 315 [θεωςητῆς]
1865 286 1905 313 iit,
1917 278 2129 316 Contemplator
2141 279 2210 308 caeli.
2223 278 2281 308 Cic.
2294 278 2406 308 1.Tusc.
2417 281 2463 314 69.

1311 322 1334 350 C
1343 330 1359 348 o
1371 328 1388 347 Ν
1398 329 1417 347 T
1427 329 1440 347 iz
1451 330 1471 347 Μ
1483 328 1521 347 1³1.
1532 328 1551 346 A
1561 327 1581 346 ‘r
1591 327 1606 345 R
1616 328 1624 345 ι
1636 326 1654 345 x
1665 338 1673 352 ‚
1693 317 1756 345 icis.
1777 316 1796 345 f.
1819 317 1950 346 Celsusin
1961 317 2098 353 prooemio
2110 316 2160 345 lib.
2174 317 2273 354 primi,
2299 316 2465 354 Eorumque,

1350 366 1408 393 quae
1419 357 1447 385 in
1458 356 1559 385 morbis
1567 355 1728 384 communia
1742 353 1818 390 sunt,
1841 354 2099 391 contemplatricem
2109 351 2163 383 effe
2178 353 2359 383 contendant.

1311 395 1334 425 C
1346 404 1362 422 o
1372 403 1390 422 N
1399 403 1418 422 T
1427 403 1469 422 ιιΜ
1479 404 1491 422 ι’
1501 404 1515 421 ι,
1526 397 1543 421 K
1552 396 1613 421 Tiv
1626 402 1641 420 υ
1651 401 1663 421 s
1674 413 1681 426 ‚
1703 387 1884 427 [ffiwenwoe's]
1906 392 1965 426 Adj.
1988 391 2051 421 Sen.
2068 391 2151 429 Epist.
2167 402 2213 427 ος.
2244 392 2290 420 Ars
2304 390 2380 420 nulla
2398 401 2466 420 con-

1348 431 1509 498 testmplatizva
1519 431 1574 459 line
1585 429 1703 459 decretis
1712 428 1766 458 suis
1778 429 1815 458 est
1828 451 1836 465 ‚
1857 428 2035 467 philosophia
2045 434 2139 459 autem
2151 427 2370 467 contemplativa
2387 428 2466 459 simul

1348 480 1363 498 e
1400 471 1425 498 &
1441 469 1537 498 ac.iva.

1310 507 1334 537 C
1342 517 1358 535 0
1370 517 1387 535 N
1398 516 1417 534 T
1427 516 1440 534 a
1449 517 1469 535 Μ
1479 516 1492 534 Ρ
1502 509 1518 534 ὅ
1531 516 1547 534 a
1556 509 1574 534 Τι
1585 516 1616 533 Li
1628 514 1639 534 s
1647 526 1656 540 ‚
1673 514 1697 533 e.
1719 503 1799 533 Idem
1823 512 1856 533 ac
1875 502 2144 541 Contemporaneos.
2157 500 2276 534 Tertull.
2288 504 2349 534 adv.
2367 503 2463 534 Herm.

1348 554 1409 581 carp.
1424 547 1449 573 6.
1472 544 1546 573 Inter
1557 541 1780 580 contemporales
1794 541 1864 571 ordo
1879 551 1937 570 nori
1953 541 2000 570 est.

1312 582 1334 612 C
1344 592 1360 610 o
1370 592 1387 610 N
1398 592 1416 610 T
1427 591 1440 610 iz
1449 592 1468 610 M
1477 591 1491 610 Ρ
1500 583 1517 610 ὀ
1528 591 1542 609 R
1553 585 1569 610 Ti
1582 590 1600 609 Ν
1612 590 1626 609 a
1636 590 1654 609 u
1663 590 1674 609 s
1687 601 1695 614 ‚
1727 578 1919 617 [σύγχεονῷι]
1951 579 2013 614 Adj.
2044 578 2175 614 Ejusdem
2195 579 2350 617 temporis:
2380 588 2464 616 quem

1347 618 1477 648 nonnulli
1489 619 1581 648 Graeca
1599 627 1667 647 voce
1683 617 1879 654 Synchronum
1897 623 2007 646 vocant.
2049 616 2120 646 Gell.
2140 616 2246 646 Lemm.
2268 627 2310 650 ro.
2327 627 2368 651 ¹4·
2392 617 2465 646 Cori.

1348 665 1544 693 temporaneos
1554 656 1634 685 fuisse
1646 655 1743 684 Caesari
1765 656 1792 684 &
1813 655 1942 684 Ciceroni
1953 676 1960 688 ‚
1983 654 2023 683 M.
2045 654 2195 684 Varronem
2215 656 2240 684 δι
2264 654 2291 684 P.
2305 655 2462 692 Nigidium.

1311 695 1436 726 CoN'rri
1446 704 1466 723 Μ
1476 704 1490 722 i>
1501 697 1517 723 ὸ
1531 704 1544 722 iz
1554 704 1570 723 ο
1580 716 1587 730 ,
1608 696 1662 723 are.
1682 692 1800 723 Tertull.
1824 693 1860 722 de
1878 691 1974 722 Resur.
1994 691 2075 722 Cain.
2095 699 2158 730 cap.
2177 702 2223 728 45.
2245 691 2466 731 Contemperant

1349 734 1420 762 foetu
1431 754 1438 768 ‚
1460 738 1634 761 coaetaneant
1646 737 1721 760 natu.

1312 770 1334 802 C
1342 780 1359 800 ο
1368 780 1386 799 Ν
1397 779 1417 798 T
1426 780 1439 798 ri
1447 779 1468 798 N
1476 780 1494 798 ι)
1503 780 1519 799 o
1532 791 1540 805 ‚
1562 770 1608 805 di,
1629 768 1688 798 sum
1699 770 1725 799 δι
1738 774 1808 803 tum,
1830 768 2017 804 [oum-duosam,
2028 761 2212 805 ὢίψτάνσμοκ]
2226 767 2281 797 ἕπε.
2302 766 2380 798 Idem
2390 768 2466 805 quod

1348 808 1506 839 Intendere.
1547 806 1726 843 [Contensus
1737 806 1833 836 Partic.
1846 816 1903 835 non
1920 806 1984 843 legi.

1348 846 1525 913 antendere
1539 845 1679 884 poplitem
1690 867 1698 881 ‚
1719 845 1737 875 i.
1751 854 1774 874 e.
1798 844 1948 875 Intendere
1959 866 1967 880 ,
1988 843 2171 874 vehementer
2182 843 2342 874 extendere.
2365 843 2462 875 Hom.

1386 893 1453 913 erm.
1468 893 1493 919 7.
1506 892 1550 920 97.

1348 922 1527 952 Contendere
1538 920 1639 950 vincla.
1658 919 1732 958 Virg.
1745 930 1772 956 4.
1789 919 1888 957 Georg.
1900 928 1965 954 41²·

1440 959 1534 988 Tanto
1546 981 1554 994 ‚
1575 965 1640 988 nate
1650 980 1658 993 ‚
1680 968 1709 988 m
1746 959 1768 988 is
1781 958 1922 988 contende
1933 957 2043 987 tenacia
2055 956 2156 986 vincla.

1348 997 1525 1028 Contendere
1534 1002 1682 1026 tormenta.
1711 968 1782 1026 aCic.
1795 1006 1820 1026 2.
1834 995 1915 1025 Tusc.
1931 1004 1974 1032 57.
1997 994 2100 1024 Balistae
2114 994 2240 1033 lapidum
2251 995 2277 1025 ἃ
2293 993 2398 1031 reliqua
2411 1000 2467 1024 tot·
2484 994 2489 995 ⁷

1366 1042 1461 1065 menta
1471 1035 1591 1064 telorum
1603 1056 1611 1068 ,
1631 1044 1665 1063 eo
1679 1035 1816 1071 graviores
1829 1033 1989 1064 emissiones
1998 1032 2104 1063 habent
2115 1054 2124 1069 ‚
2144 1042 2200 1070 quo
2210 1032 2274 1063 sunt
2285 1039 2416 1063 contenta
2427 1036 2467 1062 at-

1367 1080 1420 1110 que
1433 1073 1552 1102 adducta
1565 1073 1771 1102 vehementius.

1347 1111 1398 1142 Ilia
1406 1111 1460 1140 risu
1470 1111 1651 1140 contendere.
1672 1110 1759 1140 Ovid.
1769 1119 1794 1145 ι.
1808 1110 1844 1139 de
1857 1111 1920 1139 Arte
1932 1110 1991 1140 Am.
2003 1114 2068 1144 285.
2132 1140 2134 1143 ,

1347 1150 1527 1179 Contendere
1537 1150 1661 1178 animum
1674 1170 1682 1183 ,
1703 1157 1753 1186 pro
1768 1148 1926 1178 Intendere.
1949 1148 2032 1178 Ovid.
2047 1157 2070 1176 1.
2085 1147 2120 1177 de
2129 1146 2209 1177 Pont.
2223 1156 2248 1184 ς.
2262 1155 2306 1177 u.

1441 1187 1506 1217 Non
1517 1186 1587 1216 libet
1598 1187 1626 1215 in
1643 1186 1710 1215 tales
1721 1186 1845 1216 animum
1854 1186 2026 1216 contendere
2036 1194 2123 1215 curas.

1347 1223 1528 1256 Contendere
1539 1247 1547 1260 ,
1569 1221 1758 1260 [πιςσῦεθοα]
1779 1223 1915 1257 Proficisci
1925 1246 1933 1260 ‚
1955 1225 1981 1254 &
1990 1224 2047 1253 fere
2056 1229 2121 1253 cum
2135 1222 2175 1252 Ad
2186 1221 2360 1252 construitur.
2372 1221 2464 1258 Cic.3.

1366 1264 1444 1293 Verr.
1463 1267 1506 1299 67.
1530 1262 1598 1292 Haec
1607 1261 1723 1291 ubifilio
1733 1262 1860 1292 nuntiata
1869 1261 1931 1292 sunt
1942 1284 1950 1298 ‚
1971 1262 2061 1291 statim
2076 1261 2251 1291 exanimatus
2265 1260 2301 1290 ad
2310 1259 2384 1290 aedes
2401 1267 2467 1290 con·

1367 1302 1460 1331 tendit
1471 1323 1479 1337 ‚
1501 1302 1567 1330 ut&
1576 1301 1637 1330 vitae
1647 1300 1731 1338 patris
1743 1322 1751 1335 ‚
1774 1302 1800 1331 ἃ
1813 1300 1955 1338 pudicitiae
1967 1299 2066 1330 sororis
2076 1299 2253 1329 succurreret.

1349 1339 1464 1370 Cursum
1474 1337 1567 1376 aliquo
1580 1338 1761 1368 contendere.
1786 1338 1871 1367 Plaut.
1883 1337 1975 1368 Cistel.
1987 1347 2013 1368 2.
2029 1348 2052 1368 1.
2068 1343 2111 1374 58.

1440 1377 1495 1407 Sed
1507 1376 1568 1414 quis
1579 1376 1624 1406 hic
1634 1376 1672 1405 est
1686 1398 1694 1411 ,
1717 1376 1764 1413 qui
1778 1377 1851 1406 recta
1865 1375 1956 1413 platea
1967 1375 2076 1405 cursum
2087 1375 2144 1406 huc
2157 1374 2305 1405 contendit
2316 1373 2396 1404 suum
2404 1374 2419 1403 ⁶?

1348 1415 1463 1446 Cursum
1475 1415 1646 1445 contendere
1659 1414 1694 1444 ad
1706 1414 1836 1450 aliquem.
1858 1414 1932 1451 Virg.
1948 1423 1973 1448 ς.
1990 1414 2050 1443 AEn.
2066 1418 2130 1449 834.

1348 1454 1528 1484 Contendere
1538 1454 1591 1482 iter
1600 1453 1789 1482 constitutum.
1813 1451 1869 1481 Cic.
1883 1462 1934 1490 pro
1947 1451 2028 1482 Rosc.
2041 1452 2130 1481 Amet.
2144 1459 2189 1487 97.

1348 1491 1505 1521 Contendit
1518 1491 1645 1520 Romam.
1685 1489 1793 1520 Sallust.
1806 1490 1835 1519 in
1845 1489 1972 1527 Jugurth.
1987 1499 2048 1527 cap.
2064 1498 2106 1527 13.
2129 1487 2225 1519 Victus
2238 1497 2274 1519 ex
2287 1486 2384 1526 praelio
2394 1486 2467 1524 fugit

1368 1530 1396 1559 in
1410 1530 1583 1568 provinciam
1594 1550 1602 1563 ‚
1624 1537 1656 1557 ac
1667 1527 1770 1558 deinde
1780 1526 1901 1558 Romam
1911 1528 2066 1557 contendit.

1349 1567 1528 1598 Contendere
1538 1567 1566 1596 in
1579 1567 1737 1604 AEgyptum.
1775 1566 1850 1596 Non.
1860 1577 1887 1602 4.
1901 1569 1946 1599 68.
1964 1575 1998 1595 ex
2010 1565 2068 1594 Cic.
2081 1574 2105 1595 i.
2119 1565 2155 1595 de
2164 1564 2274 1602 Repub.
2295 1563 2351 1592 Sed
2361 1561 2467 1592 audiffe

1369 1613 1397 1635 te
1409 1606 1495 1635 credo
1506 1627 1513 1641 ‚
1536 1611 1596 1634 tum
1610 1614 1675 1635 vero
1690 1603 1833 1634 Platonem
1843 1625 1851 1639 ‚
1872 1604 1985 1633 Socrate
1996 1609 2106 1632 mortuo
2116 1625 2125 1639 ,
2145 1603 2269 1641 primum
2277 1601 2308 1630 in
2317 1600 2468 1639 AEgyptum

1368 1643 1494 1673 discendi
1512 1643 1591 1672 causa
1603 1664 1611 1678 ‚
1635 1642 1696 1680 post
1707 1643 1736 1671 in
1747 1642 1853 1672 ltaliam
1864 1641 2047 1671 contendiss'e.

1349 1681 1527 1711 Contendere
1537 1681 1642 1718 magnis
1652 1680 1797 1710 itineribus
1814 1680 1842 1709 in
1855 1679 1972 1710 Italiam.
1994 1678 2059 1708 Caes.
2076 1688 2099 1708 1.
2115 1676 2183 1708 Bell.
2198 1676 2267 1707 Gall.
2283 1686 2332 1710 ιο.

1349 1720 1460 1757 Magnis
1471 1719 1616 1748 itineribus
1625 1718 1660 1748 ad
1671 1718 1825 1748 exercitum
1836 1718 1940 1747 Afranii
1952 1716 2108 1747 contendit.
2130 1715 2197 1745 Caes.
2210 1724 2234 1745 1.
2248 1713 2316 1745 Bell.
2326 1714 2408 1745 Civil.
2420 1720 2465 1751 ³7-

1348 1756 1381 1788 in
1395 1758 1490 1787 orbem
1502 1756 1639 1786 diversum
1656 1756 1730 1786 sama
1746 1756 1926 1786 contendere.
1956 1756 1974 1785 i.
1988 1765 2012 1785 e.
2032 1755 2147 1785 Nomen
2162 1752 2242 1784 suum
2265 1753 2340 1791 apud
2359 1759 2468 1782 exteras

1369 1797 1496 1825 nationes
1507 1804 1669 1833 propagare.
1692 1794 1776 1824 Ovid.
1790 1805 1813 1823 1.
1824 1793 1860 1823 de
1873 1793 1949 1823 Pont.
1963 1804 1986 1828 ς.
2000 1797 2044 1831 67.

1347 1833 1525 1863 Contendere
1540 1855 1546 1866 .
1569 1843 1619 1871 pro
1630 1832 1799 1862 Festinanter
1813 1841 1912 1869 agmen
1923 1831 2036 1861 ducere.
2078 1829 2154 1860 Curt.
2167 1828 2216 1859 lib.
2229 1837 2254 1864 z.
2268 1837 2293 1865 7.
2305 1838 2345 1867 pr.
2369 1829 2400 1858 At
2415 1826 2468 1858 Da-

1368 1873 1424 1901 rius
1435 1893 1443 1907 ‚
1463 1871 1568 1900 nuncio
1581 1871 1615 1900 de
1627 1870 1737 1900 adversa
1758 1870 1844 1906 (ejus)
1864 1869 2026 1899 valetudine
2042 1874 2160 1906 accepto
2171 1889 2179 1903 ‚
2200 1867 2361 1902 celeritate,
2383 1875 2468 1903 quana

1368 1916 1424 1939 tam
1435 1918 1534 1946 capere
1545 1916 1600 1938 tam
1612 1918 1694 1946 grave
1704 1917 1803 1946 agmen
1816 1913 1927 1946 poterat
1936 1929 1945 1943 ‚
1969 1907 2005 1936 ad
2016 1906 2188 1944 Euphratem
2202 1904 2359 1935 contendit.

1349 1947 1544 1983 Contendere,
1565 1947 1601 1984 sq.
1622 1946 1702 1976 infin.
1728 1946 1912 1976 Vehementer
1931 1945 1992 1975 niti.
2015 1945 2088 1983 Virg.
2103 1954 2126 1974 1.
2146 1943 2288 1974 AEn.1⁶2.

1540 2001 1578 2006 —
1587 1995 1647 2022 quae
1660 1985 1788 2023 proxima
1800 1984 1882 2013 litora
1895 1983 1973 2013 cursu

1402 2022 1585 2053 Contendunt
1596 2030 1699 2061 petere.
1722 2021 1975 2060 Cic.proPlano.97.
1986 2020 2188 2058 Dyrrhachium
2200 2025 2294 2057 petere
2306 2017 2464 2048 contendit.

1348 2061 1449 2091 Animo
1466 2062 1656 2095 contendere,
1678 2061 1716 2090 est
1730 2060 1772 2090 Ad
1783 2060 1837 2089 vim
1850 2060 1936 2089 animi
1957 2058 2146 2089 adhibendam
2166 2056 2193 2086 se
2213 2066 2383 2092 comparare.
2406 2055 2466 2086 Cic.

1366 2109 1417 2137 pro
1427 2099 1537 2128 Muren.
1549 2102 1593 2135 65.
1616 2098 1652 2128 Ut
1662 2108 1746 2135 quum
1756 2098 1791 2127 ad
1803 2098 1934 2128 ultimum
1946 2097 2040 2127 animo
2055 2094 2301 2130 conrenffiffimus,
2313 2094 2352 2123 ibi
2361 2100 2465 2131 tamen,

1368 2137 1416 2167 ubi
1431 2141 1591 2173 oporteret,
1613 2136 1828 2166 consisteremus.
2073 2167 2075 2170 Α

1350 2175 1423 2205 Eniti
1436 2177 1463 2205 ὅ(
1475 2175 1646 2204 contendere
1657 2171 1880 2211 quam‘maxime.
1922 2173 1981 2203 Cic.
1995 2181 2019 2210 3.
2033 2171 2092 2201 Off.
2103 2181 2148 2208 4².
2169 2171 2226 2208 Qui
2240 2170 2358 2201 stadium
2368 2170 2464 2206 currit,

1367 2213 1434 2242 eniti
1447 2215 1472 2243 &
1485 2214 1657 2242 contendere
1669 2213 1753 2241 debet
1760 2220 1842 2250 quani
1854 2212 1975 2241 maxime
1987 2210 2086 2249 possit,
2108 2217 2140 2239 ut
2151 2209 2253 2239 vincat.

1347 2250 1453 2281 Labore
1462 2250 1643 2280 contendere.
1686 2250 1743 2280 Cic.
1758 2260 1782 2285 3.
1797 2249 1854 2280 Off.
1868 2254 1893 2280 6.
1917 2249 2010 2286 Quare
2026 2254 2161 2287 quantum
2180 2246 2289 2276 conniti
2307 2246 2402 2276 animo
2415 2255 2466 2284 poa

1365 2294 1407 2318 tes
1421 2310 1428 2323 ‚
1450 2294 1584 2325 quantum
1599 2288 1694 2318 labore
1710 2288 1883 2317 contendere
1894 2309 1902 2322 ‚
1921 2289 1973 2317 &c.
1995 2293 2104 2315 tantum
2114 2285 2157 2315 fac
2171 2291 2202 2315 ut
2215 2284 2316 2314 efficias
2329 2306 2337 2319 ‚
2355 2285 2406 2314 διο.

1346 2325 1526 2357 Contendere
1542 2333 1582 2355 ut.
1620 2326 1678 2356 Cic.
1694 2334 1744 2363 pro
1754 2326 1830 2355 Sext.
1844 2336 1867 2361 5.
1892 2324 2123 2360 Contendamque
2144 2323 2185 2359 (si
2196 2322 2281 2352 modo
2294 2322 2323 2351 id
2333 2321 2465 2357 consequi

1366 2365 1486 2403 potero)
1508 2365 1579 2393 utin
1591 2364 1643 2393 hac
1655 2364 1733 2393 causa
1749 2370 1831 2401 atque
1842 2362 1967 2393 universa
1981 2362 2141 2392 defensione
2152 2383 2160 2397 ,
2180 2360 2253 2390 nihil
2269 2369 2285 2390 a
2307 2369 2353 2390 me
2367 2359 2443 2397 quod
2454 2378 2465 2395 ,

1347 2436 1349 2439 ¹
1367 2405 1419 2433 &a
1442 2401 1652 2440 praetermiffum
1664 2401 1718 2431 effe
1729 2401 1865 2431 videatur.

1346 2439 1518 2475 Contendit,
1538 2443 1569 2469 ut
1578 2440 1613 2469 ad
1624 2440 1709 2469 castra
1719 2441 1872 2477 perveniat.
1913 2438 1971 2468 Cic.
1985 2447 2011 2473 9.
2030 2436 2152 2475 Philipp.
2167 2446 2209 2472 ις.
2232 2435 2391 2472 Contraque
2408 2435 2465 2464 vim
2518 2437 2522 2439 ”
2573 2442 2578 2452 ·

1363 2479 1578 2516 gravitatemque
1588 2477 1678 2507 morbi
1686 2477 1877 2513 contenderit,
1893 2483 1926 2507 ut
1932 2476 1969 2506 ad
1979 2474 2062 2506 castra
2071 2474 2199 2511 Antonii,
2213 2472 2268 2511 quo
2279 2472 2385 2504 senatus
2395 2482 2461 2503 eum

1366 2514 1492 2551 miserat,
1513 2516 1678 2553 perveniret.

1346 2554 1456 2583 Viribus
1466 2553 1645 2589 contendere.
1669 2553 1776 2583 Lucret.
1792 2552 1840 2582 lib.
1855 2560 1879 2588 3.
1893 2558 1958 2589 784.

1346 2590 1628 2659 {Vijaximizlaboribpls
1638 2593 1666 2658 {c
1678 2590 1808 2629 periculis
1825 2591 1860 2620 ad
1878 2590 2015 2620 summam
2028 2587 2143 2619 laudem
2158 2586 2331 2626 gloriamque
2347 2591 2465 2617 contens

1391 2640 1444 2659 ere.
1493 2639 1526 2659 ic.
1544 2639 1584 2665 14.
1624 2640 1663 2658 iii
1709 2639 1767 2665 ·3²·

1345 2664 1524 2698 Contendere
1536 2640 1786 2697 omnibuspiiervis.
1827 2666 1885 2696 Cic.
1901 2676 1925 2700 ς.
1938 2665 2014 2695 Verr.
2031 2673 2092 2701 ¹30·
2115 2663 2256 2694 Omnibus
2276 2662 2351 2693 enim
2372 2663 2464 2692 nervis

1366 2706 1436 2735 mihi
1448 2706 1677 2735 contendendum
1688 2705 1740 2740 est,
1762 2712 1843 2741 atque
1854 2705 1882 2733 in
1894 2702 1949 2733 hoc
1967 2702 2170 2733 elaborandum
2180 2723 2189 2738 ,
2210 2708 2241 2731 ut
2252 2709 2351 2731 omnes
2363 2699 2466 2730 intelli.

1367 2749 1440 2780 gant.
1483 2743 1522 2773 Al.
1544 2743 1755 2772 Connitendum
1766 2743 1877 2772 rectius.
2174 2770 2190 2774 ,ι

1348 2781 1528 2811 Contendere
1541 2789 1637 2810 nervos
1652 2781 1679 2810 in
1694 2791 1722 2810 re
1735 2780 1834 2817 aliqua.
1876 2779 1935 2809 Cic.
1950 2788 1993 2814 ις.
2008 2778 2084 2808 Fam.
2097 2786 2141 2813 14.
2170 2776 2213 2806 De
2227 2783 2272 2806 me
2283 2781 2374 2805 autem
2387 2775 2465 2805 idem

1366 2825 1459 2849 tecum
1470 2818 1512 2848 his
1528 2829 1578 2856 ago
1589 2819 1684 2848 litteris
1696 2839 1703 2849 .
1723 2818 1799 2855 quod
1808 2816 2012 2856 superioribus:
2034 2823 2065 2845 ut
2076 2824 2175 2844 omnes
2187 2820 2249 2843 tuos
2265 2822 2363 2844 nervos
2383 2813 2411 2841 iri
2429 2820 2464 2842 eo

1365 2857 1521 2886 contendas
1531 2879 1539 2891 ‚
1561 2867 1596 2885 ne
1607 2857 1674 2894 quid
1688 2857 1755 2885 mihi
1766 2857 1800 2886 ad
1810 2856 1882 2885 hanc
1892 2854 2076 2893 provinciam,
2088 2862 2183 2891 quam,
2204 2853 2256 2882 Sto.
2275 2852 2294 2883 i.
2308 2861 2332 2882 e.
2355 2850 2464 2881 Omnes

1367 2900 1427 2923 tuas
1438 2894 1508 2923 vires
1521 2895 1676 2932 impendas.

1348 2932 1527 2962 Contendere
1539 2942 1639 2961 nervos
1650 2933 1735 2961 aetatis
1743 2931 1937 2968 industriaeque
1946 2929 1999 2959 suae
2009 2929 2038 2958 iri
2047 2937 2076 2957 re
2087 2927 2189 2964 aliqua.
2212 2926 2270 2956 Cic.
2285 2935 2311 2955 2.
2332 2925 2406 2956 Verr.
2418 2934 2462 2962 ις.

1348 2970 1526 3000 Contendere
1536 2970 1614 2999 rectis
1624 2970 1718 2999 studiis
1728 2970 1762 2999 ad
1775 2976 1881 3006 magna.
1923 2968 1981 2997 Cic.
1993 2977 2018 2997 2.
2032 2965 2090 2996 Off.
2101 2975 2148 3002 45.
2169 2964 2273 3003 Magna
2288 2963 2420 3002 spectare,
2433 2965 2461 2994 ἀ

1367 3009 1400 3036 ad
1420 3017 1450 3036 ea
1463 3008 1541 3036 rectis
1553 3008 1645 3036 lludiis
1658 3008 1762 3037 debent
1771 3007 1952 3037 contendere.

1348 3045 1461 3076 Frustra.
1486 3045 1555 3082 Virg.
1571 3055 1595 3081 7.
1611 3045 1666 3075 Ecl.
1679 3049 1722 3081 69.
2437 3071 2439 3073 ,

1347 3083 1470 3121 Pugnare
1483 3084 1506 3112 δι
1518 3084 1696 3112 contendere.
1738 3082 1795 3112 Cic.
1809 3091 1859 3119 pro
1871 3081 1981 3110 Cluent.
1994 3086 2018 3116 7.
2051 3079 2146 3116 Itaque
2167 3077 2220 3106 feci
2236 3099 2244 3112 ‚
2265 3074 2302 3106 fic
2321 3076 2463 3120 pugnavi²

1367 3121 1403 3150 sic
1414 3121 1491 3149 omni
1504 3121 1608 3150 ratione
1621 3121 1775 3155 contendi,
1796 3120 1832 3148 sic
1842 3119 1878 3148 ad
1895 3119 1990 3148 omnia
2000 3117 2132 3154 confugi,
2154 3121 2289 3153 quantum
2299 3123 2351 3152 ego
2361 3114 2465 3152 allequi

1368 3160 1467 3195 potui,
1489 3159 1626 3193 remedia,
1641 3160 1692 3188 &o

1351 3196 1531 3225 Contendere
1549 3196 1655 3233 aliquid
1675 3196 1710 3225 ab
1723 3195 1833 3232 aliquo,
1854 3194 2044 3223 Vehementer
2062 3195 2166 3229 petere.
2207 3188 2265 3219 Cic.
2283 3197 2326 3226 ιι.
2347 3189 2421 3219 Fam.
2434 3193 2462 3224 8.

1367 3234 1431 3263 Non
1444 3240 1500 3262 erat
1509 3233 1588 3263 causa
1600 3244 1647 3263 cur
1663 3244 1678 3263 a
1689 3241 1715 3263 te
1725 3233 1779 3262 hoc
1791 3239 1917 3269 tempore
1928 3230 2034 3269 aliquid
2043 3226 2258 3260 contenderem.

1347 3271 1526 3300 Contendere
1539 3273 1572 3300 ab
1584 3272 1676 3308 aliquo
1687 3271 1721 3300 de
1733 3269 1898 3308 proferendo
1911 3269 1966 3298 die.
2008 3268 2067 3297 Cic.
2084 3276 2126 3296 12.
2141 3266 2214 3295 Fam.
2228 3274 2272 3300 29.
2300 3263 2355 3294 Sed
2372 3272 2387 3292 a
2405 3271 2462 3292 ma-

1366 3309 1452 3344 gistris
1465 3319 1548 3345 quum
1560 3309 1761 3338 contenderem
1776 3308 1812 3337 de
1826 3306 1995 3345 proferendo
2004 3306 2065 3340 die,
2088 3304 2276 3341 probaverunt
2286 3300 2353 3331 mihi
2365 3322 2372 3335 ,
2391 3301 2443 3330 διο.
2453 3337 2460 3345 .

1349 3346 1526 3375 Contendere
1539 3348 1615 3375 omni
1626 3347 1715 3376 studio
1727 3346 1759 3375 ab
1769 3345 1863 3382 aliquo
1876 3366 1884 3379 ,
1905 3350 1944 3374 ut.
1985 3343 2043 3372 Cic.
2062 3344 2096 3372 ad
2107 3342 2180 3371 Brut.
2197 3349 2238 3375 14.
2269 3339 2362 3376 Quare
2383 3347 2462 3368 omni

1366 3384 1456 3412 studio
1474 3394 1488 3413 a
1501 3392 1527 3412 te
1539 3406 1546 3416 .
1569 3386 1605 3412 mi
1625 3385 1704 3413 Brute
1719 3406 1727 3419 ,
1749 3383 1890 3413 contendo
1902 3404 1910 3416 ‚
1931 3387 1962 3410 ut
1975 3381 2141 3410 Ciceronem
2153 3386 2246 3407 meum
2260 3386 2295 3406 ne
2306 3376 2441 3405 dimittas.

1347 3420 1564 3450 Contendereab
1578 3422 1662 3451 altero
1674 3443 1682 3457 ‚
1702 3431 1733 3450 ur
1744 3419 1849 3458 aliquid
1860 3420 1950 3449 faciat.
1986 3418 2046 3447 Cic.
2060 3427 2085 3447 2.
2099 3417 2172 3446 Verr.
2185 3425 2230 3451 29.
2252 3414 2291 3459 lta
2305 3413 2462 3443 ‘manifestas

1366 3459 1501 3524 proferam
1514 3480 1522 3494 ‚
1544 3467 1668 3489 utnenio
1682 3469 1697 3489 a
1711 3457 1806 3493 vobis,
1828 3457 1948 3487 utistum
1966 3455 2111 3486 absolvatis
2130 3463 2180 3492 per
2194 3459 2324 3490 gratiam,
2345 3459 2462 3481 conetur

1365 3503 1480 3525 content
1491 3506 1544 3525 ere.

1345 3531 1432 3562 Valde
1444 3533 1478 3562 ab
1489 3534 1591 3570 aliquo.
1632 3534 1690 3563 Cic.
1702 3542 1726 3570 3.
1745 3532 1784 3569 Q.
1795 3532 1857 3561 frat.
1876 3540 1900 3560 ι.
1922 3530 2070 3568 Pompeius
2081 3539 2097 3559 a
2109 3537 2155 3558 me
2165 3527 2247 3558 valde
2264 3527 2413 3556 contendit
2426 3525 2463 3555 de
2516 3564 2519 3566 q

1364 3571 1452 3600 reditu
1464 3571 1490 3599 in
1500 3572 1621 3608 gratiam.

1344 3606 1470 3637 Plurimis
1482 3609 1571 3638 verbis
1582 3606 1687 3646 aliquid
1697 3606 1730 3636 ab
1739 3607 1841 3644 aliquo.
1859 3606 1918 3636 Cic.
1934 3615 1957 3634 r.
1971 3605 2006 3634 de
2018 3604 2098 3635 Orat.
2110 3605 2172 3633 166.

1345 3644 1508 3675 Verecunde
1518 3646 1622 3680 aliquid
1632 3646 1665 3674 ab
1682 3645 1784 3681 aliquo.
1806 3644 1865 3673 Cic.
1883 3653 1908 3673 2.
1923 3643 1997 3673 Fam.
2010 3645 2035 3671 6.

1345 3681 1520 3712 Contendere
1531 3689 1599 3712 voce
1608 3705 1616 3719 ‚
1639 3681 1798 3711 Vociferari.
1841 3681 1898 3710 Cic.
1910 3690 1959 3718 pro
1971 3679 2057 3717 Ligar.
2069 3681 2096 3708 ⁶.
2119 3678 2263 3715 Quantum
2273 3679 2372 3715 potero
2383 3698 2393 3712 ‚
2413 3685 2461 3707 vo-

1363 3729 1395 3749 ce
1404 3721 1573 3750 contendam
1584 3743 1591 3756 ‚
1613 3727 1644 3750 ut
1657 3721 1709 3749 hoc
1723 3719 1787 3757 Pop.
1804 3718 1886 3748 Rom.
1903 3718 2041 3748 exaudiat.

1344 3757 1523 3787 Contendere
1533 3781 1540 3793 ,
1562 3768 1611 3795 pro
1622 3758 1790 3794 Extorquere
1799 3779 1806 3791 ‚
1829 3757 1933 3786 Nonio.
1974 3753 2119 3792 Turpilius
2139 3751 2278 3786 Lemnis,
2301 3749 2392 3780 Habet
2411 3760 2462 3787 po-

1363 3795 1486 3824 testatem
1499 3805 1504 3824 :
1528 3796 1576 3825 nili
1588 3796 1749 3833 potestatem
1764 3794 1834 3823 senis
1843 3794 1934 3832 pretio
1943 3791 2096 3822 contendas
2107 3812 2115 3823 ,
2136 3796 2166 3818 ut
2181 3790 2326 3826 redempto
2340 3788 2462 3818 Phaedria

1362 3831 1445 3861 liceat
1458 3834 1546 3862 redire
1560 3834 1702 3870 antiquam
1712 3833 1741 3861 iri
1752 3831 1997 3861 consuetudinem.
2037 3829 2082 3858 sic
2098 3827 2183 3857 Varro
2194 3849 2202 3862 ,
2225 3826 2403 3856 Contendere
2413 3825 2463 3855 ho«

1364 3879 1445 3899 nores
1464 3871 1544 3899 dixit.

1343 3906 1521 3936 Contendere
1531 3907 1654 3937 absolute
1665 3928 1673 3940 ,
1696 3916 1746 3943 pro
1758 3904 1915 3936 Defendere
1925 3927 1932 3940 ‚
1955 3906 1981 3935 ἃ
1992 3902 2134 3933 affirmare.
2157 3901 2251 3932 Celsus
2260 3902 2287 3931 in
2296 3898 2370 3938 prtts.
2382 3899 2459 3932 liba.

1359 3944 1388 3974 Si
1398 3947 1538 3975 manantia
1549 3943 1711 3983 corpuscula
1718 3954 1768 3982 per
1778 3942 1925 3974 invisibilia
1934 3941 2069 3972 serantina
2076 3939 2244 3971 subsistendo
2254 3939 2306 3970 iter
2317 3937 2459 3975 claudunt,

2429 3984 2459 4007 Bt
