2604 4222
182 136 254 166 '220
607 124 635 158 A
730 122 754 156 P
848 121 876 155 E

228 208 298 236 dunt
307 208 384 236 enim
395 215 501 236 morem
516 204 594 235 fuisse
606 204 680 242 apud
697 201 888 232 vetustissimos
899 223 906 236 ,
928 202 958 229 ut
973 199 1019 236 qui
1031 205 1089 226 non
1098 194 1281 237 voluntariam
1291 201 1343 222 cae-

231 246 294 274 deni
309 245 454 273 admililset
470 266 476 276 ,
500 245 520 272 is
540 243 663 272 exularet
684 242 785 279 putria:
807 240 843 267 ad
861 238 988 274 aedesque
1008 234 1156 272 locupletis
1177 233 1297 261 hominis
1316 229 1344 259 se

231 283 376 311 conserens
388 302 396 317 7
416 283 452 311 i'oi
472 290 583 319 opertus
601 280 706 308 sederet
720 280 748 306 in
764 278 876 311 limine,
899 280 1041 310 oraretque
1053 295 1061 307 ,
1091 274 1116 301 Sc
1131 270 1281 309 postularet
1295 268 1342 311 ad-

230 320 313 349 miffae
324 320 406 349 credis
416 321 630 357 expiamentum.
672 316 756 345 Causa
768 322 859 343 autem
871 313 948 341 exilii
962 311 1109 339 voluntarii
1119 316 1192 342 erut,
1214 306 1288 349 quod
1305 315 1343 334 Vl-

232 368 277 387 ros
291 358 458 391 homicidas,
481 358 642 392 utimpuros
661 356 686 383 ἃ
704 351 877 381 detestandos
888 347 1080 378 existimabant
1093 369 1100 380 ,
1122 347 1244 382 ideoque
1257 349 1346 372 vitan-

232 397 282 425 dos
292 400 317 425 ὅτ
330 395 498 424 aversandos.
540 394 627 428 liujus
641 391 808 428 expiationis
820 387 978 424 exemplum
991 385 1086 414 videre
1098 384 1163 413 licet
1175 383 1248 420 apud
1258 382 1344 411 Hero-

233 435 291 462 dot.
303 433 349 461 lib.
366 443 385 460 i.
398 439 452 468 'quo
464 433 490 460 in
502 431 565 459 loco
584 429 666 458 Croeli
677 428 806 456 meminit
818 448 825 458 ,
846 425 956 462 nuptias
973 423 1020 451 filii
1039 422 1077 450 sui
1095 421 1276 454 celebrantis,
1298 418 1345 461 qui

233 471 372 500 Adrastum
389 470 471 498 Alidae
484 468 596 505 Phrygis
605 466 691 495 filiuni
705 487 712 500 ‚
733 475 748 493 a
759 463 833 492 caede
843 462 961 491 fraterna
975 460 1107 498 expiavit.
1144 459 1184 488 Ex
1203 458 1304 487 Budaeo
1316 465 1346 485 in

234 515 327 538 annot.
340 509 367 536 in
379 507 461 536 Pand.

197 547 240 576 Ar>
250 556 263 574 s
274 557 291 574 N
302 555 320 573 Ν.
331 550 342 574 i
353 555 371 573 u
381 555 398 573 u
407 555 419 574 s
429 566 436 579 ,
466 545 480 579 [
497 541 613 569 Α’πέννινον
631 540 696 575 ’ὅςῖθι
715 537 813 568 Strabo
829 537 844 572 ]
873 536 957 566 Mons
968 535 1061 572 estqui
1072 535 1105 564 ab
1119 533 1232 572 Alpibus
1239 531 1349 570 profic-i-

234 584 310 613 scens
324 605 330 617 ,
353 581 505 611 universam
520 579 624 609 ltaliam
640 586 726 614 usque
742 577 771 605 in
788 575 909 604 Siciliam
925 574 1034 603 dividit.
1058 573 1097 602 M.
1116 572 1184 602 Cato
1200 571 1348 600 Poeninum

233 628 360 650 montem
378 629 441 649 eum
453 619 595 647 nominare
605 615 729 647 videtur,
749 623 799 651 per
813 622 896 649 quem
909 612 1028 641 Annibal
1038 611 1191 640 exercitum
1199 609 1305 643 trajecit
1318 609 1348 636 in

235 658 358 688 Galliam.
402 657 474 686 l-linc
484 655 643 692 Apenninus
655 653 744 681 dictus
756 673 764 686 ,
784 651 859 687 quod
871 651 977 679 radices
992 649 1039 679 sub
1048 649 1164 678 Poenino
1175 646 1284 676 transitu
1296 646 1349 674 An-

233 696 333 725 nibalis
349 694 455 723 habeat.
498 693 561 721 riaec
573 691 708 719 Vadianus
725 689 1016 726 Pomponiiinterpres
1036 688 1070 716 ad
1088 687 1106 715 l.
1118 697 1142 715 2.
1157 696 1178 715 c.
1192 696 1219 719 4·
1259 683 1348 718 Hujus

234 734 337 763 montis
358 731 486 760 meminit
497 729 597 758 Lucan.
619 728 668 756 lib.
680 737 706 756 2.
766 727 843 762 [Sed
859 726 940 762 longe
952 726 1031 754 distat
1041 725 1073 754 ab
1087 724 1197 761 Alpibus
1210 721 1348 754 Poeninis,

234 772 277 800 vel
289 770 418 800 Penninis
430 768 531 806 potius,
546 766 715 803 Apenninus.
728 766 830 802 quippe
841 765 887 801 qui
896 765 929 793 ab
940 763 1053 802 Alpibus
1065 762 1214 792 maritimis
1223 758 1298 789 orsus
1308 765 1350 787 to-

233 816 290 838 tam
306 817 376 845 pene
387 806 490 835 ltaliam
504 812 637 841 perpetuo
647 805 712 840 jugo
725 803 833 832 dividit.

234 846 328 875 Celsus
345 845 514 881 Apenninus.
537 842 601 871 Hor.
626 841 716 879 Epod.
735 845 776 870 16.
791 850 834 876 29.

233 883 353 919 Longus.
376 881 443 910 Pers.
462 891 483 909 1.
498 880 552 909 Sat.
565 890 609 915 95.

233 921 348 949 Nivalis.
371 919 467 948 Claud.
487 918 521 946 de
533 929 558 953 4.
579 915 659 946 Coris.
671 916 777 946 Honor.
794 926 856 952 105.

233 958 358 987 Nubifer.
380 957 464 986 Ovid.
479 966 504 985 2.
517 956 585 985 Met.
599 958 662 984 226.

196 997 239 1026 Ap
251 1006 263 1024 a
273 1006 291 1024 N
301 1005 320 1023 N
332 1005 369 1023 iu
380 997 416 1023 io
425 996 440 1023 ἑ
450 1004 469 1022 u
478 1004 508 1026 A,
521 995 535 1029 [
548 995 596 1018 Α’πε
600 1005 648 1018 ννννν
652 988 735 1028 affacis]
756 992 813 1028 Qui
823 991 999 1029 Apenninum
1009 986 1154 1022 inhabitat,
1166 986 1250 1015 autin
1262 984 1351 1021 Apena

232 1035 300 1101 {Iino
318 1031 446 1062 versatur.
476 1038 522 1067 ut,
539 1031 757 1069 Apenninigenoe
775 1030 902 1068 pastores.
941 1027 1039 1057 Claud.
1058 1038 1085 1063 4.
1114 1026 1150 1054 de
1167 1025 1243 1054 Sext.
1267 1021 1347 1053 cons.

262 1081 307 1100 on.
324 1082 385 1106 505.

314 1107 533 1146 Apenninigenis
551 1105 638 1136 cultas
658 1105 810 1144 pastoribus
825 1114 891 1134 aras.

195 1147 369 1177 Ansium
381 1157 389 1174 1
401 1156 517 1180 coum..
539 1155 569 1173 ae.
602 1143 794 1180 [Α’πτννινίων]
816 1143 901 1172 Idem.
923 1140 997 1178 Virg.
1014 1138 1127 1169 ruffin.
1142 1147 1206 1175 700.

313 1183 524 1222 Apenninicolae
540 1182 655 1211 bellator
674 1180 746 1210 filius
766 1181 846 1210 Auni.

196 1223 240 1252 Ar
251 1232 306 1251 aps
318 1233 325 1250 1
337 1232 354 1250 A
374 1232 403 1251 ae.
427 1221 445 1250 f.
469 1222 481 1256 [
497 1219 595 1252 aiz-olna
611 1220 625 1254 ]
648 1218 797 1247 Ventriculi
811 1218 910 1246 vitium
925 1216 972 1250 est,
992 1215 1066 1253 quod
1079 1214 1168 1244 Latini
1178 1213 1352 1243 Cruditatenr

232 1259 389 1297 appellant,
412 1268 496 1296 quum
510 1256 614 1287 scilicet
624 1256 715 1286 cibiin
731 1255 884 1285 ventriculo
893 1255 1139 1282 nonimmutantur
1150 1274 1159 1287 ,
1181 1252 1228 1281 sed
1235 1251 1302 1281 tales
1312 1250 1350 1279 fe-

232 1307 261 1326 re
278 1303 426 1335 egeruntur
437 1319 444 1331 ‚
467 1296 559 1333 quales
567 1295 629 1324 sunt
642 1294 746 1331 ingesti.
769 1293 828 1323 Gal.
839 1293 886 1321 lib.
901 1292 935 1321 de
945 1292 1051 1328 Sympt.
1066 1290 1156 1319 differ.

194 1335 306 1371 Auia,
326 1336 357 1364 ri.
378 1345 414 1363 m.
438 1335 453 1370 [
467 1330 600 1368 ὥστεῶ]
622 1333 721 1361 Porcus
732 1332 822 1363 ferus,
843 1330 896 1359 sive
909 1329 1043 1367 sylvester.
1064 1328 1163 1364 Juven.
1179 1337 1202 1356 1.
1219 1326 1274 1356 Sat.
1289 1334 1350 1362 141.

388 1388 425 1392 —
445 1378 546 1408 quanta
566 1371 604 1400 est
622 1369 703 1407 gula,
732 1379 791 1406 qua:
806 1368 855 1397 fibi
873 1375 948 1396 totos

390 1409 470 1439 Ponit
485 1418 582 1447 apros,
604 1406 707 1437 animal
721 1413 834 1444 propter
851 1405 977 1434 convivia
990 1409 1095 1433 natum.
1179 1402 1263 1445 Varro
1278 1412 1304 1437 4.
1315 1400 1352 1431 de

231 1447 261 1478 L.
280 1447 310 1478 L.
334 1448 396 1486 Apri
406 1448 483 1476 abeo
494 1447 568 1484 quod
578 1447 607 1474 in
622 1445 690 1474 locis
700 1446 814 1483 asperis:
836 1443 886 1473 nisi
896 1453 912 1474 a
926 1442 1026 1473 Graecis
1039 1464 1047 1479 ,
1068 1440 1183 1479 quodhi
1194 1447 1296 1472 owen

232 1489 306 1524 Aper
322 1496 393 1515 acer.
413 1485 485 1522 Virg.
502 1495 543 1513 10.
561 1483 617 1513 Ecl.
634 1486 676 1519 56.
796 1514 798 1516 ,

233 1524 370 1553 Cruentus
384 1525 410 1553 &
432 1523 584 1551 indomitus
594 1543 601 1556 ,
623 1520 698 1558 apud
713 1519 810 1550 Claud.

232 1561 332 1591 Durus.
366 1561 486 1599 Propert.
502 1559 548 1588 lib.
563 1569 588 1588 2.
608 1568 649 1595 13.
665 1569 708 1594 54.

232 1598 384 1629 Frendens.
407 1599 489 1628 Ovid.
509 1608 531 1626 i.
545 1597 580 1626 de
591 1597 652 1625 Arte
667 1596 726 1625 Am.
740 1599 786 1631 46.

231 1636 342 1667 Fulvus.
370 1637 453 1666 Ovid.
468 1646 493 1665 2.
505 1635 539 1664 de
554 1637 615 1664 Arte
629 1635 687 1663 Am.
703 1643 765 1671 373.

230 1672 336 1705 Hirtus.
359 1674 442 1705 Ovid.
458 1684 480 1703 i.
492 1674 527 1702 de
538 1676 600 1702 Arte
611 1673 671 1702 Am.
685 1676 748 1710 762.

230 1712 371 1750 Hispidus.
394 1714 457 1742 Seri.
476 1713 567 1748 Agam.
584 1721 606 1739 1.

230 1751 386 1781 Milliarius.
430 1750 457 1778 V.
481 1749 644 1783 lVlilliarius‚
673 1747 704 1777 in
721 1754 845 1776 Μιιιι.

231 1789 441 1825 Nemorivagus.
464 1787 562 1816 Catull.
575 1790 618 1815 61.
630 1794 674 1823 72.

233 1826 352 1856 Setosus.
377 1827 446 1863 Virg.
461 1833 486 1862 7.
498 1823 574 1854 Eccl.
588 1833 631 1860 29-

233 1865 336 1895 Saevus.
369 1863 443 1900 Virg.
457 1873 481 1900 3.
495 1862 593 1900 Georg.
610 1866 674 1898 248.

233 1903 379 1940 Spumans.
402 1902 473 1938 Virg.
493 1911 513 1930 i.
530 1900 592 1930 ffin.
609 1909 672 1934 324.

234 1940 390 1970 Timendus
399 1940 491 1968 dente.
511 1938 594 1968 Ovid.
608 1948 634 1973 4.
654 1936 736 1975 Epist.
755 1945 817 1972 104.

235 1978 351 2008 Torvus,
375 1977 458 2006 Ovid.
473 1986 499 2006 2.
520 1976 554 2005 de
566 1976 628 2005 Arte
636 1976 696 2005 Am.
712 1984 773 2009 190.

236 2015 323 2046 Trux.
347 2015 432 2045 Ovid.
450 2025 491 2043 10.
508 2014 654 2050 Met.715.

235 2053 366 2083 Vastator.
388 2053 472 2082 Ovid.
487 2062 512 2088 9.
533 2052 603 2081 Met.
617 2054 678 2086 192.

235 2090 390 2121 Violentus.
412 2091 531 2125 Ovid.9.
556 2089 624 2119 Met.
639 2093 701 2125 338.

237 2130 346 2167 Agitare
356 2138 453 2166 aprum
464 2127 612 2157 latratibus.
634 2126 681 2156 Sil.
693 2124 741 2154 lib.
755 2126 797 2154 16.

237 2167 329 2198 Ferire
340 2177 445 2205 aprum.
468 2166 552 2195 Ovid.
567 2175 591 2202 3.
605 2164 675 2194 Met.
690 2173 754 2200 715.

237 2205 334 2242 Figere
344 2214 432 2243 apros.
452 2204 536 2234 Ovid.
550 2213 575 2232 2.
588 2203 624 2232 de
637 2204 698 2231 Arte
706 2202 765 2230 Am.
782 2209 845 2235 190.

240 2243 420 2281 Habentapri
429 2242 535 2271 fulmen
544 2240 719 2271 incientibus.
742 2238 826 2268 Ovid.
843 2247 885 2267 10.
902 2236 972 2267 Met.
987 2246 1049 2274 550.

238 2281 365 2311 Irascitur
378 2290 451 2318 aper.
473 2279 556 2309 Ovid.
571 2288 594 2315 7.
612 2278 681 2308 Met.
696 2287 758 2312 545.

239 2318 391 2349 Immittere
404 2317 526 2347 fontibus
535 2326 624 2354 apros.
651 2316 753 2352 Virga.
766 2311 823 2344 Ecl.
839 2322 882 2349 59.
920 2311 953 2343 V.
973 2311 1076 2342 Erasmi
1091 2305 1210 2341 Chifiad.

239 2356 376 2387 Praedator
387 2365 525 2393 aprorum.
547 2354 630 2384 Ovid.
647 2363 688 2383 12.
705 2352 776 2383 Met.
791 2355 852 2388 360.

238 2395 365 2424 Premere
380 2393 488 2423 cursum
500 2393 566 2431 apri.
593 2391 664 2429 Virg.
686 2401 709 2420 1.
725 2390 785 2420 AEn.
801 2394 862 2426 328.

239 2433 439 2469 See'tariapros.
465 2431 533 2468 Virg.
549 2440 573 2467 3.
586 2429 643 2459 Ecl.
658 2439 702 2466 7<-
760 2460 763 2462 .

240 2471 375 2508 Super-are
389 2469 492 2498 viribus
504 2478 609 2506 aprum.
632 2467 699 2496 Hor.
715 2463 830 2503 1.Epist.
846 2474 887 2499 19.
899 2473 943 2499 5¹·

239 2508 364 2538 Turbare
374 2517 472 2545 aprum
483 2505 632 2535 latratibus.
653 2505 698 2534 Vir
719 2527 724 2533 .
739 2513 761 2539 3.
776 2504 875 2539 Georg.
887 2511 952 2538 412.

203 2548 296 2578 ΛΡΜ
309 2568 316 2581 ,
337 2545 418 2574 Piscis
430 2544 503 2582 apud
517 2544 646 2573 Ennium.
712 2565 717 2571 .
740 2537 853 2570 Heffelii
874 2546 932 2568 not.
945 2549 973 2576 p.
990 2541 1052 2575 14¹7.

205 2588 296 2615 Apes
308 2606 316 2619 ‚
336 2583 449 2613 Nomen
458 2583 540 2611 etiam
557 2581 702 2619 proprium
718 2579 868 2608 Romanis:
898 2587 924 2606 v.
946 2586 971 2614 g.
994 2576 1035 2605 M.
1058 2575 1129 2613 Aper
1147 2573 1361 2610 celeberrimum

240 2622 295 2652 fori
316 2621 458 2658 ingenium
478 2627 506 2649 ut
527 2622 621 2648 auftor
632 2617 703 2647 Dial.
722 2617 757 2646 de
774 2616 850 2645 Orat.
872 2625 933 2652 cap.
945 2624 970 2643 2.
990 2613 1093 2643 laudat.
1112 2615 1138 2643 ἃ
1157 2614 1222 2651 Apri
1234 2612 1361 2641 Consulis

242 2659 323 2689 Rom.
336 2659 365 2687 in
377 2658 533 2688 Commodo
551 2655 690 2694 Lamprid.
706 2652 775 2692 saepe
787 2653 817 2683 fit
826 2654 943 2682 mentio.
963 2661 1023 2689 cap.
1037 2661 1062 2681 2.
1080 2661 1140 2689 cap.
1157 2661 1199 2681 12.
1216 2653 1267 2681 &c-
1290 2650 1361 2679 Vide

241 2698 327 2727 etiam
343 2695 408 2726 Lex.
419 2694 506 2725 Pitisc.

205 2738 227 2766 A
236 2745 251 2764 P
260 2745 275 2764 R
286 2745 304 2764 A
315 2745 329 2763 r<
340 2745 349 2762 1
360 2743 398 2763 us
410 2756 418 2768 ,
440 2743 455 2762 a
465 2755 473 2768 ,
494 2743 551 2762 um.
571 2737 604 2762 ut
618 2754 626 2767 ‚
647 2731 726 2761 Retia
736 2729 849 2767 apiaria.
870 2727 969 2757 Paulus
982 2726 1012 2755 in
1021 2726 1039 2755 l.
1054 2735 1099 2756 22.
1119 2726 1209 2756 fundo
1219 2724 1360 2764 legato.D.
1403 2751 1407 2755 .

244 2774 280 2802 de
290 2772 368 2801 fund.
382 2765 503 2803 instruet.

206 2812 396 2843 ApklcfiLU
407 2819 418 2838 s
429 2831 437 2844 ‚
459 2809 512 2838 sive
536 2807 603 2836 Apa
614 2816 683 2836 acu
694 2817 710 2834 L
721 2816 739 2834 u
750 2814 761 2834 s
774 2826 782 2840 ‚
803 2804 821 2834 i.
843 2813 879 2832 m.
902 2800 1002 2832 Parvus
1012 2812 1085 2840 aper.
1107 2801 1216 2831 Cathol.
1237 2801 1309 2831 Item
1321 2800 1364 2830 Pi-

245 2848 313 2884 scis;
335 2857 369 2877 ex
381 2847 471 2877 Ennio
487 2845 561 2884 apud
574 2839 651 2882 Apul.
675 2841 753 2881 Apol.
769 2852 791 2871 1.
804 2852 831 2880 p.
846 2846 906 2875 158.
929 2840 955 2870 ἃ
977 2844 1037 2869 162.

207 2888 321 2917 Arari<
333 2896 348 2913 u
361 2895 389 2920 s,
420 2895 453 2919 a,
474 2893 531 2913 um.
565 2878 707 2925 [wormio
723 2881 737 2916 ]
758 2879 868 2910 Sicdici
879 2878 964 2907 debet
975 2877 1127 2907 secundum
1137 2876 1307 2914 analogiam:
1330 2882 1362 2905 ut

245 2934 260 2953 a
271 2923 358 2961 Caper
367 2921 410 2952 vel
422 2932 453 2951 ca
476 2932 504 2951 ra
517 2921 618 2950 dicitur
629 2919 773 2956 Caprinus.
803 2916 915 2954 Antiqui
925 2923 1018 2945 tamen
1029 2937 1037 2951 ,
1059 2916 1104 2950 (ut
1114 2922 1227 2953 apparet
1237 2924 1272 2944 ex
1284 2920 1364 2943 vetu-

244 2962 289 2992 stis
307 2932 526 2997 codicibusiper
539 2956 690 2987 uvocalem
709 2956 737 2984 in
754 2954 885 2997 secunda,
908 2955 933 2983 ἃ
952 2963 1001 2990 per
1019 2963 1035 2991 g
1054 2953 1084 2982 in
1097 2954 1176 2982 tertia
1188 2952 1361 2990 scripserunt,

244 3000 397 3037 Aprugnus.
418 2997 522 3027 Plinius
533 3003 649 3031 utroque
661 2994 746 3023 modo
760 2991 915 3031 promiscue
927 2992 1043 3029 usurpat.

245 3037 408 3075 Aprugnum
428 3035 529 3064 callum
543 3055 551 3069 ,
574 3033 643 3062 Plin.
667 3031 715 3061 lib.
739 3037 764 3064 8.
781 3040 842 3068 cap.
865 3040 908 3064 5¹-
928 3028 989 3064 Jam
1018 3028 1130 3058 Catonis
1159 3027 1285 3057 Censoris
1305 3037 1366 3058 oreo

265 3075 354 3104 tiones
364 3082 516 3112 aprugnum
526 3070 694 3110 exprobrant
703 3068 814 3098 callum.
845 3066 876 3097 In
885 3075 939 3096 tres
948 3074 1041 3095 tamen
1049 3073 1139 3103 partes
1149 3065 1254 3101 divisio,
1270 3066 1364 3094 media

263 3110 541 3150 ponebatur,lumbus
551 3117 690 3147 aprugnus
700 3105 851 3148 appellata..
870 3100 954 3134 Plaut.
967 3099 1035 3133 Pers.
1050 3114 1075 3133 2.
1089 3115 1112 3139 ς.
1127 3114 1153 3138 4.
1176 3103 1246 3140 Quae
1259 3103 1318 3131 dixi
1332 3109 1364 3131 ut

263 3150 416 3183 nuntiares,
437 3148 513 3177 satiri'
527 3157 558 3177 ea
569 3145 671 3175 tenes?
692 3155 704 3174 s
725 3154 751 3173 o.
780 3152 866 3180 inagis
877 3141 965 3171 calleo
975 3163 983 3176 ,
1023 3151 1085 3171 uam
1096 3152 1111 3170 a
1133 3151 1250 3177 rognum
1260 3140 1362 3170 callum

263 3187 353 3217 callet.
376 3186 479 3217 Festive
489 3185 525 3215 sic
540 3184 585 3214 res
600 3183 697 3218 ondet‚
709 3181 809 3211 ludens
821 3179 1002 3217 homonymia
1033 3180 1093 3214 ujus
1125 3179 1235 3208 ictionis
1247 3177 1360 3207 Culleo:

264 3235 322 3262 quae
334 3227 359 3255 ἆ
374 3225 450 3259 scire,
462 3194 628 3254 &callosfim
640 3220 693 3250 effe
707 3218 847 3257 significat.
870 3217 995 3247 Eandem
1003 3215 1086 3246 habet
1095 3218 1124 3245 in
1133 3216 1209 3246 Poe-n.
1219 3226 1245 3246 2.
1263 3225 1290 3246 2.
1302 3215 1364 3244 sen-

264 3264 389 3296 tentiam,
405 3264 430 3292 ἃ,
441 3271 513 3300 pene
528 3260 611 3290 verba
624 3259 731 3288 eadem.

246 3300 380 3338 Aprinum
396 3299 440 3329 vel
451 3295 559 3329 suillum
571 3297 618 3327 fel.
641 3294 711 3326 Plin.
728 3293 775 3324 lib.
785 3298 830 3328 28.
847 3302 907 3330 cap.
919 3294 961 3322 16.

246 3336 294 3366 Fel
306 3347 468 3375 aprugnum.
500 3336 569 3366 Plin.
583 3335 631 3365 lib.
647 3339 691 3368 28.
713 3343 774 3371 cap.
789 3342 831 3367 19.

247 3373 365 3404 fimum.
387 3374 454 3403 Plin.
469 3374 517 3403 lib.
530 3379 574 3407 28.
592 3383 623 3402 ca
647 3395 653 3402 .
669 3381 707 3407 ¹3·
732 3372 757 3400 &
768 3380 828 3408 cap.
844 3374 886 3406 17.

246 3411 523 3450 Lumbusaprugnus.
549 3383 676 3441 Pliniib.
688 3415 714 3444 8.
736 3418 797 3446 cap.
812 3418 855 3443 51.

247 3448 355 3478 Pulmo.
378 3448 445 3478 Plin.
459 3449 505 3478 lib.
516 3455 559 3483 28.
573 3458 634 3486 cap.
647 3451 689 3477 16.

248 3486 349 3515 Vesica.
372 3486 439 3515 Plin.
451 3486 499 3515 lib.
512 3496 555 3515 21.
572 3496 632 3524 cap.
649 3495 691 3522 ις.
722 3483 815 3514 Urinae
823 3479 1058 3512 incontinentiam
1074 3477 1189 3508 cohibet
1198 3478 1285 3509 vesica
1293 3479 1364 3517 apri-

267 3533 302 3552 na
312 3545 319 3558 ,
341 3524 358 3552 si
370 3523 422 3552 assa
433 3524 585 3553 mandatur.

249 3561 269 3590 A
292 3570 391 3597 rugna:
413 3560 526 3590 subaud.
558 3561 634 3590 Caro.
654 3559 788 3598 Spartian.
810 3558 839 3587 in
852 3555 903 3588 ffil.
918 3555 980 3585 Ver.
990 3564 1050 3593 cap.
1064 3564 1088 3589 ς.
1114 3553 1233 3590 Capitol.
1245 3552 1273 3583 in
1285 3554 1362 3584 Max,

267 3571 331 3633 fun.
356 3607 415 3635 cap.
429 3608 454 3626 2.
481 3598 541 3637 Cibi
558 3599 669 3633 avidus,
691 3598 811 3627 maxime
824 3593 971 3633 sylvestris:
993 3593 1031 3622 ita
1042 3596 1072 3621 ut
1083 3591 1191 3621 nonnisi
1202 3600 1363 3629 aprugnum,

268 3641 370 3669 anates,
388 3637 500 3671 grues&
518 3637 611 3664 omnia
623 3636 729 3673 captiva
739 3634 835 3664 ederet
855 3633 889 3662 H.
905 3632 944 3662 St.

213 3673 233 3703 A
243 3683 283 3739 Pla
295 3683 302 3700 ι
315 3682 334 3737 Ἴ
346 3682 358 3700 a
370 3682 425 3715 us,
447 3682 479 3707 a,
500 3682 556 3701 uni.
578 3673 665 3702 Idem.
688 3673 788 3709 Hygin.
803 3671 867 3701 Fab.
884 3674 929 3706 69.
947 3668 1026 3698 Unus
1039 3665 1231 3706 aprineapelle
1241 3672 1364 3705 opertus,

249 3721 264 3739 a
277 3718 317 3738 ter
337 3718 447 3738 eonina.

212 3749 232 3778 Λ
242 3758 255 3776 Ρ
265 3757 278 3775 n
289 3757 304 3774 a
314 3757 322 3774 1
331 3758 350 3774 Μ
361 3756 400 3774 n'r
411 3756 424 3774 ι(
436 3756 452 3775 0
463 3756 473 3774 s
485 3768 492 3781 ,
522 3747 535 3782 [
549 3743 720 3780 uincimus&
734 3747 748 3782 ]
776 3746 869 3783 Propr.
901 3743 1012 3774 Ambitu
1028 3741 1106 3771 nullo
1132 3739 1364 3779 circumscriptus,

248 3783 536 3821 Incomprelienlibilis
552 3793 557 3811 :
573 3791 613 3818 ut,
626 3783 700 3812 Deus
711 3785 899 3820 aperimetros.
923 3781 1002 3819 Apul.
1016 3781 1051 3810 de
1064 3780 1164 3816 Dogm.
1179 3778 1334 3817 Platon.p.4
1356 3801 1363 3808 .

210 3823 231 3852 Α
241 3824 279 3850 pil:
290 3831 304 3849 R
316 3832 323 3849 1
333 3830 359 3855 o,
373 3820 410 3855 ui,
426 3828 492 3849 tum,
514 3822 529 3855 [
543 3822 633 3854 civoiyw,
651 3818 788 3855 τιτάννυμι,
804 3821 964 3854 άναπἹύσσ-ω]
985 3821 1043 3847 Ire:
1066 3827 1100 3846 ex
1111 3818 1149 3846 Ad
1159 3818 1186 3849 62
1198 3816 1282 3852 Pario,
1298 3789 1366 3845 tege

248 3858 400 3889 Prisciano:
434 3859 450 3886 i.
469 3869 489 3887 e.
515 3858 676 3886 Patefacere.
698 3863 730 3886 ut
749 3859 860 3895 Aperite
877 3857 984 3886 ostium.
1017 3856 1081 3885 Ter.
1099 3854 1216 3892 Adelph.
1227 3863 1253 3884 2.
1271 3864 1294 3884 1.
1321 3863 1363 3891 η.

246 3897 327 3933 Aperi
338 3896 416 3924 fores.
441 3895 485 3924 Sic
500 3895 608 3932 Aperire
619 3895 750 3923 aerarium.
772 3895 836 3924 Cres.
849 3905 874 3923 2.
890 3894 956 3923 Bell.
976 3893 1055 3922 Civil.
1074 3903 1115 3928 ¹4·

243 3933 354 3964 Literas.
377 3933 435 3961 Cic.
451 3941 473 3969 3.
487 3933 537 3961 Atr.
555 3942 595 3960 io.
636 3932 690 3965 Sic,
703 3933 812 3969 Aperite
824 3934 1026 3960 testamentum.
1050 3930 1119 3960 Plin.
1133 3930 1152 3960 l.
1162 3938 1189 3967 7.
1201 3939 1227 3960 c.
1242 3938 1287 3966 52.

241 3971 351 4010 Aperire
362 3972 388 4000 ὁὶ
400 3969 544 4004 Claudere,
562 3969 706 3998 contraria.
728 3969 786 3998 Cic.
800 3979 826 3998 2.
839 3966 896 3999 Off.
912 3979 956 4004 54.

1825 105 1852 141 A
1952 96 1978 137 P
2075 97 2104 137 E

1437 187 1548 225 Aperite
1559 189 1697 216 cavernas.
1720 186 1803 216 ovid.
1820 196 1860 221 ις.
1870 185 1939 215 Met.
1952 192 2015 219 345.
2400 212 2402 214 ,
2456 212 2458 216 ,
2499 211 2502 215 ,
2515 214 2518 218 ,
2578 205 2579 213 ,

1437 226 1560 263 Aperire,
1574 224 1726 259 Declarare,
1738 224 1882 253 ostendere
1894 232 1902 252 z
1922 228 1953 251 ut
1966 243 1974 255 ,
1996 220 2108 258 Aperire
2119 218 2283 248 sententiam
2295 217 2371 247 suam
2379 217 2470 250 alicui.
2490 213 2545 255 Cia.

1456 264 1486 292 in
1498 263 1574 292 Orat.
1590 267 1635 298 84.
1656 261 1724 291 Plin.
1736 262 1753 290 l.
1764 271 1789 290 2.
1813 271 1837 290 c.
1854 271 1896 290 Π.
1931 259 2038 288 Certior
2054 267 2087 286 ex
2098 263 2215 294 utroque
2224 256 2333 285 vastitas
2344 255 2406 285 solis
2416 257 2545 294 aperitur:
2577 266 2580 299 ᾖ
2594 285 2597 288 .

1459 308 1491 330 ut
1505 310 1561 329 uon
1577 299 1607 328 sit
1618 299 1725 327 necesse
1737 298 1952 337 amplitudinem
1961 297 2020 332 ejus
2028 295 2173 324 oculorum
2183 293 2353 331 argumentis
2366 299 2447 332 atque
2459 296 2548 332 conje-
2578 303 2580 323 τ
2594 320 2604 327 ,,

1460 340 1536 367 chira
1553 337 1640 366 animi
1658 336 1776 365 scrutari.
2540 348 2542 353 ·
2578 335 2579 354 l

1441 377 1640 413 Argumentum
1657 374 1771 411 aperire.
1793 373 1857 403 Ter.
1872 372 1949 402 Adel.
1959 370 2030 411 prol.
2042 379 2088 408 23.

1441 413 1681 449 Conjurationem.
1711 411 1769 440 Cic.
1783 421 1808 440 2.
1821 411 1901 440 Catil.
1914 414 1940 440 6.
2548 430 2550 432 ,

1442 449 1690 480 Consuetudinem.
1711 449 1770 478 Cic.
1784 459 1833 486 pro
1841 447 1956 478 Marcel.
2601 455 2604 473 ι

1442 488 1556 518 Dolum.
1578 487 1661 517 Plane
1678 486 1739 516 Mil.
1754 495 1778 515 2.
1792 490 1865 521 6.47.
1887 486 1915 515 Si
1924 486 1971 514 hic
1982 492 2041 513 non
2050 482 2157 512 videbit
2165 480 2320 517 mulierem,
2332 479 2454 519 aperitur
2464 481 2552 514 dolusi'
2578 478 2604 516 Ul

1443 525 1577 556 Naturam
1585 525 1630 554 vel
1639 533 1739 553 mores.
1759 523 1863 553 Sallust.
1875 524 1904 552 in
1915 522 1994 552 Catil.
2008 531 2031 550 c.
2045 530 2087 557 5³.
2102 526 2171 549 extr.
2578 541 2579 545 ,

1444 564 1557 601 Aperire
1569 564 1595 592 Sc
1605 561 1751 599 explicare.
1774 561 1863 591 Cic.1.
1877 562 1912 590 de
1924 561 1983 591 Fin.
1995 569 2037 594 52-
2058 558 2163 588 Totam
2175 566 2233 586 rem
2246 556 2384 595 aperiam:
2406 565 2490 593 eaque
2499 556 2551 596 ipsa
2578 582 2579 585 ,
2593 552 2604 598 f}

1465 600 1568 666 quaelab
1575 599 1628 666 k{llo
1638 601 1784 629 inventore
1792 599 1923 634 veritatis,
1944 599 1971 628 Sc
1985 596 2059 634 quasi
2073 595 2223 625 architecto
2235 594 2321 624 beatae
2330 595 2392 624 vitae
2401 594 2474 624 dieta
2483 591 2550 634 sunt,
2578 594 2580 600 '
2599 605 2604 630 ς

1464 648 1498 667 ex
1532 648 1572 667 ica
1593 648 1619 667 0.

1445 649 1557 713 Apeiire
1565 676 1699 704 animum.
1730 674 1789 704 Cic.
1808 682 1850 703 11.
1862 672 1938 704 Fam.
1951 678 1996 707 28.
2025 671 2157 701 Trebatio
2167 670 2258 699 nostro
2267 678 2379 707 magnas
2390 669 2487 707 gratias
2494 674 2551 709 ago,
2578 679 2580 702 ι
2594 664 2604 712 ξ,

1465 713 1540 750 quod
1552 719 1631 742 tuum
1641 722 1704 750 erga
1714 722 1760 741 me
1769 712 1893 741 animum
1907 711 2060 749 simplicem
2070 715 2152 746 atque
2159 709 2280 737 amicum
2289 707 2405 745 aperuit.
2578 722 2581 739 ς
2601 714 2604 721 ·

1446 752 1490 817 Sp.
1508 751 1575 817 Tesr.
1590 751 1673 794 Andr.
1689 761 1717 786 4.
1730 760 1753 779 1.
1767 755 1792 784 8.
1814 749 1875 780 Post
1885 748 1933 779 ubi
1943 755 2055 786 tempus
2063 745 2194 785 promissa
2203 746 2259 782 J'am
2268 745 2362 784 perfici
2373 767 2382 781 ,
2397 750 2458 774 tum
2469 745 2557 777 neces.
2577 752 2604 797 ι

1472 799 1534 817 ,ario
1552 799 1596 818 ,ea
1618 795 1717 818 eriunt.
2602 804 2604 807 .

1446 827 1570 870 Aperire,
1580 798 1630 864 piso
1638 825 1741 856 Efferre
1747 834 1888 861 arcanum,
1906 824 2036 863 prodere,
2051 824 2077 853 ἂ
2090 822 2263 853 denuntiare.
2285 820 2343 851 Liv.
2354 819 2425 850 Rem
2434 819 2556 853 Annibali
2577 803 2604 889 i!

1466 870 1564 902 aperit.
2580 870 2581 875 ¹

1448 903 1550 932 Fontes
1562 902 1620 931 Cic.
1632 902 1667 931 ad
1679 901 1752 931 Brut.
1764 900 1863 939 Ep.10.
1881 900 1944 930 Nec
1955 899 1983 929 in
1996 899 2099 929 Senatu
2111 896 2377 926 sceleratissimorum
2387 895 2556 929 consiliorum
2583 892 2598 921 ι’

1467 941 1558 969 fontes
1569 941 1674 978 aperire
1684 940 1815 969 dubitavi.
1829 940 1846 968 i.
1860 948 1884 967 e.
1900 937 2103 968 Demonstrare.
2117 935 2247 972 Alioquin
2258 935 2284 964 &
2294 934 2396 964 Fontes
2406 932 2509 971 aperire
2519 934 2558 967 di.
2596 936 2599 938 '

1468 984 1547 1007 cetur
1561 978 1592 1012 is,
1608 978 1653 1015 qui
1664 977 1791 1012 recludit,
1811 977 1923 1006 emittit.
1964 975 1994 1004 V.
2020 974 2091 1004 infra
2101 973 2212 1011 Aperite
2221 972 2313 1001 fontes
2324 970 2513 1009 Philosophiae.

1448 1016 1560 1053 Aperite
1576 1016 1611 1045 de
1626 1025 1655 1045 re
1674 1015 1772 1052 aliqua.
1806 1014 1863 1044 Cic.
1878 1014 1913 1043 ad
1926 1013 2047 1043 Herenn.
2061 1021 2124 1046 250.

1449 1054 1570 1092 Aperite,
1586 1053 1707 1089 Solvere,
1715 1052 1870 1090 explicare:
1893 1058 1939 1088 ut,
1960 1051 2071 1089 Aperite
2080 1049 2207 1087 aeni'gma.
2227 1047 2316 1078 Plaut.
2339 1047 2386 1078 Sic
2396 1046 2506 1085 Aperite
2518 1056 2558 1081 ren

1472 1091 1603 1121 occultas.
1625 1091 1683 1120 Cic.
1704 1101 1726 1120 1.
1744 1091 1779 1119 de
1787 1090 1845 1120 Fin.
1860 1099 1905 1127 30.
2592 1099 2593 1102 ¹

1448 1129 1548 1159 Dubia.
1575 1130 1633 1159 Cic.
1647 1139 1674 1165 4.
1695 1129 1730 1158 de
1742 1128 1801 1158 Fin.
2533 1135 2552 1163 μ
2596 1109 2604 1135 ¹

1448 1164 1560 1197 Futura.
1583 1167 1655 1204 Virg.
1667 1170 1693 1196 6.
1708 1166 1770 1196 AEn.
1787 1174 1828 1196 12.
2595 1140 2604 1182 1

1448 1205 1586 1235 Involuta.
1608 1205 1667 1234 Cic.
1689 1214 1711 1234 ῐ.
1730 1204 1765 1233 de
1779 1204 1893 1241 Fin.3o.
2534 1197 2553 1222 J,-

1448 1244 1469 1273 A
1493 1243 1572 1278 crire,
1584 1242 1706 1277 Nudare,
1717 1242 1862 1279 detegere:
1888 1247 1929 1275 ut,
1939 1241 2049 1280 Aperite
2057 1244 2150 1279 caput,
2161 1245 2209 1270 aut
2219 1239 2302 1270 aliam
2311 1243 2419 1277 partem
2429 1229 2535 1275 corpori

1469 1282 1527 1310 Lic.
1540 1290 1565 1310 2.
1579 1280 1698 1318 Philipp.
1712 1289 1757 1316 77.
1778 1280 1871 1310 Homo
1879 1279 2032 1309 misericors
2047 1279 2116 1308 ferre
2123 1289 2180 1308 non
2193 1279 2294 1317 potuit,
2314 1283 2399 1315 caput
2410 1275 2562 1313 apemigin

1470 1319 1574 1349 collum
1588 1318 1693 1348 invasit.
1713 1318 1792 1347 ldem
1803 1328 1826 1347 1.
1839 1317 1896 1347 Off.
1911 1328 1971 1353 129.
1992 1317 2128 1346 Verentur
2139 1317 2215 1345 enim
2225 1326 2262 1346 ne
2273 1315 2348 1352 siquo
2358 1313 2420 1343 casu
2432 1312 2559 1370 evenetiJ

1470 1364 1502 1386 ut
1513 1362 1603 1395 partes
1612 1357 1736 1394 corporis
1747 1355 1872 1394 quaedam
1884 1357 2051 1394 aperiantur,
2064 1355 2231 1394 aspiciantur
2242 1363 2302 1384 non
2310 1353 2421 1383 decore.

1449 1395 1567 1433 Aperuit
1582 1395 1670 1424 aciem
1686 1394 1754 1423 dies.
1776 1393 1866 1423 Tacit.
1879 1405 1905 1429 4.
1921 1394 1988 1423 Hist.
2002 1403 2045 1429 30.
2468 1414 2470 1421 .

1448 1434 1560 1471 Aperite
1572 1437 1656 1471 caput
1668 1454 1676 1467 ‚
1696 1441 1747 1470 pro
1760 1430 1919 1461 Vulnerare.
1936 1431 2035 1467 Juven.
2051 1441 2075 1467 9.
2098 1430 2152 1460 Sat.
2171 1435 2216 1466 98.
2472 1430 2476 1437 “

1529 1470 1607 1500 Fuste
1617 1471 1722 1508 aperire
1732 1469 1973 1508 caput‚candelam
1986 1478 2127 1508 apponere
2136 1469 2230 1498 valvis.
2267 1468 2285 1497 i.
2298 1476 2323 1496 e.
2335 1465 2427 1504 Caput
2434 1464 2562 1503 stangeiei

1449 1509 1579 1547 Aperite,
1603 1509 1749 1546 Mitigare,
1791 1507 1888 1538 laeare.
1906 1507 1979 1545 Virg.
1999 1519 2021 1537 1.
2043 1506 2106 1536 AEn.
2127 1516 2190 1542 150.

1530 1547 1564 1576 Et
1573 1547 1657 1576 vastas
1667 1546 1756 1584 aperit
1778 1552 1852 1583 yrtes
1863 1567 1871 1581 ,
1892 1547 1919 1576 &
1936 1550 2074 1584 temperat
2091 1554 2193 1583 aequor.

1448 1585 1560 1624 Aperite
1574 1606 1582 1621 ,
1603 1583 1764 1614 Ostendere.
1788 1583 1860 1618 Virg.
1873 1586 1899 1613 6.
1918 1583 1981 1613 AEn.
1991 1586 2056 1618 406.
2517 1614 2519 1617 ι

1605 1637 1644 1644 ——
1663 1623 1752 1660 aperit
1765 1631 1872 1651 ramum
1889 1622 1937 1658 qui
1953 1621 2025 1650 veste
2045 1620 2155 1650 latebat.
2239 1614 2320 1649 Idem
2335 1626 2360 1655 3.
2373 1612 2436 1648 AEn.
2451 1625 2517 1654 2ος-

1528 1661 1635 1697 Quarto
1654 1666 1726 1689 terra
1743 1660 1789 1689 die
1804 1659 1927 1698 primum
1943 1658 1970 1688 se
1985 1657 2112 1688 attollere
2130 1657 2245 1688 tandem

1528 1698 1606 1728 Visa:
1627 1697 1733 1737 aperire
1755 1697 1853 1735 procul
1871 1702 1999 1732 montes,
2021 1706 2054 1726 ac
2071 1695 2182 1725 volvere
2198 1695 2318 1724 fumum.
2372 1691 2562 1733 HaecNoning,

1467 1737 1495 1767 δι
1508 1737 1626 1767 Servius.
1665 1736 1745 1772 [Sed
1752 1736 1939 1773 Syrtesaperit
1949 1732 2050 1764 eodem
2062 1734 2148 1763 modo
2156 1733 2268 1768 dicitur,
2285 1741 2316 1761 ac
2325 1731 2435 1769 Aperire
2449 1732 2562 1761 montes.

1467 1776 1488 1804 i.
1508 1785 1531 1804 e.
1545 1776 1574 1804 in
1585 1771 1765 1812 conspeetum
1799 1773 1909 1807 roferre,
1931 1772 2052 1803 Obrutas
2066 1773 2142 1801 enim
2152 1770 2283 1801 fludtibus
2293 1770 2444 1807 Neptunus
2452 1768 2484 1797 in
2491 1767 2563 1807 aper*

1469 1820 1529 1842 tum
1542 1807 1701 1850 produxisse
1714 1811 1782 1841 intel
1795 1812 1803 1840 i
1823 1811 1876 1840 itur
1895 1810 1988 1849 syrtes.

1447 1849 1616 1881 Delitescere
1631 1851 1657 1880 Sc
1676 1849 1787 1887 Aperite
1811 1859 1826 1879 e
1841 1871 1849 1885 ‚
1870 1850 2016 1878 contraria.
2041 1847 2100 1878 Cic.
2112 1857 2136 1877 2.
2148 1847 2183 1877 de
2194 1847 2257 1877 Nat.
2269 1845 2353 1876 Deor.
2368 1854 2410 1881 53.

1448 1888 1601 1919 Occultare
1611 1889 1637 1918 δι
1649 1888 1769 1925 Aperite,
1783 1887 1928 1917 contraria.
1951 1886 2009 1917 Cic.
2021 1896 2047 1916 2.
2057 1883 2092 1915 de
2102 1886 2166 1916 Nat.
2178 1885 2262 1915 Deor.
2279 1893 2322 1922 52.
2343 1883 2419 1913 Tum
2431 1878 2564 1916 occulta»

1472 1933 1532 1962 tur,
1554 1933 1614 1956 tum
1629 1924 1718 1955 rursus
1741 1926 1911 1964 aperiuntur.
2542 1916 2549 1936 ³
2582 1922 2604 1965 μ’

1453 1964 1664 2004 Aperireviam‚
1684 1963 1758 1993 Dare
1768 1963 1883 1993 aditum.
1913 1962 1986 2001 Virg.
2001 1972 2043 1992 11.
2056 1962 2118 1993 AEn.
2132 1965 2196 1998 864.
2587 1957 2590 1968 ⁹

1532 2003 1594 2033 Nec
1607 2002 1688 2032 sociis
1706 2002 1811 2040 aperire
1830 2001 1921 2037 viam,
1951 2011 2004 2030 nec
2021 1998 2164 2030 moenibus
2183 1995 2297 2029 audent.
2510 2033 2514 2037 st
2583 2019 2590 2029 ..

1451 2036 1566 2079 Aperite
1577 2041 1650 2070 viam
1662 2039 1806 2075 incendi0‚
1826 2038 1897 2075 Dare
1908 2039 2015 2068 aditum
2025 2039 2061 2068 ad
2071 2038 2232 2068 faciendum
2242 2035 2415 2066 incendium.
2436 2033 2494 2064 Liv.
2505 2035 2529 2064 6.
2538 2040 2563 2068 2.
2578 2044 2604 2064 ι’.

1450 2077 1563 2117 Aperire
1574 2077 1682 2107 cursum
1695 2077 1778 2107 ali'cui
1790 2076 1825 2106 ad
1833 2077 1954 2107 laudem.
1977 2077 2036 2106 Cic.
2051 2087 2093 2111 14.
2109 2075 2226 2113 Philipp.
2242 2084 2286 2111 17.
2582 2071 2590 2105 li

1453 2117 1566 2159 Aperite
1576 2116 1698 2145 reditum
1709 2116 1753 2145 ad.
1776 2115 1834 2145 Cic.
1846 2119 1871 2144 6.
1888 2115 1963 2145 Fam.
1979 2125 2021 2144 11.
2044 2113 2166 2151 Quando
2176 2113 2323 2143 tibivirtus
2342 2112 2369 2142 ὅτ.
2384 2110 2564 2145 divinitastm
2574 2107 2601 2153 ψ

1454 2154 1593 2186 ‚reditum
1613 2155 1648 2189 ad
1665 2159 1729 2183 tuos
1752 2153 1868 2191 aperuit.
2598 2170 2604 2208 1

2583 2157 2604 2257 i

2588 2264 2604 2290 k*

2274 1541 2396 1574 Nonius.

1451 2190 1558 2230 Fugam
1568 2192 1674 2229 aperire
1684 2189 1801 2221 inc'lulis.
1823 2190 1920 2220 Claud.
1939 2190 1975 2220 de
1984 2186 2052 2220 Bell.
2066 2190 2126 2220 Get.
2139 2194 2183 2227 97'.
2276 2222 2279 2223 ⁷

1452 2230 1566 2267 Aperite
1579 2231 1632 2260 iter
1641 2229 1725 2259 alicui
1737 2231 1766 2259 in
1776 2229 1896 2267 aliquam
1905 2229 2056 2266 regionem.
2079 2228 2136 2257 Liv.
2151 2238 2176 2264 7.
2191 2225 2259 2257 Bell.
2273 2225 2342 2256 Pun.

1452 2267 1593 2298 Claudere
1605 2269 1631 2298 ἀ
1643 2268 1748 2305 aperire
1759 2278 1817 2297 rem
1827 2266 2001 2296 familiarem.
2024 2266 2083 2295 Cic.
2095 2275 2122 2295 2.
2143 2265 2201 2295 Off.
2218 2276 2260 2300 54.
2302 2264 2395 2300 Quam
2406 2261 2442 2292 ob
2452 2270 2509 2291 rem
2515 2267 2598 2299 neca,

1472 2307 1512 2336 ita
1520 2305 1676 2350 claudenda
1693 2305 1731 2334 est
1744 2316 1785 2335 res
1799 2305 1939 2335 familiaris
1953 2327 1961 2340 ‚
1988 2312 2019 2333 ut
2037 2314 2100 2333 eam
2120 2303 2276 2341 benignitas
2288 2302 2393 2340 aperire
2402 2310 2460 2330 non
2467 2299 2564 2338 poffit:
2578 2287 2604 2335 iil

1472 2354 1525 2374 nec
1541 2350 1579 2373 ita
1591 2344 1734 2373 reseranda
1744 2366 1753 2380 ‚
1774 2351 1805 2373 ut
1821 2348 1912 2381 pateat
1930 2343 2070 2372 omnibus.
2583 2340 2590 2359 'l

1452 2380 1567 2425 Aperii‘e
1582 2382 1634 2449 iger
1648 2382 1729 2449 ferire.
1759 2381 1864 2412 Sallust.
1887 2380 1945 2410 Cat.
1958 2390 1982 2410 c.
1994 2386 2038 2417 58.
2060 2379 2239 2417 Quocunque
2250 2378 2290 2408 ire
2298 2376 2390 2417 placet
2400 2399 2409 2413 ‚
2432 2376 2504 2406 ferro
2518 2373 2566 2406 i&
2574 2362 2604 2445 ii}

1473 2430 1488 2449 a
1708 2443 1714 2449 .
2584 2430 2586 2437 ›
2599 2433 2604 2441 .

1452 2429 1788 2499 Apigerffiigoeifummedicimz
1800 2466 1815 2485 a
1825 2456 1916 2494 poetis
1927 2456 2065 2496 matutino
2078 2461 2215 2492 tempore,
2237 2463 2323 2491 quum
2332 2453 2363 2482 fit
2375 2452 2451 2483 dies:
2472 2446 2566 2482 Claudi
2575 2430 2604 2497 ⁸⁴ss

1471 2506 1537 2526 vero
1552 2497 1637 2525 noctu
1647 2518 1656 2531 ‚
1677 2505 1763 2533 quum
1774 2495 1874 2524 hnitur.
1906 2494 1946 2524 Ex
1959 2494 2052 2523 Servm
2062 2493 2091 2521 in
2105 2492 2175 2522 illud
2188 2492 2261 2529 Virg.
2276 2502 2318 2522 10.
2337 2491 2400 2521 AEn.
2412 2500 2435 2520 1.
2583 2496 2591 2524 ῃ

1534 2533 1665 2563 Panditur
1681 2534 1787 2562 interea
1807 2533 1908 2567 domus
1927 2532 2004 2561 omni
2028 2531 2132 2560 otentis
2147 2529 2272 2568 Olympi.

1451 2571 1664 2638 Aperirespiergi.
1704 2571 1760 2601 Liv.
1775 2581 1801 2601 2.
1813 2569 1880 2600 Bell.
1891 2570 1959 2600 Pun.
1992 2542 2088 2607 <guum
2102 2567 2255 2598 calescente
2265 2566 2322 2597 sole
2339 2564 2456 2604 dispulsa
2469 2563 2566 2596 nebula
2576 2576 2577 2587 ¹
2588 2563 2604 2598 l.

1472 2620 1486 2638 a
1509 2620 1567 2638 erui
1590 2615 1618 2638 et
1656 2619 1719 2639 iem.
2588 2605 2597 2625 Υ

1450 2620 1563 2685 Αρῖτὶῐε
1578 2648 1672 2677 locum
1689 2646 1839 2685 suspicioni
1856 2651 1904 2675 aut
1918 2645 2046 2681 crimini,
2066 2643 2139 2674 Dare
2159 2642 2333 2674 occasionem
2347 2640 2508 2680 suspicionis
2522 2642 2567 2670 aut
2577 2631 2604 2678 lii

1472 2686 1603 2724 criminis.
1626 2685 1683 2714 Cic.
1701 2695 1727 2722 7.
1743 2685 1815 2714 Verr.
1832 2693 1892 2721 103.
2360 2701 2365 2708 .
2588 2682 2604 2712 ξ’

1455 2724 1566 2760 Aperire
1583 2723 1731 2759 fenestras,
1752 2723 1805 2752 sive
1815 2722 1970 2751 fenestram.
2006 2720 2038 2750 V.
2060 2727 2254 2750 FRNESTRA
2273 2716 2309 2749 H.
2329 2717 2369 2748 St.
2536 2728 2543 2741 ¹
2584 2716 2604 2752 l‘,

1456 2761 1648 2791 Occasionem.
1668 2760 1727 2791 Liv.
1737 2771 1761 2797 9.
1780 2760 1814 2790 ab
1832 2759 1912 2789 Urbe.
2583 2753 2589 2761 ⁴¹

1456 2799 1639 2829 Occasionem
1648 2800 1683 2828 ad
1692 2796 1889 2828 invadendum.
1911 2796 1969 2826 Liv.
1983 2806 2009 2832 4.
2019 2795 2053 2825 ab
2066 2795 2150 2825 Urbe.
2584 2816 2585 2821 ,

1455 2838 1568 2874 Aperite
1581 2837 1653 2866 fores
1663 2837 1799 2866 amicitiae.
1830 2835 1889 2865 Cic.
1906 2844 1946 2871 13.
1968 2834 2043 2864 Fam.
2057 2844 2099 2863 10.
2138 2833 2193 2863 Sed
2204 2838 2298 2862 tamen
2309 2831 2337 2860 in
2351 2830 2480 2860 omnibus
2492 2828 2567 2859 novin
2581 2829 2604 2858 id

1475 2875 1720 2910 conjunctionibus
1736 2873 1863 2907 interest,
1882 2872 1969 2910 qualis
1980 2873 2085 2910 primus
2104 2871 2195 2901 aditus
2208 2871 2239 2900 sit
2254 2892 2262 2906 ,
2284 2871 2310 2900 δι
2329 2879 2384 2907 qua
2397 2867 2567 2898 commenda-
2588 2875 2604 2897 li

1475 2913 1554 2942 tione
1574 2913 1646 2950 quasi
1658 2913 1787 2942 amicitiae
1806 2912 1879 2941 fores
1900 2910 2066 2948 aperiantur.
2588 2927 2589 2930 η

1456 2951 1655 2988 Aperitflorem
1670 2950 1748 2980 suum
1760 2950 1857 2984 arbor,
1877 2948 1931 2977 sive
1942 2948 2033 2977 herba.
2056 2946 2152 2977 Plin.l.
2171 2956 2245 2976 12.c.
2264 2955 2307 2981 11·
2330 2941 2566 2981 Quem(florem)
2587 2942 2604 2975 .³.

1463 2990 1560 3025 ,noctu
1572 2989 1778 3026 comprimens,
1799 2987 1906 3024 aperire
1916 2986 2015 3022 incipit
2025 2985 2088 3014 solis
2096 2993 2158 3014 ortu
2171 3007 2179 3019 ,
2203 2983 2319 3013 meridie
2335 2992 2369 3012 ex
2391 2982 2477 3011 andit.
2588 2987 2604 3022 “4

1455 3026 1568 3064 Aperite
1580 3027 1670 3055 sontes
1680 3025 1878 3064 philosophiae,
1896 3024 2034 3053 translate.
2056 3022 2113 3052 Cic.
2130 3033 2150 3052 1.
2170 3020 2252 3052 Tusc.
2270 3025 2296 3050 6.
2325 3021 2376 3050 Mu
2391 3027 2419 3049 to
2428 3016 2567 3049 studiofioe
2588 3026 2604 3047 i:

1474 3064 1583 3102 pliiloso
1606 3064 1657 3093 hiae
1675 3065 1767 3094 fontes
1785 3063 1950 3100 aperiemus.
1982 3061 2068 3097 Quod
2082 3061 2150 3098 Virg.
2165 3070 2191 3090 2.
2215 3060 2313 3096 Georg.
2326 3064 2386 3096 175.
2417 3055 2566 3087 Recludere
2580 3060 2604 3093 *a

1474 3103 1565 3132 fontes
1581 3075 1660 3131 dixit.
1701 3102 1733 3130 V.
1760 3101 1855 3138 supra,
1876 3099 1988 3136 Aperite
2006 3099 2106 3127 fontes.
2527 3130 2533 3136 Ι
2588 3103 2589 3106 ’

1453 3141 1565 3178 Aperire
1574 3139 1673 3169 ludum
1684 3139 1816 3168 docendi.
1830 3138 1944 3167 Sueton.
1956 3136 1991 3166 de
2003 3136 2074 3165 Clar.
2091 3134 2232 3171 Rhet.c.4.
2245 3135 2285 3164 Ad
2296 3134 2326 3163 id
2336 3141 2391 3162 tem
2415 3142 2445 3162 us
2454 3129 2566 3169 Epidmt

1472 3178 1612 3208 calumnia
1619 3174 1835 3206 notatusludum
1844 3174 1965 3204 docendi
1979 3173 2313 3211 ape1·uit.CiC.9.Fam.18.
2324 3142 2449 3208 Quodut
2457 3168 2530 3199 Dion
2555 3187 2564 3196 .

1470 3222 1703 3254 tyrannus,quun1
1712 3213 1848 3252 Syracusis
1856 3212 1985 3250 expulsus
1995 3211 2060 3241 esset
2073 3210 2200 3240 Corinthi
2208 3211 2311 3240 dicitur
2322 3208 2418 3239 ludum
2427 3206 2519 3245 aperui
2540 3213 2564 3234 e.

1452 3254 1611 3320 Aperires&
1629 3253 1747 3291 Operire
1759 3251 1903 3281 contraria.
1937 3249 2024 3279 Plaut.
2045 3250 2123 3287 Capt.
2136 3259 2158 3286 3.
2173 3259 2197 3287 3.
2209 3259 2235 3285 9.
2279 3248 2385 3286 Operta
2406 3254 2466 3283 quae
2482 3244 2565 3279 fuere,
2595 3251 2604 3287 ,ij

1474 3302 1489 3320 a
1511 3299 1568 3321 erta
1592 3293 1651 3321 unt.

1453 3302 1565 3367 Apierire
1575 3323 1709 3366 parietem
1721 3326 1822 3356 dicitur
1834 3325 1880 3362 qui
1892 3325 2021 3355 fenestras
2033 3320 2075 3354 vei
2083 3325 2178 3361 januas
2194 3320 2223 3353 in
2234 3333 2269 3353 eo
2283 3322 2358 3353 facit.
2378 3320 2397 3351 1.
2409 3329 2472 3359 pen.
2485 3316 2510 3350 δε
2518 3315 2564 3348 ult.

1473 3369 1494 3404 ᾗ.
1510 3366 1558 3396 ult.
1580 3364 1610 3397 D.
1633 3362 1798 3395 deservitut.
1821 3363 1916 3392 urban.
1927 3363 2011 3401 praed.
2526 3367 2533 3376 ν’

1453 3405 1575 3443 Aperibo
1589 3426 1597 3439 ,
1623 3400 1758 3434 Futurum
1773 3401 1937 3437 antiquum,
1959 3411 2009 3438 pro
2031 3398 2168 3438 Aperiam.
2195 3399 2332 3436 Pompon.
2367 3393 2563 3426 Ve'rnionib‘us,

1474 3442 1593 3481 Aperibo
1605 3464 1613 3475 ,
1634 3451 1690 3470 non
1704 3440 1809 3478 possum
1821 3439 1911 3468 civem
1921 3437 1995 3476 pati:
2020 3447 2101 3467 orcus
2114 3432 2151 3466 est
2161 3446 2244 3476 quem
2254 3445 2345 3465 amare
2353 3434 2436 3473 coepi,
2459 3429 2564 3471 pinguis

1474 3491 1532 3509 non
1543 3479 1659 3518 pulcher
1668 3488 1746 3517 puer.
1785 3477 1895 3506 Nonius
1916 3486 1957 3504 10.
1974 3486 2016 3510 ις.
2568 3490 2573 3500 .

1417 3519 1439 3550 A
1448 3529 1462 3548 P
1474 3529 1485 3547 s
1495 3529 1509 3547 a
1518 3527 1538 3546 Ἰ·
1548 3528 1564 3546 υ
1575 3527 1586 3546 s
1598 3539 1606 3551 ,
1629 3516 1724 3546 Parric.
1746 3515 1798 3544 sive
1816 3514 1928 3543 Nomen
1943 3523 1976 3542 ex
1987 3513 2080 3542 l'artic.
2102 3513 2178 3542 unde
2192 3512 2318 3550 Apertior
2330 3511 2356 3540 ἃ
2368 3506 2563 3551 Apertiilimutt

1453 3555 1596 3592 significat,
1609 3554 1714 3589 Patens,
1726 3552 1908 3586 manifestum,
1921 3551 2045 3580 evidens.
2076 3550 2133 3580 Cic.
2152 3551 2179 3579 in
2190 3549 2253 3579 Lael.
2267 3554 2311 3586 97.
2342 3548 2374 3579 In
2390 3544 2499 3584 quamsi
2514 3544 2563 3581 (ut
2575 3561 2585 3579 -i

1453 3593 1574 3627 dicitur)
1593 3599 1721 3629 apertum
1739 3591 1835 3628 pei-“rus
1849 3589 1944 3618 videas
1956 3611 1964 3623 ,
1985 3593 2119 3627 tuumque
2136 3582 2273 3618 ostendas.
2584 3591 2585 3595 ¹

1454 3634 1553 3669 Aperta
1572 3629 1705 3668 pericula.
1729 3628 1799 3665 Virg.
1817 3626 1930 3656 ir.]En.
1945 3630 2007 3663 360.

1453 3669 1574 3699 Coelum.
1597 3668 1615 3696 i.
1631 3677 1656 3697 e.
1680 3667 1779 3696 Purum
1791 3664 1962 3699 &serenum,
1978 3664 2069 3702 inquit
2079 3663 2198 3693 Servius.
2220 3662 2293 3699 Virg.
2306 3670 2329 3690 1.
2343 3659 2405 3691 AEn.
2416 3665 2477 3696 587.

1586 3698 2012 3741 *coeloqueinverdusaperto.
2052 3702 2097 3732 Sic
2108 3701 2221 3738 Apertus
2232 3709 2277 3729 aer
2286 3699 2337 3728 live
2347 3698 2436 3728 aether.
2458 3693 2560 3732 Ib.591·
2585 3711 2586 3727 l

1533 3742 1643 3772 Scindit
1664 3742 1690 3771 se
1709 3741 1815 3776 nubes,
1847 3741 1872 3769 8<
1892 3739 1921 3767 in
1942 3739 2042 3769 aethera
2065 3744 2163 3777 purgat
2180 3745 2316 3776 apertum.

1453 3781 1597 3811 Serenum.
1621 3780 1692 3817 Virg.
1715 3789 1737 3808 r.
1761 3779 1860 3814 Georg.
1880 3782 1941 3809 587.
2305 3806 2306 3809 Ἴ

1535 3817 1595 3846 Nec
1608 3818 1701 3847 minus
1719 3826 1754 3846 ex
1771 3815 1852 3844 imbri
1874 3813 1942 3844 soles
1960 3815 1985 3844 ἃ
2002 3819 2093 3851 aperta
2107 3813 2209 3843 serena.
2301 3810 2357 3842 Ubi
2372 3810 2493 3845 Servius,
2512 3806 2560 3837 A&
2585 3811 2587 3837 ς

1471 3854 1547 3883 enim
1563 3854 1689 3884 densatur
1709 3853 1824 3887 nubilo,
1847 3852 1873 3881 Sc
1894 3851 2003 3880 rarescit
2020 3852 2124 3881 sereno,

1453 3889 1592 3928 ffiquora,
1614 3891 1679 3921 Lata
1721 3891 1837 3920 lanities.
1861 3888 1931 3926 Virg.
1948 3898 1971 3921 z.
1993 3890 2092 3926 Georg.
2107 3893 2168 3925 333.

1455 3929 1575 3968 Campus
1590 3939 1599 3966 ;
1620 3929 1705 3960 Planil
1720 3938 1810 3964 imus,
1831 3927 1858 3957 ἃ
1875 3925 2005 3958 latissime
2022 3937 2128 3966 patens.
2151 3926 2223 3964 Virg.
2238 3934 2264 3956 ι.
2277 3924 2449 3962 Georg.280.
2469 3920 2559 3988 Ιιιέὲῦἰ
2586 3903 2587 3908 i
