2641 4187
539 175 565 211 A
663 178 686 211 Β
784 178 817 211 D

146 255 279 289 Voluntas
291 259 390 289 Abdita
403 267 435 288 ac
447 257 556 287 retrusa.
583 257 640 286 Cic.
655 257 689 285 de
701 257 779 293 petit.
793 250 903 286 Consul.

109 296 293 331 Asnirum,
308 298 325 325 i.
343 307 370 326 ri.
393 291 532 332 [maai]
551 293 673 332 proloco
684 294 805 323 occulto.
830 294 897 323 l'lin.
910 294 986 328 lib.8.
999 304 1088 332 cap.5.
1110 292 1259 329 Nunquam

146 335 194 363 nisi
206 335 233 362 in
246 334 340 363 abdito
352 338 463 363 coeunt.

145 372 245 401 Abdita
258 381 356 400 rerum.
382 371 476 399 llorat.
492 369 518 397 in
532 368 595 397 Arte
605 374 680 404 poet.
693 379 737 404 49.

221 409 333 438 Iudiciis
345 408 492 437 monstrare
503 406 659 434 recentibus
670 406 763 435 abdita
773 415 871 436 rerum.

146 445 246 476 Abdita
255 454 342 475 terrae.
365 445 474 475 Lucret.
489 443 536 472 lib.
547 447 572 472 6.
587 449 650 478 809.

221 484 315 513 Terrai
330 484 440 521 penitus
451 482 601 511 scrutantes
613 481 706 509 abdita
719 481 799 509 ferro.

110 520 263 556 Annia-13,
283 521 346 550 adv.
369 519 512 556 [xp-avim]
532 518 669 553 Occulte‚
693 518 812 552 secreto,
833 517 999 547 abscondite.
1032 517 1089 547 Cic.
1102 529 1126 554 4.
1145 518 1171 547 in
1186 518 1259 547 Verr.

149 558 251 588 Omnia
263 559 299 588 ita
309 559 424 588 condita
432 556 510 586 fuisse
521 578 527 589 ,
548 562 628 594 atque
640 557 677 584 ita
686 555 778 585 abdite
790 555 893 584 latuiss'e
904 556 1056 584 videantur.

112 596 317 625 Assoi'rfvus
328 619 336 631 ,
357 596 410 629 adi.
438 595 484 631 qui
497 593 593 629 latuit,
621 594 667 630 qui
684 593 817 622 abductus
830 601 991 629 amotusque
1008 593 1059 622 fuit
1077 592 1160 622 Plaut.
1179 592 1259 621 Poen.

148 633 218 662 Prol.
230 644 255 663 v.
270 638 314 668 ὗς.
343 633 428 662 Filius
438 631 697 669 abditivusapatie.
730 631 828 665 Nunc,
852 636 882 658 ut
892 631 1006 666 opinor,
1027 630 1190 659 obsoletum.
1217 630 1264 659 Fe-

149 671 219 707 stus,
240 671 378 705 Abditivi,
399 669 531 699 abortivi.

110 707 256 738 Annono
267 718 399 743 Misius,
421 707 472 736 11νο
483 705 688 736 Abdalom'mus.
711 704 807 740 Justin.
823 704 869 734 lib.
887 715 927 734 11.
945 716 986 734 10.
1024 705 1107 734 Tunc
1119 705 1146 733 in
1160 705 1264 741 Syriam

147 746 339 784 proficiscitur,
357 746 405 779 (de
416 744 571 774 Alexandro
583 744 718 781 loquitur>
730 742 775 771 ubi
791 741 887 771 obvios
899 754 962 771 cuin
973 742 1065 771 insulis
1076 742 1177 771 multos
1189 751 1265 778 reges

149 784 273 813 Orientis
284 783 388 813 habuit.
419 783 460 812 Ex
472 783 513 811 his
525 792 575 819 pro
587 782 690 810 meritis
702 779 886 816 singulorum,
907 780 973 809 alios
987 782 1012 808 in
1025 780 1180 809 societatem
1193 790 1266 807 rece-

148 822 208 859 pit,
231 821 289 851 aliis
301 831 418 858 regnum
429 820 532 850 ademit
542 842 550 850 ,
570 818 689 848 fiiffectis
700 819 727 846 in
739 817 800 846 loca
810 827 906 846 eorum
918 819 994 846 novis¹
1005 817 1123 855 regibus.
1150 817 1264 853 lnl'ignis

149 866 247 898 praeter
258 866 372 888 caeteros
390 859 441 888 suit
452 857 668 891 Abdolominus,
686 865 733 884 rex
751 855 783 884 ab
799 855 951 884 Alexandro
962 856 1081 885 Sidoniae
1091 855 1264 888 constitutus,

149 907 234 934 quem
244 897 398 926 Alexander
408 919 416 931 ,
443 905 529 933 quum
542 903 654 931 operam
666 893 791 922 ablocare
803 892 836 921 ad
849 899 947 929 puteos
962 893 1164 922 exhauriendos
1176 915 1184 926 ,
1205 892 1268 921 hor-

149 940 248 971 tosque
268 935 420 972 irrigandos
435 933 529 962 solitus
543 931 608 961 ell‘et
618 954 625 966 ‚
649 931 743 960 misere
758 931 841 959 vitam
854 931 1027 967 exigentem,
1052 941 1144 967 regem
1155 930 1266 963 fecerat,

150 972 246 1010 spretis
258 972 398 1001 nobilibus
408 994 416 1007 ,
443 981 477 1000 ne
489 970 595 1007 generis
606 970 636 998 id
646 991 654 1005 ,
675 978 733 997 non
745 968 834 997 dantis
846 967 1010 997 beneficium
1021 975 1159 1006 putarent.
1198 968 1270 997 Sunt

149 1011 197 1046 qui
210 1010 400 1039 Abaitomiuin
408 1015 519 1037 vocent.
1038 1008 1048 1009 ’

152 1047 219 1083 Ejus
238 1048 470 1085 aequanimitatem
486 1044 581 1074 laudat
598 1043 708 1073 Curtius
721 1054 746 1078 4.
763 1052 785 1072 1.
800 1049 844 1077 28.
874 1053 927 1081 qua
944 1043 1097 1072 Alexandro
1112 1041 1207 1072 dixisse
1220 1041 1271 1071 ser-

172 1091 236 1120 tur,
257 1085 328 1114 nihil
341 1084 452 1114 habenti
470 1082 539 1112 nihil
552 1082 648 1111 defuit.
688 1081 771 1110 Diod.
791 1082 844 1110 Sic.
862 1091 902 1118 17.
916 1086 960 1117 46.
986 1081 1180 1118 Ballonymum
1190 1085 1272 1109 vocat

173 1123 286 1152 barbaro
298 1123 411 1152 nomine
422 1119 551 1150 nonnihil
561 1119 595 1149 ad
607 1117 732 1148 indolem
743 1120 900 1148 Graecorum
913 1120 946 1148 de
959 1119 1039 1147 flexo.

116 1159 292 1191 annnam
303 1183 311 1196 ,
337 1160 391 1189 *inis
401 1182 409 1193 ,
438 1169 466 1188 n.
496 1157 626 1194 [λκπτὶεφ
638 1176 646 1189 9
667 1156 845 1192 ὶπηοῖεᾙομ]
872 1158 933 1186 Pars
948 1156 985 1185 est
1001 1156 1114 1185 humani
1131 1155 1270 1193 corporis,

154 1209 237 1236 quam
262 1199 297 1227 sic
324 1196 453 1226 describit
479 1195 562 1225 Corn.
594 1193 663 1223 Cels.
687 1193 734 1222 lib.
751 1205 776 1230 4.
800 1205 859 1232 cap.
877 1205 899 1223 i.
944 1194 1003 1231 lpsa
1024 1201 1116 1223 autem
1135 1193 1182 1222 ilia
1202 1193 1272 1221 inter

153 1246 237 1266 coxas
256 1238 282 1266 Sc
300 1235 404 1273 pubem
420 1235 478 1263 imo
494 1241 590 1262 ventre
608 1232 695 1270 posita
713 1231 796 1261 sunt:
837 1242 853 1261 a
872 1232 969 1269 quibus
987 1242 1018 1260 ac
1036 1231 1112 1269 pube
1133 1231 1272 1260 abdomen

153 1274 256 1303 sursum
275 1273 366 1302 versus
387 1272 422 1301 ad
443 1271 595 1309 praecordia
612 1270 739 1308 pervenit
759 1279 766 1299 ε
811 1269 845 1298 ab
867 1270 995 1299 exteriori
1016 1277 1090 1307 parte
1108 1291 1116 1304 ,
1150 1268 1273 1298 evidenti

154 1317 237 1341 cute:
269 1310 302 1340 ab
318 1310 460 1345 interiori,
493 1309 546 1338 levi
561 1308 721 1337 membrana
736 1307 873 1338 inclusum
884 1329 893 1343 ,
922 1316 982 1345 quae
998 1313 1113 1336 omento
1132 1306 1272 1343 jungitur,

152 1349 315 1380 mest-rima&
329 1356 422 1377 autem
436 1358 451 1376 a
462 1347 563 1376 Graecis
575 1346 742 1374 nominatur.

154 1386 233 1423 Quid
251 1396 316 1415 vero
336 1386 483 1415 Abdomen
503 1384 534 1413 sit
556 1384 584 1412 in
604 1383 669 1418 sue,
691 1383 775 1412 docet
785 1381 827 1411 his
838 1382 926 1411 verbis
946 1382 1015 1411 Plin.
1036 1381 1083 1411 lib.
1105 1387 1130 1416 8.
1154 1390 1213 1419 cap.
1230 1390 1271 1416 51.

173 1424 249 1454 Hinc
260 1424 451 1453 Censoriarum
462 1445 470 1458 ,
497 1422 525 1451 in
547 1422 588 1451 uit
597 1443 605 1456 ,
625 1420 717 1458 legum
728 1421 834 1458 pagina*
846 1443 853 1455 ,
883 1421 1082 1457 interdictaque
1094 1420 1181 1448 coenis
1191 1418 1276 1448 abdo-

173 1463 268 1497 mina,
290 1461 400 1499 glandia
410 1483 417 1497 ,
438 1433 556 1489 testiciili
566 1481 574 1495 ,
601 1458 690 1488 vulvae
700 1481 708 1494 ,
733 1458 868 1496 syncipita
883 1459 990 1487 verrina
1000 1480 1008 1492 ,
1039 1466 1071 1487 ut
1081 1465 1174 1486 tamen
1188 1456 1275 1485 Publii

176 1501 326 1529 mimorum
363 1507 434 1528 oetae
449 1507 547 1533 coeria,
575 1497 718 1535 postquam
732 1496 889 1525 servitutem
900 1502 1028 1530 exuerat,
1054 1495 1131 1525 nulla
1141 1504 1277 1523 memore-

174 1544 219 1567 tur
229 1537 284 1566 sine
295 1537 328 1567 ab
351 1537 455 1572 omine,
475 1536 558 1566 etiarn
569 1534 706 1563 vocabulo
718 1533 830 1563 suminis
840 1533 874 1562 ab
888 1544 922 1562 eo
934 1533 1069 1571 impolito.
1091 1532 1220 1562 Placuere
1231 1543 1277 1561 au-

174 1582 233 1606 tem
244 1577 270 1606 &
280 1575 330 1605 feri
341 1575 410 1604 sueS.
449 1573 512 1610 Jam
523 1573 635 1602 Catonis
647 1572 772 1602 Censoris
785 1572 923 1601 orationes
939 1581 1094 1609 aprugnum
1109 1572 1278 1608 exprobrant

176 1613 286 1643 callum.
325 1613 360 1642 Et
374 1612 421 1641 lib.
440 1622 482 1641 11.
505 1621 565 1649 cap.
580 1620 623 1648 37.
664 1609 751 1639 Vulva
761 1610 850 1646 ejecto
868 1617 947 1647 partu
959 1609 1072 1644 melior,
1095 1618 1175 1643 quani
1188 1608 1273 1636 edito.

175 1651 302 1685 Eiectitia
310 1657 424 1680 vocatur
433 1649 495 1685 illa,
516 1649 575 1678 haec
586 1648 709 1686 porcaria
717 1648 872 1686 primiparae
881 1647 933 1676 suis
945 1647 1064 1684 optima;
1087 1646 1190 1675 Contra
1199 1645 1278 1674 effoe-

176 1690 220 1719 tis.
260 1690 282 1718 A
298 1696 395 1727 partu,
425 1694 607 1726 prreterquam
626 1686 727 1715 eodem
745 1686 791 1715 die
811 1685 865 1714 suis
882 1684 995 1719 occisae,
1026 1685 1111 1713 livida
1126 1694 1157 1713 ac
1176 1693 1274 1712 macra.

176 1727 237 1758 Nec
247 1727 419 1756 novellarum
436 1725 514 1754 suum
524 1747 531 1761 ,
559 1730 740 1762 praeterquam
753 1724 961 1762 priniipararum
976 1722 1128 1760 probantur
1138 1744 1146 1757 ,
1173 1721 1279 1759 potius-

177 1775 231 1803 que
242 1771 368 1794 veterum
376 1787 383 1800 ,
405 1763 528 1793 necdum
538 1762 695 1791 effoetarum
706 1783 713 1797 ,
735 1763 761 1792 Sc
772 1761 858 1790 biduo
869 1768 932 1789 ante
944 1768 1051 1798 parturn
1063 1782 1071 1795 ,
1092 1766 1139 1789 aut
1149 1759 1209 1797 post
1219 1768 1279 1796 par-

176 1809 253 1837 tum,
277 1809 325 1832 aut
355 1812 392 1832 uo
403 1802 536 1836 eiecerint
546 1801 600 1829 die.
638 1800 765 1829 Proxima
775 1799 901 1835 ejectitiae
912 1798 949 1827 est
958 1820 966 1833 ,
987 1798 1083 1827 occisae
1093 1807 1150 1826 uno
1163 1797 1207 1826 die
1219 1796 1279 1835 post

177 1847 296 1880 partum.
362 1841 424 1875 uius
437 1840 463 1869 Sc
476 1839 572 1868 sumen
584 1838 722 1875 optimum
733 1860 741 1872 ,
768 1837 784 1866 fi
798 1837 883 1865 niodo
894 1836 977 1865 foetus
988 1846 1045 1865 non
1059 1835 1193 1865 hauserit:
1225 1835 1280 1867 eie-

178 1879 261 1908 0110110
272 1878 460 1907 deterrimum.
500 1877 612 1913 Antiqui
623 1876 762 1905 abdomen
774 1874 909 1904 vocabant
919 1896 927 1909 ,
947 1874 1106 1911 priusquam
1117 1872 1229 1902 calleret
1239 1873 1278 1907 id,

178 1917 294 1946 scientes
311 1916 439 1946 occidere
456 1924 513 1943 non
532 1913 636 1943 assueti.
673 1913 813 1943 Hactenus
832 1912 898 1941 Plin.
932 1912 1024 1948 Quem
1042 1911 1136 1940 locum
1150 1910 1225 1946 justis
1244 1910 1279 1939 de

178 1954 263 1984 caulis
273 1954 355 1984 altius
365 1953 514 1991 repetitum
523 1974 531 1987 ,
559 1951 595 1981 lic
606 1961 641 1980 ex
663 1952 723 1980 onit
738 1950 902 1980 Hermolaus
914 1972 921 1984 ,
951 1949 982 1979 ld
994 1949 1068 1986 quod
1081 1949 1167 1977 niodo
1184 1947 1281 1977 sumen

178 1993 280 2022 dicitur
289 2015 297 2028 ,
324 1992 379 2021 hoc
391 1991 428 2020 cst
438 2013 445 2026 ,
469 1989 560 2019 suillas
572 1999 637 2019 cum
659 1990 717 2018 afte
729 1988 776 2018 suo
793 1997 924 2017 mammas
933 2009 941 2023 ,
970 1995 1075 2016 veteres
1086 1986 1225 2016 abdomen
1235 1995 1283 2015 vo-

178 2030 298 2066 cabant3
329 2030 362 2059 ab
382 2028 452 2058 lacte
467 2028 567 2066 opinor
583 2028 639 2063 jam
655 2027 749 2056 abdito
771 2028 796 2056 &
816 2026 928 2063 fugato:
960 2032 1057 2063 utpote
1071 2026 1117 2061 qui
1134 2030 1282 2060 antequam

178 2068 264 2098 ubera
279 2067 474 2102 callescerent,
501 2065 556 2095 hoc
567 2065 623 2101 est,
649 2065 749 2094 siccato
760 2065 830 2094 laete
847 2063 1040 2099 durescerent,
1065 2062 1143 2092 suem
1153 2062 1282 2091 occidere

178 2116 237 2135 non
248 2105 375 2135 solerent.

157 2143 308 2174 ‚abdomen
318 2153 418 2182 porcae.
446 2141 508 2178 Juv.
521 2142 575 2172 Sat.
589 2151 614 2170 2.
631 2146 673 2175 18.

239 2183 330 2219 Atque
340 2182 446 2211 Bonam
455 2188 557 2210 tenerae
568 2179 680 2217 placant
689 2178 838 2208 abdomine
848 2187 939 2216 porcae

239 2219 276 2249 Et
287 2229 388 2257 magno
399 2225 502 2248 cratere
511 2218 607 2248 Deam.

162 2256 309 2287 Abdomen
322 2256 504 2286 insaturabile.
545 2255 602 2284 Cic.
618 2264 668 2292 pro
686 2254 751 2284 Sest.
769 2264 828 2283 110.
867 2252 966 2283 Libelli
982 2253 1066 2283 etiam
1084 2262 1136 2291 pro
1152 2252 1219 2281 vino
1235 2261 1285 2290 op-

181 2295 414 2334 pignerabantur:
451 2293 581 2323 manebat
604 2291 779 2322 insaturabile
800 2292 958 2321 abdomen:
998 2292 1086 2329 copiae
1107 2290 1281 2319 deficiebant.

183 2333 250 2369 Quo
262 2334 291 2362 iri
300 2333 364 2362 loeo
375 2342 425 2371 pro
438 2333 505 2361 vitio
516 2331 619 2361 ventris
629 2353 636 2365 ,
657 2330 733 2368 quod
746 2330 917 2368 gulositatem
927 2335 1043 2364 vocant,
1064 2329 1208 2365 accipitur.

164 2370 314 2400 Abdomini
325 2378 404 2401 natus
414 2393 422 2406 ,
443 2370 475 2399 ld
488 2370 543 2405 est,
564 2369 691 2398 ventri&
702 2367 780 2406 gulae.
822 2368 879 2397 Cic.
892 2369 921 2396 in
938 2367 1025 2396 Pison.
1039 2377 1084 2402 41.
1125 2366 1175 2396 llle
1189 2375 1286 2404 gurges

181 2416 265 2447 atque
277 2409 371 2438 helluo
382 2414 462 2438 natus
473 2407 616 2437 abdomini
626 2406 675 2436 suo
686 2429 694 2442 ,
715 2416 773 2435 non
785 2406 859 2435 laudi
871 2413 951 2443 atque
963 2404 1064 2442 gloriae.

162 2446 327 2477 Abdominis
337 2446 503 2484 voluptates.
535 2445 592 2474 Cic.
606 2445 635 2473 in
648 2444 736 2473 Pison.
751 2448 795 2473 66.
836 2443 912 2473 Solet
933 2444 961 2471 iri
981 2441 1213 2480 disputationibus
1233 2440 1286 2471 suis

183 2485 331 2515 oculorum
342 2486 369 2515 St
379 2485 486 2514 aurium
499 2483 696 2518 delectationi,
715 2482 873 2511 abdominis
885 2481 1040 2518 voluptates
1052 2480 1195 2509 anteferre.

128 2522 198 2589 ABG>
207 2533 254 2591 ΗΑΛ
266 2545 275 2559 ,
305 2521 435 2559 [ἄρδω]
465 2521 566 2552 fluvius
587 2520 682 2550 Galliae
702 2519 865 2559 Cisalpinae,
895 2520 942 2557 qui
958 2518 1056 2548 Addua
1071 2518 1155 2547 etiam
1175 2517 1286 2546 dicitur.

191 2584 197 2590 .
249 2571 358 2590 DDUA.

129 2598 294 2634 Auni-ico,
312 2599 359 2634 xi,
381 2600 465 2628 erum.
487 2595 617 2633 [o'cmt‘w]
642 2595 683 2625 Ab
694 2595 758 2625 loco
770 2595 852 2624 duco.
892 2594 956 2629 Ter.
969 2594 1039 2624 Eun.
1053 2602 1077 2630 3.
1095 2604 1117 2623 1.
1134 2602 1176 2630 17.
1214 2592 1289 2622 Tum

165 2647 211 2667 me
222 2637 369 2667 convivam
382 2635 538 2666 abducebat
550 2634 638 2664 solum
653 2633 712 2663 sibi.
750 2633 808 2662 Cic.
823 2643 848 2663 2.
870 2632 904 2662 de
915 2632 974 2662 Pin.
1016 2632 1136 2668 Maiores
1155 2631 1238 2660 nostri
1256 2630 1289 2659 ab

166 2681 255 2705 aratro
266 2675 444 2704 abduxerunt
454 2673 653 2703 Cincinnatum
669 2671 767 2706 illurn,
789 2678 820 2700 ut
836 2671 960 2700 Dictator
976 2669 1050 2699 esset.
1092 2669 1150 2699 Cic.
1167 2680 1190 2704 5.
1213 2668 1288 2697 Verr.

167 2713 262 2743 Omne
278 2713 497 2743 instrumentum.
511 2710 645 2748 diripuit,
674 2709 808 2738 familiam
824 2709 956 2743 abduxit,
987 2717 1073 2746 pecus
1089 2707 1189 2743 abegit.
1235 2706 1290 2741 Sic,

167 2756 184 2781 a
193 2751 291 2780 marito
310 2751 345 2779 ad
360 2750 510 2779 divortium
521 2758 591 2777 uxor
601 2747 748 2777 abducitur
758 2770 766 2783 ,
788 2748 854 2777 teste
865 2747 984 2776 Donato.
1025 2745 1098 2783 Virg.
1111 2746 1173 2776 AEn.
1189 2753 1289 2781 10.,79.

151 2798 154 2802 '
168 2789 237 2818 -Et
247 2789 356 2826 gremiis
369 2788 506 2818 abducere
519 2787 620 2829 pactas.

169 2826 313 2856 Abducere
333 2827 376 2861 vi,
405 2825 450 2855 vel
466 2835 515 2863 pei·
532 2834 598 2853 vim.
639 2823 697 2853 Cic.
713 2834 737 2860 5.
761 2822 836 2852 Verr.
877 2821 971 2851 Isidori
985 2821 1063 2850 mimi
1078 2820 1181 2856 filiam,
1208 2821 1235 2850 vi
1247 2820 1294 2850 ab-

189 2864 326 2893 duc‘iama
341 2864 453 2894 Rhodio
472 2862 569 2891 milite.
603 2861 660 2890 Liv.
675 2871 700 2890 2.
723 2864 765 2895 56.
808 2860 1002 2890 Consularibus
1017 2859 1130 2895 negotio
1148 2859 1231 2895 dato,
1262 2864 1294 2888 ut

189 2902 326 2939 collegam
357 2912 386 2931 er
395 2902 453 2931 vim
462 2924 470 2937 ,
492 2901 509 2929 11
520 2900 598 2929 aliter
609 2909 667 2928 non
678 2898 787 2937 possent
797 2921 804 2933 ,
826 2898 860 2927 de
872 2899 931 2927 foro
943 2897 1121 2926 abducerent.

169 2939 203 2970 In
214 2912 446 2976 aliquemllocum.
475 2938 533 2968 Cic.
548 2947 573 2974 7.
587 2936 663 2966 Verr.
693 2936 768 2974 Ipsos
784 2938 811 2965 iri
825 2936 948 2965 latomias
963 2934 1063 2964 abduci
1075 2933 1235 2973 imperabat.

169 2976 238 3008 Rus.
253 2977 337 3007 Plaut.
350 2977 407 3007 Cas.
425 2988 447 3006 1.
463 2986 507 3007 21.
546 2975 655 3005 Abduxi
669 2985 781 3004 mecum
793 2983 909 3003 uxorem
921 2982 975 3002 rus.

170 3016 205 3046 In
216 3015 353 3045 diversum
363 3025 379 3045 a
389 3015 466 3044 nido.
493 3013 562 3044 Plin.
575 3012 623 3042 lib.
641 3023 682 3042 10.
703 3022 763 3051 cap.
778 3022 820 3050 33.
843 3012 877 3041 de
888 3011 1000 3049 perdice
1014 3011 1040 3045 &
1050 3019 1166 3047 aucupe.

171 3053 210 3121 11(ιὶ
223 3053 389 3097 servitutem.
427 3052 493 3083 Caes.
513 3051 580 3081 Bell.
602 3050 671 3081 Gall.
688 3061 711 3080 1.
732 3061 774 3080 11.
815 3049 905 3080 Liberi
921 3058 1018 3078 eorum
1035 3048 1065 3077 in
1081 3048 1241 3077 servitutem
1250 3045 1296 3076 ab-

212 3101 266 3121 uci.

171 3129 281 3160 Abduci
296 3129 384 3159 etiam
401 3138 504 3167 pecora
520 3127 660 3157 dicuntur.
701 3125 785 3156 Ovid.
809 3124 885 3164 epist.
902 3127 943 3154 16.
964 3133 1025 3161 357.
1066 3123 1138 3153 Paris
1157 3123 1192 3152 de
1212 3122 1238 3152 se
1257 3121 1298 3151 lo-

210 3174 285 3197 uitur

191 3178 209 3206 q
253 3189 326 3234 Pe’ne
356 3214 406 3233 uer
416 3203 489 3233 caefis
500 3203 619 3232 abducta
628 3206 752 3231 armenta
765 3201 858 3239 recepi

292 3242 338 3272 Ho
362 3241 424 3271 ibus
433 3263 440 3274 .
463 3243 490 3271 &
500 3241 608 3270 causam
619 3240 743 3269 nominis
757 3239 823 3268 inde
834 3239 894 3268 tuli.

173 3279 319 3311 Abducere
329 3302 337 3316 ,
357 3289 408 3318 pro
418 3279 577 3308 Abstrahere
585 3300 593 3313 ,
614 3287 742 3307 revocare
754 3287 760 3306 z
783 3283 822 3313 ut,

173 3319 319 3349 Abducere
338 3327 355 3347 a
368 3317 491 3347 testibus.
529 3316 588 3346 Cic.
608 3325 660 3354 pro
679 3314 745 3344 Cael.
764 3324 808 3344 22.
849 3314 985 3352 Equidem
1005 3322 1054 3343 vos
1074 3311 1211 3342 abducam
1227 3321 1242 3341 a
1258 3317 1300 3341 te-

194 3355 287 3386 stibus.

155 3403 157 3407 ⁴
174 3395 198 3424 A
208 3393 365 3424 meretricio
377 3392 487 3430 quaestu.
518 3391 576 3421 Cic.
590 3390 689 3429 Philip.
703 3400 729 3420 2.
742 3401 788 3426 44.

174 3433 272 3462 Aciem
283 3431 411 3461 mentisa
421 3429 622 3459 consuetudine
633 3428 788 3458 oculorum.
821 3427 879 3456 Cic.
895 3437 920 3456 2.
934 3426 969 3455 de
980 3425 1043 3455 Nat.
1056 3424 1138 3454 Deor.
1151 3435 1196 3460 45.

176 3471 308 3500 Animum
333 3479 350 3498 a
369 3467 594 3505 cogitationibus.
635 3466 693 3496 Cic.
715 3477 738 3502 5.
762 3466 796 3495 de
816 3466 876 3495 Fin.
917 3465 979 3499 Sic,
1004 3463 1037 3492 ab
1056 3461 1192 3500 querelis,
1221 3461 1301 3491 Idem

195 3509 250 3538 Att.
270 3508 318 3536 lib.
339 3517 365 3543 9.
402 3507 473 3536 Item
485 3528 493 3542 ,
519 3505 664 3535 Abducere
683 3504 882 3542 cogitationem
899 3512 915 3532 a
930 3500 1149 3536 consuetudine,
1175 3499 1256 3529 Idem
1276 3509 1298 3529 1.

178 3545 335 3614 A'siiiiiculiiia
346 3581 532 3611 solicitudine.
564 3580 623 3609 Cic.
639 3579 688 3609 lib.
701 3590 728 3615 4.
743 3578 819 3617 epist.
835 3587 859 3613 3.

178 3621 353 3659 Discipulum
368 3630 384 3649 a
401 3625 581 3657 praeceptore.
615 3617 673 3647 Cic.
684 3617 732 3647 lib.
749 3628 771 3653 ς.
786 3616 821 3646 de
831 3616 892 3646 Pin.
930 3614 1023 3651 Quem
1034 3612 1202 3654 discipulum
1219 3614 1303 3653 cupio

199 3670 215 3689 a
224 3666 252 3688 te
265 3658 410 3688 abducere.

180 3697 300 3727 Puerum
310 3706 326 3725 a
337 3694 537 3725 Grammaticis.
576 3691 696 3730 Quintil.
709 3692 756 3721 lib.
770 3701 795 3721 2.
815 3701 875 3728 cap.
890 3699 913 3719 1.

182 3735 217 3765 Se
228 3734 261 3764 ab
272 3733 419 3771 angoribus
430 3734 456 3762 δι
468 3731 608 3761 molestiis.
648 3730 705 3760 Cic.
719 3730 753 3760 ad
764 3730 838 3759 Fam.
857 3728 904 3758 lib.
919 3739 942 3764 5.
961 3735 1005 3764 13.

182 3773 205 3802 A
215 3772 343 3809 negotiis.
380 3770 466 3800 Plaut.
479 3769 552 3799 Rud.
569 3779 591 3797 1.
603 3778 628 3797 2.
646 3777 670 3798 1.

182 3810 224 3841 Ab
240 3810 342 3839 officio.
382 3808 440 3837 Cic.
454 3808 488 3837 de
501 3806 634 3836 Amicitia.

183 3849 206 3878 A
216 3847 296 3877 rebus
309 3846 435 3885 gerendis
447 3845 558 3875 abduci.
596 3844 674 3874 Idem
688 3853 712 3872 1.
727 3842 784 3872 Off.

184 3886 329 3915 Abducere
339 3884 373 3913 ab
389 3883 488 3913 studio.
520 3882 584 3912 Ter.
596 3883 625 3910 in
637 3880 707 3925 prol.
720 3881 790 3910 Hec.
817 3880 843 3909 ὅ(
855 3878 914 3909 Cic.
924 3876 972 3907 lib.
985 3887 1016 3913 4.
1035 3876 1112 3915 epist.
1125 3887 1151 3913 4.

184 3923 291 3954 Abduci
305 3932 322 3951 a
336 3931 412 3950 vero.
452 3921 511 3950 Cic.
525 3929 548 3957 3.
568 3920 603 3948 de
620 3919 680 3948 Fin.

185 3961 348 3999 Equitatum
358 3959 390 3988 ab
402 3958 493 3996 aliquo
505 3958 541 3986 ad
551 3956 585 3986 se.
623 3956 680 3985 Cic.
697 3966 708 3984 1
717 3965 738 3984 1.
757 3953 855 3992 Philip.

186 4000 302 4030 Servum
318 3997 351 4028 ab
365 3996 466 4033 aliquo.
503 3995 560 4024 Cic.
575 4004 625 4033 pro
634 3994 776 4023 Deiotaro.

1718 175 1745 209 A
1843 175 1865 208 B
1960 176 1987 211 E
2430 191 2452 227 7

1347 257 1465 287 Ux‘orcm
1481 268 1495 287 a
1507 259 1572 286 viro.
1608 256 1665 286 Cic.
1679 266 1728 293 pro
1739 255 1846 284 Flacco.

1347 296 1452 324 Abduci
1469 296 1501 324 ab
1514 296 1639 324 institutis·
1660 293 1712 322 suis
1727 294 1852 331 pecunia.
1891 292 1948 321 Cic.
1968 293 2013 322 lib.
2029 304 2053 328 4.
2074 295 2184 325 inVerr.
2199 304 2240 324 12.
2269 295 2455 329 Veriuitamen

1364 333 1538 375 abduci-intur
1558 333 1683 361 homines
1696 339 1896 367 nonnunquam
1915 331 1996 359 etiam
2009 331 2041 360 ab
2057 332 2183 362 institutis
2195 333 2246 362 suis
2266 335 2455 371 magnitudine

1365 378 1498 405 PCR-[lillis.

1348 406 1489 435 1111110001(-
1512 407 1629 443 aliquem
1649 406 1682 434 ad
1705 405 1862 442 nequitiam.
1900 404 1963 434 Ter.
1986 405 2061 433 Adel.
2077 415 2098 439 ζ.
2120 417 2144 441 3.
2162 419 2187 442 4.
2229 407 2258 436 ln
2279 417 2341 436 eum
2363 409 2455 438 locum

1370 443 1493 471 Donatus
1504 445 1556 477 ait,
1579 444 1617 472 Ad
1629 444 1777 479 nequitiam
1789 442 1941 475 abducere,
1963 443 2033 479 quali
2049 443 2162 472 invitum
2176 445 2259 478 dixit,
2281 455 2337 473 non
2348 456 2454 481 vocare,

1368 479 1413 508 sed
1426 480 1569 508 abducere.
1611 481 1742 508 Duciinus
1753 481 1826 509 enini
1839 480 1962 508 volentes·
1972 502 1979 513 ,
2001 480 2046 507 sed
2058 481 2218 510 abducimus
2233 483 2340 511 invitos.

1351 517 1408 558 Are
1422 517 1510 559 aliqua
1529 518 1560 545 ad
1578 516 1666 545 aliam.
1697 518 1753 546 cic.
1770 529 1792 550 ς.
1809 518 1879 545 Verr.
1919 517 1957 546 Ab
1971 517 2022 545 illis
2036 517 2210 552 hominibus,
2229 520 2273 555 qui
2293 527 2350 548 tum
2362 519 2454 549 versati

1369 554 1430 596 lunt
1450 565 1476 582 in
1499 564 1554 589 rep.
1580 554 1614 582 ad
1635 554 1704 582 hanc
1727 555 1870 583 hominum
1890 554 2027 583 licentiam
2049 558 2073 583 ἃ
2095 555 2237 584 libidinem
2259 566 2302 585 nie
2323 558 2457 585 abducis?

1371 594 1428 619 Cic.
1443 601 1466 619 2.
1480 592 1514 619 de
1525 592 1600 619 Orat.
1628 591 1768 619 Abducere
1779 593 1884 620 animos
1897 604 1910 620 a
1922 592 2056 620 contraria
2067 592 2239 627 (lelenlione,
2261 596 2285 622 ὁὶ
2297 595 2330 622 ad
2342 595 2458 624 iiollrain

1371 638 1456 657 conor
1466 628 1615 656 traducere.
1654 628 1729 669 ldeiii
1745 629 1789 657 lib,
1808 640 1829 658 i.
1849 630 1882 658 de
1895 630 1985 658 lJivin.
1999 630 2032 658 de
2045 630 2200 667 Aruspiciiia
2210 630 2341 667 loquens,
2366 632 2406 660 Ne
2418 642 2459 660 ars

1370 671 1455 698 tanta,
1467 672 1578 729 propter
1588 672 1746 693 tenultatem
1760 668 1913 701 hominum,
1930 677 1945 695 a
1957 667 2095 703 religionIs
2106 668 2269 696 authoritate
2279 668 2459 698 abduceretur

1371 704 1405 731 ad
1422 712 1521 731 merce(
1534 711 1577 730 ein
1588 709 1668 736 atque
1682 703 1819 737 qualium.

1353 740 1478 776 Aliquem
1488 750 1505 781 ,³¹
1521 738 1679 781 Republica.
1720 740 1776 767 Cic.
1791 739 1834 767 lib.
1850 749 1871 772 ³·
1892 741 1925 769 ad
1937 740 2033 776 Quint.
2049 741 2108 771 frat.
2148 742 2262 771 Abduco
2273 743 2403 779 equidem
2416 752 2460 772 me

1373 777 1406 806 ab
1418 786 1492 805 ouini
1506 775 1672 812 Reipublica·
1684 784 1747 803 cura
1759 797 1766 809 ,
1791 777 1916 814 dedoque
1929 778 2020 808 literis.

1354 815 1480 851 Aliquem
1492 823 1524 842 ex
1536 813 1603 841 acie.
1645 812 1701 840 CiC.
1715 813 1740 840 in
1756 813 1843 841 Bruto.

1355 853 1480 888 Aliquem
1492 861 1506 880 a
1517 850 1570 878 tide
1581 872 1588 884 ,
1607 858 1655 887 pro
1666 848 1805 889 1101111011(-
1816 861 1829 878 a
1841 850 1893 878 lide
1905 852 2058 887 praestanda.
2085 853 2141 882 Cic.
2155 863 2204 891 pro
2220 852 2248 882 L.
2265 853 2372 882 Flacco.

1355 890 1498 920 Abdiicere
1510 887 1636 925 caputab
1649 888 1720 921 10111,
1742 887 1771 915 ld
1783 887 1834 920 est,
1855 896 1982 917 avertere.
2008 890 2077 924 Yire.
2095 892 2155 920 Jhn.
2171 902 2193 927 ς.
2206 896 2270 927 428.

1437 926 1581 956 Abduxere
1592 931 1662 953 retro
1675 924 1755 960 longe
1768 925 1857 962 capita
1867 930 1950 953 ardua
1961 926 1993 954 ab
2007 924 2071 955 itui.

1357 964 1488 995 Gradum.
1518 963 1565 992 Sil.
1579 962 1624 990 lib.
1642 972 1682 990 10.
1696 972 1721 996 4.

1357 1003 1501 1032 Somnum.
1535 1000 1617 1029 Ovid.
1632 999 1697 1028 fast.
1714 1009 1736 1033 5.
1750 1007 1812 1035 477.

1437 1039 1550 1075 Visaque
1562 1036 1724 1073 confugiens
1736 1036 1844 1064 somnos
1856 1035 1970 1065 abduxit
1982 1037 2079 1073 imago

1358 1076 1475 1106 Vincula
1487 1076 1520 1105 ab
1532 1075 1623 1111 aliquo
1634 1074 1706 1103 loco.
1737 1073 1793 1101 val.
1809 1073 1877 1103 Flac.
1894 1084 1916 1107 ς.
1939 1075 2082 1110 1111ςο11·.111[.
2099 1077 2156 1103 160.

1438 1112 1554 1142 Vincula
1566 1112 1660 1150 prensa
1671 1120 1752 1140 manu
1765 1111 1832 1139 faxis
1843 1111 1993 1140 abduxerat
2005 1112 2072 1140 imis.

1359 1151 1461 1180 Visum.
1492 1151 1559 1180 Plin.
1575 1150 1620 1178 lib.
1638 1160 1677 1178 ii.
1697 1159 1756 1190 cap.
1773 1157 1815 1185 37.
1856 1149 1899 1177 Sic
1919 1158 2014 1185 magna
2035 1150 2163 1184 cogitatio
2180 1149 2318 1187 obcaecat,
2347 1150 2466 1181 abducto

1379 1190 1453 1218 intus
1465 1188 1529 1218 visu.
1556 1188 1616 1216 Hoc
1627 1187 1680 1221 est,
1702 1186 1763 1215 Vilu
1774 1186 1807 1214 ab
1820 1185 1907 1215 oculis
1920 1186 1954 1214 ad
1964 1187 2085 1215 animum
2099 1187 2230 1215 traducto.

1360 1227 1426 1257 Non
1447 1226 1565 1255 abducar
1584 1232 1622 1253 ut.
1672 1225 1729 1253 Cic.
1757 1224 1791 1252 de
1817 1224 1908 1252 Divin.
1932 1233 1954 1252 1.
1982 1233 2024 1258 34.
2076 1225 2133 1252 Nec
2158 1225 2274 1253 abducir
2297 1234 2324 1254 ut
2345 1238 2402 1256 reai-
2423 1233 2470 1257 aut

1379 1266 1408 1293 in
1428 1264 1497 1293 extis
1514 1270 1600 1292 totam
1616 1262 1770 1292 Hetruriam
1789 1261 1903 1290 delirare
1915 1283 1923 1296 ,
1950 1268 1998 1290 aut
2015 1262 2131 1290 eandem
2151 1270 2259 1298 gentem
2274 1263 2301 1291 in
2318 1265 2468 1302 fulguribus

1379 1312 1475 1332 errare.

1361 1340 1505 1370 Abducere
1515 1339 1636 1377 aliquid,
1660 1347 1710 1375 pro
1725 1336 1847 1371 auferre,
1877 1336 1990 1371 figurate
2007 1336 2120 1365 diftuni.
2163 1335 2246 1365 l’laut.
2269 1336 2324 1367 Cas.
2350 1349 2372 1374 ς.
2394 1350 2418 1368 2.
2441 1345 2467 1374 8.

1381 1377 1434 1407 Ubi
1446 1378 1517 1406 intro
1530 1378 1600 1406 hanc
1613 1385 1712 1404 novam
1723 1380 1838 1411 nuptam
1850 1373 1953 1403 deduxi
1964 1375 2008 1403 via
2019 1376 2105 1408 reeta,
2127 1372 2231 1402 clavem
2243 1375 2352 1405 abduxi.

1362 1415 1665 1445 Auferre&abducere.
1696 1412 1752 1441 Cic.
1787 1421 1816 1440 ro
1829 1412 1925 1447 Quint.
1938 1417 1982 1447 84.

1362 1453 1478 1482 Abduco
1491 1452 1540 1481 tibi
1550 1475 1558 1487 ,
1577 1462 1626 1490 pro
1637 1450 1684 1479 abs
1694 1457 1730 1478 te.
1790 1449 1921 1478 iomedes.
2247 1470 2250 1471 .

1363 1491 1492 1525 Abduce,
1512 1500 1562 1528 pro
1573 1490 1663 1518 abduc
1675 1487 1745 1516 dixit
1755 1487 1818 1517 Ter.
1832 1487 1908 1515 Adel.
1923 1496 1945 1523 3.
1959 1498 1985 1522 4.
2000 1491 2042 1524 36.
2076 1486 2159 1516 Hunc
2170 1485 2275 1516 abduce
2285 1509 2292 1521 ,
2312 1487 2394 1516 vinci.

1326 1528 1396 1558 Agri
1407 1538 1539 1563 neq-us,
1567 1525 1731 1563 [ἀπαχθεὶς]
1757 1525 1852 1563 partic.
1886 1525 1998 1554 Montes
2015 1525 2134 1554 abduc'ti.
2167 1524 2198 1553 ld
2209 1526 2262 1561 est,
2283 1523 2386 1554 semoti.
2416 1524 2473 1556 Val.

1364 1566 1436 1596 Flac.
1452 1567 1603 1602 Argonaut.
1611 1576 1636 1599 4.
1651 1567 1714 1600 675.

1364 1603 1491 1634 Flumina
1501 1610 1589 1642 ponto
1600 1601 1726 1631 abducta.
1753 1599 1810 1628 Val.
1823 1599 1895 1629 Flac.
1909 1600 2056 1637 Argonaut.
2072 1609 2095 1635 ς.
2112 1603 2173 1635 16ς.

1365 1642 1506 1671 Abductus
1517 1642 1546 1670 in
1557 1641 1708 1670 Secretum.
1736 1637 1794 1667 Liv.
1810 1647 1853 1673 30,
1870 1648 1911 1673 i4.
1925 1647 1969 1672 22,
1983 1647 2031 1666 22.⁴

1768 1707 1798 1748 'A
1891 1713 1914 1747 B
2008 1711 2036 1747 E

1329 1791 1421 1822 Am
1470 1788 1502 1820 V.
1522 1790 1632 1820 Ami.

1330 1813 1511 1896 Aiilsbacus,
1541 1828 1697 1857 Siracorum
1712 1836 1778 1862 rex,
1807 1825 1853 1864 qui
1870 1824 1932 1855 sunt
1946 1823 2043 1864 populi
2061 1823 2096 1855 ad
2112 1824 2218 1855 radices
2235 1823 2354 1856 Caucasi.
2394 1824 2479 1855 Strab.

1380 1878 1385 1895 1
1409 1890 1414 1895 .
1432 1877 1472 1895 11.

1330 1906 1502 1940 ABEATAE,
1530 1902 1562 1932 V.
1582 1904 1751 1932 Assffimae.

1331 1944 1396 1973 Ani.
1406 1951 1522 1971 canna
1533 1950 1566 1969 iu
1577 1951 1615 1975 Μ,
1637 1940 1654 1968 i.
1677 1950 1704 1970 n.
1726 1938 1912 1976 [ἁλφνίβηπν]
1932 1937 2005 1975 apud
2018 1937 2199 1974 Augustinum
2210 1937 2247 1967 est
2257 1937 2325 1967 ordo
2337 1936 2382 1966 ille
2398 1937 2484 1966 litera-

1369 1989 1446 2015 rum,
1468 1988 1550 2016 quem
1561 1978 1669 2016 pueruli
1681 1976 1854 2006 condiscunt.
1878 1976 2060 2014 Alphabetum
2072 1976 2157 2005 Grzeci
2168 1982 2276 2004 vocant.
2305 1975 2370 2005 c‘ael.
2381 1975 2426 2004 lib.
2437 1980 2479 2004 26.

1370 2027 1430 2055 cap.
1444 2023 1488 2051 28.
1529 2015 1775 2052 Quemadmodum
1792 2022 1885 2044 autem
1902 2025 1916 2043 a
1931 2014 2026 2051 primis
2042 2014 2147 2042 duabus
2166 2012 2250 2042 literis
2268 2013 2367 2042 Graecis
2386 2013 2485 2041 dicitur

1370 2055 1548 2093 alphabetum
1558 2076 1565 2089 ,
1593 2053 1628 2082 lic
1639 2064 1654 2082 a
1665 2060 1781 2091 quatuor
1791 2052 1885 2091 primis
1897 2051 1998 2081 Latinis
2009 2050 2211 2080 abecedarium.

1370 2093 1530 2123 Abecedarii
1552 2092 1581 2124 in
1602 2091 1767 2120 discentium
1785 2090 1912 2120 clallibus
1931 2096 2128 2127 nuncupantur
2152 2088 2185 2117 ab
2206 2087 2376 2125 Hieronymo
2395 2108 2403 2122 ,
2440 2086 2484 2123 qui

1391 2132 1479 2169 prima
1499 2129 1639 2158 imbibunt
1658 2129 1805 2158 elementa.
1853 2128 1870 2157 S
1891 2127 2014 2157 llabarii.
2049 2127 2095 2164 qui
2114 2127 2168 2162 jam
2191 2125 2304 2163 syllabas
2324 2125 2487 2154 corinevftere

1391 2167 1557 2198 insuescunt.
1597 2166 1752 2196 Nominarii
1763 2189 1771 2202 ,
1802 2166 1848 2204 qui
1887 2166 1987 2203 enique
2005 2165 2110 2202 integra
2127 2164 2271 2202 proferunt
2286 2164 2407 2203 nomina.
2447 2161 2487 2191 Ex

1392 2206 1457 2236 Cael.
1480 2205 1526 2234 lib.
1540 2208 1584 2234 26.
1606 2214 1665 2243 cap.
1678 2210 1722 2238 28.
1763 2204 1961 2233 Abecedarium
1981 2210 2090 2245 quoque
2107 2209 2307 2239 praeceptorem
2324 2205 2395 2229 recte
2413 2200 2488 2229 dixe-

1393 2245 1445 2280 ris,
1476 2244 1522 2281 qui
1540 2243 1628 2281 prima
1647 2244 1730 2272 docet
1748 2242 1893 2271 elementa.
1934 2240 2066 2271 Meminit
2088 2239 2210 2276 Fulgent.
2234 2248 2257 2275 3.
2304 2237 2421 2276 Mythol.
2453 2238 2487 2266 de

1392 2282 1507 2320 Orpheo
1519 2281 1643 2318 loquens.
1683 2280 1764 2318 Apud
1780 2280 1901 2309 eundem
1918 2278 2084 2308 Abecedaria
2097 2278 2135 2307 est
2151 2272 2345 2312 γυμμειΖςι-ιή.
2383 2284 2406 2312 3.
2429 2274 2489 2317 My-

1392 2320 1461 2349 thol.
1474 2329 1533 2357 cap.
1550 2329 1590 2347 10.
1623 2318 1656 2348 Iri
1667 2317 1796 2347 omnibus
1807 2317 1910 2346 artibus
1923 2316 1985 2345 sunt
2001 2316 2096 2354 primae
2107 2337 2114 2350 ,
2141 2314 2203 2343 sunt
2220 2313 2346 2343 secundae
2362 2323 2368 2342 :
2409 2320 2439 2341 ut
2460 2322 2489 2342 in

1415 2357 1546 2387 uerilibus
1558 2356 1642 2386 literis
1656 2357 1745 2394 prima
1755 2355 1922 2385 Abecedaria
1932 2376 1939 2390 ,
1963 2353 2083 2383 secunda
2093 2352 2215 2382 Notaria.
2253 2354 2292 2381 Au
2314 2352 2390 2380 ustin.
2404 2350 2450 2379 lib.
2465 2359 2487 2378 1.

1393 2368 1514 2427 11011301.
1528 2405 1552 2424 e.
1566 2404 1609 2423 20.
1646 2394 1828 2424 Abecedarios
1838 2392 1956 2422 Psalmos
1967 2390 2098 2430 appellari
2109 2390 2207 2425 tradit,
2228 2389 2274 2426 qui
2298 2388 2437 2418 ecundum
2447 2387 2489 2416 Al-

1393 2434 1507 2473 phabeti
1520 2432 1609 2462 literas
1621 2432 1715 2469 signati
1726 2441 1775 2470 per
1785 2430 1874 2461 versus
1889 2430 1959 2459 sunt.

1339 2474 1477 2505 AssfiDO,
1499 2471 1566 2500 e‘diS.
1587 2469 1629 2499 vel
1644 2470 1727 2505 abes,
1752 2468 1853 2505 abedi,
1878 2467 1975 2497 abesse.
2004 2464 2172 2502 [λ’πυνξῶγν]
2201 2464 2279 2495 Idem
2295 2463 2370 2502 quod
2386 2461 2489 2496 Exedo,

1377 2510 1499 2540 absumo.
1540 2507 1623 2537 Corn.
1635 2507 1724 2538 Tacit.
1741 2506 1788 2536 lib.
1804 2516 1845 2542 ις.
1862 2517 1884 2541 5.
1925 2505 1982 2535 Sibi
2000 2502 2171 2533 'imbecillum
2188 2503 2309 2540 equitem
2324 2501 2415 2540 pabuli
2435 2501 2491 2529 ino·

1378 2550 1432 2588 pia.
1473 2547 1544 2576 Nam
1562 2553 1657 2575 exorta
1672 2547 1712 2575 vis
1729 2545 1894 2574 locustarum
1911 2542 2040 2573 abederat
2055 2542 2187 2579 quiequid
2202 2541 2347 2570 herbidum
2358 2546 2404 2568 aut
2422 2539 2492 2567 fron-

1379 2586 1485 2616 dosum.
1525 2584 1580 2614 Sed
1597 2583 1746 2622 legendum
1763 2583 1801 2612 est
1814 2581 1972 2611 ambederat
1991 2589 2055 2609 cum
2072 2579 2163 2617 Liplio
2174 2601 2182 2615 ,
2211 2578 2348 2614 Pichena,
2378 2577 2493 2611 berneg-

1380 2634 1460 2663 gero,
1483 2622 1639 2657 Gronovio,
1656 2621 1772 2660 Ryckio.
2448 2650 2452 2655 ⁸

1341 2663 1500 2695 Anates,
1523 2670 1552 2689 ae.
1588 2659 1722 2695 [aheim]
1753 2657 1897 2696 Oppidum
1919 2654 2076 2693 Campaniae
2096 2652 2214 2689 Italicae,
2243 2652 2322 2691 supra
2337 2650 2493 2689 Neapolim,

1380 2700 1471 2730 versus
1481 2699 1713 2736 Septentrionem.
1752 2697 1856 2725 Author
1867 2693 2067 2723 volaterranus.
2100 2692 2172 2730 Virg.
2186 2692 2246 2722 AEn.
2260 2701 2285 2728 7.
2299 2700 2361 2729 740.

1456 2737 1490 2766 Et
1501 2746 1569 2773 quos
1581 2736 1709 2765 maliferae
1722 2734 1880 2771 despectant
1890 2732 1993 2761 incenia
2005 2729 2114 2760 Abellae.

1380 2775 1483 2841 Cpnfer
1500 2773 1547 2804 Sil.
1560 2773 1617 2803 ltal.
1630 2779 1654 2808 8.
1671 2784 1732 2810 519.
1754 2774 1781 2802 &
1796 2783 1857 2808 544.
1895 2770 1947 2799 Alii
1961 2777 2053 2799 tamen
2071 2778 2119 2806 per
2136 2776 2281 2806 apocopen
2298 2766 2392 2804 legunt
2402 2764 2491 2795 Bellae.

1424 2836 1430 2842 .
1450 2822 1621 2842 AVELLAN
1651 2834 1657 2840 .

1342 2851 1552 2885 ARELLTNA,
1582 2859 1612 2879 ae.
1630 2822 1665 2886 A[
1675 2846 1854 2883 λεπῧκοὲςυαν]
1896 2844 1930 2875 ab
1950 2843 2044 2874 Abella
2070 2842 2226 2881 Campaniae
2251 2840 2350 2872 Italicae
2371 2841 2493 2879 oppido,

1380 2888 1474 2928 priscis
1494 2887 1656 2923 dicebatur,
1685 2895 1768 2924 quam
1784 2894 1860 2914 nunc
1878 2882 2036 2912 Avellanam
2056 2883 2183 2911 dicimus.
2224 2879 2290 2909 Plin.
2309 2879 2355 2908 lib.
2373 2890 2413 2912 ις.
2432 2889 2492 2916 cap.

1381 2937 1426 2956 22.
1463 2926 1495 2955 V.
1521 2934 1730 2955 AVELLANA.
1772 2923 1822 2960 Ap.
1847 2921 1932 2951 Scrib.
1954 2920 2031 2958 Larg.
2058 2920 2156 2957 Conip.
2182 2921 2239 2954 167.
2276 2916 2341 2946 Nux
2366 2916 2497 2946 Abelliuia

1381 2965 1491 3002 legitur.
2337 2991 2342 2996 ¹

1344 3002 1616 3035 ARELLINKTES,
1638 2997 1817 3036 [ἀςεωιαῖω]
1840 2995 1902 3026 sunt
1913 2994 1997 3025 Italiae
2008 2993 2123 3033 populi,
2149 3000 2211 3023 ante
2224 2991 2344 3029 Protropi
2355 2991 2496 3030 appellati,

1383 3046 1415 3069 ut
1424 3039 1516 3069 scribit
1526 3038 1594 3068 Plin.
1608 3037 1655 3067 lib.
1671 3047 1696 3073 3.
1712 3045 1772 3074 cap.
1787 3046 1828 3064 11.
1866 3034 1954 3064 Iidem
1964 3033 2129 3063 Avellinates
2140 3029 2318 3071 appellantia.

1346 3078 1412 3108 Ant
1421 3088 1461 3106 LL
1470 3088 1479 3106 1
1488 3087 1535 3105 uu
1544 3087 1583 3110 M,
1611 3074 1769 3111 [damnor]
1796 3073 1849 3101 sive
1867 3081 1910 3100 Av
1920 3082 1933 3100 E
1942 3083 1957 3099 1.
1966 3080 2054 3100 1.(Νο
2064 3082 2083 3098 Μ
2095 3091 2103 3104 ,
2128 3069 2209 3098 ltalia>
2220 3066 2356 3104 oppidum
2366 3066 2396 3097 in
2406 3066 2499 3104 Hirpi-

1383 3117 1435 3145 nis.
1467 3115 1536 3144 Plin.
1552 3114 1600 3142 lib.
1615 3123 1638 3148 3.
1660 3122 1719 3150 cap.
1735 3122 1758 3145 ς.
1780 3111 1863 3139 hodie
1876 3108 2000 3138 Avellino
2011 3108 2118 3137 dicitur.

1347 3153 1489 3187 Animo,
1512 3153 1542 3181 is.
1564 3149 1851 3180 verbumobsoletum.
1881 3146 1966 3176 Plaut.
1984 3146 2108 3175 Abemiro
2119 3142 2226 3171 vestem.
2256 3140 2289 3184 Id
2301 3139 2358 3177 est,
2383 3141 2497 3176 demito,

1386 3190 1430 3220 vel
1440 3192 1554 3220 auferto.
1575 3189 1676 3218 Festus.
1698 3187 1795 3216 Emere
1806 3186 1881 3214 enim
1892 3184 1994 3221 antiqui
2008 3183 2133 3211 dicebant
2144 3189 2195 3217 pro
2206 3188 2339 3216 accipere.

1348 3228 1392 3259 AB
1403 3239 1440 3258 EO
1450 3251 1458 3263 ,
1480 3229 1502 3257 is
1513 3250 1521 3263 ,
1546 3227 1585 3256 Tvi
1598 3249 1604 3262 ,
1633 3227 1659 3255 &a
1673 3235 1722 3263 per
1739 3224 1851 3261 syncop.
1865 3221 1935 3257 abii,
1955 3221 2059 3250 abitum
2070 3241 2078 3255 ,
2109 3218 2264 3253 [κπὶρχοκφι
2274 3235 2282 3248 ‚
2303 3215 2419 3253 οιχμριι]
2449 3215 2497 3244 tre.

1386 3266 1543 3297 Discedere.
1571 3265 1635 3294 Ter.
1648 3263 1774 3293 Eunuch.
1789 3271 1814 3290 2.
1830 3270 1853 3296 3.
1867 3270 1911 3302 49.
1955 3296 1960 3301 ‘
2252 3291 2257 3297 ·

1385 3295 1868 3372 att?„2¹1¹zt¹“¹352³‘i.1³12‘23‘
1885 3303 1974 3363 ‘33:115
1981 3317 1989 3330 '
2001 3293 2088 3361 1312510‘
2101 3291 2213 3365 .Ῑάῗὲ
2230 3289 2407 3358 (11ῑέ861101οη
2427 3326 2501 3356 aba.

1407 3379 1516 3418 poss'um
1535 3378 1568 3407 ab
1590 3361 1635 3406 his'
1651 3375 1819 3413 regionibus.
1860 3371 1915 3401 Cic.
1936 3370 1998 3400 Ter.
2020 3369 2066 3397 lib.
2085 3378 2125 3403 14.
2143 3377 2165 3396 1.
2233 3375 2249 3396 0
2268 3365 2331 3408 loco
2350 3375 2425 3394 nunc
2444 3365 2502 3401 qui-

1408 3419 1472 3447 dem
1489 3417 1557 3446 abiit
1571 3414 1733 3454 pestilentia.
1775 3410 1831 3448 Qui
1847 3409 1923 3438 ]ocus
1942 3407 2082 3436 Ciceronis
2100 3405 2178 3434 aliter
2196 3411 2289 3434 tamen
2307 3402 2501 3440 intelligendus

1409 3455 1517 3484 videtur
1535 3456 1561 3483 Se
1577 3452 1623 3482 dis
1638 3449 1784 3489 ungendus
1795 3469 1803 3484 ,
1834 3446 1886 3475 hoc
1903 3445 1987 3474 modo
2003 3454 2008 3472 :
2048 3443 2090 3473 De
2108 3443 2171 3472 1000
2182 3464 2191 3478 .,
2218 3451 2293 3471 nunc
2309 3441 2419 3483 quidem
2436 3440 2502 3482 abiit

1407 3492 1573 3532 pestilentia.
1627 3490 1646 3519 d
1665 3490 1721 3524 est,
1756 3492 1887 3523 quantum
1906 3483 1941 3511 ad
1963 3482 2059 3511 locum
2078 3481 2198 3515 attinet,
2233 3478 2300 3508 scias
2320 3478 2501 3516 pestilentiam

1426 3530 1491 3559 biill'
1505 3552 1511 3558 .

1391 3541 1472 3599 Aabire
1487 3540 1572 3601 leiinc,
1597 3563 1692 3599 illine,
1718 3561 1813 3595 istinc,
1838 3557 1912 3587 inde.
1943 3555 2029 3586 Plaut.
2048 3555 2120 3585 Rud.
2135 3566 2161 3591 4.
2175 3564 2199 3591 3.
2213 3559 2256 3588 88.
2297 3552 2361 3582 Sine
2379 3561 2422 3580 me
2439 3551 2504 3580 hinc

1395 3607 1559 3675 Azliilrree'urbe
1574 3638 1618 3669 vel
1634 3637 1726 3668 domo.
1760 3634 1845 3665 Plaut.
1865 3632 1952 3664 Mete.
1967 3641 1991 3670 3.
2006 3643 2033 3668 4.
2052 3635 2096 3666 69.
2138 3630 2215 3660 Cedo
2234 3627 2252 3658 si
2274 3628 2324 3657 hac
2344 3626 2411 3656 urbe
2431 3625 2504 3662 abu,

1416 3690 1537 3711 amorem
1548 3686 1574 3707 te
1586 3678 1630 3706 hic
1640 3676 1796 3704 relicturum
1808 3672 1908 3715 putas?
1939 3671 1988 3700 Pro
1997 3691 2006 3706 ,
2025 3669 2059 3698 ab
2069 3669 2119 3698 hac
2129 3669 2204 3697 urbe.
2426 3704 2429 3705 .
2445 3701 2450 3706 ¹

1397 3719 1455 3754 Ab,
1478 3717 1522 3746 vel
1532 3716 1572 3746 Ex
1583 3714 1688 3746 oculis,
1714 3712 1733 3740 E
1749 3711 1912 3748 conlpechi,
1932 3710 1983 3738 ἃς.
2014 3707 2071 3736 Liv.
2087 3717 2110 3741 ς.
2129 3705 2195 3748 Bell.
2208 3703 2276 3732 Prin.
2306 3700 2505 3738 Conspeetique

1415 3761 1531 3822 ‘sepi-”te
1541 3762 1574 3782 ex
1587 3749 1824 3815 ⁰⁶u¹³x⁵ii¹ffi3¹2¹iig
1845 3743 2206 3814 {iissisiniffipinibi¹¹'5e
2217 3738 2440 3807 ἓῗῖιῷῗῗῗῖΰῃῗῖ
2450 3739 2463 3766 v

1450 3796 1844 3825 i‘,roe.';i,;
1947 3794 2450 3818 ’'¹‘'’··’.‘.⁴'

1399 3796 1649 3867 Aliqluldiiliergpro
1660 3825 1698 3853 ire
1730 3796 1838 3853 onitlur:
1864 3830 1910 3856 ut,
1932 3821 1996 3857 Quo
2007 3819 2096 3848 abiit'?
2118 3819 2170 3847 hoc
2182 3816 2234 3849 est,
2255 3823 2374 3851 quonam
2385 3813 2454 3841 ivit‘?

1401 3869 1480 3899 Abire
1499 3865 1534 3894 ad
1555 3863 1598 3893 vel
1621 3863 1658 3892 in.
1717 3862 1758 3890 'ic.
1784 3860 1830 3890 lib.
1855 3869 1877 3888 1.
1906 3858 1987 3888 Tusc.
2035 3856 2108 3885 Abiit
2125 3855 2159 3884 ad
2177 3855 2245 3883 deos
2265 3851 2403 3893 Hercules.
2444 3848 2507 3879 Ter.

1420 3904 1496 3935 Adel.
1513 3913 1535 3937 ς.
1550 3912 1574 3930 2.
1592 3911 1632 3929 10.
1666 3899 1774 3929 Interea
1784 3899 1813 3927 in
1825 3896 1956 3935 angulum
1967 3895 2058 3931 aliquo
2074 3894 2179 3922 abeam.
2211 3899 2260 3933 pro
2270 3911 2278 3924 ,
2297 3889 2325 3917 in
2337 3886 2454 3929 aliquem
2464 3896 2512 3929 an-

1421 3941 1524 3980 gulam.
1562 3939 1618 3968 Liv.
1635 3949 1657 3973 ς.
1679 3937 1747 3967 Bell.
1765 3936 1834 3967 Puri.
1875 3935 1960 3970 cujus
1977 3932 2017 3962 rei
2034 3930 2190 3970 periculum
2208 3934 2325 3956 vitantes
2343 3925 2466 3963 plerique
2483 3933 2510 3952 m

1423 3979 1537 4009 exilium
1553 3977 1687 4006 abierunt.

2427 3997 2514 4034 Intro,
