2604 4222
183 160 254 199 480
670 131 957 175 cEN

223 233 294 268 quasi
308 231 401 269 punsti
418 228 497 257 instar
508 226 633 255 obtinere
644 245 651 258 ,
674 220 748 259 quod
761 219 848 250 κέντξον
865 214 905 244 illi
926 216 1033 242 vocant.
1069 207 1101 238 V.
1125 207 1206 238 Mart.
1231 200 1337 244 Capell.

228 271 273 300 lib⁴
293 275 317 297 Ω.
334 279 357 305 p⁴
375 270 436 298 2536.
455 272 516 299 28-.

229 308 301 340 Solis
322 313 454 335 centrumv
495 302 561 331 Plin.
578 299 625 328 lib.

251 344 384 374 circulum
394 342 494 370 secans.
891 364 896 369 ⁸
1083 358 1090 370 1
1191 356 1196 362 .
1254 357 1257 361 ⁴

235 384 334 413 Centra
345 403 352 414 ,
374 381 401 408 in
412 377 553 407 arboribus
569 375 593 403 ἃ
610 373 638 401 in
651 376 785 399 marmore
797 374 855 401 quae
869 363 1006 393 dicantur,
1029 359 1151 387 deciarat
1160 356 1226 384 Plin.
1241 356 1289 384 lib.
1300 358 1341 383 16.

253 430 313 457 cap.
326 428 369 453 39.
393 416 572 445 Inveniuntur
593 407 722 443 (inquit)
743 406 770 433 iii
786 400 948 442 quibusdam
959 396 1101 442 arboribus
1111 417 1121 438 .⁵
1143 394 1210 423 sicut
1230 394 1258 422 in
1276 398 1344 422 mai·-

255 466 332 486 more
343 478 350 489 ,
373 461 465 483 centra
477 474 483 484 ,
506 451 533 479 id
549 450 586 477 est
599 446 698 474 duritia
711 442 787 471 clavo
799 438 890 468 limilis
903 459 910 472 ‚
932 444 1045 464 inimica
1055 434 1140 462 serris.
1276 468 1281 473 .

237 493 406 525 Centrumin
418 488 549 526 crystallo.
592 484 657 512 Plin.
669 481 716 510 lib.
732 488 773 514 37.
789 487 849 514 cap.
863 487 887 504 ιι.
922 475 956 503 de
981 470 1105 509 crystallo
1128 469 1211 498 verba
1230 468 1343 497 factens.

256 531 417 562 infestantur
431 525 555 563 plurimis
566 522 638 551 vitiis
649 541 656 554 ,
676 517 770 546 scabro
780 537 786 548 ,
808 513 945 550 ferrugine
955 533 963 546 ,
986 508 1124 539 maculosa
1137 507 1211 536 nube
1221 528 1230 542 ,
1253 505 1346 535 occul-

255 578 282 598 ta
296 568 385 601 aliqua
395 564 501 592 vomica
511 584 518 595 ,
540 559 664 597 praeduro
674 553 817 591 fragilique
828 559 933 580 centro.
1122 582 1127 589 Ι
1229 582 1234 587 .

200 608 224 638 C
233 617 246 636 Ε
255 617 273 635 Ν
284 616 302 634 τ
313 616 324 632 Ε
337 608 352 632 ft
363 614 391 631 ιι
402 612 413 630 s
424 623 431 634 ,
452 611 476 629 e.
499 595 656 634 [nimico]
678 599 716 622 rit.
729 591 813 620 Terra
822 587 949 617 centralis
959 608 965 619 ‚
987 585 1057 621 Quae
1072 583 1149 612 estin
1160 581 1255 611 medio
1267 589 1347 609 muno

238 645 275 673 di.
318 642 383 670 Plin.
394 639 440 668 lib.
456 647 480 666 2.
492 645 551 672 cap.
565 643 608 668 23.
631 630 770 667 Quoniam
781 636 852 656 terra
863 623 990 655 centralis
1002 622 1176 650 interveniat.

201 682 224 712 C
236 691 275 710 ΕΝ
287 683 441 710 τιῑῦευε,
462 685 493 707 a,
515 682 570 702 um.
596 670 653 701 [Idi.
675 663 840 703 [κεντξώὸῑις]
862 671 906 696 ut,
929 659 1059 691 Centrosa
1069 658 1156 687 scobs.
1178 657 1196 686 i.
1210 666 1233 685 e.
1259 654 1348 684 Lima-

238 726 296 748 turzi
308 714 457 744 admodum
467 712 534 740 dura
550 731 557 743 ,
579 706 662 737 veluti
677 712 820 737 centrum,
843 701 917 737 quod
930 701 957 728 iri
970 706 1104 726 marmore
1114 695 1159 725 vel
1170 695 1295 730 iunipero
1306 693 1347 720 in-

238 755 354 784 venitur.
396 751 463 779 I'lin.
477 748 522 777 lib.
538 755 579 781 ³7-
594 754 653 781 cap.
668 752 692 778 7.
729 740 922 770 Adulterantur
941 738 1010 766 vitro
1033 733 1189 768 simillime,
1218 732 1264 760 sed
1285 738 1348 772 cote

237 789 481 828 deprehenduntur
493 808 500 819 ,
520 784 586 813 sicut
598 782 655 811 alite
665 788 780 817 gemmae
788 777 906 806 faciitiae.
929 774 1039 803 mollior
1049 773 1126 801 enim
1136 771 1248 800 materia
1261 771 1286 798 a&
1299 770 1348 796 ira—

238 830 298 867 gilis
310 851 317 861 ,
339 830 363 856 Sc
380 823 501 855 centrosa
519 821 601 850 scobe
613 816 876 855 deprehenduntur:
899 815 924 842 ἃ
945 811 1086 849 pondere,
1108 809 1183 847 quod
1199 807 1290 836 minus
1310 804 1348 834 est

238 867 330 896 vitreis
341 887 348 898 ‚
369 866 394 892 δι
406 859 553 898 aliquando
587 857 680 887 ustulis
691 854 793 891 argenti
805 852 890 881 modo
901 848 1097 880 relucentibus.
1299 880 1304 886 .
1329 880 1335 885 ¹

199 904 246 936 Ca
256 915 272 932 N
286 913 304 931 *r
315 913 331 931 u
343 913 362 930 rt
372 923 380 935 ,
402 896 531 936 [iverim]
578 904 662 925 omen
673 891 814 922 numerale
835 886 1046 921 indeclinabile,
1068 885 1146 920 cujus
1161 888 1227 912 nota
1247 881 1349 910 Latinis

237 943 266 971 C.
281 940 381 969 Graecis
395 949 415 969 e.

237 979 356 1008 Centum
369 976 437 1004 dies.
477 973 534 1002 Cic.
548 980 598 1008 pro
613 969 711 999 Milon.
723 970 767 996 61.
788 965 835 999 Hi,
857 969 969 1002 centum
992 960 1051 989 dies
1063 968 1149 998 penes
1164 955 1351 987 accusatorem

256 1025 341 1052 quum
353 1012 482 1045 fuissent,
504 1010 537 1039 ab
549 1019 583 1037 eo
594 1007 652 1045 ipso
663 1004 818 1035 accusatore
829 1001 957 1040 producti
969 998 1038 1027 sunt.
1156 1033 1160 1039 Ι
1177 1033 1182 1038 Ι

237 1054 358 1084 Centum
370 1059 479 1083 cinere,
502 1057 551 1085 pro
566 1046 685 1074 Centum
703 1042 824 1071 nummis
842 1046 942 1068 emere.
965 1035 1063 1079 Paulus
1087 1033 1106 1064 l.
1134 1033 1290 1069 diligenter.
1314 1029 1348 1058 D.

258 1091 378 1121 mandat.
404 1088 496 1123 Itaque
506 1085 522 1114 si
534 1084 700 1113 mandavero
710 1081 760 1109 tibi
772 1101 780 1114 ,
801 1085 831 1107 ut
840 1078 955 1105 domuin
966 1074 1092 1116 Seianam
1103 1078 1218 1101 centum
1233 1077 1349 1102 emeres,

259 1131 312 1159 ἃς.
351 1127 397 1156 Sic
408 1126 491 1154 etiarn
506 1123 626 1152 Centum
643 1119 779 1151 vendere,
802 1115 900 1144 eadem
913 1113 1086 1153 loquutione.
1184 1145 1190 1151 ¹
1307 1143 1312 1148 .

238 1167 359 1196 Centum
371 1187 380 1198 ,
400 1162 545 1192 indefinite
560 1169 610 1197 pro
622 1157 743 1186 Pluribus
756 1160 958 1188 nonnunquam
969 1158 984 1177 a
999 1155 1088 1186 poetis
1102 1146 1257 1187 accipitur..
1285 1143 1330 1172 Sic
1340 1163 1348 1176 ‚

258 1204 379 1233 Centum
400 1209 493 1238 greges
511 1197 585 1236 apud
607 1196 663 1225 Hor
685 1204 709 1223 2.
731 1192 821 1221 Carm.
838 1193 878 1218 16.
893 1196 934 1224 33.
966 1189 991 1215 ἅ
1009 1186 1127 1215 Centum
1147 1185 1258 1219 juvenCi
1275 1180 1349 1218 apud

259 1241 380 1270 eundem
390 1238 436 1268 lib.
449 1235 535 1274 Epod.
553 1245 593 1270 ¹7-
609 1243 651 1269 39.
674 1233 698 1261 ἃ
712 1231 830 1259 Centum
842 1235 909 1265 puer
923 1225 1024 1253 artium
1036 1235 1062 1257 4.
1075 1222 1162 1251 Carm.
1178 1231 1200 1248 i.
1213 1230 1255 1255 ις.

241 1279 360 1310 Centum
373 1275 465 1305 miss‘us
478 1271 622 1303 circenses.
661 1270 735 1298 Suet.
748 1268 775 1295 in
787 1265 889 1294 Domit.
904 1273 945 1297 14.
977 1260 1147 1290 Circensium
1161 1259 1206 1287 die
1217 1279 1225 1292 ,
1247 1255 1350 1299 quosa-

262 1316 341 1346 cilius
352 1321 463 1344 centum
475 1310 566 1340 missus
577 1312 769 1346 peragerentur
780 1325 787 1334 .
809 1300 926 1338 singulos
943 1309 957 1328 a
969 1298 1088 1335 septenis
1101 1297 1193 1334 spatiis
1213 1295 1248 1324 ad
1267 1302 1351 1331 quina

259 1353 401 1390 corripuit.
441 1350 560 1379 Centum
574 1345 666 1375 missus
683 1341 816 1373 circenses
826 1339 888 1368 sunt
898 1360 906 1372 ,
926 1338 1017 1372 inquit
1031 1335 1139 1364 Servius
1151 1355 1159 1367 ,
1179 1334 1262 1362 unius
1277 1331 1348 1361 diei:

259 1400 372 1422 centum
385 1389 459 1418 enim
470 1395 563 1416 currus
574 1383 754 1413 mittebantur
763 1401 771 1413 ,
794 1387 876 1415 quare
890 1375 983 1405 scribit
993 1374 1065 1410 Virg.
1078 1381 1102 1409 3.
1115 1372 1214 1414 Georg.
1227 1376 1270 1403 13.

334 1429 452 1457 Centum
465 1423 640 1461 quadrijugos
651 1419 760 1457 agitabo
769 1417 802 1445 ad
813 1415 930 1444 flumina
941 1421 1045 1441 currus.
1128 1409 1248 1438 Ultimus
1258 1413 1351 1436 autem

260 1466 353 1496 misl'us
367 1464 473 1494 aerarius
484 1460 648 1490 vocabatur:
671 1464 827 1494 quanquam
845 1454 872 1482 δε
891 1452 1010 1481 Centum
1021 1457 1077 1490 *pro
1095 1446 1193 1476 Multis
1206 1452 1351 1483 poetarum

260 1504 461 1534 consuetudine
471 1499 559 1536 accipi
569 1495 685 1535 poffent.
707 1491 864 1523 Turnebus.
906 1489 936 1517 V.
959 1487 1054 1530 Misius
1066 1486 1131 1528 idm
1144 1493 1245 1512 iTTo.

205 1542 250 1571 Cn
260 1545 332 1570 NTE
342 1551 360 1570 N
370 1550 423 1574 us,
443 1548 458 1567 a
470 1560 477 1571 ‚
499 1547 555 1566 um.
578 1534 636 1569 Adi.
659 1530 789 1568 [ἔω-τὸν]
809 1526 959 1558 Numerale
972 1523 1176 1553 distributivum
1193 1531 1209 1550 a
1220 1521 1349 1550 Centum.

241 1580 449 1614 Nonnunquam
464 1582 555 1604 autem
567 1573 635 1602 citra
645 1568 864 1599 distributionem
874 1564 995 1603 ponitur.
1036 1561 1103 1603 Ptin:
1116 1560 1162 1588 lib.
1179 1569 1221 1588 ιι.
1232 1568 1292 1595 cap.
1307 1566 1350 1592 37.

240 1617 323 1653 Jecur
350 1615 470 1644 maxime
491 1611 628 1641 vetustatis
650 1608 756 1646 patiens
777 1604 903 1634 centenis
923 1602 1020 1630 durare
1039 1607 1134 1631 annis,
1172 1596 1351 1626 obsidionum

241 1654 369 1691 exempla
381 1651 536 1690 prodidere.
557 1649 609 1678 i.e.
632 1646 761 1676 Centum.
798 1642 924 1671 Centena
946 1638 1063 1667 sestertia
1080 1635 1220 1673 pendere,
1242 1632 1288 1663 vel
1308 1642 1351 1662 ca-

241 1702 308 1730 pere
316 1701 351 1721 ex
362 1689 478 1728 praediis.
502 1688 558 1716 Cic.
574 1690 599 1715 6.
614 1686 665 1714 Att.
681 1682 745 1713 &in
758 1680 847 1709 Parad.
865 1682 890 1708 6.
909 1677 955 1707 ubi
965 1675 1165 1704 subaudiuntur
1179 1671 1276 1701 Millia.

240 1730 366 1760 Centena
377 1727 471 1766 pondo
482 1724 612 1754 dicebant
620 1721 735 1758 antiqui,
745 1718 893 1748 referentes
903 1715 938 1744 ad
948 1709 1350 1743 libram.Festus.al.Centenas.

241 1767 359 1797 centeni
375 1765 464 1795 viceni
475 1763 551 1800 quini
563 1761 698 1790 homines.
722 1757 790 1786 Plin.
808 1755 856 1798 lib.
868 1762 967 1796 7.·cap.
979 1761 1025 1787 49.

241 1806 366 1835 Centena
377 1803 461 1832 vicies
479 1813 494 1829 L
504 1809 575 1829 xxx
595 1809 616 1828 M
636 1796 790 1826 hominum.
812 1790 936 1822 Plin.lib.
948 1799 972 1827 7.
986 1798 1046 1826 cap.
1061 1790 1106 1817 26.

240 1843 341 1873 Decies
352 1848 478 1871 centena.
499 1839 564 1868 Hor.
581 1846 604 1866 1.
621 1835 706 1865 Serm.
723 1842 745 1869 3.
762 1841 804 1868 15.
817 1831 844 1860 &
1213 1860 1219 1867 η

240 1880 340 1912 Decies
351 1886 467 1909 centena
480 1876 576 1905 millia.
600 1873 667 1903 Plin.
683 1871 732 1900 lib.
743 1879 783 1906 33.
796 1878 856 1906 cap.
871 1876 913 1896 10.
934 1864 1000 1895 Non
1011 1868 1068 1893 erat
1078 1859 1153 1900 apud
1163 1865 1292 1897 antiquos
1303 1869 1352 1903 nu.

259 1928 350 1947 merus
362 1917 430 1946 ultra
441 1921 552 1944 centum
563 1911 660 1946 millia,
670 1911 762 1946 itaque
777 1909 802 1937 δι
815 1906 898 1935 hodie
909 1903 1127 1940 multiplicantur
1136 1899 1205 1934 haec,
1214 1904 1245 1928 ut
1260 1898 1354 1926 decies

260 1963 377 1985 centena
391 1953 486 1987 millia.
496 1958 543 1981 aut
554 1950 649 1988 saepius
664 1943 890 1980 dicanturQuod
900 1941 1028 1972 &Decies
1038 1937 1201 1976 simpliciter
1213 1935 1352 1965 dicebant.

241 1996 337 2024 Annos
351 2000 484 2022 centenos
498 1989 641 2019 excedere.
664 1986 731 2014 I'lin.
743 1983 790 2012 lib.
804 1992 828 2017 7.
847 1991 906 2018 cap.
923 1989 947 2009 2.
1101 2013 1108 2020 ·
1315 2010 1321 2016 θ

242 2032 343 2062 Arbore
355 2036 470 2059 centena
478 2028 576 2056 fluctus
586 2024 738 2054 verberare.
781 2020 852 2056 Virg.
868 2029 909 2047 10.
930 2017 991 2059 Jlin.
1004 2024 1067 2051 207.
1100 2023 1118 2042 1.
1133 2022 1163 2056 e..
1178 2011 1299 2041 Centum
1313 2020 1357 2039 in.

261 2069 391 2107 gentibus
403 2067 494 2096 remis.
535 2064 577 2093 Est
587 2070 678 2092 autem
689 2058 791 2089 auxesis
806 2058 840 2086 ad
848 2054 1071 2093 amplificandam
1086 2050 1356 2088 exprimendamque

261 2108 337 2135 navis
349 2104 576 2142 magnitudinem.
587 2110 646 2138 quae
656 2099 747 2137 plures
757 2095 851 2125 habuit
861 2102 999 2123 remorum
1010 2091 1135 2124 ordines,
1147 2088 1227 2130 utlait
1236 2086 1354 2115 Servius.

241 2144 315 2175 Affes
327 2141 534 2172 centeniviceni
546 2139 632 2176 quini.
674 2136 729 2165 Liv.
743 2138 785 2169 36.
797 2143 841 2168 40.
854 2138 924 2161 extr.
955 2128 1092 2159 Militibus
1105 2148 1112 2161 ‚
1142 2135 1189 2162 qm
1198 2133 1309 2154 currum
1319 2123 1358 2152 se-

262 2183 340 2219 quuti
351 2181 423 2214 sunt,
439 2186 572 2208 centenos
582 2176 695 2205 vicenos
702 2173 800 2209 quinos
809 2169 874 2200 aises
883 2167 981 2197 divisit.
994 2167 1033 2195 Al.
1045 2166 1196 2195 Trecenos.

244 2220 390 2249 Columnae
400 2225 532 2247 centeiiae.
570 2212 688 2244 Martial.
702 2210 750 2239 lib.
765 2218 806 2238 12.
825 2218 867 2243 50·
890 2207 924 2236 In
932 2205 1082 2234 habentem
1097 2209 1221 2232 amoenas
1237 2199 1319 2229 aedes.

244 2257 335 2294 Eques
344 2263 487 2285 centenus.
510 2254 574 2282 Stat.
588 2256 613 2280 6.
626 2249 715 2280 Theb.
1224 2275 1230 2281 ·

245 2295 345 2332 Jiidex.
380 2293 461 2322 Ovid.
477 2291 529 2320 sive
541 2290 638 2318 Lucan.
649 2288 684 2316 ad
695 2284 780 2316 Pison.
793 2292 838 2318 4²·
861 2282 878 2310 i.
890 2291 914 2310 e.
935 2279 1076 2315 judicium
1085 2281 1335 2307 centumvirorum.

248 2333 347 2363 Manus
357 2337 480 2360 centenae
491 2351 498 2362 ,
518 2337 569 2365 pro
580 2327 696 2355 Centum
708 2331 803 2352 manus
813 2319 887 2357 apud
904 2319 970 2350 Stat,
988 2328 1027 2345 io.
1040 2315 1131 2345 Theb.

210 2371 233 2401 C
245 2381 258 2399 Ε
269 2380 288 2398 Ν
300 2379 318 2398 T
329 2379 370 2398 ΕΝ
383 2380 401 2397 A
412 2390 420 2403 ,
440 2377 472 2396 ae.
493 2366 511 2395 f.
535 2365 641 2394 Gradus
658 2364 682 2392 ἃ
698 2361 815 2397 dignitas
827 2357 959 2386 militaris.
975 2354 991 2383 l.
1007 2364 1031 2389 3.
1044 2353 1113 2382 Cod.
1127 2349 1236 2381 Theod.
1257 2349 1292 2378 de
1311 2358 1359 2378 co-

248 2407 345 2437 hortal.
359 2406 475 2444 princip.
490 2402 620 2433 cornicul.
634 2396 847 2436 primipilaribus
860 2394 919 2432 post
930 2393 1072 2423 emeritam
1082 2390 1209 2419 militiam
1221 2385 1357 2424 perfeftis·

248 2446 357 2475 fimatus
367 2466 375 2478 ,
396 2443 439 2473 vel
449 2443 563 2471 ducenae
572 2461 579 2475 ,
599 2438 643 2468 vel
653 2444 777 2466 centenae
788 2456 796 2469 ,
818 2432 863 2462 vel
873 2432 1026 2468 egregiatus
1034 2429 1154 2465 dignitas
1167 2426 1224 2455 dari
1236 2425 1332 2462 potest.

211 2483 234 2514 C
245 2486 336 2512 ΕΝτί
347 2491 364 2510 Ν
375 2485 391 2510 A
403 2491 417 2509 iz
428 2491 436 2508 i
448 2490 463 2508 u
475 2489 486 2508 s
498 2501 505 2514 ,
526 2489 559 2513 a,
580 2486 635 2506 um.
659 2470 857 2510 [mamea]
878 2471 904 2499 Sc
915 2468 1011 2497 similia
1027 2467 1054 2495 in
1071 2476 1116 2494 AR
1127 2477 1135 2493 ι
1146 2474 1202 2498 us,
1224 2464 1359 2492 denotant

249 2530 306 2550 non
319 2517 578 2556 multiplicationem
588 2514 626 2543 sui
636 2536 643 2548 ,
664 2512 710 2542 sed
724 2518 868 2539 numerum
881 2508 994 2536 aliarum
1013 2513 1104 2533 rerum
1124 2512 1183 2539 quae
1196 2510 1254 2529 non
1269 2500 1360 2528 nomi-

250 2565 359 2587 nantur.
380 2563 410 2585 ur
453 2555 530 2591 Lapis
541 2551 730 2583 centenarius,
750 2557 808 2576 non
820 2545 895 2583 quod
910 2542 1058 2580 centuplus
1077 2542 1108 2570 lit
1119 2562 1128 2575 ,
1150 2540 1196 2569 sed
1207 2545 1319 2567 centum
1330 2537 1360 2565 li-

250 2596 368 2624 brarum.
409 2577 500 2622 ilomo
513 2589 686 2620 centenarius
697 2609 705 2621 ,
726 2595 782 2614 non
794 2583 868 2620 quod
881 2583 912 2611 sit
934 2580 1177 2616 centumgeminus
1186 2599 1194 2613 ,
1215 2575 1262 2605 sed
1282 2574 1360 2612 quod

250 2633 352 2663 habeat
360 2638 470 2660 centum
483 2637 579 2658 annos.
617 2626 677 2655 Vet.
692 2624 791 2653 Auctor
801 2623 835 2650 de
849 2619 1026 2657 ponderibus.

251 2669 423 2700 Centenariae
434 2677 520 2696 coenae
531 2664 694 2694 dicebantur
704 2683 712 2696 ,
734 2662 762 2689 in
773 2668 838 2696 quas
851 2657 911 2695 lege
925 2656 1026 2685 Licinia
1040 2663 1096 2683 non
1108 2653 1170 2691 plus
1180 2650 1360 2685 centuss'ibus,

269 2716 368 2745 praeter
378 2714 448 2735 terra
457 2711 519 2733 nata
529 2725 537 2738 ,
556 2700 767 2739 impendebatur
775 2719 783 2732 ,
803 2696 833 2725 id
847 2696 885 2725 est
895 2700 1008 2724 centum
1022 2692 1134 2721 assibus:
1157 2690 1293 2727 quierant
1303 2689 1363 2717 bre-

270 2756 317 2775 ves
332 2743 437 2773 nummi
447 2752 480 2771 ex
492 2751 553 2770 aere.
578 2739 675 2768 Festus.
715 2736 812 2771 [Lego
823 2734 939 2767 Graves,
955 2740 1008 2760 nec
1018 2730 1132 2759 assentio
1142 2728 1194 2762 his,
1215 2728 1262 2764 qui
1274 2726 1362 2764 spuria

269 2783 329 2812 ha’c
340 2788 445 2820 putant.
476 2778 563 2808 Assem
576 2776 703 2806 libralem
712 2772 852 2808 intelligit.
1153 2802 1158 2807 ·

252 2820 359 2851 Pissulae
370 2817 544 2848 centenariae.
574 2815 677 2843 Vitruv.
690 2818 715 2845 8.
727 2815 753 2839 6.
783 2811 801 2838 i.
813 2819 838 2838 e.
858 2806 963 2838 Fistuiae
973 2812 1084 2835 centum
1095 2801 1213 2841 pedibus
1224 2801 1323 2838 longae.

251 2859 392 2889 Numerus
402 2854 575 2885 centenarius
587 2860 706 2888 gregum.
728 2848 814 2876 Varro
825 2856 850 2876 2.
866 2846 901 2875 de
917 2845 949 2874 R.
960 2843 992 2873 R.
1005 2852 1066 2879 cap.
1079 2852 1103 2877 5.

252 2895 378 2926 Poridera
387 2892 552 2923 centenaria.
572 2890 638 2919 Plin.
652 2888 696 2916 lib.
710 2895 736 2922 7.
749 2895 808 2922 cap.
821 2893 866 2913 πο.

253 2932 411 2963 Centenarii
422 2953 429 2964 ,
450 2927 674 2965 aJurisconsultis
689 2925 819 2953 dicuntur
831 2943 840 2956 ,
862 2919 919 2956 Qui
932 2923 1046 2947 centum
1063 2914 1149 2945 millia
1169 2923 1216 2944 ns
1235 2914 1264 2942 in
1281 2912 1363 2942 bonis

272 2971 394 3004 habent,
416 2975 446 2998 ut
455 2967 548 2996 scribit
561 2966 719 3002 Imperator.
741 2962 761 2998 §.
777 2972 802 2995 4.
825 2960 860 2988 de
872 2955 980 2987 succeil'.
1004 2955 1082 2983 liber.
1102 2954 1163 2990 qui,
1184 2959 1215 2981 ut
1230 2953 1268 2980 ait
1287 2950 1364 2979 Asco-

274 3010 338 3038 nius
349 3030 356 3042 ,
378 3015 455 3036 more
466 3011 589 3033 veterum
601 3000 678 3031 Censi
688 2999 861 3028 dicebantur.
900 2994 931 3023 V.
954 2992 1056 3022 Census
1077 2994 1105 3020 in
1127 3002 1144 3019 c
1155 3000 1195 3019 ΕΝ
1206 3000 1218 3018 s
1229 2999 1276 3017 uo.
1322 2988 1362 3017 De

274 3045 438 3075 centenariis
448 3042 581 3080 Ulpianus
592 3040 750 3075 frequenter
764 3036 791 3064 in
808 3034 825 3063 l.
843 3036 883 3062 16.
902 3032 938 3074 D..
949 3031 983 3059 de
995 3032 1046 3066 jur.
1069 3038 1177 3067 patron.
1217 3027 1302 3069 Qiod
1319 3036 1364 3054 au-

274 3091 332 3113 tem
342 3083 416 3119 apud
427 3082 622 3117 lmperatorem
633 3076 732 3113 legitur
749 3080 860 3103 centum
871 3069 957 3099 millia
977 3077 1022 3096 ιω
1039 3067 1163 3096 centenis
1182 3074 1269 3093 aureis
1289 3073 1365 3093 com-

275 3120 409 3159 prehendi
421 3141 427 3153 ,
448 3117 545 3147 falsum
554 3116 600 3144 est.
639 3114 704 3143 Non
715 3111 788 3141 enim
801 3108 929 3141 centeni,
948 3106 994 3134 sed
1004 3105 1109 3134 milleni
1119 3103 1194 3133 aurei
1205 3102 1259 3131 five
1271 3101 1363 3136 solidi,

275 3166 386 3188 centum
396 3155 543 3186 sestertium
555 3151 641 3182 millia
648 3150 810 3180 conficiunt.
833 3147 1014 3176 Hotomanus.
1174 3178 1179 3183 ¹

222 3199 245 3227 C
255 3205 375 3226 ΕΝΤΕΝ
387 3205 394 3222 ι
406 3204 450 3222 οΝ
460 3204 478 3222 A
490 3203 506 3221 ι
516 3201 561 3226 rs,
583 3191 613 3220 is.
636 3199 672 3218 m.
694 3188 786 3217 Genus
799 3183 933 3223 pecuniae.
954 3180 1024 3210 Cod.
1036 3178 1145 3217 Theod.
1162 3177 1210 3206 lib.
1225 3187 1251 3213 9.
1263 3183 1283 3206 t.
1299 3185 1344 3212 ²3·

223 3236 246 3266 C
257 3244 269 3263 iz
278 3243 297 3262 Ν
308 3242 326 3261 τ
336 3236 351 3261 ἒ
361 3234 390 3261 εἴ
400 3243 417 3259 Μ
430 3242 447 3260 υ
459 3241 470 3260 s
484 3253 490 3265 ,
512 3239 527 3259 a
537 3252 545 3263 ,
565 3238 620 3258 um,
644 3221 793 3262 [ἑηφ-ηςές]
816 3221 931 3251 Ordinis
947 3216 1086 3247 numerale
1097 3226 1111 3244 a
1121 3217 1249 3244 Centum.
1288 3215 1365 3243 Non-

260 3280 399 3307 nunquam
409 3279 458 3306 pro
468 3267 607 3304 Centuplo
618 3264 729 3302 ponitur
741 3283 748 3296 ,
770 3267 813 3294 ut,
837 3257 1021 3288 Centesimum
1038 3255 1156 3282 fructum
1174 3262 1236 3289 ager
1255 3252 1363 3281 attulit:

260 3308 287 3337 h.
300 3317 324 3336 e.
346 3307 455 3336 Centies
464 3312 573 3334 tantum
585 3325 593 3338 ,
613 3308 745 3338 quantum
754 3297 880 3327 sementis
890 3299 1044 3331 acceperat.

261 3345 413 3374 Centesinia
424 3345 520 3379 fruges.
543 3342 610 3370 Plin.
623 3340 790 3380 lib.5.cap.4.
808 3335 847 3364 lta
856 3332 1009 3371 appellatur
1019 3329 1093 3371 regio
1106 3338 1123 3356 c
1132 3337 1172 3355 cr.
1196 3337 1226 3355 M.
1241 3326 1365 3364 passuum

279 3381 423 3410 fertilitatis
434 3381 551 3413 eximite,
571 3388 635 3407 cum
645 3377 793 3406 centesima
803 3373 879 3409 fruge
888 3369 1014 3408 agricolis
1027 3368 1118 3395 toenus
1132 3364 1266 3394 reddente
1283 3372 1362 3393 terra.

262 3419 328 3448 Dies
338 3419 508 3447 centesimus.
532 3416 599 3446 Plin.
613 3415 658 3444 lib.
671 3425 694 3449 ς.
711 3422 769 3450 οἵῳ,
785 3422 809 3446 9.
1086 3441 1091 3447 ,

262 3455 320 3485 Lux
330 3457 474 3484 centesima
483 3455 541 3483 haec
550 3454 587 3482 est
598 3452 631 3482 ab
642 3451 752 3480 interitu
763 3449 788 3478 P.
798 3446 899 3477 Clodii.
922 3444 981 3474 Cic.
991 3451 1042 3481 pro
1051 3440 1152 3471 Nlilon.
1166 3444 1211 3475 98.

262 3493 322 3523 Pars
332 3493 482 3521 centesiiiia.
505 3492 588 3521 Plaut.
601 3489 663 3519 mil.
680 3498 702 3524 3.
718 3499 739 3517 1.
756 3491 816 3520 168.

262 3530 414 3560 centesima
434 3530 569 3565 [ὶψ-πςὲι,
583 3528 676 3558 {mamm
685 3529 727 3555 ‹⁴71›
741 3523 846 3557 τόκθ]
868 3521 962 3550 Genus
970 3517 1065 3552 usurae,
1086 3516 1121 3544 de
1132 3524 1184 3552 qua
1195 3514 1229 3543 sic
1238 3512 1364 3548 Budaeus,

281 3568 359 3603 Atqui
371 3577 453 3603 quum
464 3567 521 3595 haec
532 3567 599 3594 ratio
611 3563 763 3593 centesimae
774 3561 921 3590 duodenos
931 3564 1059 3586 nummos
1069 3561 1186 3586 annuos,
1207 3552 1236 3580 in
1248 3551 1367 3587 singulos

282 3605 452 3633 centenarios
462 3605 561 3641 pariat.
578 3604 603 3632 &
614 3601 765 3631 menstruos
778 3598 895 3635 singulos
907 3605 914 3624 t
937 3595 1018 3624 facile
1030 3599 1105 3631 patet
1116 3591 1179 3619 ideo
1192 3589 1367 3618 centesimam

282 3643 383 3671 dieram
397 3663 404 3674 ,
426 3641 499 3677 quod
511 3641 659 3670 centesimo
678 3638 769 3667 mense
790 3636 888 3665 sortem
908 3639 1006 3669 aequet.
1048 3629 1191 3659 Ul'urarum
1214 3627 1288 3669 enim
1308 3627 1367 3654 dies

283 3679 350 3708 olim
363 3679 390 3706 in
404 3678 519 3713 singulos
533 3678 636 3706 menses
645 3677 743 3705 cedere
754 3672 986 3705 existimabantur,
1008 3675 1038 3697 ut
1047 3668 1140 3699 hodie,
1154 3663 1275 3693 moribus
1287 3664 1368 3697 hujus

282 3716 367 3748 urbis,
381 3717 462 3743 tertio
474 3724 581 3750 quoque
593 3713 683 3743 mense
694 3713 797 3741 cedunt
806 3719 899 3740 eurum
908 3706 1122 3745 pensitationum
1131 3703 1200 3736 dies,
1211 3710 1270 3738 qua:
1279 3701 1367 3737 pretio

282 3753 407 3789 legitimo
416 3758 529 3787 accepto
547 3752 654 3787 praediis
664 3751 843 3787 imponuntur
854 3769 860 3781 ,
883 3749 908 3776 &
921 3744 1059 3781 mancipio
1072 3743 1172 3770 dantur
1182 3761 1190 3773 ,
1210 3742 1236 3768 ά
1247 3739 1314 3768 citra
1330 3739 1369 3766 vi-

282 3791 368 3823 tium,
389 3790 503 3817 foenoris
519 3789 597 3816 instar
615 3788 724 3816 liabent.
777 3787 884 3815 Dicitur
907 3784 989 3812 etiam
1007 3780 1155 3810 centesima
1172 3776 1269 3810 usura,
1304 3775 1368 3803 ideo

282 3828 332 3863 (ni
353 3826 453 3860 fallor)
473 3825 536 3860 quia
552 3825 713 3853 centesimus
731 3832 859 3852 nummus
880 3830 929 3858 pro
950 3821 1058 3848 foenore
1072 3817 1204 3846 statuitur.
1247 3813 1368 3842 Centum

282 3865 358 3894 enim
372 3862 476 3891 nummi
488 3862 572 3894 sortis.
596 3863 704 3899 pariunt
718 3861 835 3896 singulos
844 3866 972 3888 nummos
983 3856 1141 3885 menstruos.
1183 3851 1250 3881 Plin.
1262 3850 1309 3878 lib.
1324 3860 1367 3878 10.

282 3903 316 3931 ad
331 3901 479 3932 Traianum
492 3899 570 3935 Epist.
585 3904 626 3931 <8.
649 3904 659 3932 t
672 3898 705 3926 al.
718 3903 761 3926 62.
776 3904 785 3931 )
826 3896 950 3926 l’ecuniae
959 3893 1077 3931 publica:
1088 3914 1095 3926 ,
1119 3890 1238 3920 Domine
1250 3910 1258 3923 ,
1279 3887 1370 3925 provi-

282 3940 376 3969 dentia
389 3946 455 3971 tua,
477 3938 501 3965 dc
513 3935 661 3964 ministerio
670 3936 760 3963 nostro
769 3936 793 3962 δι
804 3934 859 3968 jam
871 3934 971 3961 exactae
979 3931 1041 3959 sunt
1053 3950 1061 3964 ,
1083 3932 1108 3959 ἃ
1120 3929 1266 3963 exiguntur
1279 3935 1284 3954 :
1308 3932 1367 3961 qua:

280 3986 377 4007 vereor
384 3985 419 4005 ne
429 3973 520 4003 otiosae
529 3973 652 4008 jaceant:
673 3981 738 4001 narn
749 3973 775 4001 ἅ
786 3970 954 4007 praediorum
964 3967 1213 4004 comparandorum
1225 3970 1272 3993 aut
1282 3961 1368 3998 nulla,

646 301 684 330 ig.
702 302 817 332 cap.29.
852 289 923 319 Solis
945 292 1040 315 centro
1055 283 1097 312 bia
1121 281 1342 319 aequinoftialem

1893 116 1922 152 C
2019 118 2047 153 E
2142 116 2176 153 N

1448 198 1633 244 autrarissinia
1648 199 1752 243 occasio
1764 199 1815 229 est:
1840 208 1892 228 nec
1906 198 2084 228 inveniuntur
2096 200 2140 236 qui
2155 199 2241 228 velint
2262 200 2364 229 debere
2381 199 2462 238 Reip.
2479 209 2544 237 prae.

1449 241 1542 279 sertim
1554 238 1691 267 duodenis
1704 237 1804 266 aslibus
1818 259 1825 270 ,
1847 238 1941 272 quanti
1956 246 1968 264 ti
1983 237 2095 274 privatis
2107 238 2284 266 inveniantur
2295 260 2302 270 ,
2324 237 2368 266 vel
2388 239 2437 272 (ut
2449 238 2492 267 alii
2509 239 2546 268 le-

1451 280 1539 315 gunt)
1561 281 1729 319 mutuantur.
1751 275 1861 317 Dispice
1871 284 1945 310 ergo,
1955 273 2079 308 domine.
2095 275 2220 312 nunquid
2234 275 2413 304 minuendam
2424 275 2526 305 usuram
2591 268 2594 314 l

1451 325 1483 344 ac
1493 324 1541 351 per
1554 313 1608 341 lioc
1620 313 1736 354 idoneos
1747 312 1886 340 debitores
1900 313 2059 340 invitandos
2072 319 2159 349 putes.
2203 312 2354 342 Duodenos
2371 309 2438 341 asses
2455 297 2546 350 appel:
2591 317 2596 344 ὲ,

1452 353 1490 381 lat
1501 352 1610 389 plenam
1622 351 1799 378 centesimam
1810 371 1817 379 .
1839 359 1873 377 eo
1887 349 1972 378 modo
1982 350 2117 385 loquendi
2128 372 2136 384 ,
2157 360 2211 387 quo
2224 350 2340 379 nuncin
2356 360 2388 378 ea
2398 359 2425 379 re
2437 351 2535 380 utimur
2592 346 2594 357 '

1453 389 1615 431 duodenum
1632 388 1775 430 denarium
1787 386 1831 415 vel
1841 387 2111 423 decimumquintum
2125 387 2258 416 dicentes.
2288 387 2386 416 Cicero
2397 387 2425 416 in
2439 398 2462 422 ς.
2474 373 2545 418 Verri
2590 373 2596 425 i

1454 437 1498 457 ιιι.
1524 425 1709 470 (ιωιειινςιιι
1721 424 1795 461 quod
1809 426 1958 461 pecuniarii
1979 424 2023 453 sibi
2044 425 2202 454 attributam
2220 425 2254 454 ad
2273 425 2480 462 coemptionem
2496 425 2548 455 fru-

1455 470 1540 494 menti
1554 463 1659 506 pubiici
1671 484 1678 496 ,
1699 462 1773 499 apud
1784 462 1948 498 publicanos
1968 461 2102 496 relictam,
2123 463 2198 492 unde
2209 469 2265 492 erat
2277 462 2407 491 attributa
2416 484 2424 496 ‚
2444 462 2548 494 duabus
2589 450 2594 482 i

1456 501 1612 546 centesimis
1621 501 1772 543 soeneraius
1784 499 1822 528 sit.
1851 500 1918 528 duas
1929 499 2089 528 centesimas
2103 500 2201 530 Cicero
2213 506 2330 537 quatuor
2341 501 2366 529 ὃς
2377 500 2474 536 viginti
2485 500 2548 531 aises
2589 486 2594 521 l

1456 549 1484 569 ιη
1496 545 1669 568 centenarios
1681 536 1801 573 singulos
1811 537 1890 566 dixit.
1917 537 2058 566 Hactenus
2068 537 2194 567 Budaeus.
2237 537 2294 566 Cic.
2310 548 2332 567 1.
2350 539 2400 566 Att.
2417 547 2457 566 12.
2481 538 2549 569 Nam
2588 528 2593 566 Ji

1455 587 1471 606 a
1483 576 1594 606 Caecilio
1605 575 1871 618 propinquieminore
1888 574 2043 603 centesimis
2052 583 2197 604 nummum
2215 585 2325 603 movere
2336 584 2394 603 non
2405 574 2521 612 possunt.
2587 562 2593 603 Ι]

1437 614 1529 645 Usurae
1540 613 1704 642 centesiniae.
1727 612 1794 642 Plin.
1809 612 1889 649 Epist.
1900 622 1963 646 205.
1988 612 2027 640 De
2043 612 2085 641 his
2102 612 2212 649 plenius
2229 612 2398 649 disquisitum
2415 610 2548 644 aSalmas.
2586 627 2588 631 ·

1458 653 1495 681 de
1506 651 1594 681 Modo
1607 650 1708 679 usurar.
1720 651 1745 679 ἃ
1757 649 1878 696 Gronov.
1891 650 1926 678 de
1936 650 1995 678 Pec.
2007 647 2069 678 Vet.
2081 649 2172 679 Hodie
2185 660 2201 678 ι(
2211 660 2218 678 ι
2230 661 2247 678 i.
2258 660 2308 687 pro
2318 650 2435 679 Centum
2445 658 2550 682 vocant.
2586 633 2593 676 l

1439 688 1772 736 Observarepcentesimas.
1804 688 1862 716 Cic.
1879 698 1902 721 ς.
1921 688 1973 716 Art.
1988 696 2032 716 21.
2054 687 2168 716 Interim
2179 697 2265 724 quum
2274 688 2302 716 in
2315 687 2406 717 edicto
2419 689 2565 718 translati-⁸
2587 683 2589 710 l

1459 733 1499 756 tio
1510 734 1671 767 centeiimas
1685 735 1729 754 me
1741 724 1947 754 observaturum
1959 725 2099 760 haberem,
2114 733 2178 754 cum
2191 725 2351 754 anatocismi
2361 725 2550 757 anniversario.
2587 733 2588 748 ³

1441 765 1549 809 Ducere
1562 764 1725 807 centeiimas
1733 769 1869 800 perpetuo
1884 763 2001 791 foenore.
2042 762 2100 791 Cic.
2116 773 2139 797 5.
2157 764 2209 791 Att.
2223 770 2267 791 21.
2288 762 2424 800 Perpetuo
2438 763 2542 794 foenore
2585 760 2587 779 '¹

1460 813 1479 832 ι.
1495 812 1518 831 e.
1541 802 1605 830 Sine
1616 802 1798 840 renovatione
1810 800 1977 837 singulorum
1989 807 2141 829 ani-iorum:
2164 800 2221 829 sine
2230 800 2409 835 anatocismo,
2425 810 2461 830 ne
2472 786 2554 832 usura}
2586 788 2595 830 ,¹

1460 840 1602 869 usurarum
1613 838 1782 867 solverentur
1793 860 1800 874 ,
1817 838 1864 867 sed
1874 838 2085 867 centesimarum
2103 845 2270 875 perpetuum
2287 838 2353 868 effer
2366 838 2457 868 foenus
2497 849 2552 870 non
2587 840 2589 851 “

1460 879 1645 913 interruptum
1654 898 1662 910 ,
1684 885 1740 904 non
1751 882 1911 904 renovatum
1922 875 1975 903 alio
1992 882 2122 912 praeterea
2129 875 2237 904 foenore
2248 875 2365 911 adjecto.
2469 860 2478 875 ’

1441 915 1515 946 Dare
1525 913 1646 952 spondes
1657 913 1811 943 centesimis
1823 913 1969 956 calendis?
1989 913 2080 942 Notus
2094 912 2226 950 loquendi
2236 912 2381 948 Juriscons.
2397 913 2507 949 modus,
2519 923 2553 945 ex
2596 927 2600 935 ι

1461 953 1660 982 foeneratorum
1675 950 1875 980 consuetudine
1886 957 1960 979 ortus
1972 972 1980 986 ,
2000 957 2032 980 ut
2041 950 2145 980 Alciato
2155 951 2273 980 videtur.
2313 950 2455 988 Significat
2465 958 2552 983 autem
2592 944 2596 957 ”

1462 991 1538 1021 Intra
1553 991 1617 1018 ocio
1627 998 1714 1017 annos
1727 990 1753 1017 δι
1764 988 1870 1018 menses
1883 996 2000 1025 quatuor
2011 1010 2019 1022 ,
2040 988 2108 1018 licet
2119 988 2202 1025 aliqui
2220 989 2340 1018 Centum
2352 998 2439 1017 annos
2457 989 2553 1019 intelli·
2584 995 2593 1019 t

1461 1035 1528 1066 gant
1540 1049 1549 1062 ,
1571 1026 1616 1055 sed
1631 1036 1688 1055 non
1706 1028 1779 1056 retfte
1791 1048 1799 1060 ,
1820 1026 1921 1055 eodem
1938 1026 2064 1055 tradente
2085 1036 2146 1064 cap.
2160 1035 2204 1062 23.
2220 1026 2267 1055 lib.
2280 1027 2383 1063 Parei‘g.
2405 1025 2554 1057 Observan.

1462 1067 1531 1095 dum
1543 1074 1607 1094 vero
1615 1064 1667 1107 est,
1692 1073 1725 1093 ea
1744 1065 1851 1093 ratione
1871 1063 2061 1101 stipulationes
2082 1064 2194 1100 concipi
2210 1063 2302 1094 solitas
2311 1086 2319 1098 ,
2342 1061 2417 1101 quod
2438 1063 2554 1096 calendis
2596 1071 2601 1077 '¹

1462 1104 1570 1146 foenora
1581 1102 1760 1146 cingebantur
1772 1112 1778 1131 :
1802 1103 1827 1131 δι
1837 1111 1871 1130 ex
1884 1102 1936 1130 hac
1946 1102 2146 1131 consuetudine
2158 1101 2322 1131 Calendaria
2333 1124 2341 1137 ‚
2363 1101 2458 1131 Libros
2476 1103 2555 1133 ratio-
2598 1107 2601 1114 ¹¹

1463 1151 1532 1170 num
1540 1141 1659 1169 dicimus
1670 1159 1678 1175 ,
1698 1146 1729 1169 ut
1739 1140 1815 1169 idem
1828 1139 1924 1168 Aleiat.
1939 1141 2012 1168 redte
2023 1140 2143 1169 monuit.
2182 1139 2212 1169 V.
2235 1149 2252 1168 c
2262 1149 2282 1168 A
2290 1149 2328 1168 La
2338 1148 2357 1168 Ν
2369 1150 2386 1168 t>
2396 1150 2428 1168 AE.
2590 1159 2601 1169 .

1405 1180 1429 1210 C
1441 1189 1455 1208 Ε
1464 1189 1483 1208 Ν
1494 1188 1512 1206 T
1521 1188 1535 1206 Ε
1543 1188 1555 1207 s
1566 1188 1574 1206 ι
1584 1188 1604 1206 Μ
1613 1187 1629 1206 ο
1640 1199 1648 1212 ,
1668 1186 1723 1206 are.
1746 1177 1931 1206 Centesimare
1941 1199 1949 1211 ,
1970 1179 1996 1207 ἃ
2011 1176 2149 1206 decimare
2160 1177 2323 1212 exercitum,
2345 1176 2492 1207 Castrenfia
2499 1170 2554 1208 ver.
2591 1199 2593 1202 .

1446 1218 1480 1246 ba
1491 1216 1553 1245 sunt
1563 1237 1570 1250 ,
1591 1225 1641 1252 pro
1652 1224 1685 1244 eo
1698 1216 1772 1259 qupd
1780 1215 1818 1244 est
1829 1214 2015 1244 Centesimum
2024 1214 2068 1245 vel
2077 1215 2218 1245 decimum
2231 1215 2348 1244 militem
2360 1214 2495 1252 supplicio
2503 1215 2555 1246 affi-
2594 1238 2596 1242 .

1446 1264 1517 1298 cere.
1556 1252 1690 1282 Solebant
1698 1262 1775 1281 enim
1788 1253 1967 1296 Imperatores
1977 1274 1985 1287 ,
2007 1262 2093 1290 quum
2105 1254 2211 1290 gravius
2224 1253 2369 1290 quidpiam
2381 1252 2480 1282 milites
2491 1253 2553 1283 deli.
2597 1250 2600 1254 ’

1444 1291 1564 1359 quissent
1573 1313 1581 1326 ,
1602 1300 1664 1319 eam
1672 1291 1895 1319 moderationem
1906 1291 2037 1320 adhibere
2048 1312 2055 1326 ,
2078 1298 2110 1320 ut
2127 1294 2219 1328 neque
2237 1290 2394 1320 universum
2406 1291 2554 1323 exercitum
2591 1301 2597 1318 ε

1447 1369 1453 1374 .
1467 1330 1572 1365 elerent·
1582 1349 1591 1364 ,
1604 1337 1701 1372 ,neque
1714 1327 1844 1358 facilitate
1858 1328 1945 1358 veniae
1956 1328 2025 1358 alios
2038 1328 2073 1358 ad
2085 1328 2180 1357 similia
2197 1329 2354 1358 invitarent.
2394 1324 2554 1359 Convocatis
2594 1346 2599 1358 ι

1445 1373 1538 1404 itaque
1563 1366 1693 1410 unsversls
1702 1388 1709 1401 ‚
1731 1366 1912 1410 centesimum
1923 1389 1930 1400 ,
1953 1372 2019 1403 aut,
2048 1366 2068 1395 fi
2087 1366 2225 1395 videretur
2234 1387 2242 1401 ,
2262 1364 2405 1396 decimum
2425 1375 2555 1403 quemque
2594 1384 2599 1391 ·

1445 1405 1517 1435 sorte
1536 1405 1678 1448 proditum
1696 1403 1782 1446 securi
1800 1404 1996 1442 percutiebant
2006 1426 2014 1439 ,
2036 1404 2195 1441 ceterosque
2215 1410 2292 1434 metu
2313 1403 2476 1434 liberabant.
2511 1404 2554 1436 Sic
2598 1429 2599 1434 ,

1447 1443 1578 1488 Egnatius
1588 1451 1617 1470 in
1631 1442 1757 1487 Macrino
1767 1442 1842 1485 apud
1853 1441 2043 1485 Capitolinum
2052 1464 2060 1477 ,
2072 1451 2131 1479 cap.
2149 1451 2192 1471 12.

1408 1481 1432 1512 C
1443 1491 1457 1510 Ε
1466 1491 1486 1510 Ν
1496 1491 1515 1509 T
1523 1490 1541 1509 u
1551 1490 1564 1508 Ρ
1575 1491 1590 1508 ι
1600 1490 1614 1508 Ε
1622 1488 1639 1508 x
1649 1500 1657 1514 ‚
1678 1489 1738 1509 reis.
1759 1480 1819 1516 AdJ.
1841 1476 2094 1515 [εωπμπναισίων]
2114 1479 2265 1510 Numerale
2286 1479 2529 1516 Multiplicativum
2538 1487 2555 1510 l!
2594 1478 2599 1506 ι’

1446 1517 1585 1553 Centum,
1606 1523 1656 1552 ut,
1679 1517 1775 1547 Murus
1787 1517 1947 1555 centuplex.
1968 1517 2055 1547 Plaut.
2068 1517 2135 1548 Pers
2151 1529 2177 1552 4-
2187 1529 2213 1552 4·
2226 1528 2268 1548 ιι.
2290 1515 2357 1547 Haec
2366 1516 2554 1549 nifiindeabe·
2593 1526 2596 1534 ¹

1445 1563 1528 1602 runt3
1548 1554 1700 1592 centuplex
1711 1565 1805 1584 murus
1819 1555 1901 1585 rebus
1912 1555 2052 1585 servandis
2063 1556 2168 1593 parum’
2180 1555 2210 1585 st.

1406 1595 1446 1625 Ciz
1454 1604 1475 1624 N
1484 1605 1503 1623 >r
1513 1604 1530 1639 u
1540 1603 1553 1622 P
1563 1604 1578 1622 ι
1589 1603 1607 1622 u
1617 1593 2067 1636 s,a,um.[Idiffiomffimiiffldem
2075 1592 2556 1631 quodCentuplex.Perottus.[Immo

1444 1642 1505 1662 non
1515 1633 1600 1676 idem,
1623 1639 1689 1674 cum
1704 1631 1784 1674 hujus
1794 1631 1888 1660 formae
1896 1630 2045 1660 numeralia
2061 1631 2184 1661 Relativa
2195 1631 2262 1666 sint,
2281 1630 2469 1669 proportionis
2482 1630 2556 1660 ratio·
2580 1645 2594 1672 ῃ

1447 1679 1513 1700 nem
1527 1670 1679 1713 indicantia
1688 1669 1722 1697 ad
1732 1670 1760 1697 id
1771 1691 1779 1704 ,
1802 1669 1879 1706 quod
1897 1678 1984 1698 unum
1996 1671 2021 1699 ἃ
2032 1669 2148 1707 simplex
2170 1669 2207 1698 est
2217 1691 2224 1704 ,
2245 1671 2270 1698 &
2289 1669 2412 1698 numeris
2426 1668 2555 1698 abstractis
2569 1672 2591 1706 l:

1445 1717 1558 1751 proprie
1570 1706 1700 1736 servrant:
1724 1706 1773 1736 Illa
1783 1716 1848 1736 veto
1858 1706 1970 1736 alterius
1980 1708 2097 1744 generis,
2108 1707 2144 1736 ad
2155 1707 2308 1744 quemlibet
2317 1715 2463 1736 numerum
2472 1704 2558 1737 multi·
2578 1705 2591 1735 Γ·

1447 1747 1630 1784 plicationem
1644 1754 1693 1782 per
1702 1741 1739 1780 se,
1757 1745 1795 1774 rei
1808 1744 1996 1781 cujuscunque
2006 1745 2153 1778 denotent,
2162 1745 2239 1782 apud
2249 1743 2473 1774 Mathematicus.
2583 1740 2586 1749 ’

1411 1784 1434 1814 G
1444 1794 1458 1813 Ε
1467 1794 1487 1813 Ν
1496 1794 1516 1813 T
1526 1794 1543 1813 υ
1553 1793 1608 1811 Ριι
1618 1792 1635 1811 c
1644 1786 1660 1811 Ᾰ
1671 1792 1689 1810 T
1700 1792 1717 1811 υ
1728 1792 1740 1812 s
1750 1804 1758 1817 ,
1781 1782 1839 1818 Adj.
1864 1783 1991 1812 I’rudent.
2008 1793 2034 1812 2.
2048 1783 2109 1813 adv.
2130 1783 2235 1820 Symm.
2250 1791 2276 1812 v.
2293 1792 2372 1818 ιοςο.

1603 1836 1642 1841 ——-
1653 1819 1761 1849 solertia
1770 1820 1974 1858 centuplicatos

1505 1859 1639 1896 Agrorum
1651 1859 1752 1895 redigit
1759 1858 1872 1887 fructus.
2572 1874 2579 1883 ,

1411 1898 1433 1928 C
1443 1907 1458 1926 ιι
1466 1905 1486 1940 Ν
1497 1906 1516 1925 τ
1526 1905 1545 1940 u
1554 1907 1567 1924 Ρ
1578 1908 1594 1925 ι
1603 1907 1611 1924 ι
1621 1905 1638 1925 c
1646 1900 1663 1924 Β.
1671 1906 1690 1924 T
1699 1906 1716 1925 o
1726 1917 1734 1932 ,
1758 1896 1824 1939 Adv.
1853 1892 2105 1932 [imnpcmmiue]
2133 1901 2165 1925 ut
2179 1917 2187 1932 ‚
2216 1894 2412 1933 centuplicato
2432 1898 2555 1925 veneunt.
2588 1913 2589 1917 =

1448 1934 1576 1978 Plin3lib.
1588 1938 1612 1963 6.
1624 1943 1683 1977 cap.
1696 1943 1740 1970 ²3·
1764 1933 1853 1977 Digna
1862 1944 1904 1963 res
1915 1957 1922 1969 ,
1941 1934 2020 1963 nullo
2030 1943 2105 1963 anno
2115 1934 2223 1971 imperii
2235 1934 2319 1963 nostri
2329 1934 2419 1962 minus
2429 1942 2473 1962 i-t-s
2481 1931 2553 1970 quin·
2565 1934 2581 1954 -’·

1448 1980 1554 2016 genties
1566 1972 1746 2001 exhauriente
1757 1971 1835 2001 India
1846 1994 1854 2008 ,
1877 1974 1903 2002 &
1913 1982 2019 2002 merces
2029 1972 2206 2009 remittente,
2226 1981 2287 2009 quae
2306 1972 2380 2010 apud
2398 1980 2450 2000 nos
2470 1975 2560 2000 centu·
2576 1982 2582 1987 ¹*

1450 2011 1555 2049 plicato
1568 2016 1701 2039 veneunt.

1412 2049 1435 2079 C
1445 2058 1486 2078 ΕΝ
1497 2059 1531 2076 τι
1544 2058 1555 2076 Ε
1564 2057 1576 2076 s
1590 2069 1598 2082 ,
1619 2049 1633 2083 [
1645 2045 1818 2081 εωπνπίκιε]
1841 2046 1907 2076 Adv.
1934 2052 1981 2082 ut,
2003 2047 2116 2077 Centies
2127 2045 2337 2084 circumspicere
2348 2046 2424 2114 lprius
2435 2067 2443 2081 ‚
2464 2052 2557 2082 quam,
2568 2067 2569 2071 ,

1450 2089 1501 2130 ἃς.
1526 2085 1815 2129 Plaut.l{ud.4.4.123.
1836 2084 1974 2114 Numerus
1984 2090 2074 2114 certus
2083 2095 2133 2123 pro
2144 2085 2251 2115 incerto
2260 2085 2347 2122 hyper
2368 2083 2440 2113 olice
2448 2082 2556 2121 positus.
2576 2096 2579 2101 v

1451 2125 1549 2154 Dicere
1561 2131 1674 2152 centies.
1699 2122 1785 2152 Plaut.
1800 2121 1892 2153 Pseud.
1905 2134 1931 2158 4.
1946 2132 1971 2159 7.
1989 2132 2049 2156 129.
2465 2142 2476 2152 .

1450 2162 1531 2192 Facta
1544 2162 1648 2190 centies
1660 2170 1714 2190 i—isss-.
1729 2161 1887 2198 syngrapha.
1918 2161 1975 2190 Cic.
1989 2169 2013 2189 2.
2029 2159 2147 2198 Philipp.
2158 2168 2203 2196 95.
2249 2159 2283 2190 In
2294 2158 2395 2189 talibus
2407 2152 2520 2189 subiit'di
2536 2170 2541 2179 ¹
2554 2177 2556 2180 ⁴

1471 2200 1596 2243 Centena
1606 2198 1692 2227 millia
1701 2221 1708 2233 ,
1730 2200 1756 2228 ἃ
1772 2198 1834 2228 sunt
1846 2198 1948 2228 Decem
1960 2198 2108 2228 milliones.
2148 2197 2180 2228 V.
2201 2207 2269 2227 mox
2280 2198 2395 2228 flotom.

1451 2237 1692 2273 Reliquitcenties
1712 2246 1765 2265 H-s.
1787 2236 1844 2267 Cic.
1859 2245 1885 2268 2.
1902 2237 1955 2266 Att.

1453 2278 1567 2318 Centies
1579 2276 1664 2303 vicies
1675 2275 1810 2311 praelatus.
1835 2275 1903 2303 Plin.
1918 2275 1965 2304 lib.
1977 2282 2002 2310 7.
2018 2283 2078 2311 cap.
2090 2277 2136 2306 28.

1452 2314 1565 2360 Centies
1582 2314 1607 2341 ἃ
1620 2313 1743 2349 octogies
1752 2334 1760 2347 ,
1781 2312 1823 2341 vel
1835 2312 1946 2341 Centies
1955 2312 1980 2341 &
1991 2312 2093 2340 tricies.
2115 2309 2174 2340 Cic.
2185 2310 2215 2339 in
2224 2308 2312 2339 Pison.
2322 2315 2367 2344 88.
2564 2328 2571 2333 „

1453 2352 1565 2380 centies
1576 2359 1721 2379 aureorum
1732 2371 1741 2384 ,
1763 2349 1871 2387 przecisa
1884 2350 2065 2387 loquutione,
2086 2358 2137 2386 pro
2155 2347 2268 2378 Centies
2285 2355 2402 2377 centena
2417 2344 2502 2376 millia
2515 2353 2547 2376 au
2563 2371 2565 2373 .

1471 2398 1589 2431 reorum.
1624 2387 1693 2417 Cels.
1704 2387 1722 2417 l.
1735 2392 1778 2421 88.
1793 2387 1826 2417 D.
1839 2388 1875 2417 de
1888 2387 1963 2416 verb.
1976 2386 2063 2424 signif.
2093 2385 2216 2415 Tantum
2232 2384 2346 2423 quisque
2362 2384 2485 2423 pecuniae
2502 2393 2529 2413 re
2540 2383 2547 2390 '
2562 2383 2563 2412 ἶ

1471 2433 1549 2463 quit,
1567 2433 1700 2469 quantum
1712 2435 1746 2454 ex
1758 2426 1838 2469 bonis
1849 2426 1907 2461 ejus
1918 2425 1992 2454 refici
2003 2423 2100 2462 potest.
2118 2424 2164 2453 Sic
2174 2424 2293 2453 dicimus
2305 2423 2416 2452 Centies
2423 2430 2563 2452 aureorum

1473 2463 1573 2510 habere
1585 2485 1592 2498 ,
1613 2469 1775 2506 quitantum
1785 2473 1813 2492 in
1825 2463 1936 2501 praediis
1949 2461 2099 2498 ceterisque
2112 2460 2245 2490 similibus
2257 2460 2337 2490 rebus
2345 2461 2437 2490 habet.
2449 2459 2541 2489 Horo·-
2554 2482 2555 2487 ,

1417 2502 1440 2533 C
1451 2512 1464 2530 rt
1475 2512 1493 2530 Ν
1505 2512 1522 2529 ·i¹
1531 2512 1540 2530 1
1549 2511 1565 2530 c
1574 2511 1588 2529 Ε
1597 2511 1610 2529 i>
1620 2511 1632 2529 s
1642 2522 1650 2536 ,
1669 2503 1725 2530 itis.
1758 2501 2006 2537 [ἑκκπίῖέφαὶῶα]
2023 2500 2138 2534 ,dicitur
2160 2500 2216 2536 Qui
2234 2506 2348 2528 centurn
2368 2498 2450 2528 habet
2465 2496 2561 2535 capita·

1455 2539 1521 2569 Hor.
1534 2549 1560 2568 2.
1574 2539 1663 2582 Carni.
1679 2548 1719 2573 η.
1735 2547 1779 2574 34.
1978 2537 2080 2566 —illis
2089 2537 2256 2566 carminibus
2268 2536 2379 2574 stupens
2522 2545 2525 2549 ¹

1511 2577 1638 2619 Demittit
1649 2584 1719 2606 atras
1729 2575 1819 2605 bellua
1828 2576 1970 2613 centiceps
2051 2576 2144 2604 Aures.
2227 2574 2379 2604 Cerberum
2387 2569 2529 2610 intelligit,
2541 2580 2549 2601 ι
2570 2583 2573 2586 ·

1454 2615 1635 2643 multitudine
1649 2614 1780 2652 anguium
1796 2615 1841 2650 qui
1854 2613 1882 2642 in
1895 2614 1985 2651 capite
2000 2613 2059 2645 eius
2072 2613 2205 2642 eminent.

1418 2651 1440 2681 C
1451 2661 1465 2680 R
1474 2661 1492 2680 Ν
1504 2662 1523 2680 ἰ
1532 2654 1544 2680 ῑ
1553 2663 1565 2680 Ε
1574 2653 1585 2680 ἴ
1595 2663 1611 2680 r>
1623 2662 1639 2680 υ
1650 2662 1662 2681 s
1673 2674 1679 2686 ,
1702 2662 1717 2680 a
1731 2673 1739 2686 ,
1761 2661 1816 2680 um.
1839 2651 1965 2680 Prudent.
1977 2651 2004 2679 in
2016 2651 2119 2688 Symm.
2137 2660 2162 2680 2-
2177 2656 2241 2686 889.

1537 2690 1652 2719 Daemon
1663 2686 1826 2719 centifidum
1839 2687 1987 2718 confundit
1995 2689 2054 2717 iter.

1419 2727 1442 2756 C
1453 2737 1466 2755 Ε
1475 2736 1494 2755 Ν
1504 2736 1540 2755 τι
1552 2738 1564 2756 r
1575 2737 1591 2755 o
1603 2738 1634 2754 i.i
1647 2738 1664 2755 A
1675 2749 1682 2762 ,
1704 2729 1719 2763 [
1734 2727 1927 2761 ὲκκτόιφυωω]
1948 2726 2017 2754 Rosa
2028 2747 2036 2760 ,
2059 2725 2095 2754 de
2108 2734 2159 2761 qua
2174 2724 2240 2754 vide
2249 2723 2317 2754 Plin.
2333 2723 2382 2753 lib.
2393 2733 2437 2753 21.
2447 2731 2505 2760 cap·
2514 2730 2539 2757 4·
2556 2738 2557 2742 ,

1419 2765 1464 2794 Ca
1475 2775 1493 2793 N
1504 2774 1523 2793 T
1533 2776 1542 2792 1
1553 2774 1571 2793 c
1583 2774 1598 2792 R
1607 2768 1624 2793 ιῑ
1636 2775 1655 2793 Ν
1665 2775 1683 2793 u
1693 2776 1713 2793 M
1724 2786 1731 2799 ,
1753 2765 1771 2793 i.
1789 2773 1816 2793 n.
1843 2764 1936 2793 Genus
1948 2764 2042 2793 tritici.
2066 2762 2133 2792 Plin.
2143 2762 2191 2791 lib.
2207 2768 2247 2796 18.
2261 2772 2322 2799 cap.
2343 2772 2383 2791 io.
2556 2753 2557 2777 l

1419 2802 1442 2832 C
1454 2812 1494 2846 {N
1505 2812 1540 2830 'rr
1551 2813 1571 2830 M
1582 2812 1601 2830 A
1613 2813 1647 2846 ιι
1656 2812 1668 2831 s
1678 2821 1686 2838 ,
1697 2813 1732 2845 .e.
1763 2802 1781 2831 i.
1801 2811 1825 2831 e.
1860 2802 1975 2831 minutis
1995 2800 2141 2837 multisque
2160 2800 2339 2829 foraminibus
2362 2799 2495 2829 constans.
2513 2798 2541 2826 ut

1457 2840 1554 2884 histula
1562 2840 1717 2883 centinialis
1727 2861 1736 2875 ,
1757 2839 1966 2868 instrumentum
1978 2839 2171 2874 chirurgicum.
2194 2837 2288 2874 Veget.
2304 2837 2422 2867 Mulom.
2435 2845 2456 2865 ι.
2469 2843 2516 2870 4ι.;
2568 2843 2569 2846 ¹

1420 2877 1443 2908 C
1452 2888 1464 2906 Ε
1475 2887 1494 2921 N
1505 2888 1524 2919 ‘r
1534 2888 1541 2906 1
1553 2888 1571 2905 ,κι
1581 2880 1598 2920 ξι
1607 2887 1624 2906 Ν
1637 2888 1652 2906 υ
1663 2887 1674 2906 s
1686 2900 1694 2912 ,
1716 2879 1734 2907 i.
1748 2887 1785 2906 in.
1807 2876 1982 2913 [inardlkdg]
2004 2876 2061 2912 Qui
2070 2882 2181 2904 centum
2191 2885 2287 2904 manus
2297 2875 2393 2905 habet:
2415 2869 2564 2910 οιιὶιιίίποῦι

1457 2916 1534 2945 suille
1545 2915 1683 2960 briareurii
1695 2916 1833 2952 gigantem
1842 2915 1925 2944 refert
1941 2914 2013 2951 Virg.
2025 2919 2050 2943 6.
2070 2914 2131 2943 JEn.
2144 2919 2208 2950 287.
2227 2913 2346 2950 Ovid.3.
2362 2912 2430 2943 Met.
2443 2919 2502 2948 303·

1538 2953 1597 2982 Nec
1608 2963 1661 2989 quo
1674 2953 1864 2982 centimanum
1878 2953 2015 2987 dejecerat
2026 2953 2089 2989 igne
2101 2952 2239 2989 Typhoea.

1457 2989 1548 3028 Gyges
1557 2992 1740 3020 centimanus.
1764 2990 1829 3020 Hor.
1845 2999 1870 3026 3.
1884 2990 1972 3019 Carm.
1987 3000 2012 3024 4.
2027 2995 2072 3025 69.

1536 3028 1624 3057 Testis
1634 3039 1756 3057 mearum
1765 3028 1938 3057 centimanus
1948 3027 2040 3065 Gyges

1537 3066 1752 3095 Sententiarum.

1420 3103 1443 3134 C
1452 3105 1569 3133 ΕΝτῖΜ
1581 3105 1595 3133 i}
1606 3113 1623 3132 r
1633 3114 1646 3132 Ε
1657 3115 1672 3132 ιι
1687 3125 1695 3139 ,
1716 3105 1759 3132 tri.
1781 3113 1818 3132 m.
1841 3102 1934 3131 Genus
1942 3102 2079 3132 carminis.
2096 3100 2194 3131 Sidon.
2216 3100 2305 3130 Carm.
2317 3109 2342 3136 9.
2352 3101 2414 3136 2⁶5.

1537 3142 1591 3171 Sed
1603 3150 1656 3170 nec
1665 3142 1829 3170 centimeter
1840 3139 2035 3169 Terentianus.

1421 3178 1444 3208 C
1453 3187 1495 3207 ΕΝ
1504 3188 1541 3207 τι
1553 3189 1571 3222 Ν
1583 3189 1600 3207 o
1610 3189 1627 3222 p
1638 3190 1646 3207 1
1660 3189 1694 3219 A,
1715 3189 1746 3208 ae.
1767 3179 1785 3207 f.
1810 3177 1903 3207 Hei-ba
1914 3187 1974 3214 quae
1984 3179 2009 3206 ἃ
2021 3175 2192 3206 Genicularis
2202 3186 2217 3204 a
2227 3174 2340 3208 Latinis,
2360 3183 2375 3203 a
2385 3169 2476 3202 multis
2483 3169 2549 3201 nodi
2564 3174 2575 3178 '

1459 3218 1484 3246 &
1497 3217 1630 3252 geniculis
1642 3217 1714 3245 dicta
1724 3238 1732 3249 ,
1754 3218 1778 3246 ἃ
1787 3216 1885 3245 eadem
1896 3216 2000 3244 ratione
2014 3224 2029 3243 a
2038 3214 2140 3243 Graecis
2150 3213 2309 3250 Polygonon
2317 3211 2451 3249 appellata
2462 3209 2514 3243 est,
2531 3206 2549 3238 έ
2557 3216 2559 3235 1

1459 3254 1659 3291 polygonaton.
1681 3255 1743 3283 sunt
1753 3257 1777 3283 (iz
1787 3254 1833 3290 qui
1846 3252 2055 3290 Sanguinariam
2067 3250 2216 3289 appellent.
2241 3250 2305 3279 Plin.
2318 3250 2364 3278 lib.
2377 3258 2420 3284 27.
2429 3257 2486 3284 cap.
2500 3254 2538 3276 12.
2554 3261 2571 3279 „.

1422 3291 1444 3322 C
1453 3302 1466 3320 Ε
1475 3301 1493 3320 Ν
1504 3301 1522 3319 τ
1529 3293 1587 3335 ῇΡὲ
1596 3302 1613 3320 ι)
1623 3301 1652 3327 A,
1664 3301 1693 3321 ιε.
1707 3292 1726 3321 f.
1740 3291 1837 3327 [ὠῶν]
1849 3290 1952 3319 Vermis
1964 3300 1971 3319 t
1982 3290 2016 3318 de
2027 3299 2080 3326 quo
2092 3290 2128 3318 lic
2140 3283 2539 3323 Plin.lib.29.cap.6.lllilleped
2568 3291 2571 3306 ·'

1459 3329 1493 3372 ab
1501 3329 1560 3358 aliis
1573 3330 1737 3367 centipeda,
1758 3336 1806 3358 aut
1816 3328 1970 3367 multipeda
1984 3328 2073 3362 dicta,
2096 3326 2203 3356 Animal
2220 3326 2258 3354 est
2275 3335 2291 3354 e
2314 3323 2466 3353 vermiculis
2486 3329 2542 3350 ten·

1460 3366 1598 3408 pilosum,
1621 3368 1714 3396 multis
1726 3366 1842 3404 pedibus
1853 3366 1984 3394 arcuatim
1997 3373 2095 3402 repens
2107 3387 2114 3398 ‚
2134 3365 2264 3400 tactuque
2275 3362 2438 3392 contraheris
2448 3359 2481 3390 se.
2498 3357 2532 3387 Ve
2546 3389 2548 3395 ,
2566 3363 2573 3392 ζ

1460 3414 1534 3447 mem
1548 3405 1600 3433 elle
1609 3410 1753 3433 autumant
1762 3426 1769 3439 ,
1792 3412 1874 3440 quem
1888 3412 1938 3432 nos
1947 3401 2028 3439 vulgo
2041 3402 2213 3436 Claviportam
2226 3399 2406 3437 appellamus.
2428 3397 2455 3426 V.
2472 3394 2542 3426 Dios

1460 3442 1509 3471 hb.
1525 3451 1551 3488 ²:
1567 3452 1624 3479 cap.
1636 3451 1677 3478 37.
1700 3444 1724 3471 ἅ
1735 3441 1831 3471 Galen.
1845 3441 1890 3469 lib.
1901 3450 1926 3469 2.
1937 3450 1995 3477 cap.
2008 3449 2032 3468 2.
2045 3439 2079 3468 de
2088 3437 2217 3476 Compos.
2228 3438 2367 3475 pharmac.
2380 3434 2561 3466 sec.10cos.5-

1424 3479 1446 3509 C
1458 3489 1470 3507 Ε
1480 3489 1499 3522 N
1511 3489 1547 3522 Ti
1558 3490 1571 3508 P
1581 3490 1593 3508 ιι
1602 3490 1617 3507 ι
1627 3491 1657 3508 ιι
1670 3490 1702 3514 o,
1726 3479 1796 3508 onis.
1818 3488 1854 3507 m.
1880 3478 1945 3507 l'lin.
1954 3477 1998 3506 lib.
2012 3483 2054 3509 28.
2072 3486 2131 3513 cap.
2145 3486 2170 3510 9.
2182 3476 2218 3505 de
2229 3476 2310 3505 hircis
2322 3497 2330 3509 ,
2351 3474 2443 3509 Testes
2455 3478 2538 3509 quoqu
2558 3495 2562 3506 k

1460 3526 1519 3551 eius
1537 3518 1702 3551 inveterati,
1725 3515 1768 3545 vel
1787 3515 1904 3552 genitale
1915 3516 1997 3544 maris
2006 3514 2156 3543 salutariter
2166 3513 2266 3542 dantur
2277 3514 2304 3541 in
2317 3513 2398 3541 vino:
2419 3510 2486 3540 Item
2498 3516 2527 3537 ve
2543 3516 2565 3535 «ἰ

1462 3561 1512 3597 ter,
1526 3564 1608 3592 quem
1621 3553 1849 3591 centipellionem
1859 3559 1969 3582 vocant.
2007 3553 2022 3588 [
2036 3554 2057 3580 ls
2067 3552 2168 3581 Graecis
2177 3553 2349 3585 κεκεύΦσιλΘ»,
2392 3548 2432 3578 De
2443 3555 2494 3585 quo
2504 3543 2529 3583 pl
2542 3576 2544 3584 ‚

1461 3592 1568 3637 niisinje
1583 3593 1610 3621 in
1624 3592 1779 3621 Comment.
1791 3591 1826 3619 de
1839 3590 2052 3620 Ruminantibus
2065 3590 2107 3625 jo.
2121 3589 2203 3618 conr.
2217 3588 2341 3625 Peyerus.
2354 3586 2399 3616 lib.
2410 3595 2435 3615 2.
2446 3593 2502 3622 cap.
2513 3590 2535 3617 3·
2555 3581 2562 3610 ἓ

1424 3628 1447 3658 C
1459 3639 1471 3657 ιι
1482 3639 1500 3658 Ν
1510 3639 1548 3658 τι
1559 3640 1572 3657 ι)
1583 3640 1595 3658 Ε
1603 3640 1624 3659 s.
1647 3631 1716 3659 edis.
1740 3629 1757 3657 f.
1781 3628 1970 3663 [ὲκατᾰμπκς]
1992 3627 2072 3656 Piscis
2083 3627 2130 3661 est,
2141 3625 2195 3654 alio
2206 3625 2319 3655 nomine
2333 3617 2535 3661 Scolopendrad

1461 3668 1538 3710 ctus„
1569 3668 1677 3710 'Dicitur
1686 3677 1700 3695 a
1710 3666 1838 3695 terrestris
1850 3665 2044 3702 Scolopendrae
2055 3663 2242 3693 limilitudine.
2276 3662 2328 3692 Hic
2342 3662 2423 3691 hamo
2433 3659 2528 3689 devora

1461 3712 1707 3771 ginalillssuemnca
1719 3704 1838 3738 evomit,
1860 3703 1952 3732 donec
1962 3703 2075 3732 hamum
2087 3707 2187 3739 egerat,
2206 3700 2309 3730 deinde
2319 3698 2446 3729 resorbet.
2465 3694 2526 3726 Au&
2542 3714 2558 3733 ¹·

1495 3751 1682 3778 in.i.9.ca
1726 3753 1769 3777 4.
2541 3739 2588 3755 ⁴·-

1424 3776 1469 3807 Cb:
1480 3788 1498 3805 N
1508 3788 1528 3806 'r
1539 3789 1555 3807 υ
1565 3791 1584 3808 Μ
1595 3789 1612 3808 G
1623 3790 1636 3808 Ε
1646 3791 1664 3807 M
1676 3752 1712 3808 ipN
1724 3750 1763 3808 u3s
1773 3800 1781 3813 ,
1802 3788 1831 3812 a,
1853 3786 1908 3806 um.
1930 3774 2159 3813 [iaeoenlcemmim
2172 3776 2187 3810 ]
2209 3775 2330 3804 Briareus
2341 3796 2350 3809 ,
2371 3774 2388 3803 i.
2407 3782 2431 3801 e.
2452 3768 2535 3801 Genti<
2552 3767 2569 3795 l
2584 3766 2604 3807 llll

1461 3815 1564 3852 duplex
1573 3827 1581 3846 vz
1605 3817 1755 3846 secundum
1766 3814 1870 3844 fabulas
1882 3814 1938 3852 ipse
1950 3814 1987 3842 est
1998 3814 2116 3848 AEgaeon.
2129 3813 2246 3842 Servius.
2261 3810 2352 3848 virgil.
2362 3815 2387 3841 6.
2399 3809 2458 3840 AEn.
2469 3811 2527 3842 287-
2588 3813 2604 3837 tr

1425 3851 1447 3880 C
1458 3862 1471 3880 Ε
1481 3862 1498 3880 Ν
1509 3862 1527 3880 T
1539 3864 1555 3882 u
1565 3866 1585 3882 Μ
1595 3864 1611 3882 c
1623 3858 1637 3882 Ᾰ
1650 3865 1662 3882 ι·
1671 3855 1681 3882 ῑ
1690 3864 1708 3882 vr
1721 3864 1736 3882 A
1749 3875 1756 3887 ,
1789 3852 1889 3886 Herba,
1915 3861 1996 3888 quani
2020 3851 2106 3880 Graeci
2133 3848 2397 3886 Hecatonceplialon
2414 3845 2556 3876 nominans·

1462 3899 1496 3932 ei}
1512 3890 1698 3933 aculeatarum
1719 3900 1818 3927 genere
1830 3911 1838 3924 ,
1868 3891 1894 3919 ἃ
1919 3888 1972 3918 alio
1989 3889 2103 3917 nomine
2123 3889 2227 3925 Erynge
2244 3886 2320 3922 alba,
2351 3886 2402 3914 live
2421 3881 2539 3920 Eryngiu.
2555 3887 2557 3890 “
2587 3889 2604 3912 rii

1462 3927 1564 3958 dicitur
1576 3950 1584 3965 ,
1613 3928 1693 3958 caule
1717 3932 1742 3958 δι
1767 3927 1859 3957 radice
1875 3928 1905 3958 in
1926 3927 2003 3956 cibos
2022 3936 2037 3955 a
2060 3925 2160 3956 Graecis
2178 3932 2305 3962 recepta,
2333 3923 2387 3953 five
2404 3927 2514 3985 coquege
2537 3923 2539 3957 l
2554 3927 2562 3942 ἰ
2570 3954 2574 3959 ,
2583 3913 2604 3950 ἴοι

1623 3977 1654 3996 fl
2501 3964 2528 3985 ea
2571 3974 2575 3986 ι
2586 3966 2604 3989 siit

1650 3995 1665 4017 ’¹
2275 4014 2277 4017 .
2593 3996 2604 4020 l.
