2604 4222
188 127 258 164 258
601 116 628 149 Α
725 114 754 148 R
853 111 893 148 Μ

312 197 385 228 Tum
405 199 516 227 demum
529 203 623 226 movet
637 203 711 225 arma
730 195 782 224 leo.
865 192 918 222 Ubi
930 191 1049 224 Servius,
1064 189 1163 218 Movet
1174 197 1256 222 arma,
1267 187 1345 218 Vires

252 236 310 266 suas
320 237 468 274 experitur.
508 235 579 264 Nam
590 243 662 262 arma
673 233 734 261 sunt
744 229 1006 267 uniuscujusquo⁸rei
1017 227 1189 264 possibilitas.
1206 226 1287 256 Unde
1297 227 1344 262 est,

392 289 428 293 —
449 274 474 302 Sc
493 281 611 308 quaerere
628 270 754 299 conscius
770 278 852 298 asma.
893 268 910 296 i.
931 277 954 295 e.
978 265 1074 294 Doloss.

184 340 187 341 .
236 313 316 341 Arma
326 332 333 346 ,
355 320 403 348 per
421 317 572 346 metonym.
595 318 645 346 pro
662 308 747 337 Bello.
778 307 850 342 Virg.
876 316 897 333 i.
921 304 980 333 ffin.
996 314 1019 337 5.

317 350 396 377 Arma
415 349 558 383 virumque
578 356 657 375 cano.
749 344 826 373 Ideni
845 348 870 375 8.
895 340 955 371 AEn.
980 350 1040 374 ¹14·

317 386 372 422 Qui
384 386 491 422 genus?
513 384 587 413 unde
599 384 683 411 domo
695 383 708 410 ’ἶ
728 387 862 419 pacemne
877 380 931 407 huc
943 378 1037 413 fertiS,
1057 386 1093 406 an
1111 376 1207 405 arma?
1227 375 1346 406 Servius.

255 423 345 453 Tacit.
365 433 405 457 ις.
417 424 486 451 Ann.
499 431 542 457 74.
585 421 641 449 Post
656 429 729 448 arma
741 417 807 453 ,julii
817 416 951 448 Vindicis.
974 417 1026 444 Sec.

237 462 335 496 Arma,
358 470 406 498 pro
419 459 536 492 Gladio,
556 458 673 486 abusive.
716 456 787 492 Virg.
805 467 830 490 4.
847 454 907 483 [ΕΠ.
927 463 991 488 495.

395 513 432 517 —-
451 498 477 525 ἂ
494 505 568 524 arma
581 496 647 527 viri,
670 493 791 522 thalamo
813 502 873 528 quae
891 491 945 520 fixa
967 489 1087 527 reliquit.
1127 488 1246 524 Servius,
1258 489 1348 525 Arma,

256 535 379 573 gladium
391 534 461 562 dixit
469 533 585 562 abusive.
609 541 671 560 nam
680 533 706 560 ἃ
718 529 801 568 paulo
815 529 892 567 post,
916 527 1066 565 Eris-:mque
1075 527 1210 557 relicsum.

237 575 332 608 Arma,
354 581 402 609 pro
414 571 534 600 Partibus
545 569 589 598 vel
603 569 730 606 Imperio.
764 568 838 596 Serv.
852 568 880 595 in
892 566 963 601 virg.
977 575 1000 601 3.
1017 567 1078 596 [ΕΠ.
1093 575 1135 601 5¹.

237 612 318 640 Arma
325 609 471 642 Vulcania,
493 617 544 644 pro
555 607 734 636 For-titudine.
769 605 827 634 Cic.
840 614 865 634 2.
879 604 960 634 Tuse.
975 613 1017 641 33.
1048 604 1098 633 Sin
1110 604 1197 632 teetus
1210 601 1351 631 Volcaniis

257 648 339 677 armis
352 669 360 682 ,
381 647 409 674 id
420 646 456 674 est
469 645 630 674 fortitudine
644 666 651 677 ,
674 643 769 672 resiste.

237 686 324 716 Armis
336 684 402 713 foeta
416 683 560 712 machina:
583 683 600 711 i.
619 692 642 710 e.
665 681 747 710 Plena
758 680 885 715 armatis,
910 678 1032 709 &veluti
1046 686 1199 716 praegnans.
1237 675 1308 714 Virg.
1323 685 1348 706 2.

255 723 344 753 AEn.2
366 727 392 755 8.

237 731 381 790 Armoruln
392 757 491 787 arbiter
502 779 510 791 ,
531 756 678 794 epitheton
690 755 796 785 Martis.
817 754 901 784 ovid.
918 763 939 788 3.
954 754 1021 783 Fast.
1035 762 1079 789 73.

238 798 382 827 Armorum
392 795 566 825 denuntiatio
582 816 590 828 ,
610 804 659 832 pro
680 793 899 823 Denuntiatione
915 791 989 822 belli,
1020 791 1075 820 Liv.
1091 801 1113 824 ς.
1129 790 1233 820 Decad.
1246 790 1353 819 Grrccas

256 834 343 900 urbesl
353 834 418 876 alias
432 831 644 862 denuntiatione
655 841 793 861 armorum
811 837 932 860 terreret.
978 830 1019 860 De
1032 828 1124 859 Perseo
1142 838 1204 866 rege
1221 828 1353 857 Macedo·

257 881 325 900 num
346 881 362 900 o
384 879 464 900 uitur.

237 910 318 939 Arma
332 882 442 943 ancdilia,
463 918 513 946 pro
525 906 665 937 Ancilibus
677 907 772 936 dixere
781 911 895 935 veteres.
916 904 1004 934 Valet.
1026 905 1080 934 Sex
1096 903 1239 933 licsoribus
1253 912 1354 940 praece-

257 946 388 976 dentibus
399 954 473 975 arma
483 945 585 974 ancilia
601 943 672 974 tulit.
715 944 903 974 E'xTurnebo.

236 985 326 1018 Arma,
340 994 390 1022 pro
399 984 517 1013 Sublimi
527 993 629 1020 genere
641 983 763 1012 dicendi.
786 982 843 1011 Cic.
854 982 882 1010 in
894 981 965 1009 Brut.
980 989 1002 1014 3.
1026 979 1170 1009 Phalereus
1181 977 1305 1007 succeffii
1313 978 1352 1006 eis

254 1022 365 1051 senibus
376 1021 534 1051 adolescens
546 1043 554 1056 ,
571 1021 768 1050 eruditissimus
780 1019 826 1048 ille
836 1019 949 1056 quidem
958 1017 1056 1046 horum
1068 1017 1194 1046 omnium
1207 1038 1215 1050 ,
1235 1015 1280 1044 sed
1293 1025 1350 1044 non

254 1067 310 1089 tam
319 1061 400 1089 armis
410 1059 550 1089 institutus
560 1059 620 1095 <alii
630 1081 638 1094 ,
658 1058 816 1093 iustrueffus)
827 1066 907 1094 quam
916 1056 1044 1093 palaestra.
1080 1055 1174 1091 ltaque
1196 1053 1351 1082 delectabat

254 1099 343 1135 magis
354 1097 543 1132 Athenienses,
559 1096 845 1134 quaminllammabat.
886 1093 968 1124 Paulo
980 1093 1048 1131 post,
1063 1092 1095 1122 Et
1106 1092 1202 1126 suavis,
1215 1091 1281 1120 sicut
1291 1091 1351 1125 suit,

254 1136 343 1165 videri
355 1135 452 1165 maluit
466 1145 546 1172 quam
558 1134 683 1172 grandis:
721 1134 766 1162 sed
777 1132 948 1162 easuavitate
957 1153 965 1165 ,
983 1141 1035 1165 qua
1045 1130 1224 1167 perfunderet
1233 1130 1351 1163 animos,

254 1183 314 1202 non
325 1183 378 1211 qua
388 1173 577 1210 perfringeret.
602 1173 687 1201 Armis
699 1194 706 1206 ,
727 1171 752 1200 h.
767 1181 791 1200 e.
811 1170 927 1199 Gravi&
938 1168 1157 1204 sublimigenere
1169 1167 1298 1196 dicendi:
1321 1167 1350 1194 in

253 1222 309 1249 quo
323 1212 369 1248 qui
380 1212 488 1246 florent,
498 1210 683 1248 grandiloqui,
695 1206 1185 1243 vehementes,varii,copioligraves,
1203 1206 1228 1234 δι
1243 1205 1277 1233 ad
1291 1214 1351 1241 per-

254 1249 410 1278 movendos
420 1259 453 1278 ac
463 1248 667 1277 convertendos
677 1248 783 1276 animos
796 1245 917 1274 instruc‘ti
930 1246 955 1274 ἃ
965 1244 1051 1281 parati
1063 1244 1195 1272 dicuntur
1210 1244 1237 1270 in
1252 1242 1352 1271 Orato-

255 1297 294 1317 re.
317 1286 474 1316 Demetrius
484 1295 549 1315 vero
561 1285 704 1314 Phalereus
717 1293 814 1322 parum
826 1283 976 1312 vehemens
984 1288 1076 1310 orator
1085 1281 1101 1310 l.
1111 1291 1131 1309 i.
1143 1281 1177 1310 de
1190 1280 1246 1309 Off.
1259 1279 1353 1317 appel-

255 1324 335 1354 latur.
357 1324 390 1354 Et
401 1324 438 1353 est
449 1323 590 1354 translatio
604 1323 637 1352 ab
650 1321 810 1351 hominibus
819 1320 948 1355 armatis,
971 1319 1016 1355 qui
1027 1318 1204 1347 terribiliores
1213 1318 1349 1347 videnlur.

252 1361 336 1392 Unde
347 1363 447 1392 Graves
456 1362 587 1391 Oratores
604 1361 760 1398 Fulgurare.
773 1361 798 1388 ἃ
810 1365 915 1390 tonare,
937 1360 963 1386 ἃ
978 1357 1072 1385 omnia
1082 1356 1243 1394 permiscere
1255 1356 1353 1385 dicun-

252 1406 305 1430 tur.
347 1400 376 1429 V.
398 1399 518 1429 Palaestra
527 1421 534 1434 ,
556 1408 606 1436 pro
616 1398 714 1428 Medio
723 1396 835 1426 dicendi
846 1405 945 1433 genere
956 1417 963 1428 ,
987 1395 1015 1423 in
1033 1404 1057 1423 v,
1080 1404 1095 1422 P
1104 1403 1124 1423 A
1133 1405 1150 1422 1.
1159 1404 1182 1422 AE
1190 1403 1202 1422 s
1212 1403 1231 1421 Τ
1240 1403 1255 1422 ιι
1266 1403 1294 1422 A-.

235 1440 326 1473 Arma,
338 1438 494 1467 imitatione
505 1437 662 1466 Graecorum
675 1434 800 1472 Virgilius
807 1434 878 1463 dixit
888 1455 896 1469 ,
917 1442 968 1471 pro
985 1432 1166 1461 Armamentis
1175 1430 1296 1468 velisque
1306 1440 1353 1460 na-

253 1476 340 1510 vium,
363 1475 410 1505 ubi
421 1474 576 1510 ait,5.lEn.
596 1485 636 1510 15-

315 1513 453 1551 Colligere
462 1522 536 1541 arma
548 1512 626 1547 jubet
642 1511 795 1547 validisque
810 1508 973 1538 incumbere
988 1508 1079 1537 remis.

255 1558 300 1581 tus
315 1550 383 1577 ‘dnae
400 1550 519 1588 usurpat.
543 1549 574 1578 V.
592 1559 612 1578 A
621 1559 637 1578 R
647 1560 667 1577 M
678 1560 694 1577 A
705 1559 725 1577 M
736 1558 750 1576 F.
760 1557 779 1576 N
790 1557 809 1576 T
820 1557 849 1576 A.

233 1590 380 1619 Armorum
389 1589 472 1617 etiam
481 1587 596 1617 nomine
612 1588 728 1616 veniunt
745 1585 861 1623 insignia
869 1583 1006 1621 gentilitia
1016 1605 1024 1618 ,
1041 1583 1104 1620 quia
1122 1581 1284 1620 plerumque
1294 1580 1353 1610 hinc

253 1628 335 1656 armis
346 1626 462 1663 insculpi
474 1625 605 1654 solebant.
627 1624 718 1662 Negat
728 1623 754 1653 se
764 1633 795 1652 ea
806 1624 922 1651 notione
933 1622 986 1651 hoc
998 1620 1165 1650 vocabulum
1180 1620 1252 1649 inter
1264 1620 1352 1657 poste-

253 1666 339 1694 riores
349 1671 412 1693 ante
423 1673 486 1699 400·
509 1663 611 1692 abhinc
620 1671 709 1691 annos
718 1660 844 1699 reperisse
856 1660 1048 1698 Spelmannus.
1075 1669 1100 1696 q.
1124 1657 1154 1687 V.

233 1702 348 1732 Armsim
360 1724 368 1737 ,
389 1701 527 1739 genitivus
543 1700 654 1738 pluralis
669 1700 812 1737 usurpatus
830 1698 966 1735 antiquis,
989 1707 1039 1735 pro
1057 1697 1214 1726 Armorum.
1254 1695 1353 1725 Accius

254 1737 455 1773 s’mnwmpqixja,

315 1777 355 1807 Ab
377 1777 457 1806 classe
473 1776 508 1806 ad
529 1775 625 1805 urbem
639 1774 779 1810 tendunt,
801 1782 892 1811 neque
909 1773 1055 1810 quisquam
1070 1771 1161 1810 potest

315 1814 493 1852 Fulgentlum
510 1816 616 1843 armum
633 1820 752 1842 armatus
768 1813 894 1842 ardorem
909 1811 997 1840 obtui.
1078 1810 1198 1840 Nonius.

200 1858 245 1888 AR
254 1864 274 1883 M
285 1863 303 1882 A
314 1862 333 1881 T
345 1863 385 1881 ua
396 1863 415 1881 A
426 1875 434 1888 ,
456 1863 486 1881 ιε.
508 1853 520 1888 [
536 1850 657 1886 ὲπλισμρς
669 1873 677 1886 ,
698 1849 855 1885 mimia]
876 1849 933 1878 Cic.
945 1853 970 1878 6.
986 1850 1037 1877 Att.
1056 1858 1078 1877 1.
1102 1847 1193 1877 Habet
1201 1849 1293 1876 autem
1306 1848 1352 1876 'co-

236 1894 328 1922 hortes
343 1890 602 1928 quadringenarias,
623 1890 712 1918 nostra
727 1895 863 1918 armatura
883 1897 950 1916 xxx.
973 1888 990 1915 i.
1006 1896 1030 1915 e.
1050 1886 1152 1916 lisdem
1167 1886 1193 1915 ἃ
1206 1884 1350 1919 similibus,

235 1931 335 1968 quibus
346 1938 396 1957 nos
406 1929 509 1957 utimur
520 1950 528 1963 ,
550 1934 667 1956 armatas
679 1928 769 1956 armis.
793 1926 886 1962 Veget.
904 1925 951 1953 lib.
967 1933 991 1960 3.
1004 1934 1064 1961 cap.
1081 1933 1123 1958 14.
1158 1923 1269 1952 Tertius
1280 1923 1351 1952 ordo

235 1967 392 2006 disponitur
407 1966 441 1995 de
458 1966 599 2001 armaturis
613 1964 803 1999 velocissimis,
826 1964 861 1992 de
871 1960 1176 1999 sagittariisjuvenibus.

234 2006 382 2036 Armaturae
401 2003 527 2041 duplices
541 2025 549 2039 ,
571 2004 641 2039 Quae
663 2002 740 2032 binas
758 2001 998 2038 consequebantur
1012 2008 1145 2029 annonas.
1186 1997 1349 2036 Simplices,

252 2044 323 2080 Quae
333 2041 450 2078 singulas
461 2063 469 2076 ,
490 2042 580 2078 inquit
592 2040 739 2077 Veget.lib.
752 2050 778 2071 2.
788 2049 849 2077 cap.
861 2048 886 2076 7.
916 2039 1087 2068 Armaturam
1098 2043 1207 2072 autem,
1228 2045 1279 2074 pro
1293 2036 1350 2066 Ho-

254 2080 378 2111 minibus
392 2080 518 2114 armatis,
539 2079 649 2116 accipit.

234 2119 378 2149 Armatura
396 2117 492 2155 gravis.
529 2117 620 2153 Veget.
644 2126 683 2145 ir.
702 2126 744 2151 15.
776 2115 842 2144 Haec
854 2120 913 2143 erat
925 2118 1061 2142 armatura
1079 2112 1167 2149 gravis
1180 2134 1187 2146 ,
1209 2111 1255 2149 qui
1267 2111 1350 2141 habe-

252 2157 318 2186 bant
330 2154 442 2185 cassides
452 2177 460 2190 ,
480 2154 667 2192 cataphi·a&as
677 2176 685 2189 ,
706 2163 800 2184 ocreas
810 2175 817 2187 ,
842 2152 918 2181 scuta
928 2173 936 2186 ,
957 2151 1062 2188 gladios
1077 2150 1193 2186 majores
1207 2171 1215 2183 ,
1238 2151 1290 2179 &c

233 2195 376 2225 Armatura
385 2193 461 2222 levis.
485 2193 579 2230 Veget.
598 2191 616 2220 l.
629 2201 652 2228 3.
664 2201 688 2221 c.
704 2201 745 2227 14·
782 2191 904 2227 Quartus
915 2191 982 2218 item
993 2189 1062 2218 ordo
1071 2187 1281 2217 construiturde
1292 2186 1350 2216 scu-

251 2233 314 2262 tatis
323 2241 357 2260 ex
379 2229 544 2265 editissimis,
557 2230 592 2259 de
602 2230 743 2267 sagittariis
752 2228 916 2265 junioribus,
927 2228 962 2256 de
973 2227 1004 2255 iis
1015 2227 1061 2263 qui
1073 2226 1171 2256 acriter
1182 2226 1294 2259 verutis,
1305 2224 1349 2254 vel

251 2270 352 2300 martio
384 2268 496 2303 arbulis,
506 2277 571 2304 quas
582 2267 736 2305 plumbatas
750 2267 906 2297 nominant.
924 2265 1068 2298 dimicant,
1085 2263 1304 2300 quidicebantur
1312 2263 1350 2292 le-

251 2309 292 2338 vis
310 2313 453 2337 armatura.
493 2306 553 2335 Cic.
572 2315 614 2334 10.
633 2304 751 2343 Philipp.
770 2314 813 2339 14.
844 2304 949 2332 Nostrze
967 2302 1029 2331 sunt
1044 2302 1185 2339 legiones,
1207 2300 1297 2330 nostra
1312 2300 1350 2329 le-

250 2346 291 2375 vis
302 2351 438 2374 armatura
447 2366 455 2379 ‚
476 2344 558 2373 nostri
570 2344 708 2380 equitatus
717 2365 725 2378 ,
747 2342 924 2378 maximeque
940 2341 1029 2369 noster
1039 2340 1076 2369 est
1087 2339 1195 2368 Brutus.
1236 2338 1349 2374 [Graeci

250 2384 347 2414 Gravis
365 2387 506 2413 armaturae
524 2381 626 2410 milites
640 2381 757 2415 ὸπλίτια,
778 2379 875 2409 addito
894 2379 977 2407 rarius
989 2378 1114 2414 epitheto
1131 2378 1228 2411 βαςεῖς,
1248 2376 1348 2406 [θήῃς

251 2428 370 2451 armatos
388 2419 467 2453 ψιλὲς
485 2422 510 2449 Sc
529 2416 647 2448 πελᾶκῑιὶς
663 2424 772 2447 vocant.
812 2416 861 2446 Illa
872 2416 1026 2453 Legionarii
1038 2415 1152 2448 militis,
1175 2413 1233 2443 haec
1245 2414 1349 2443 Alario-

250 2469 319 2525 ruml
331 2464 467 2524 armaturxas
482 2457 541 2486 fuit.
573 2456 723 2493 Utramque
734 2454 863 2484 describit
879 2453 983 2492 Lipsius
995 2454 1029 2482 de
1038 2452 1100 2483 Mil.
1113 2452 1192 2482 Rom.
1211 2452 1228 2480 l.
1247 2460 1269 2489 3.
1285 2453 1349 2481 &in

250 2498 309 2526 Ana
322 2498 373 2525 ecl.
416 2518 422 2525 .
469 2518 476 2524 .

230 2533 312 2564 Varia
325 2506 468 2562 armalura.
493 2531 579 2568 Cic.7.
592 2531 666 2561 Fam.
683 2542 705 2560 1.
728 2530 889 2567 Quidenim
900 2528 1004 2558 habent
1015 2527 1209 2557 delectationis
1226 2526 1348 2556 sexcenti

250 2572 319 2601 muli
331 2572 360 2600 in
372 2570 583 2608 Clytemnestra‘?
593 2569 676 2598 autin
687 2579 759 2605 equo
768 2568 891 2603 Trojano
901 2574 1065 2596 craterarum
1076 2566 1232 2601 (Cetrarum
1246 2565 1348 2598 Graev.)

250 2610 303 2639 tria
319 2608 406 2638 millia
417 2609 429 2636 ἵ)
453 2601 509 2637 ‘aut
518 2614 654 2636 armatura
664 2607 737 2636 varia
747 2606 886 2643 peditatus
904 2607 929 2634 St
940 2604 1077 2641 equitatus
1089 2604 1115 2632 in
1126 2602 1217 2639 aliqua
1230 2611 1323 2640 pugna
1334 2604 1348 2631 ¹?

250 2645 491 2713 qua’lpppularem
507 2645 720 2674 admirationem
744 2644 901 2685 habuerunt
912 2665 920 2677 ,
942 2640 1156 2671 delectationem
1172 2641 1224 2670 tibi
1242 2640 1349 2670 nullam

253 2692 310 2715 attu
326 2686 341 2713 il
356 2689 411 2713 ent.

231 2723 311 2753 Levis
328 2728 470 2751 arniaturae
490 2720 632 2756 excursio,
653 2728 702 2758 per
721 2718 936 2749 translationem.
961 2716 1019 2746 Cic.
1035 2726 1060 2745 2.
1080 2716 1115 2745 de
1125 2716 1271 2745 Divin.26.
1294 2715 1350 2745 Sed

250 2762 311 2790 haec
324 2760 407 2789 fuerit
417 2759 498 2788 nobis
513 2766 643 2795 tanquam
655 2758 721 2786 levis
731 2763 873 2786 armaturae
884 2756 974 2793 prima
989 2755 1121 2783 orationis
1134 2754 1266 2783 excursio.

193 2799 214 2829 A
224 2808 240 2828 R
250 2810 271 2828 M
281 2809 290 2827 1
301 2808 319 2827 i>
329 2807 346 2827 o
356 2807 426 2826 c‘ro
435 2807 451 2825 R
460 2819 468 2832 ,
490 2797 552 2825 oris.
575 2806 611 2825 m.
634 2797 647 2831 [
663 2791 890 2823 zoi-maimonem&
906 2793 920 2827 ]
942 2792 1025 2822 Gloss.
1038 2799 1091 2822 vet.
1116 2792 1195 2822 Idem
1206 2801 1238 2821 ac
1250 2791 1348 2829 Campi

214 2837 313 2866 donor
334 2845 360 2873 q.
380 2834 410 2864 V.
433 2833 504 2863 male
519 2833 650 2863 excusum
672 2833 853 2861 Armidudtor.

194 2876 270 2905 Arm
281 2885 290 2903 1
302 2880 445 2903 FACToR
456 2894 465 2908 ,
495 2873 559 2901 Eris.
581 2873 617 2900 m.
640 2871 668 2899 in
687 2869 805 2899 Novella
819 2874 864 2904 ὃς.
883 2878 943 2906 cap.
959 2877 982 2896 r.

193 2913 334 2943 Axmfpiz
344 2922 377 2946 ιι,
400 2912 415 2946 [
429 2911 574 2945 inuade&
591 2909 604 2943 ]
624 2908 683 2943 adj.
706 2909 786 2937 Arma
794 2907 893 2936 ferens.
929 2905 977 2935 Sil.
991 2905 1039 2934 lib.
1049 2915 1075 2940 4.
1086 2913 1132 2940 45.

231 2950 363 2979 Armifera
378 2948 447 2983 dea,
492 2945 633 2985 eriphrasis
649 2945 793 2974 Minervae.
815 2944 899 2974 Ovid.
919 2943 954 2972 ad
966 2943 1020 2972 Liv.
1032 2952 1074 2971 22.

231 2987 372 3017 Armiferae
387 2986 471 3023 Amyc
484 2996 504 3014 a:
515 3007 522 3019 ,
542 2983 691 3013 Bellicosae.
712 2982 795 3012 Ovid.
809 2991 835 3012 2.
861 2982 896 3011 de
908 2982 969 3011 Arte
979 2982 1037 3010 Am.
1053 2991 1077 3015 ς.

231 3023 361 3055 Labores.
383 3024 450 3053 Stat.
470 3033 492 3052 1.
507 3022 581 3059 Sylv.
594 3031 619 3050 2.
635 3025 680 3057 96.

386 3076 425 3082 —-
441 3060 583 3090 armiferos
603 3064 711 3097 poterat
729 3065 884 3087 memorare
905 3055 1030 3090 labores,

312 3098 446 3136 Claraque
466 3099 537 3128 fasta
554 3098 654 3127 virum.
736 3096 753 3124 i.
771 3105 795 3124 e.
816 3094 935 3123 Labores
957 3092 1032 3122 bello
1049 3092 1203 3122 exhaustos.

231 3138 397 3169 Armiferum
412 3146 509 3166 arvum
529 3135 593 3165 Sen.
608 3136 636 3164 in
652 3133 728 3164 Med.
740 3141 765 3170 7.
789 3132 878 3167 dixit,
899 3132 974 3167 quod
987 3137 1104 3159 armatos
1117 3129 1219 3159 tulisset
1234 3128 1304 3159 satos
1312 3129 1347 3159 ab

250 3175 359 3211 Jasonc.
384 3175 450 3204 Stat.
466 3184 491 3209 9.
510 3172 602 3203 Theb.
624 3171 745 3210 Campus
754 3170 872 3204 armifer,
891 3168 942 3198 Ubi
957 3169 1051 3197 armati
1064 3168 1291 3204 congrediuntur.

195 3214 239 3243 AR
249 3224 268 3241 M
278 3215 337 3241 fou
348 3222 374 3247 ιι,
395 3213 413 3241 i.
434 3215 471 3241 m.
493 3213 519 3241 &
539 3211 557 3240 s.
582 3213 600 3239 A
610 3220 671 3239 ιιΜι
681 3219 698 3238 G
709 3219 747 3238 iza
757 3219 786 3238 A.
807 3207 895 3237 Subst.
918 3206 1051 3241 est(utait
1065 3204 1152 3241 Valla)
1173 3205 1229 3241 Qii
1242 3206 1270 3233 in
1280 3214 1348 3242 pra·-

231 3250 270 3279 lio
286 3250 417 3287 gerittela
425 3247 584 3279 dominisui
598 3270 606 3283 ,
627 3253 657 3277 ut
666 3246 774 3276 scutum
787 3268 795 3281 ,
815 3252 847 3274 ut
855 3253 948 3273 arcum
962 3266 970 3279 ,
990 3243 1130 3275 lanceam..
1153 3244 1286 3271 &caetera
1298 3242 1347 3270 hu-

230 3287 362 3323 jusmodi.
382 3285 454 3323 Virri.
471 3290 496 3316 2.
510 3287 572 3317 AEn.
584 3291 648 3323 477.
679 3285 735 3314 Cic·
751 3292 802 3322 pro
812 3283 903 3312 Domo
915 3281 960 3310 sua
974 3303 982 3315 ,
1003 3289 1044 3316 13.
1081 3279 1159 3315 Quid
1169 3279 1347 3318 estSergius?

232 3325 346 3362 ari-niger
365 3325 489 3354 Catilinae
502 3346 510 3360 ,
538 3324 650 3361 stipator
671 3323 713 3351 tui
731 3321 873 3360 corporis,
901 3318 1010 3356 signifer
1029 3317 1180 3346 seditionis.

232 3362 326 3398 Quam
336 3362 375 3390 illi
385 3363 460 3391 servo
473 3372 592 3398 nequam
603 3362 652 3390 des
662 3360 807 3398 armigero.
828 3357 913 3387 Plaut.
926 3356 984 3385 Cas.
1001 3365 1026 3384 2.
1042 3364 1066 3391 3.
1081 3364 1123 3390 39.

231 3400 354 3436 Armiger
363 3400 419 3429 teli.
442 3399 508 3429 Plin.
522 3399 568 3429 lib.
579 3409 605 3428 2.
619 3408 679 3436 cap.
695 3408 737 3433 ςς.
760 3396 902 3433 Quoniam
913 3395 967 3423 hoc
978 3392 1065 3422 solum
1077 3391 1180 3421 animal
1191 3401 1225 3420 ex
1234 3391 1346 3420 marinis

251 3446 307 3465 non
320 3438 454 3474 percutiat
464 3459 471 3472 ‚
492 3437 559 3466 licut
570 3446 623 3466 nec
632 3446 647 3465 e
658 3435 817 3465 volucribus
828 3432 947 3471 aquilam
960 3454 967 3467 ,
991 3440 1051 3469 quae
1060 3430 1097 3459 ob
1105 3429 1160 3458 hoc
1170 3430 1285 3466 armiger
1298 3430 1346 3458 hu-

250 3474 292 3509 jus
312 3474 481 3509 (fulminis)
501 3475 548 3503 teli
569 3475 688 3510 fingitur.
727 3473 801 3502 Hinc
819 3471 838 3500 f.

231 3510 327 3548 Aquila
337 3512 467 3549 armigera
476 3512 558 3547 Jovis.
578 3512 647 3541 Plln.
662 3521 703 3540 10.
716 3520 740 3546 3.
758 3510 793 3539 de
802 3509 899 3539 Diana.
921 3505 1006 3536 Ovid.
1021 3514 1044 3542 3.
1058 3503 1127 3534 Met.
1147 3507 1211 3533 166.

386 3564 424 3569 -
446 3549 637 3586 Nympharum
653 3548 767 3577 tradidit
785 3547 835 3577 uni

310 3584 454 3627 Armigerae
465 3587 587 3621 jaculum
598 3609 606 3621 ,
627 3586 838 3624 pharetramque
849 3606 857 3619 ‚
881 3590 1017 3619 arcusque
1034 3584 1166 3610 retentos.

230 3621 354 3688 Imperiti
369 3624 537 3661 Armigerum
554 3625 669 3658 dicunt,
695 3634 745 3661 pro
761 3625 862 3653 Aurato
879 3621 982 3658 equite.
1022 3618 1053 3647 V.
1076 3625 1169 3647 tamen
1183 3615 1345 3652 Spelmanni

249 3660 272 3689 G
285 3659 411 3689 ossariurn
426 3661 452 3689 h.
465 3671 490 3689 v.

194 3697 239 3728 Aa
250 3708 269 3725 M
280 3699 318 3725 ῖς,
329 3706 365 3725 aa
377 3719 385 3732 ,
408 3698 466 3733 Adj.
489 3703 536 3733 ut,
558 3698 694 3735 Armigera
702 3697 819 3733 cohors,
840 3697 910 3733 Quae
921 3695 973 3724 fert
982 3702 1064 3723 arma.
1085 3690 1133 3721 Sil.
1146 3690 1193 3719 lib.
1208 3699 1248 3718 10.
1261 3699 1305 3727 97.

230 3734 353 3770 Armiger
367 3735 442 3764 deus.
464 3736 480 3764 i.
499 3745 523 3764 e.
546 3734 619 3764 Deus
629 3743 756 3764 armatus.
780 3733 943 3772 periphrasis
951 3731 1057 3761 Martis.
1078 3729 1126 3759 Sil.
1139 3728 1224 3765 lib.7.
1238 3733 1282 3764 87.

230 3771 353 3808 Armiger
362 3782 463 3808 equus,
485 3772 600 3801 Indutus
612 3775 700 3801 armis.
724 3773 843 3809 Propert.
856 3771 903 3801 lib.
916 3779 938 3806 3-
950 3779 974 3805 3-
986 3772 1012 3802 8·
1255 3801 1263 3806 ,

229 3808 284 3838 Iras
295 3809 439 3846 armigeras
450 3809 521 3838 dixit
530 3810 595 3838 Stat.
614 3813 638 3837 6.
666 3809 757 3838 Theb.
772 3816 835 3843 828.
876 3808 963 3845 Quod
982 3805 1062 3836 facile
1073 3804 1152 3834 nobis
1163 3811 1237 3834 arma
1246 3803 1345 3841 suppe-

247 3846 353 3880 ditent,
373 3846 478 3883 sintque
488 3846 563 3875 velut
579 3847 717 3882 armigera»
729 3847 833 3876 nostrae.
879 3847 914 3875 Ut
932 3845 1001 3881 Virg.
1018 3854 1040 3872 1.
1053 3843 1114 3873 JEn.
1131 3853 1192 3878 ¹54·

346 3898 384 3904 —
401 3883 475 3912 furor
492 3893 565 3912 arma
577 3883 717 3912 ministrat.
800 3884 834 3913 Et
848 3883 933 3912 Ovid.
945 3883 973 3910 in
987 3881 1055 3911 Met.
1081 3880 1184 3910 Telum
1194 3878 1233 3906 ira
1250 3876 1340 3906 dabat.

189 3921 281 3952 Anni
291 3930 305 3948 P
315 3921 332 3949 ὅ
342 3929 384 3948 Tit
394 3930 413 3949 N
424 3930 435 3949 s
446 3942 454 3954 ,
486 3921 546 3955 Adj.
576 3917 793 3956 [amaeam]
823 3921 880 3957 Qui
898 3920 980 3950 armis
1001 3917 1082 3947 valet.
1127 3917 1207 3946 Unde
1220 3917 1246 3945 διε
1260 3914 1344 3944 Pallas

224 3958 291 3994 (sive
301 3956 428 3993 Bellona)
438 3958 540 3987 dicitur
550 3958 736 3994 Armipotens.
759 3958 817 3987 Cic.
829 3960 925 3994 Anteq.
941 3957 994 3985 iret
1004 3957 1034 3985 in
1045 3954 1109 3985 cxil.
1121 3964 1167 3991 24·
1199 3952 1284 3982 Nunc
1291 3962 1343 3990 ego

1162 1506 1208 1536 Sic
1218 1505 1352 1536 Theocri-

1347 1760 1369 1813 Ἰ
1407 1772 1454 1800 Ar.
1464 1780 1483 1798 M
1494 1779 1538 1798 AT
1548 1779 1564 1798 u
1574 1778 1586 1797 s
1597 1790 1605 1804 ‚
1628 1769 1723 1798 Partic.
1748 1765 1937 1804 [ὡπλιωᾶὀῶ
1952 1768 1967 1803 ]
1995 1769 2083 1797 Armis
2105 1767 2229 1796 indutus.
2259 1765 2317 1795 Cic.
2339 1775 2389 1804 pro
2403 1764 2500 1795 Caecin.
2513 1767 2551 1795 60.
2573 1773 2575 1779 ·

1401 3203 1772 3237 ΔιιΜΑΜΕΝΤΛιιιυΜ,
1795 3203 1813 3232 i.
1837 3213 1864 3233 n.
1888 3204 1903 3238 [

1398 3428 1419 3459 A
1429 3439 1443 3458 ιι
1451 3441 1471 3458 Μ
1483 3440 1499 3458 Α
1510 3440 1525 3458 ιι
1537 3442 1544 3458 ι
1556 3441 1572 3459 υ
1583 3441 1612 3464 M,
1624 3431 1639 3459 i.
1647 3440 1672 3459 n.
1684 3426 1844 3464 Γσ-κώθῆκνι]
1856 3428 1905 3457 Ubi
1917 3435 2089 3465 reponuntur
2099 3427 2160 3455 libri
2169 3426 2212 3455 vel
2222 3432 2446 3462 quarumcunque
2454 3422 2545 3451 artium
2583 3419 2604 3459 ’ἡ

1847 106 1876 141 Α
1968 105 1999 139 R
2092 104 2130 139 M

2558 159 2560 172 i

1441 192 1470 217 te
1479 186 1494 222 J
1497 186 1586 229 upiter
1594 185 1661 223 Opt.
1674 185 1749 215 Max.
1759 186 1837 221 errius
1849 190 1918 215 nutu
1928 195 1960 214 ac
1969 185 2075 214 ditione
2086 183 2140 213 sola
2151 190 2284 214 terrarum
2295 184 2490 221 gubernantur:
2509 191 2544 216 te-
2557 175 2560 218 l

1444 234 1496 262 que
1513 231 1652 261 particeps
1663 224 1814 258 connubii,
1835 224 1907 253 socia
1917 224 1992 259 regni
2003 245 2010 257 ,
2031 223 2124 259 regina
2134 222 2207 257 Juno
2220 243 2228 257 ,
2249 229 2332 258 teque
2340 221 2488 259 Tritonia,
2504 224 2560 254 Αῃὲ,

1436 263 1584 299 -niipotens
1595 275 1606 293 ᾳ
1625 261 1806 303 Gorgophora
1818 283 1825 295 ,
1846 260 1931 290 Pallas
1944 261 2077 289 Minerva.
2558 261 2560 304 J
2588 255 2604 289 s

1446 300 1619 336 Armipotens
1640 298 1766 327 Ausonia.
1788 300 1854 328 Stat.
1870 308 1894 334 3.
1907 298 1980 335 Sylv.
1991 307 2015 326 2.
2027 307 2071 326 20.
2558 311 2559 332 l

1408 339 1429 368 A
1439 348 1454 366 ιι
1466 349 1484 365 Μ
1497 348 1504 364 i
1517 347 1529 364 a
1540 346 1556 364 o
1565 346 1583 364 ¹r
1593 345 1633 364 EN
1642 345 1679 375 *111
1692 345 1709 363 A
1720 357 1728 369 ,
1749 346 1779 365 ae.
1812 337 1943 365 Ammian.
1962 341 2002 368 ιε.
2015 344 2059 363 20.

1407 377 1429 405 A
1438 386 1453 404 a
1466 386 1483 403 Μ
1495 385 1502 402 i
1513 384 1524 402 s
1535 377 1551 402 ὸ
1560 382 1578 401 N
1589 383 1606 402 υ
1616 379 1644 407 s,
1671 374 1686 408 [
1700 375 1863 403 'aerata-mn&
1879 375 1894 409 ]
1915 372 2030 402 Palladis
2041 371 2195 408 epitheton.
2217 370 2292 407 Virg.
2307 379 2330 408 3.
2345 370 2404 400 ffin.
2416 381 2474 407 544.

1447 410 1619 441 Armisonuni
1631 418 1748 439 antrum.
1772 410 1868 440 Claud.
1881 421 1903 448 3.
1917 411 1951 439 de
1961 409 2166 446 Rapt.Pr0serp.
2180 412 2225 444 67.

1409 451 1429 480 A
1440 460 1456 478 ει,
1465 460 1483 477 Μ
1495 451 1576 477 i'rizs
1589 470 1596 480 .
1619 447 1719 476 Armati
1733 448 1844 478 milites.
1865 449 1976 476 ὁπλῖτωι.
1999 446 2081 476 Glosl'.
2095 446 2140 475 Gr.
2152 445 2209 475 Lat.
2558 465 2559 472 ι
2579 473 2593 480 ,

1409 489 1512 553 ARVMO
1526 507 1534 520 ‚
1555 486 1701 552 ,[Λέπλιζω,
1730 486 1888 523 ›gaeon-'nigro'
1911 486 2030 521 9υζύσσω,
2056 486 2157 520 »ω’ξύσηυ
2172 483 2186 518 ]
2216 485 2271 512 {re-
2312 482 2399 512 Armis
2417 483 2546 516 lssstfflCIC.
2575 491 2583 522 ζ
2603 490 2604 508 l

1473 529 1558 561 irg.8.
1595 533 1636 551 ·n.
1652 532 1712 559 397.
2558 518 2574 547 ¹.
2603 528 2604 532 ¹

1437 575 1441 581 ·
1524 560 1599 589 Tum
1610 570 1719 597 quoque
1732 560 1771 589 fas
1783 560 1862 589 nobis
1873 560 1997 589 Teucros
2007 564 2110 588 armare
2125 557 2226 587 fliiffet.
2310 557 2416 587 Cic.10.
2425 557 2495 588 Fam.
2506 568 2546 596 23.
2559 575 2560 578 =
2580 558 2583 588 ἶ
2603 578 2604 582 =

1445 599 1502 635 Qui
1516 599 1629 636 quidem
1644 607 1728 634 quum
1739 599 1768 626 in
1777 598 1901 627 fraudem
1911 597 1937 626 se
1947 597 2099 625 deduc‘tum
2109 595 2224 631 videret,
2242 605 2340 626 manus
2354 605 2419 632 quas
2428 596 2561 632 justiusim
2574 600 2587 624 Υ
2602 591 2604 619 l

1445 636 1543 674 Lepidi
1554 636 1706 673 perniciem
1719 636 1843 665 armasset
1852 657 1859 669 ,
1881 636 1929 664 sibi
1940 634 2036 664 afferre
2045 640 2161 663 conatus
2170 633 2216 663 est.
2558 647 2561 668 i
2582 640 2604 668 ς’·

1446 674 1549 703 Armari
1563 680 1658 702 contra
1668 673 1805 711 Rempub.
1828 673 1886 702 Cic.
1899 682 1949 710 pro
1960 672 2061 701 Milon.
2075 676 2118 705 68.
2559 676 2561 697 ῑ
2582 688 2583 693 .
2603 667 2604 671 ’

1446 712 1627 741 Armabantur
1635 711 1702 739 servi
1714 711 1742 739 iri
1757 711 1895 740 dominos.
1928 710 1985 738 Cic.
1998 718 2047 746 pro
2064 708 2150 738 Plane.
2164 712 2208 742 86.
2559 699 2561 732 l
2584 706 2589 714 ⁹

1446 751 1555 778 Armare
1569 748 1750 777 temeritatem
1760 749 1905 778 concitatae
1916 747 2106 776 multitudinis
2121 747 2286 776 authoritate
2296 744 2414 783 publica.
2434 745 2491 776 Cic.
2502 746 2563 803 prot
2582 748 2585 753 “
2602 767 2604 770 .

1464 786 1565 816 Milon.
1575 796 1600 814 2.
1631 786 1679 815 Me
1694 788 1833 817 recreat&
1843 786 1931 815 reficit
1947 785 1997 814 Cn.
2011 784 2134 822 Pompeii
2149 783 2338 822 sapientissimi
2348 783 2509 819 &justissimi
2518 786 2577 823 vi-5¹

1464 824 1485 853 ri
1501 823 1663 866 confilium:
1685 825 1730 861 qui
1744 824 1867 860 profecto
1879 833 1930 852 nec
1943 822 2050 858 justitiae
2065 828 2174 859 putaret
2183 821 2237 852 esse
2249 844 2257 857 ,
2277 831 2359 859 quem
2371 821 2562 852 reumsenten-i

1463 862 1510 890 tiis
1526 862 1649 896 iudicum
1661 861 1829 896 tradidisset,
1854 862 1974 890 eundem
1989 859 2051 889 telis
2062 860 2184 889 militum
2193 860 2312 889 dedere:
2334 868 2387 888 nec
2405 858 2552 897 sapientiae,
2576 860 2577 865 ¹

1464 900 1650 928 temeritatem
1660 900 1805 928 concitatae
1816 898 2003 928 multitudinis
2014 897 2178 927 authoritate
2192 897 2305 936 publica
2319 906 2432 926 armare.
2585 892 2595 898 ”

1446 938 1557 967 Armare
1580 937 1715 974 religione
1735 938 1850 967 deorum
1861 936 1984 974 perditos
2004 936 2182 972 magistratus.
2205 936 2262 964 Cic.
2278 944 2328 973 pro
2349 934 2440 963 Domo
2457 934 2550 970 sua,'2.
2592 955 2593 959 .

1467 975 1551 1004 Vobis
1561 975 1698 1003 hodierno
1709 975 1754 1003 die
1764 974 1989 1004 constituendum
2000 973 2038 1002 est
2049 995 2056 1007 ,
2079 980 2170 1002 utrum
2180 973 2292 1010 posthac
2301 979 2424 1001 amentes
2432 982 2463 1001 ac
2469 973 2553 1010 perdi·
2582 979 2604 1006 ,1

1465 1020 1508 1041 tos
1521 1013 1688 1049 magistratus
1699 1013 1888 1050 improborum
1900 1022 1931 1041 ac
1941 1011 2136 1040 sceleratorum
2147 1011 2249 1040 civium
2260 1009 2384 1048 praesidio
2396 1009 2506 1047 nudare,
2521 1019 2562 1055 ani
2588 1031 2590 1034 -
2602 1005 2604 1036 l

1463 1051 1547 1079 etiam
1563 1051 1678 1079 deorum
1695 1050 1892 1079 immortalium
1909 1050 2043 1086 religione
2061 1059 2164 1078 armare
2178 1048 2289 1078 malitis.
2560 1060 2562 1081 ι
2579 1075 2582 1078 ι
2602 1053 2604 1074 ι’

1445 1088 1593 1118 Ausoniam
1610 1088 1732 1117 armabat
1749 1088 1855 1117 Fabius.
1877 1088 1924 1117 Sil.
1937 1087 1984 1116 lib.
1998 1096 2023 1123 7.
2560 1091 2565 1119 ι
2603 1104 2604 1111 .

1446 1126 1487 1155 Ad
1499 1127 1593 1155 onmia
1603 1133 1630 1155 te
1641 1125 1747 1155 suiimrn
1755 1133 1836 1163 atque
1846 1125 1986 1155 excellens
1997 1131 2075 1153 tuum
2084 1124 2198 1153 armavit
2206 1122 2564 1161 ingeniuni.Cie.6.Fam.7.1
2582 1126 2590 1142 ¹¹
2603 1147 2604 1155 .

1443 1164 1564 1193 Armavit
1575 1174 1639 1193 eum
1650 1164 1717 1201 spes.
1740 1163 1765 1193 h.
1784 1173 1808 1193 e.
1832 1163 1992 1192 Commovit
2010 1163 2044 1191 ad
2055 1162 2218 1198 accipienda
2228 1171 2310 1190 arma.
2332 1160 2391 1190 Liv.
2405 1170 2431 1189 2.
2561 1178 2573 1212 J
2593 1159 2604 1190 i

1443 1203 1556 1231 Armare
1574 1201 1694 1238 aliquem
1707 1223 1714 1235 ,
1736 1211 1785 1239 pro
1797 1201 1960 1230 Potestatem
1970 1200 2069 1229 facere.
2093 1200 2150 1228 Cic.
2161 1209 2187 1229 2.
2201 1201 2252 1228 Att.
2286 1199 2381 1235 Quum
2394 1197 2511 1234 dicerem,
2527 1198 2556 1229 in
2586 1218 2588 1223 ·

1462 1238 1568 1268 summa
1578 1239 1603 1268 se
1615 1239 1737 1276 perfidiae
1748 1240 1773 1268 δι
1785 1238 1892 1268 sceleris
1901 1239 2014 1267 infamia
2025 1238 2092 1272 fore,
2119 1237 2136 1266 fi
2146 1238 2215 1266 mihi
2225 1228 2565 1276 periculumcreareturab{
2587 1258 2589 1264 .

1462 1284 1497 1306 eo
1516 1287 1598 1320 quem
1613 1276 1668 1314 ipse
1684 1276 1815 1306 armasset.
1839 1278 1854 1305 i.
1874 1286 1897 1306 e.
1919 1276 2045 1305 Potentia
2064 1277 2090 1304 Sc
2109 1276 2276 1305 authoritate
2293 1273 2466 1313 provexisset.
2561 1272 2595 1315 ᾗ]

1443 1315 1636 1344 Accusatorem
1647 1324 1675 1343 re
1687 1314 1786 1352 aliqua.
1810 1314 1868 1344 Cic.
1887 1324 1938 1352 pro
1953 1313 2063 1343 Cluent.
2079 1323 2139 1348 ¹9¹-
2375 1333 2381 1337 ,
2576 1320 2577 1325 ¹

1443 1352 1572 1390 Aliquem
1593 1353 1621 1381 in
1642 1352 1740 1390 Remp.
1769 1352 1827 1382 Cic.
1839 1357 1864 1386 3.
1886 1353 1939 1381 Att.
1954 1361 1978 1387 3.
2020 1351 2130 1381 Omitto
2150 1350 2198 1380 illa
2216 1356 2326 1385 vetera,
2348 1349 2424 1387 quod
2443 1349 2554 1380 istuiiiin
2580 1355 2590 1373 ‹'

1462 1390 1562 1428 Remp.
1583 1390 1669 1425 aluit,
1689 1390 1783 1426 auxit,
1804 1390 1929 1419 armavit.
1962 1390 1989 1419 h.
2012 1398 2037 1418 e.
2069 1389 2230 1419 Honoribus
2243 1390 2269 1419 ἃ
2283 1387 2410 1426 potentia
2420 1387 2455 1417 sic
2466 1387 2554 1424 erexit,

1463 1433 1495 1457 ut
1504 1428 1533 1457 sit
1544 1427 1621 1457 ausus
1632 1427 1738 1457 bellum
1748 1435 1846 1457 contra
1856 1428 1955 1466 Remp.
1976 1426 2120 1465 suscipere.

1444 1466 1480 1496 Se
1492 1465 1594 1504 spoliis.
1616 1466 1689 1503 Virg.
1702 1475 1726 1495 2.
1749 1466 1807 1496 [En.
1823 1476 1885 1502 395.

1445 1505 1537 1533 Armat
1552 1503 1578 1533 se
1597 1503 1764 1541 eloquentia.
1787 1503 1845 1533 Cic.
1861 1513 1881 1532 i.
1899 1503 1934 1532 de
1945 1502 2054 1532 Invent.

1445 1543 1592 1571 Armantur
1601 1541 1747 1579 equibello
1759 1563 1767 1577 ‚
1788 1552 1838 1579 pro
1850 1541 1890 1570 Ad
1899 1541 2013 1570 bellum.
2036 1540 2108 1578 Virg.
2122 1548 2146 1575 3.
2160 1539 2220 1570 AEn.
2234 1548 2296 1574 540.
2409 1541 2413 1543 ’
2475 1566 2478 1573 ,
2579 1542 2590 1569 ,ἰν

1445 1580 1555 1609 Armare
1567 1589 1658 1608 naves.
1680 1580 1698 1608 i.
1716 1589 1740 1609 e.
1763 1580 1803 1608 Ad
1813 1579 1917 1608 bellurn
1930 1579 2069 1608 instruere.
2093 1577 2158 1607 Caes.
2173 1589 2196 1614 5.
2208 1577 2277 1607 Bell.
2289 1575 2358 1606 Gall.
2373 1586 2397 1606 r.
2437 1577 2452 1613 [
2471 1574 2583 1623 Imiholr

2562 1474 2567 1492 l

1466 1618 1648 1646 Armamentis
1664 1617 1804 1647 instruere.
1845 1617 1875 1646 V.
1898 1627 1917 1645 A
1927 1627 1942 1645 R
1951 1627 1971 1645 Μ
1984 1627 2002 1645 A
2011 1627 2032 1645 Μ
2042 1626 2055 1645 ιτ.
2063 1626 2083 1645 N
2094 1626 2113 1645 τ
2123 1626 2151 1644 A.
2564 1625 2570 1649 p

1444 1657 1555 1685 Armate
1571 1655 1683 1684 Veneno
1694 1655 1806 1691 ferrum,
1825 1665 1875 1692 pro
1884 1664 1918 1684 eo
1930 1655 2005 1692 quod
2015 1655 2053 1683 est
2063 1654 2179 1683 Veneno
2189 1653 2291 1683 ferrum
2299 1653 2414 1691 tingere,
2425 1651 2551 1688 imbuere,
2562 1658 2585 1677 ff

1464 1702 1496 1723 ut
1506 1693 1664 1731 prazsentius
1674 1693 1807 1722 vulneret.
1832 1693 1902 1730 Virg.
1916 1703 1940 1727 9.
1962 1692 2023 1722 AEn.
2036 1701 2098 1729 773.
2564 1685 2569 1729 ξ
2590 1722 2591 1726 Ἰ

1407 1731 1632 1766 ARMANnus,
1653 1728 1839 1767 [ἐπλοτέῶι]
1860 1731 1943 1760 Ovid.
1963 1740 2004 1766 13.
2027 1729 2174 1764 Met.2r5.
2562 1734 2584 1800 ij

1446 1809 1570 1837 Armatos
1583 1829 1591 1841 ,
1613 1806 1630 1835 si
1649 1806 1744 1835 Latine
1760 1806 1836 1843 loqui
1848 1806 1975 1836 volumus
1985 1828 1993 1841 ,
2015 1815 2084 1843 quos
2095 1804 2234 1843 appellare
2244 1814 2308 1834 vere
2318 1803 2482 1842 possumus?
2501 1804 2555 1842 opi·
2562 1802 2579 1842 51⁸*

1445 1854 1496 1874 nor
1513 1854 1560 1873 eos
1578 1846 1624 1881 qui
1639 1844 1723 1882 scutis
1744 1845 1862 1881 telisque
1878 1844 1964 1882 parati
1987 1844 2131 1881 ornatique
2151 1841 2220 1871 sunt.
2564 1845 2569 1867 ζ]

1444 1882 1605 1913 Incredibili
1622 1892 1740 1911 armatus
1752 1882 1875 1911 audacia.
1898 1882 1955 1910 Cic.
1969 1891 2019 1919 pro
2032 1881 2123 1911 Domo
2134 1880 2180 1910 sua
2195 1902 2203 1914 ‚
2218 1889 2264 1915 41.
2302 1879 2469 1916 Quanquam
2485 1879 2555 1909 &in-
2566 1878 2578 1907 ij

1465 1920 1581 1950 solentia
1590 1920 1736 1950 damnatus
1747 1919 1882 1949 extulerat
1890 1920 1998 1949 animos
2008 1942 2016 1956 ,
2037 1921 2062 1949 &t
2073 1924 2131 1949 erat
2139 1917 2298 1947 incredibili
2306 1920 2425 1946 armatus
2435 1916 2549 1947 audacia.
2562 1925 2569 1944 i:
2587 1919 2590 1925 '

1464 1959 1481 1988 i.
1500 1968 1524 1988 e.
1547 1958 1674 1988 Munitus
1694 1960 1720 1987 Sc
1735 1958 1889 1987 instructus.
2566 1955 2569 1977 ¹,

1444 1997 1553 2026 Armata
1571 1996 1642 2025 dolis
1661 2005 1748 2025 mens.
1781 1995 1828 2025 Sil.
1840 1995 1888 2025 lib.
1905 2005 1927 2025 r.

1445 2036 1585 2064 Armatum
1605 2034 1660 2063 fide
1681 2035 1785 2072 pectus.
1808 2033 1855 2063 Sil.
1877 2033 1922 2062 lib.
1940 2035 2018 2062 rr.6.
2564 2055 2580 2061 ..

1445 2073 1547 2102 Armati
1563 2073 1671 2101 animis.
1695 2071 1752 2100 Cic.
1766 2081 1791 2108 7.
1816 2071 1934 2109 Philipp.
1948 2081 1992 2106 25.
2034 2069 2203 2107 Quidlegati
2219 2069 2341 2106 egerint,
2368 2067 2495 2097 nondum
2511 2063 2569 2107 sci-l]
2594 2069 2595 2072 ’

1465 2119 1543 2139 mus:
1566 2117 1593 2138 at
1604 2119 1669 2139 vero
1680 2110 1782 2144 eret‘ti,
1804 2109 1895 2145 citati,
1918 2109 2004 2146 parati
2016 2131 2024 2144 ,
2044 2109 2139 2137 armati
2155 2108 2254 2136 animis
2271 2108 2327 2143 jam
2338 2105 2391 2135 esse
2402 2105 2538 2135 debemus.
2562 2122 2575 2133 ¹¹

1445 2147 1515 2177 Urbs
1527 2155 1628 2176 armata
1638 2148 1731 2176 muris.
1762 2147 1821 2177 Cic.
1834 2157 1859 2177 2.
1880 2155 1975 2176 contra
1990 2146 2063 2176 Rull.
2073 2151 2117 2179 86.
2149 2145 2246 2174 Deleta
2258 2145 2393 2181 Carthago
2408 2144 2445 2173 est
2456 2165 2463 2178 ,
2484 2142 2565 2180 quod*¹

1464 2195 1529 2215 cum
1539 2185 1687 2228 hominum
1701 2185 1807 2222 copiis,
1827 2192 1887 2214 tum
1898 2185 1954 2223 ipsa
1964 2192 2061 2214 natura
2079 2193 2111 2213 ac
2122 2183 2187 2212 loco
2200 2183 2345 2212 succinsta
2360 2182 2499 2220 portibus,
2518 2179 2570 2223 ar-{i

1464 2231 1537 2252 mata
1557 2233 1660 2258 muris,
1680 2233 1844 2258 excurrere,
1867 2224 1918 2252 &c
2564 2229 2569 2253 Α

1444 2261 1569 2292 Armatus
1589 2260 1678 2290 Absol.
1693 2263 1719 2291 δι
1736 2261 1900 2290 substantive
1920 2260 2017 2290 dixisse
2036 2259 2164 2294 videtur,
2186 2268 2237 2297 pro
2257 2256 2425 2287 Hominibus
2437 2253 2577 2296 armatis,{J2

1464 2299 1536 2336 Virg.
1550 2309 1574 2328 2.
1594 2299 1655 2328 AEn.
1670 2305 1732 2334 328.
2563 2303 2566 2313 ’

1525 2337 1632 2366 Arduus
1650 2344 1769 2366 armatos
1789 2336 1887 2365 mediis
1910 2336 1939 2364 in
1958 2335 2099 2365 moenibus
2117 2334 2204 2363 astans
2216 2355 2224 2368 ,
2568 2347 2572 2354 ·

1524 2375 1626 2404 Fundit
1641 2385 1736 2412 equuS.
1820 2376 1835 2410 [
1853 2375 1930 2412 Apud
1946 2374 2089 2402 historicos
2107 2372 2230 2402 melioris
2247 2371 2299 2400 aevi
2313 2369 2384 2399 nihil
2393 2369 2564 2407 frequentium
2575 2378 2582 2397 .·

1462 2413 1514 2442 hac
1523 2412 1619 2450 ellipsi.
1660 2411 1689 2441 V.
1713 2413 1789 2442 Cort.
1801 2413 1837 2441 ad
1845 2412 1908 2442 Sall.
1921 2412 1999 2441 Catil.
2012 2421 2035 2440 e.
2050 2421 2094 2447 ²7·
2111 2420 2137 2439 2.

1443 2450 1552 2488 Superl.
1574 2451 1632 2480 Cic.
1646 2461 1695 2488 pro
1703 2451 1805 2480 Caecin.
1818 2454 1863 2479 61.
1891 2450 1964 2479 Non.
1976 2450 2052 2478 enim
2062 2448 2182 2485 reperies
2196 2456 2354 2484 quenquam
2364 2446 2494 2480 iudicem,
2509 2449 2570 2476 auti*

1462 2495 1694 2526 recuperatorem,
1713 2489 1769 2526 qui,
1788 2494 1920 2524 tanquam
1932 2487 1949 2516 si
1959 2497 2034 2516 arma
2043 2486 2140 2515 militis
2151 2485 2324 2522 inspiciunda
2334 2484 2394 2518 sint,
2414 2484 2452 2512 ita
2461 2481 2552 2520 probet
2561 2481 2581 2516 li.

1463 2532 1616 2569 armatum:
1638 2526 1684 2555 sed
1693 2526 1809 2564 perinde
1820 2525 1939 2560 valebit,
1958 2525 2030 2562 quasi
2042 2523 2208 2553 armatissimi
2220 2522 2340 2557 fuerint,
2362 2519 2570 2559 sireperienturl
2585 2540 2587 2542 -

1464 2571 1500 2593 ita
1510 2565 1596 2602 parati
1608 2564 1695 2599 fuisse,
1710 2571 1739 2593 ut
1750 2564 1806 2592 vim
1815 2564 1878 2592 vitae
1895 2570 1942 2592 aut
1957 2563 2067 2601 corpori
2078 2560 2332 2600 potuerint-afferre.
2564 2567 2565 2579 ³
2590 2585 2593 2594 ,

1406 2600 1584 2636 ARMATA,
1612 2612 1672 2631 av.
1695 2611 1828 2630 ARMus.
1872 2601 1900 2630 V.
1924 2601 1952 2629 in
1974 2601 2000 2629 h.
2019 2611 2043 2629 v.
2564 2596 2569 2624 i

1406 2640 1452 2669 Aa
1465 2644 1605 2674 Μῖνι-υς,
1636 2649 1676 2668 us.
1699 2641 1713 2675 [
1732 2635 1877 2673 amends]
1909 2638 1985 2667 Idem
2006 2637 2081 2675 quod
2104 2637 2251 2666 Armatura.
2283 2635 2340 2664 Liv.
2364 2643 2406 2671 37.
2424 2644 2467 2669 40.
2488 2631 2570 2663 Inde».

1443 2677 1595 2707 Neocretes
1603 2677 1688 2711 mille,
1700 2679 1726 2707 64
1736 2677 1837 2706 eodem
1848 2684 1953 2706 armatu
1964 2676 2045 2706 Cares
2054 2677 2080 2705 ὅ(
2090 2673 2191 2704 Cilices
2202 2673 2280 2703 mille
2290 2675 2316 2703 δι
2326 2672 2475 2710 quingenti.
2497 2670 2513 2700 i.
2528 2679 2550 2700 e.
2564 2678 2569 2701 1*

1443 2714 1555 2744 Paribus
1570 2717 1596 2745 Sc
1609 2715 1741 2744 similibus
1750 2716 1833 2743 armis
1846 2714 1945 2744 induti.

1405 2753 1427 2782 A
1439 2763 1452 2781 a
1462 2764 1482 2781 M
1494 2763 1512 2782 A
1521 2764 1541 2781 Μ
1553 2763 1566 2781 a
1576 2763 1595 2781 Ν
1611 2763 1625 2781 r
1637 2763 1655 2781 A
1666 2775 1674 2788 ,
1695 2763 1783 2781 orum.
1807 2754 1942 2788 [ἑςφαλᾶαι
1951 2773 1958 2786 ‚
1976 2751 2053 2785 onnia,
2071 2748 2261 2783 ouataemam]
2281 2748 2412 2777 dicuntur
2426 2745 2552 2782 (authore
2568 2757 2571 2762 ·

1442 2790 1568 2822 Perotto)
1581 2791 1651 2827 Qure
1662 2791 1696 2819 ad
1706 2790 1897 2819 instruendum
1907 2789 2013 2826 aliquid
2022 2789 2175 2826 pertinent:
2190 2793 2220 2815 ut
2231 2787 2259 2814 in
2271 2785 2384 2814 navibus
2393 2789 2552 2814 armamenta
2576 2794 2581 2808 ¹

1442 2828 1505 2857 sunt
1514 2828 1667 2864 nonsoluni
1677 2838 1760 2862 arma,
1775 2827 1821 2856 sed
1831 2828 1910 2862 remi,
1927 2826 1998 2861 vela,
2018 2833 2162 2859 antennae,
2183 2824 2323 2858 rudentes,
2345 2823 2445 2856 clavus,
2464 2823 2487 2851 Gt
2504 2819 2586 2858 alial'.

1442 2866 1590 2899 eiusmodi.
1612 2866 1697 2895 Plaut.
1709 2866 1796 2895 Mero.
1811 2875 1833 2894 i.
1847 2869 1893 2894 62.
1916 2864 1995 2894 Salva
2005 2864 2043 2893 est
2053 2864 2139 2896 navis,
2150 2872 2185 2891 ne
2195 2862 2270 2891 time.
2294 2872 2319 2890 c.
2337 2861 2403 2897 quid
2413 2860 2465 2893 alia
2473 2866 2565 2888 arma-i
2591 2888 2593 2891 ,

1442 2904 1556 2933 menta‘?
1579 2914 1607 2932 A.
1621 2903 1690 2933 salva
1702 2904 1727 2933 Sc
1738 2902 1799 2932 sana
1810 2902 1880 2932 sunt.
1915 2901 2079 2931 Columell
2090 2912 2115 2936 4.
2127 2910 2150 2929 c.
2166 2909 2187 2935 3.
2217 2899 2353 2928 Nonnulli
2365 2895 2552 2927 strenuefabri·
2568 2907 2569 2910 ¹
2583 2923 2586 2927 .

1443 2948 1508 2970 cant
1517 2942 1635 2978 navigia,
1649 2951 1700 2970 nec
1708 2941 1896 2970 consummata
1907 2940 2022 2975 perinde
2032 2939 2169 2968 instruunt
2177 2935 2548 2971 armamentis,ministrisque.
2568 2946 2572 2963 ,ι

1441 2978 1551 3008 Barbari
1572 2979 1701 3008 Utensilia
1715 2984 1822 3008 vocant.
1861 2979 1875 3014 [
1890 2978 1920 3006 V.
1943 2977 2076 3006 Schelser.
2099 2976 2134 3004 de
2147 2975 2206 3005 Mil.
2220 2975 2287 3004 Nav.
2303 2985 2324 3002 1.
2338 2986 2364 3009 4.
2388 2985 2412 3011 p.
2435 2982 2476 3008 35.
2492 2971 2550 3001 &in
2574 2973 2576 2978 '

1440 3016 1570 3046 Addend.
1588 3025 1615 3054 p.
1631 3025 1691 3052 333.
1725 3016 1776 3045 Ubi
1787 3015 1994 3045 doceretiirma
2005 3014 2164 3052 simpliciter
2180 3013 2288 3046 vocari,
2313 3014 2351 3041 uti
2364 3011 2462 3040 Graecis
2477 3009 2546 3036 bra«.
2568 3019 2569 3023 ¹
2586 3035 2593 3042 .

1441 3054 1472 3082 V.
1486 3055 1598 3084 Homeri
1609 3054 1714 3092 Hymn.
1730 3055 1760 3083 in
1772 3053 1862 3092 Apoll.
1875 3063 1899 3082 v.
1914 3064 1986 3089 405,
2004 3056 2068 3089 406.
2091 3051 2184 3080 collat.
2207 3060 2270 3079 cuin
2282 3060 2343 3087 457.
2361 3059 2421 3086 503.
2443 3046 2549 3085 &supra
2563 3075 2566 3085 ,
2584 3062 2586 3067 ·

1440 3092 1471 3121 in
1492 3092 1722 3121 ARMAsubfin.
2587 3085 2590 3090 '

1441 3128 1564 3159 Navium
1575 3135 1752 3159 armamenta.
1774 3128 1842 3158 Plin.
1853 3127 1900 3157 llb.
1916 3137 2030 3164 19.c;1p.
2042 3136 2067 3155 2.
2090 3125 2148 3155 Cic.
2160 3126 2187 3154 in
2197 3126 2286 3154 Arato.

1439 3166 1588 3197 Vinearum
1609 3172 1787 3196 armamenta.
1811 3165 1937 3195 Plin.lib.
1956 3175 1996 3201 i7.
2011 3174 2061 3201 cap
2082 3174 2125 3192 21.

1918 3201 2038 3236 επλοῖνῖκη
2053 3202 2067 3235 ]
2091 3201 2143 3230 Uhi
2163 3207 2336 3237 reponuntur
2348 3202 2512 3229 armamenta
2524 3196 2548 3226 ἃ
2564 3218 2565 3225 .
2586 3207 2587 3211 ¹

1439 3252 1523 3277 arma,
1537 3242 1658 3271 aitValla
1668 3241 1685 3270 l.
1703 3253 1723 3270 i.
1742 3241 1827 3270 Liv.6.
1842 3240 1907 3270 Bell.
1922 3240 1990 3269 Ptin.
2015 3239 2080 3268 Haec
2092 3239 2145 3267 illis
2155 3237 2273 3272 arx,haec
2283 3235 2547 3270 liorreiini,aerarium.

1438 3279 1753 3313 ai·manientarium,haec
1763 3279 1889 3308 omnium
1897 3282 1987 3306 rerum
1999 3277 2204 3314 receptaculum
2214 3276 2259 3304 est>
2281 3275 2338 3304 Cic.
2348 3286 2369 3304 i.
2385 3275 2418 3304 de
2429 3274 2545 3303 Orata.

1437 3317 1517 3348 Philo
1530 3318 1695 3347 architechis
1705 3315 1913 3345 Atheniensibus
1922 3315 2164 3344 armamentarium
2177 3314 2250 3342 fecit.
2278 3313 2377 3348 juven.
2393 3320 2433 3347 13.
2443 3311 2494 3340 Sat·
2505 3314 2544 3346 83-

1517 3356 1601 3384 Addit
1619 3357 1644 3384 ἃ
1661 3354 1812 3384 Herculeos
1832 3363 1910 3382 arcus
1922 3375 1929 3387 ,
1951 3352 2108 3389 hastamque
2133 3351 2263 3381 Minervae
2275 3373 2282 3385 ,
2563 3347 2566 3362 '

1517 3393 1661 3429 Quicquid
1679 3392 1783 3421 habent
1803 3391 1922 3420 telorum
1945 3390 2154 3419 armamentaria
2171 3388 2245 3418 coeli.

1435 3468 1624 3501 instrumenta,
1636 3468 1703 3496 telle
1714 3466 1796 3501 Valla,
1812 3465 1860 3495 l.1.
1885 3466 1951 3494 item
1965 3465 2067 3494 cibaria
2078 3466 2103 3494 S<
2113 3464 2247 3502 pecuniae.
2262 3463 2345 3492 Plaut.
2358 3462 2436 3500 Capt.
2447 3467 2543 3495 4410.
2582 3467 2604 3511 *l

1516 3505 1606 3535 Cellas
1633 3505 1743 3541 refregit
1760 3513 1857 3533 omnes
1876 3504 1965 3537 intus,
1986 3502 2150 3539 reclusitque
2171 3501 2325 3530 armarium.
2426 3498 2481 3528 Cic.
2498 3503 2544 3534 pro
2564 3503 2565 3530 ἶ
2589 3513 2604 3539 ⁴.

1435 3541 1506 3572 Coel.
1522 3553 1564 3578 52.
1586 3543 1669 3572 Tune
1679 3551 1775 3571 aurum
1785 3551 1819 3570 ex
1831 3541 1945 3569 armario
1956 3548 2004 3569 tuo
2015 3549 2143 3578 promere
2159 3538 2219 3568 ausa
2234 3539 2282 3572 es‘?
2564 3550 2565 3562 l
2600 3542 2604 3555 ··

1433 3580 1610 3609 Adliaerentia
1631 3580 1757 3609 membro
1777 3579 1877 3608 domus
1891 3579 2022 3613 armaria,
2046 3577 2090 3607 vel
2107 3577 2195 3607 affixa.
2227 3575 2288 3613 Ulp.
2312 3575 2342 3603 in
2360 3572 2378 3603 l.
2397 3571 2542 3602 Librorum.
2564 3588 2566 3614 ι
2587 3571 2604 3595 Δ

1445 3618 1473 3654 ᾗ.
1496 3618 1550 3647 Sed
1574 3618 1600 3647 li.
1624 3618 1656 3647 D.
1674 3616 1707 3646 D.
1730 3617 1782 3654 leg.
1804 3616 1894 3645 tertio.

1432 3653 1586 3684 Armariuin
1607 3655 1844 3693 promptuarium,
1865 3653 1939 3690 apud
1956 3652 2093 3681 Catonem
2108 3661 2168 3689 cap.
2193 3659 2234 3679 rr.
2534 3680 2540 3687 Ι

1432 3693 1599 3728 Armarium,
1612 3693 1744 3722 Machina
1757 3691 1792 3720 ad
1802 3690 1968 3728 supplicium
1982 3696 2149 3727 comparata.
2170 3687 2240 3717 Gell.
2252 3687 2269 3717 l.
2283 3690 2308 3716 6.
2319 3696 2342 3716 c.
2356 3696 2382 3721 4.
2402 3685 2433 3715 Id
2453 3692 2486 3713 ue
2498 3680 2541 3712 ubl
2564 3681 2566 3718 ἔ
2597 3687 2604 3709 Γ.

1452 3729 1548 3759 Roma»
1561 3732 1705 3767 cognitum
1717 3729 1766 3765 est,
1777 3727 1958 3757 nobilissimos
1972 3727 2120 3756 Poenorum
2135 3726 2259 3769 captivos
2267 3724 2362 3754 liberis
2372 3723 2445 3760 Regu
2459 3718 2542 3763 ian-
2565 3720 2566 3730 ¹

1451 3775 1518 3796 natu
1528 3768 1648 3802 deditos,
1658 3770 1683 3797 Sc
1693 3767 1728 3797 ab
1738 3768 1769 3796 iis
1779 3767 1808 3795 in
1819 3766 1934 3794 armario
1947 3765 2100 3793 muricibus
2107 3765 2218 3802 praehxo
2228 3763 2380 3797 destitutos,
2399 3760 2542 3794 eademque

1450 3804 1587 3834 insomnia
1604 3806 1741 3835 cruciatos
1753 3802 1891 3833 interiisse.
1934 3802 2038 3831 ferreis
2050 3801 2105 3831 scil.
2130 3800 2290 3830 muricibus.
2332 3799 2362 3828 V.
2380 3803 2504 3827 Muri-tx.

2565 3825 2567 3829 Α
2594 3794 2604 3818 1

1393 3841 1415 3869 A
1425 3850 1440 3869 R
1450 3851 1469 3868 M
1482 3852 1500 3869 A
1511 3851 1543 3870 ιιι
1556 3845 1572 3870 ὅ
1583 3853 1597 3870 1.
1607 3853 1625 3871 u
1635 3854 1655 3871 M
1667 3864 1674 3877 ,
1695 3843 1714 3872 i.
1737 3851 1763 3870 n.
1786 3843 1800 3877 [
1813 3837 1963 3874 σκώοθῆκιον
1975 3840 1990 3874 ]
2012 3840 2126 3869 Parvum
2137 3839 2291 3868 armarium.
2324 3836 2408 3866 Plaut.
2425 3833 2503 3864 Truc.
2518 3839 2539 3860 1-
2565 3833 2567 3861 i
2596 3834 2604 3854 ἓ

1434 3888 1456 3907 1.
1473 3887 1516 3914 35.
1538 3879 1590 3908 Aut
1612 3879 1700 3909 lestus
1713 3879 1822 3916 dapsilis
1833 3899 1841 3912 ,
1862 3884 1908 3906 aut
1924 3877 2067 3906 armariola
2086 3877 2188 3906 Graeca.

1391 3916 1412 3944 A
1421 3925 1438 3944 ιι
1447 3926 1467 3943 M
1478 3925 1496 3944 A
1507 3927 1521 3944 t
1531 3926 1548 3945 c
1560 3926 1578 3945 n
1591 3927 1608 3945 A
1619 3927 1633 3945 ιι
1644 3939 1652 3950 ,
1676 3917 1786 3946 Fluvius
1798 3915 1949 3953 Euphrates
1964 3936 1972 3949 ‚
1995 3914 2031 3944 sie
2046 3914 2079 3943 ab
2098 3913 2207 3951 Assyriis
2220 3906 2375 3953 appellatus
2385 3931 2393 3946 ,
2414 3910 2439 3940 ἃ
2451 3903 2541 3944 fignifi·
2565 3896 2567 3940 i
2595 3900 2604 3931 5

1431 3953 1604 3992 catRegium
1615 3954 1729 3985 flumen.
1762 3953 1831 3985 Plin.
1851 3952 1901 3982 lib.
1911 3956 1935 3982 6.
1952 3962 2012 3990 cap.
2029 3956 2073 3983 26.
2435 3947 2543 3976 Anffi-
2566 3966 2567 3970 ,
