2600 4177
499 104 528 139 C
627 105 658 140 R
755 103 787 138 U

87 195 204 226 utroque
215 189 298 218 latere
310 188 397 217 crucis
409 186 490 216 instar
502 186 638 224 perforata
654 196 661 214 :
682 185 758 214 unde
778 183 818 214 illi
831 183 965 215 Cruciatae
983 193 1086 214 nomen
1104 182 1213 213 indide-

89 235 160 256 runt.
205 227 232 255 V.
255 225 395 256 Mattliiol.
418 225 447 253 in
463 224 510 252 lib.
530 232 553 259 3.
572 223 727 252 Dioscorid.

52 264 96 294 Cr<
109 275 154 293 un
168 273 274 297 aurei,
295 273 326 292 ae.
349 263 368 292 f.
390 261 501 298 Argenti
522 269 591 290 vena
609 270 670 298 quae
689 261 718 289 in
737 259 843 290 sumnia
857 260 954 289 fodina
973 260 1117 298 reperitur.
1140 259 1210 288 Plin.

91 302 137 330 lib.
188 323 194 329 .
212 311 243 330 ca
268 324 272 330 .
285 304 311 329 6.

152 311 182 336 ῃ
246 311 262 338 p
304 346 361 366 um.
382 335 442 370 Adj.
466 334 561 370 [ὦμές.
579 333 704 370 ἅπτπᾈε]
723 335 974 371 quidamaCruore
985 335 1090 363 dictum
1102 340 1212 371 putant,

90 377 166 410 quod
183 376 293 413 proprie
304 375 410 402 Recens
418 377 499 408 atque
509 372 640 401 acerbum
652 373 800 408 significat:
825 379 864 406 ut,
884 373 1007 401 Crudum
1020 372 1130 400 vulnus.
1149 371 1175 399 h.
1186 381 1211 400 c.

90 414 219 448 Recens,
241 411 346 447 &quasi
359 410 451 438 adhuc
463 416 619 439 cruentum.
660 410 733 440 Hinc
752 411 878 440 Crudum
892 431 899 444 ‚
922 410 1007 446 Quod
1029 408 1156 437 nondum
1174 410 1213 437 est

91 453 220 485 coctum,
242 460 257 479 a
268 447 445 478 similitudine
457 448 549 476 crudae
560 448 649 476 carnis
664 470 672 482 ‚
694 458 753 485 quae
767 449 858 477 adhuc
876 455 991 476 cruenta
1012 447 1058 476 est.
1100 446 1167 475 Plin.
1188 457 1212 481 ς.

90 488 176 525 Epist.
194 491 235 516 16.
257 486 291 515 ad
302 484 515 519 Marcellinum,
538 485 660 514 Utenim
677 487 794 515 crudum
814 485 905 514 adhuc
921 484 1021 513 vulnus
1039 484 1215 512 medentium

91 535 190 555 manus
201 523 363 553 reformidat
376 545 383 556 ,
404 523 508 552 deinde
519 524 623 560 patitur
634 545 642 558 ,
662 531 744 560 atque
756 523 829 552 ultro
842 523 970 559 requirit:
993 522 1028 551 sic
1045 531 1140 550 recens
1158 522 1216 549 ani-

91 565 131 592 mi
147 562 227 591 dolor
242 560 446 589 consolationes
459 561 551 596 rejicit
569 570 601 590 ac
618 561 739 598 refugit,
759 570 826 590 mox
844 560 996 595 desiderat,
1018 562 1044 590 δι
1064 559 1216 588 clementer

91 599 213 630 admotis
224 598 381 633 acquiescit.

92 637 236 671 Crudum,
258 636 393 665 Nondum
405 637 536 666 coc'tum:
557 643 607 672 ut,
629 637 721 666 Cruda
731 645 805 666 caro.
827 635 904 665 Suet.
917 636 1024 665 Neron.
1038 644 1098 673 cap.
1112 643 1156 670 37.

91 674 217 711 Agricola
230 675 340 703 crudus.
365 673 482 703 Martial.
495 674 542 703 lib.
556 684 598 703 12.
611 683 655 711 77.

91 713 176 742 Alvus
191 713 274 741 cruda
286 734 294 746 ‚
317 712 387 748 Qiae
409 712 528 741 crudum
546 712 637 741 adhuc
650 713 676 742 8<
689 711 887 741 inconcoc'tum
901 711 999 741 eibum
1014 710 1116 748 egerit,
1138 714 1170 739 ut
1187 710 1218 739 in

112 750 247 779 lienteria.
273 750 342 778 Cato
355 759 414 787 cap.
429 758 489 783 125.

93 787 195 817 Caestus
208 788 309 818 crudus
319 810 326 822 ‚
349 798 397 823 pro
411 787 485 816 Duro
496 785 540 816 vel
554 786 675 816 Crudeli.
705 787 778 823 Virg.
791 797 815 821 ς.
831 786 892 816 AEn.
905 789 949 821 69.

174 826 227 854 Seu
241 826 327 854 crudo
340 825 400 854 fidit
414 834 535 862 pugnam
547 826 722 854 committere
732 825 822 854 coestu.
904 824 1024 854 Servius.

94 863 156 892 Cibi
170 873 178 898 ς
203 863 396 900 Quiindigesti
408 865 432 892 ἃ
444 862 569 891 nondum
581 863 709 891 concocti
726 861 797 891 sunt.
819 862 919 897 Juven.
934 872 957 892 1.
974 862 1029 891 Sat.
1043 869 1105 897 143.

289 917 327 921 —
338 903 363 930 ἃ
373 901 489 929 crudum
504 909 642 936 pavonem
655 901 682 928 in
693 899 790 929 balnea
800 907 904 937 portas.

95 939 199 968 Cortex
211 939 330 974 crudus,
354 948 403 974 pro
419 937 511 966 viridi.
534 937 605 973 Virg.
618 947 644 972 9.
658 937 719 967 ffin.
733 946 797 973 743.

289 977 383 1006 -ille
394 976 492 1005 rudem
502 975 584 1004 nodis
593 977 619 1005 Sc
631 976 735 1005 cortice
744 975 831 1004 crudo

52 339 227 373 Conus,
249 348 283 372 a,

176 1014 329 1052 Intorquet.
424 1014 541 1043 Servius.

96 1052 173 1083 Ensis
186 1052 289 1081 crudus
304 1074 311 1087 ‚
332 1061 383 1089 pro
394 1051 506 1080 Crudeli
517 1050 561 1080 vel
573 1050 705 1080 Cruento.
729 1050 801 1087 Virg.
815 1060 857 1080 10.
869 1049 931 1081 AEn.
949 1054 1012 1085 682.

290 1106 327 1110 ——
338 1091 363 1119 8<
374 1089 491 1118 crudum
503 1098 552 1126 per
565 1089 650 1118 costas
663 1089 756 1125 exigat
771 1088 874 1118 ensem.
956 1088 1076 1119 Servius.

96 1127 173 1165 Equa
186 1127 271 1157 cruda
280 1129 379 1156 marito
390 1134 528 1165 proterve.
550 1126 617 1156 Hor.
630 1135 653 1163 3.
669 1128 759 1156 Carm.
775 1136 816 1156 11.
833 1136 875 1156 12.

96 1165 218 1195 Exordia
238 1166 323 1195 cruda
334 1175 440 1203 niagnae
455 1163 567 1194 indolis.
590 1165 657 1193 Stat.
673 1174 695 1194 1.
713 1165 801 1194 Achil.
814 1168 877 1200 27⁶·

95 1203 203 1233 fatum.
226 1204 273 1234 Sil.
291 1203 337 1232 lib.
353 1212 471 1239 ¹3-224-
493 1202 528 1231 al.
551 1201 674 1232 Factum.
697 1201 726 1232 V.
749 1202 998 1232 Drakenb.adlos.

96 1241 206 1271 Funera
216 1242 311 1271 cruda.
335 1242 401 1271 Stat.
415 1251 440 1276 9.
456 1239 546 1270 Theb.
557 1248 620 1274 390·
722 1275 728 1284 .

292 1295 330 1300 —
339 1289 394 1316 quo
405 1279 460 1314 jam
472 1287 524 1306 nec
534 1277 619 1306 cruda
631 1283 744 1316 nepotis

190 1316 296 1346 Funera
308 1339 316 1352 ‚
341 1326 393 1345 nec
405 1315 486 1344 nostri
498 1314 608 1344 valeant
619 1325 800 1354 perrumpere
812 1315 950 1354 planetus.

97 1355 193 1386 Homo
206 1376 214 1389 ‚
236 1356 293 1391 Qui
305 1355 422 1384 crudum
435 1353 519 1382 habet
527 1353 717 1390 stomachum,
740 1354 768 1382 id
783 1354 821 1383 est
837 1356 884 1391 qui
895 1355 990 1384 cibum
1007 1360 1066 1381 non
1080 1352 1224 1384 concoxlt.

118 1395 176 1423 Cic.
190 1403 215 1422 2.
236 1395 271 1422 de
284 1393 342 1423 Fin.
358 1401 402 1428 23.
426 1391 567 1428 Crudique
589 1392 722 1429 postridie
739 1391 765 1421 se
785 1392 875 1422 rursus
895 1392 1076 1431 ingurgitent.
1108 1391 1176 1422 Hor.
1201 1403 1226 1421 1.

116 1432 204 1462 Serui.
241 1454 246 1460 .
300 1454 306 1460 .

192 1442 322 1505 Νεξτηρἷἶε
340 1467 397 1506 pila
415 1466 502 1504 lippis
514 1466 660 1496 inimicum
679 1467 705 1497 Sc
725 1465 821 1496 ludere
838 1467 940 1497 crudis.
1014 1466 1056 1497 Al.
1078 1477 1143 1506 exp.
1167 1467 1226 1505 Qui

117 1507 196 1536 cibos
209 1516 387 1543 concoquere
402 1512 555 1541 nequeunt.
594 1505 624 1534 V.
646 1507 672 1534 61
686 1505 802 1542 (21111101.
820 1515 862 1535 11.
875 1515 900 1542 3.
914 1515 942 1543 p.
958 1514 1039 1536 1002.

98 1545 199 1574 Honor
210 1545 321 1573 crudus.
343 1545 410 1573 Stat.
427 1553 468 1572 10.
483 1543 574 1572 Theb.
590 1546 653 1578 336.

98 1582 213 1613 ]ndoles
225 1604 233 1616 ‚
255 1583 362 1612 Patiens
380 1581 517 1611 laborum.
540 1580 637 1610 Claud.
650 1580 686 1610 de
699 1589 724 1617 ς.
737 1579 819 1611 Cons.
829 1579 904 1611 Hon.
917 1590 962 1619 43.

101 1621 246 1657 juventus.
268 1620 315 1650 Sil.
329 1620 378 1650 lib.
394 1629 416 1651 1.
433 1628 494 1656 303.

100 1660 194 1689 Alens.
216 1658 263 1688 Sil.
277 1658 324 1687 lib.
337 1670 363 1692 4.
378 1667 422 1694 35.

101 1697 215 1727 Nomen
230 1697 318 1727 Marte
329 1697 379 1725 viri
393 1718 401 1730 ,
422 1692 571 1725 Terribile.
586 1692 642 1724 Sil.
654 1691 702 1724 lib.
716 1702 741 1731 7.
757 1700 819 1731 113.

102 1734 226 1764 Novalis.
268 1734 298 1763 V.
321 1744 341 1763 N
352 1744 368 1762 o
377 1744 394 1763 v
405 1744 422 1762 A
433 1744 449 1761 L
459 1743 466 1761 i
477 1742 498 1761 s.

101 1772 186 1802 Poma
196 1771 297 1806 cruda,
319 1772 454 1801 Nondum
471 1776 587 1800 matura.
628 1769 687 1799 Cic.
701 1769 737 1799 de
748 1769 914 1807 Senect7r.
944 1769 979 1801 Et
997 1769 1068 1809 quali
1088 1781 1173 1809 poma
1192 1777 1229 1804 ex

121 1810 265 1840 arboribus
274 1810 291 1839 si
303 1810 389 1839 cruda
401 1810 476 1843 sunt.
497 1809 524 1837 vi
534 1807 706 1838 avelluntur:
728 1808 747 1837 si
757 1816 863 1839 matura
871 1811 897 1839 8(
907 1811 988 1839 cocta
999 1831 1007 1845 ,
1026 1810 1172 1840 decidunt.

103 1848 205 1877 Praelia.
228 1849 296 1877 Stat.
311 1857 352 1877 12.
366 1847 456 1876 Theb.
474 1850 539 1883 762.

102 1887 209 1917 Robur.
231 1887 298 1915 Stat.
311 1896 336 1915 2.
349 1885 440 1915 Theb.
453 1894 517 1921 70⁹-

102 1925 286 1954 Rudimenta.
308 1924 375 1953 Stat.
391 1934 414 1953 1.
431 1921 519 1952 Achil.
536 1927 602 1959 478.

102 1964 216 1992 Saxum.
241 1962 330 1991 Valer.
343 1972 368 1991 2.
383 1963 482 1999 Argon.
497 1970 559 1996 542.

102 2002 238 2030 Senectus
250 2000 346 2029 viridis
359 2002 383 2030 ἃ
396 2000 490 2029 cruda.
514 1998 586 2036 Virg.
599 2001 624 2028 6.
638 1997 700 2029 AEn.
715 2006 779 2036 304.

102 2039 263 2068 Servitium.
289 2038 380 2067 Tacit.
397 2039 545 2071 1.Α1111.8.

103 2077 199 2106 Solum
211 2077 328 2105 crudum
341 2078 365 2106 Sc
377 2076 534 2105 immotum.
576 2074 713 2104 Columel.
726 2074 774 2104 lib.
787 2083 813 2104 2.
825 2083 922 2112 capa.
944 2073 998 2104 Sed
1010 2074 1047 2105 ita
1059 2075 1160 2106 necubi
1170 2085 1232 2107 cru-

123 2116 190 2143 dum
200 2114 287 2144 solum
298 2115 483 2144 &immotum
494 2112 631 2150 relinquat
644 2135 652 2148 ,
673 2113 749 2150 quod
763 2110 892 2151 agricolae
907 2113 1051 2143 scamnum
1070 2121 1180 2144 vocant.

104 2153 226 2182 Sudores
239 2153 328 2181 crudi.
349 2153 418 2182 Stat.
434 2161 456 2181 1.
469 2150 561 2181 Theb.
575 2159 639 2186 4²2·

104 2191 222 2221 Taurus.
246 2190 336 2220 Valer.
347 2202 373 2225 4.
388 2191 560 2227 Argon.250.

199 2228 294 2266 Aspice
306 2230 330 2258 &
343 2229 401 2257 haec
415 2227 508 2257 crudis
521 2228 619 2256 durata
628 2221 773 2256 volumina
786 2226 882 2255 tauris.

124 2267 166 2296 rio
178 2267 257 2296 duro.
283 2266 312 2295 V.
334 2267 369 2296 N.
385 2265 478 2296 Heius.
493 2265 529 2294 ad
539 2264 595 2294 loc.

104 2305 199 2336 Terra.
223 2304 324 2334 Lucan.
340 2304 388 2333 lib.
404 2314 428 2340 3.
442 2309 504 2341 387.

105 2343 210 2373 Vellus.
233 2342 320 2372 Valet.
335 2347 360 2371 6.
376 2345 477 2379 Argon.
487 2347 534 2376 82.

106 2381 215 2418 Virago.
239 2380 305 2410 Stat.
322 2390 366 2410 ii.
376 2380 466 2409 Theb.
479 2389 544 2415 414.

106 2419 267 2455 Virginitas.
291 2418 388 2447 Claud.
401 2419 431 2446 in
443 2417 495 2446 sec.
506 2414 588 2445 Cons.
597 2415 658 2445 Stil.
670 2418 735 2450 246.

105 2454 173 2486 Uva.
196 2457 249 2486 i.e.
270 2456 428 2486 immatura.
452 2455 588 2493 Ulpianus
602 2454 632 2483 in
644 2450 807 2484 Liiservus.
829 2452 851 2491 §.
873 2452 1016 2485 fiolivam.
1038 2453 1073 2485 D.
1091 2455 1128 2486 ad
1147 2455 1238 2494 legem

127 2495 217 2531 Aquil.

107 2534 237 2563 Vulnera.
260 2531 343 2562 Ovid.
360 2542 381 2562 1.
397 2531 433 2561 de
442 2530 521 2560 Pont.
537 2539 580 2560 12.
595 2532 638 2559 16.

108 2572 363 2602 Ructarecrudum.
385 2569 455 2600 Cels.
470 2569 518 2598 lib.
534 2580 556 2598 1.
575 2578 635 2605 cap.
648 2576 674 2596 2.

109 2610 228 2642 Crudus.
250 2619 300 2647 pro
311 2607 433 2637 Crudeli.
457 2606 582 2637 Marcell.
595 2606 643 2635 lib.
653 2608 698 2635 26.
712 2614 740 2642 p.
751 2613 817 2642 447.
830 2605 858 2634 in
871 2605 937 2635 fine.
949 2616 1011 2644 pag.
1028 2606 1126 2637 eadem
1138 2617 1162 2637 v.
1178 2614 1238 2640 not.

128 2649 164 2715 (ἐς
177 2647 275 2714 [1111ῑῖ11)
285 2646 382 2714 cSrudO.
404 2646 458 2676 Sic.
470 2654 514 2682 34.
526 2655 554 2683 p.
569 2647 633 2681 467.
657 2643 816 2673 Genuinam
826 2643 958 2673 ferociam
971 2646 1078 2682 pectori
1099 2646 1186 2676 crudo
1203 2647 1242 2677 af.

152 2695 222 2715 sam.
274 2708 279 2714 .
312 2692 331 2713 t.

71 2725 94 2756 C
104 2736 117 2753 r.
128 2734 146 2753 u
159 2734 175 2752 o
184 2725 221 2753 ἷτ
231 2733 250 2752 Α
259 2733 271 2752 s
280 2745 288 2757 ,
309 2722 370 2751 atis.
391 2721 410 2751 f.
432 2721 581 2757 [ἀπὲρφσιὴ
595 2717 718 2756 elmlaeh]
740 2718 862 2749 Affectus
872 2719 1005 2749 stomachi
1018 2720 1064 2758 qui
1076 2721 1194 2752 nascitur
1205 2732 1241 2752 ex

110 2772 178 2800 aegra
191 2761 388 2791 concoctione.
430 2759 488 2788 Cic.
501 2758 652 2788 deSeneet.
666 2768 712 2794 44.
744 2757 826 2787 Caret
848 2767 915 2795 ergo
937 2759 1022 2788 etiam
1037 2759 1193 2791 vinolentia
1215 2762 1242 2791 ἂ.

110 2801 248 2831 cruditate
259 2801 284 2829 &
297 2797 451 2827 insomniis.

110 2839 239 2868 Cruditas
251 2836 331 2867 causa
345 2836 383 2865 est
393 2834 493 2864 morbi.
515 2833 572 2863 Cic.
586 2833 621 2862 de
631 2832 699 2862 Fato
714 2841 757 2868 ς4.

108 2877 245 2907 Arborum
257 2875 388 2904 eruditas.
428 2871 552 2902 Plin.lib.
567 2881 609 2908 17.
630 2880 691 2908 cap.
708 2880 752 2906 24·
783 2870 899 2900 Arbores
916 2870 1044 2902 laborant
1059 2874 1086 2903 ἀ
1102 2873 1174 2904 fame
1185 2896 1194 2910 ,
1214 2875 1241 2905 ec

130 2914 277 2943 cruditate.
301 2914 319 2941 i.
333 2922 357 2942 e.
379 2911 486 2940 Caloris
499 2909 594 2948 inopia
606 2931 613 2944 ‚
634 2918 692 2938 non
706 2907 795 2947 probe
808 2910 941 2946 percocto
952 2910 1079 2941 humore.

110 2951 355 2989 Signacruditatis.
378 2948 497 2986 Quintil.
514 2947 562 2977 lib.
577 2957 602 2976 ².
614 2957 676 2984 cap.
688 2956 733 2976 21.

111 2989 284 3020 Contrahere
296 2988 471 3018 cruditatem.
495 2985 614 3023 Quintil.
631 2985 680 3014 lib.
695 2995 720 3022 7.
736 2994 797 3022 cap.
811 2993 836 3020 3.

111 3029 276 3064 Excoquere
286 3027 452 3056 cruditatem
467 3024 613 3054 Laconico.
636 3024 654 3052 i.
664 3033 689 3053 e.
711 3022 829 3053 Sudore.
851 3022 990 3053 Columel.
1003 3024 1032 3054 in
1043 3024 1147 3063 praefat.
1161 3025 1241 3056 lib.1.

114 3067 223 3096 Substat
233 3065 363 3094 cruditas.
387 3062 456 3092 Cels.
473 3061 520 3091 lib.
535 3071 561 3091 2.
573 3071 634 3098 cap.
649 3071 690 3090 12.

77 3104 100 3135 C
112 3115 125 3134 Ρ.
137 3116 153 3134 u
167 3115 184 3132 o
194 3114 208 3133 iz
217 3113 228 3133 s
237 3113 279 3132 co
293 3124 300 3135 .
323 3101 462 3138 [ὠιιὲμοιι]
483 3103 538 3130 ere.
562 3099 686 3129 Crudum
697 3098 767 3129 fieri.

114 3143 227 3173 Ferrum
238 3140 383 3170 crudescit.
405 3138 453 3167 Sil.
469 3148 490 3168 1.
504 3146 569 3173 432.

195 3179 310 3209 fidebat
319 3178 425 3214 magica
437 3176 540 3205 ferrum
555 3173 717 3205 crudescere
729 3174 834 3213 lingua.

114 3219 163 3248 Ira:
176 3216 353 3246 crudescunt.
376 3216 442 3244 Stat.
453 3224 477 3243 2.
489 3213 581 3243 Theb.
594 3218 658 3245 680.

114 3257 232 3287 Norbus
244 3253 398 3286 crudescit,
421 3252 544 3282 Validior
556 3251 594 3280 fit.
619 3251 693 3288 Virg.
706 3259 732 3287 3.
747 3250 846 3287 Georg.
861 3260 924 3286 504.

196 3294 244 3323 Sin
256 3293 283 3321 in
298 3289 421 3330 processu
435 3291 523 3327 coepit
534 3288 696 3319 crudescere
708 3288 832 3317 morbus.
915 3288 1036 3319 Servius.

116 3331 234 3362 Morbus
248 3329 408 3359 crudescere
419 3329 565 3366 incipiens.
587 3327 685 3356 Claud.
700 3327 728 3355 in
745 3326 818 3355 Ruff.
836 3335 858 3355 1.
873 3335 936 3360 ³01-

113 3370 208 3408 Pugna
218 3367 354 3399 crudescit
364 3388 371 3400 ,
393 3366 540 3395 Crudelior
550 3364 581 3394 fit
593 3365 669 3394 caede
682 3364 842 3393 multorum.
867 3363 939 3402 Virg.
956 3374 998 3393 11.
1010 3365 1071 3395 ffin.
1088 3371 1151 3404 813·

310 3422 347 3425 —
359 3404 466 3437 dejecta
481 3403 618 3432 crudescit
628 3412 721 3440 pugna
734 3401 860 3431 Camilla.
955 3402 1076 3434 Servius.

115 3445 216 3481 Pugnae
231 3444 363 3480 sanguine
374 3441 460 3470 effuso
473 3441 648 3471 crudescunt.
671 3440 743 3477 Virg.
757 3449 782 3477 7.
797 3439 857 3469 AEn.
872 3443 936 3476 788.

117 3484 225 3513 Seditio
235 3480 380 3512 crudescit.
403 3480 492 3508 Tacit
507 3489 531 3514 ³·
553 3479 617 3508 nist.
635 3488 676 3507 io.

80 3524 103 3554 C
116 3534 128 3550 11
142 3531 157 3549 u
168 3522 231 3549 nir
241 3530 257 3548 o
272 3542 280 3554 ‚
300 3522 355 3548 are.
380 3517 453 3547 Male
461 3526 639 3553 concoquere
654 3538 661 3550 ‚
683 3515 726 3544 vel
740 3514 868 3544 nondum
878 3513 1045 3544 concoxisse.
1078 3516 1195 3546 Tertull.
1209 3518 1246 3548 de

118 3560 210 3596 Jeiun.
221 3567 281 3595 cap.
297 3562 338 3587 16.
360 3555 479 3594 Populus
492 3555 581 3584 carnis
593 3552 868 3590 avidiffimus,usque
883 3553 919 3582 ad
935 3553 1078 3583 choleram
1089 3561 1247 3593 ortygome-

119 3606 173 3627 tras
195 3595 370 3624 cruditando.

82 3638 105 3665 C
116 3647 130 3664 11
141 3646 156 3664 υ
168 3644 185 3662 n
197 3644 204 3661 1
214 3643 305 3662 rari
316 3643 332 3661 ο
342 3655 350 3668 ,
371 3632 442 3662 onis.
460 3629 478 3659 f.
504 3629 570 3659 Cael.
588 3628 678 3658 Aurel.
691 3628 776 3658 Tard.
794 3638 815 3657 1.
828 3637 853 3657 2.

83 3676 130 3704 ea
144 3684 159 3702 υ
171 3674 275 3700 uinis
289 3692 297 3704 ,
318 3680 342 3699 e.
367 3670 425 3705 Adj.
449 3664 554 3704 [ὠμὲῃ
571 3668 657 3695 ἀπηνὲς
671 3688 679 3701 ,
698 3666 816 3701 arantis]
840 3665 920 3703 Asper
935 3688 943 3698 ,
965 3667 1089 3697 immitis.
1123 3668 1180 3698 Cic.
1194 3679 1245 3706 pro

121 3711 246 3741 Deiota.
268 3707 394 3736 Crudelis
406 3707 517 3741 Castor,
538 3715 574 3735 ne
588 3705 680 3734 dicam
700 3704 864 3735 sceleratum
888 3705 914 3734 St
931 3705 1069 3743 impium,
1091 3708 1137 3743 qui
1156 3717 1247 3746 nepos

120 3757 202 3778 avum
214 3747 241 3774 in
255 3745 399 3774 discrimen
414 3745 512 3782 capitis
526 3743 676 3773 adduxerit

120 3784 247 3816 Crudelis
256 3791 338 3819 atque
351 3784 536 3820 importunus.
579 3781 609 3809 V.
634 3791 642 3808 1
654 3791 673 3809 M
682 3790 696 3808 1²
706 3789 722 3808 ο
732 3788 775 3808 111·
786 3789 804 3807 11
815 3789 836 3808 N
847 3789 865 3807 11
876 3788 896 3807 s.

120 3826 152 3856 ln
170 3822 290 3852 hominis
299 3821 414 3856 alicujus
425 3821 583 3849 calamitate
595 3819 737 3847 crudelem
754 3817 817 3846 esse.
840 3817 898 3846 Cic.
911 3825 937 3846 2.
951 3816 986 3846 de
996 3817 1074 3848 Orat.
1088 3824 1151 3855 198.

120 3861 247 3892 Crudelis
260 3861 287 3888 in
298 3859 398 3887 liberos
409 3860 433 3887 ἃ
449 3858 610 3895 sanguinem
623 3856 710 3885 suum.
733 3855 791 3885 Cic.
802 3856 836 3884 ad
851 3855 924 3884 Brut.
940 3865 982 3885 12.

119 3902 151 3931 ln
167 3902 204 3929 ira
215 3898 342 3927 crudelis.
366 3896 447 3925 Ovid.
463 3907 486 3931 5.
505 3896 572 3926 fast.
588 3904 650 3931 325.

121 3942 213 3969 Amor.
238 3937 307 3971 Virg.
321 3945 361 3964 io.
376 3934 431 3964 Ecl.
443 3944 487 3968 29.

965 2226 984 2257 i.
995 2236 1020 2256 e.
1041 2225 1167 2258 Taurino
1187 2236 1234 2258 co-

930 3175 948 3205 i.
965 3184 989 3206 e.
1012 3175 1160 3206 Crudelius
1175 3176 1244 3208 fieri.

1686 100 1972 137 cau
2366 119 2436 156 725

1310 184 1424 212 Animus
1434 183 1507 226 ferus
1520 206 1527 216 .
1549 182 1684 217 crudelis.
1706 187 1788 220 atque
1800 182 1978 213 inhumanus.
1999 184 2077 214 Aufr.
2089 186 2123 216 ad
2135 187 2236 219 Heren.
2248 190 2296 221 lib.
2311 200 2338 222 2.
2350 202 2396 229 29.

1311 223 1377 249 Arae.
1402 222 1475 250 Ovid
1500 221 1621 255 13.Nler.
1640 229 1703 257 453.

1311 259 1388 287 Ausa.
1411 260 1496 287 Ovid.
1511 268 1551 292 14.
1565 258 1648 295 Epist.
1664 269 1710 293 49.

1248 309 1254 315 ·
1312 295 1420 324 Bellum
1432 296 1544 324 crudele
1554 297 1578 324 a&
1592 296 1748 325 exitiosum.
1771 296 1828 326 Cic.
1839 307 1867 331 9.
1879 296 1932 326 Att.
1941 307 1969 332 4.

1314 333 1433 362 Consilia
1446 333 1639 362 crudelill'ima.
1661 334 1719 363 Cic.
1735 345 1761 369 4.
1776 334 1896 372 Philipp.
1911 344 1936 372 3.

1315 371 1490 400 Conviviuni.
1513 371 1596 399 Ovid.
1614 381 1654 399 ιο.
1670 372 1738 400 Met.
1749 376 1813 401 621.
1854 372 1897 402 Al.
1919 372 2099 411 Coniugium.

1313 408 1431 443 Egestas.
1455 409 1540 436 Valer.
1553 420 1577 442 4,
1592 411 1690 443 Argon.
1705 419 1769 445 459.

1313 445 1441 482 Epistola.
1463 446 1545 475 Ovid.
1562 456 1604 480 15.
1618 447 1700 483 Epist.
1716 457 1781 482 ²19·

1314 483 1416 512 Funus.
1439 483 1509 519 Virg.
1523 494 1547 517 ς.
1561 484 1618 513 Ecl.
1629 494 1674 513 20.

1315 521 1422 549 Gaudia
1434 521 1565 550 crudelia.
1588 521 1672 551 Ovid.
1687 526 1713 551 6.
1735 522 1805 553 Met.
1817 527 1882 560 653.

1314 557 1407 587 Hostis
1418 559 1567 587 crudelior.
1590 559 1674 588 Ovid.
1688 569 1713 588 2.
1727 561 1806 591 Trist.
1820 571 1864 597 77.

1314 595 1403 639 Janua
1414 596 1457 625 vel
1474 597 1586 625 domina
1595 598 1706 634 penitus
1722 599 1861 628 crudelior
1876 599 1942 638 ipsa.
1964 600 2088 639 Propert.
2101 600 2151 631 lib.
2165 611 2191 633 2.
2206 605 2249 633 16.
2264 610 2310 638 17.

1316 634 1398 670 ignis.
1422 634 1510 663 Catul.
1522 638 1567 663 60.
1580 644 1624 663 20.

1508 687 1545 692 -—
1556 673 1601 709 qui
1613 672 1680 701 caelo
1691 672 1766 702 lucet
1781 674 1922 704 crudelior
1934 675 2014 712 ignit.

1316 706 1445 738 Lethum.
1467 708 1540 747 Virg.
1559 719 1602 738 12.
1617 710 1679 739 ffin.
1695 714 1759 744 636.

1315 745 1418 775 Luctus
1430 747 1541 783 ubique.
1564 747 1635 783 Virg.
1648 757 1673 776 2.
1686 747 1748 777 AEn.
1760 753 1822 783 368.

1315 783 1399 814 Mens
1411 785 1558 814 crudelior.
1580 785 1667 813 Ovid.
1682 795 1692 814 1
1702 795 1724 814 1.
1741 786 1811 816 Met.
1822 796 1885 824 701.

1316 821 1419 852 morbi.
1445 822 1562 852 martial.
1580 822 1628 851 lib.
1644 833 1685 851 11.
1699 833 1743 858 9².

1400 860 1512 896 lpsaquc
1521 861 1648 890 crudeles
1663 861 1782 890 ederunt
1791 861 1884 893 oscula
1896 863 1997 894 morbi.

1317 896 1552 935 Odiuniryranni.
1575 898 1760 935 Virg.1.IEn.
1778 904 1840 935 361.

1319 935 1429 965 Pabula.
1455 937 1575 973 Propert.
1592 935 1639 964 lib.
1655 945 1678 971 3.
1693 944 1718 972 7.
1737 946 1762 971 ³.

1319 972 1463 1003 Parricida:
1474 973 1664 1003 crudelissimi.
1686 974 1792 1004 Sallust.
1806 975 1888 1006 Catil.
1903 986 1946 1012 52.

1318 1010 1431 1046 Poenae.
1452 1013 1555 1047 Saevae,
1576 1012 1678 1041 nimiae.
1700 1012 1773 1050 Virg.
1788 1016 1814 1042 6.
1828 1014 1889 1044 AEn.
1903 1021 1965 1051 585.
2006 1016 2124 1048 Servius.

1319 1049 1409 1078 Sacra.
1433 1050 1519 1079 ovid.
1537 1061 1563 1085 4.
1586 1050 1765 1085 Trist.4.81.

1414 1087 1487 1116 Laeta
1502 1088 1560 1116 deae
1573 1087 1677 1124 signum
1686 1088 1810 1118 crudelia
1822 1088 1894 1118 sacra
1905 1091 2010 1127 perosae

1451 1126 1603 1155 Transtulit
1615 1136 1648 1154 ex
1662 1125 1715 1156 illis
1729 1127 1756 1155 in
1767 1126 1884 1157 meliora
1895 1127 1974 1158 locis.

1321 1162 1418 1192 Scelus
1432 1164 1552 1192 artificis.
1578 1164 1650 1200 Virg.
1662 1174 1686 1192 a.
1702 1165 1763 1194 ffin.
1776 1174 1838 1199 124.

1323 1202 1446 1231 Somnia.
1470 1201 1563 1231 Tibul.
1583 1201 1632 1230 lib.
1644 1210 1666 1237 3.
1679 1213 1705 1237 4.
1716 1213 1761 1239 95.

1322 1239 1396 1268 Sors.
1418 1240 1516 1269 Senec.
1528 1240 1554 1268 in
1567 1239 1664 1269 OCtax'.
1678 1249 1701 1277 3.

1322 1278 1432 1314 Superi.
1453 1277 1502 1307 Sil.
1517 1277 1564 1307 lib.
1577 1283 1603 1310 8.
1617 1281 1681 1306 661.

1322 1314 1417 1344 Terrae
1427 1315 1564 1345 crudeles.
1587 1316 1603 1344 i.
1616 1325 1639 1344 e.
1662 1315 1836 1347 Crudelium.
1860 1317 1935 1356 Virg.
1949 1327 1974 1355 3.
1986 1319 2048 1349 AEn.
2059 1330 2106 1357 44.

1406 1353 1467 1382 Heu
1480 1354 1543 1391 fuge
1555 1353 1681 1383 crudeles
1691 1361 1791 1390 terras,
1811 1356 1876 1393 fuge
1887 1357 1951 1385 litus
1959 1366 2080 1389 avarum.

1323 1388 1442 1420 'Verbere
1453 1392 1666 1427 laceravitterga
1677 1393 1791 1422 crudeli.
1814 1394 1899 1424 Ovid.
1914 1405 1940 1424 2.
1957 1396 2021 1424 Fast.
2034 1401 2099 1433 695·

1324 1427 1427 1459 Virtus.
1448 1430 1518 1459 Stat.
1533 1434 1559 1459 6.
1579 1430 1668 1458 Theb.
1685 1439 1747 1467 734.
1772 1431 1883 1469 Virtus,
1904 1432 2057 1464 Fortitudo.

1325 1466 1397 1496 Vita.
1419 1467 1491 1505 Virg.
1505 1478 1530 1503 9.
1545 1468 1605 1498 IEn.
1619 1477 1684 1504 497.

1326 1504 1442 1534 Vulnus.
1468 1507 1538 1543 Virg.
1554 1515 1580 1534 2.
1601 1506 1660 1535 AEn.
1678 1509 1740 1542 561.

1327 1542 1471 1579 Crudelis,
1495 1543 1697 1587 inexorabilis,
1718 1544 1765 1581 qui
1778 1553 1834 1574 non
1843 1546 1964 1577 flectitur
1974 1547 2113 1586 precibus.
2133 1547 2206 1585 Virg.
2220 1556 2246 1577 2.
2258 1547 2315 1579 Ecl.
2333 1550 2361 1579 6.

1407 1581 1434 1610 O
1446 1581 1566 1611 crudelis
1578 1581 1654 1610 Alexi
1670 1604 1678 1615 ,
1698 1582 1769 1612 nihil
1782 1592 1843 1613 mea
1857 1587 1979 1615 carmina
1989 1595 2076 1616 curas.
2173 1587 2294 1616 Servius.

1290 1617 1364 1650 CRU
1375 1621 1515 1648 DELYTA
1526 1629 1538 1649 S
1551 1641 1559 1654 ‚
1578 1620 1648 1663 aris..
1661 1619 1681 1649 f·
1705 1617 1828 1657 [dmi-m,
1846 1621 1969 1658 ἀπήνθει]
1991 1624 2050 1653 Cic.
2063 1633 2115 1662 pro
2124 1623 2205 1654 Rosc.
2220 1625 2310 1653 Amer.
2326 1633 2386 1660 154.
2403 1623 2457 1654 Ve-

1328 1658 1411 1686 strum
1420 1666 1503 1687 nemo
1514 1658 1630 1694 est‚quin
1641 1657 1787 1695 intelligat,
1800 1661 1935 1698 populum
1946 1661 2164 1699 Romanum‚qui
2196 1662 2317 1691 uondam
2328 1663 2357 1691 in
2366 1662 2458 1693 hostes

1328 1694 1481 1725 lenissimus
1492 1695 1699 1725 existimabatur
1708 1717 1715 1731 ‚
1738 1697 1793 1726 hoc
1802 1704 1931 1735 tempore
1941 1700 2090 1730 domestica
2102 1699 2186 1729 crude
2200 1700 2265 1730 itate
2275 1699 2409 1731 laborare.

1327 1733 1449 1763 Audacia
1459 1735 1483 1763 81
1495 1733 1642 1763 crudelitas
1654 1733 1804 1770 singularis.
1827 1736 1885 1766 Cic.
1899 1747 1923 1773 5.
1937 1737 2012 1768 Verr.

1328 1771 1497 1801 Carnificina
1507 1779 1589 1809 atque
1599 1772 1756 1801 crudelitas.
1779 1773 1839 1803 Cic.
1851 1784 1901 1812 pro
1910 1775 1987 1805 Sext.
2004 1784 2032 1812 13
2041 1786 2065 1811 ς.

1329 1809 1468 1839 Adhibere
1480 1809 1675 1840 crudelitatem
1687 1810 1715 1838 in
1728 1810 1858 1847 aliquem·
1897 1813 1955 1843 Cic.
1967 1824 2019 1851 pro
2033 1814 2124 1844 Domo
2136 1816 2183 1843 60.
2205 1813 2259 1843 Sed
2271 1814 2338 1851 quid
2350 1823 2402 1852 ego
2413 1823 2460 1844 νεα

1348 1848 1427 1877 stram
1436 1847 1626 1877 crudelitatem
1635 1857 1772 1885 expromo
1783 1871 1790 1883 ,
1812 1859 1894 1885 quarn
1906 1851 1934 1880 in
1944 1851 2034 1889 ipsum
2047 1861 2093 1881 me
2104 1861 2136 1881 ac
2147 1861 2225 1881 meos
2236 1851 2418 1882 adhibuistis?

1329 1885 1466 1915 Anhelare
1479 1896 1513 1915 ex
1525 1886 1621 1915 infimo
1632 1887 1744 1922 pedore
1759 1887 1961 1918 crudelitatem.
1986 1891 2063 1919 Aust.
2077 1890 2112 1919 ad
2125 1890 2225 1919 neren.
2238 1889 2286 1918 lib.
2298 1901 2324 1925 4.
2334 1895 2380 1924 68.

1328 1923 1856 1955 Exercereinsatiabilemcrudelitatem
1872 1925 1946 1956 suam
1960 1928 1989 1956 in
2002 1927 2104 1965 aliquo.
2126 1927 2185 1956 Cic.
2202 1937 2245 1956 11.
2262 1927 2382 1965 Philipp.
2393 1932 2419 1961 8.

1329 1962 1469 2030 Explgzreo
1477 1969 1512 2029 utt
1518 1984 1525 1998 ‚
1548 1962 1677 1998 Quorum
1685 1963 1836 1994 crudelitas
1846 1965 1939 1994 nostro
1949 1965 2081 2005 sanguine
2090 1974 2148 1995 non
2158 1965 2249 2004 potest
2256 1965 2373 2004 expleri.
2397 1965 2456 1997 Cic.

1355 2011 1378 2029 1.
1415 2010 1429 2029 e
1473 2010 1500 2029 ra
1515 2023 1521 2030 .
1533 2009 1565 2029 2i
1575 2010 1598 2034 ς.

1330 2037 1503 2075 Expromere
1515 2037 1717 2068 crudelitatem.
1741 2037 1797 2069 Cic.
1809 2049 1860 2076 pro
1870 2038 1971 2071 Milon.
1985 2050 2030 2078 ³4·

1328 2075 1419 2106 Imbui
1431 2076 1604 2106 crudelitate.
1646 2076 1706 2106 Cic.
1719 2086 1743 2113 3.
1758 2076 1912 2116 Philipp.4.
1938 2080 2025 2109 Atille
2036 2078 2203 2109 crudelitate
2215 2079 2350 2114 imbutus,
2369 2080 2422 2109 ἀς.

1329 2114 1461 2144 Lacerare
1472 2115 1548 2147 omni
1560 2113 1725 2143 crudelitate
1736 2115 1867 2153 aliquem.
1907 2117 1965 2146 Cic.
1981 2128 2030 2156 pro
2041 2118 2134 2147 Domo
2149 2128 2189 2152 tq.
2221 2118 2298 2153 Quid
2317 2118 2392 2146 enim
2412 2124 2462 2145 voe

1350 2162 1420 2181 uxor
1431 2162 1492 2181 mea
1508 2151 1603 2180 misera
1612 2152 1737 2186 violarat.
1750 2163 1833 2190 quam
1842 2156 1997 2189 vexavistis.
2012 2157 2091 2184 omni
2100 2155 2264 2185 crud⁷.litate
2274 2154 2460 2184 laceravistis‘?

1329 2190 1431 2220 Sariata
1440 2191 1618 2219 inimicorum
1632 2190 1782 2220 crudelitas
1791 2192 1920 2221 nondum
1929 2193 2018 2222 nostra
2029 2192 2198 2223 calamitate.
2214 2193 2274 2223 Cic.
2287 2203 2311 2223 1.
2321 2194 2357 2231 Q.
2368 2193 2427 2223 frat.
2435 2201 2459 2228 3.

1331 2229 1459 2258 Saturare
1468 2228 1661 2257 crudelitatem
1671 2228 1798 2264 alicujus.
1821 2229 1880 2259 Cic.
1894 2241 1920 2266 4.
1933 2232 1967 2259 ad
1981 2232 2081 2261 Heren.
2094 2241 2141 2267 45.

1331 2267 1429 2296 Homo
1443 2266 1608 2296 crudelitate
1624 2265 1763 2296 barbarus.
1785 2267 1844 2296 Cic.
1857 2278 1910 2305 pro
1921 2268 2010 2299 Flacc.
2023 2278 2069 2304 24.

1331 2304 1505 2342 Importuna.
1545 2302 1578 2333 In
1599 2314 1608 2332 1
1617 2314 1638 2332 M
1646 2313 1661 2332 Ρ
1671 2314 1688 2332 o
1697 2314 1713 2332 R
1722 2314 1741 2332 T
1750 2314 1767 2333 11
1777 2313 1797 2332 N
1807 2314 1825 2333 u
1833 2314 1853 2335 s.

1332 2342 1498 2374 Inhumana.
1539 2341 1571 2371 In
1592 2351 1659 2370 {NH
1670 2352 1689 2371 u
1699 2353 1720 2370 M
1730 2351 1748 2370 A
1760 2351 1780 2370 N
1790 2352 1839 2371 us.

1331 2380 1451 2411 inimica
1462 2379 1583 2409 maxime
1598 2379 1744 2409 hominum
1755 2386 1868 2412 naturae.
1891 2380 1951 2412 Cic.
1968 2390 1993 2420 3.
2007 2381 2064 2412 Off.
2074 2383 2122 2419 46.

1333 2418 1497 2448 Nobilitata.
1541 2418 1571 2447 ln
1593 2427 1663 2446 Nos
1675 2428 1683 2446 1
1695 2427 1758 2448 Lis.

1333 2457 1466 2487 Praeditus
1479 2455 1652 2486 crudelitate.
1675 2456 1733 2485 Cic.
1745 2465 1796 2494 pro
1806 2456 1874 2488 Sull.

1335 2494 1519 2524 Crudelitates
1529 2516 1537 2529 ‚
1559 2503 1609 2532 pro
1621 2493 1788 2524 Crudelibus
1799 2495 1877 2526 factis
1888 2518 1896 2532 ‚
1917 2496 1949 2526 V.
1973 2506 2014 2526 Lo
2023 2505 2070 2527 No
2079 2507 2098 2528 u
2107 2508 2138 2528 M.
2159 2495 2195 2526 H.
2207 2496 2247 2526 St.

1297 2533 1321 2565 C
1331 2544 1345 2562 11
1356 2543 1373 2562 u
1385 2542 1403 2561 D
1413 2534 1520 2561 mia-13
1530 2542 1545 2560 a
1559 2554 1567 2567 ‚
1590 2531 1705 2567 [ὠμῆς]
1727 2533 1794 2562 Adv.
1836 2534 1895 2564 Cic.
1911 2544 1934 2564 1.
1959 2534 2016 2565 Off.
2030 2540 2075 2569 82.
2106 2536 2149 2565 De
2170 2533 2328 2564 evertendis
2351 2540 2445 2564 autem
2455 2555 2465 2569 ,

1336 2570 1555 2637 diripienzisp'ue
1575 2568 1690 2636 Ξώίὺυε
1709 2570 1790 2601 valde
1806 2572 2039 2602 considerandum
2051 2573 2090 2604 est
2103 2595 2112 2610 ‚
2141 2582 2178 2602 ne
2193 2573 2260 2610 quid
2281 2579 2403 2609 temere,
2429 2583 2466 2602 ne

1336 2619 1382 2647 qui
1415 2618 1462 2637 cru
1485 2618 1499 2637 e
1513 2615 1564 2637 iter
1596 2614 1630 2637 at.

1336 2645 1443 2677 Acerbe
1459 2647 1485 2675 &
1504 2645 1662 2675 crudeliter.
1703 2645 1763 2676 Cic.
1775 2657 1802 2682 4.
1818 2647 1847 2676 in
1859 2648 1941 2678 Catil.
1959 2658 2001 2678 10.
2033 2649 2130 2686 Quum
2148 2648 2183 2677 de
2205 2647 2330 2685 pernicie
2345 2647 2467 2686 Reipub.

1356 2685 1443 2714 exitio
1454 2683 1535 2720 liujus
1545 2684 1620 2713 urbis
1636 2690 1692 2713 tam
1703 2684 1802 2715 acerbe
1813 2707 1821 2721 ‚
1841 2692 1955 2723 tamque
1970 2687 2122 2716 crudeliter
2134 2686 2271 2723 cogitarit.

1336 2721 1467 2760 Extingui
1478 2721 1625 2751 crudelius.
1667 2722 1742 2752 Curt.
1760 2733 1800 2752 10.
1818 2733 1898 2761 5:23.
1920 2724 2013 2763 Ipsum
2033 2725 2150 2756 Darium
2171 2723 2291 2754 floruiss'e
2311 2722 2467 2763 paulisper,

1356 2768 1388 2790 ut
1401 2760 1542 2790 crudelius
1553 2759 1636 2798 poffit
1649 2760 1783 2797 extingui.

1337 2798 1496 2830 Interficere
1507 2797 1703 2827 crudelissime.
1725 2799 1783 2828 Cic.
1801 2808 1822 2828 1.
1833 2799 1962 2838 Philipp.
1977 2809 2021 2837 34.

1338 2837 1428 2867 Perire
1439 2835 1633 2865 crudelissime.
1659 2835 1717 2865 Cic.
1729 2847 1779 2874 pro
1789 2837 1864 2867 Sulla
1876 2847 1922 2874 75.

1338 2875 1474 2911 Torqueri
1490 2873 1647 2903 crudeliter.
1669 2873 1743 2903 Curt.
1758 2879 1785 2904 6.
1804 2885 1846 2905 11.
1859 2886 1904 2911 40.

1338 2912 1425 2942 Urere
1435 2911 1585 2941 crudelius.
1608 2911 1703 2941 Tibul.
1715 2912 1763 2942 lib.
1780 2922 1802 2943 1.
1816 2919 1842 2948 8.
1855 2923 1881 2951 7.

1304 2951 1533 2985 Cauarvrus,
1554 2951 1605 2979 &c
1645 2950 1676 2980 In
1697 2959 1827 2981 cimon.

1302 2990 1446 3019 Canna.
1484 2987 1516 3017 In
1537 2997 1694 3017 causam.

1302 3027 1404 3057 Casiri
1417 3029 1488 3055 {NA
1501 3047 1508 3060 ,
1530 3035 1561 3055 ae.
1583 3025 1601 3054 f.
1623 3022 1798 3062 [βαλιωῖίον]
1819 3036 1832 3056 a
1850 3025 1929 3061 κρὲω,
1951 3026 2006 3056 hoc
2026 3027 2064 3057 est
2090 3027 2179 3063 ferio;
2203 3025 2323 3057 Loculus
2343 3028 2445 3057 dicitur
2459 3049 2469 3062 ‚

1341 3065 1418 3102 quod
1431 3073 1446 3093 e
1460 3064 1573 3092 brachio
1582 3064 1708 3101 pendens
1720 3064 1777 3093 huc
1788 3071 1870 3100 atque
1888 3065 1955 3094 illuc
1967 3066 2055 3094 feriat.
2096 3065 2149 3094 Alii
2168 3061 2213 3092 λ’πὲ
2233 3062 2256 3093 ἔ
2269 3066 2360 3101 κρεμᾷν
2383 3066 2472 3095 dedu-

1342 3110 1428 3138 cunt⁷
1450 3102 1525 3138 quod
1537 3101 1703 3139 plerumque
1715 3102 1838 3140 suspensa
1850 3103 1976 3140 gestetur.
2003 3103 2088 3132 Plaut.
2104 3103 2162 3132 Asin
2186 3112 2209 3135 ι.
2224 3111 2247 3138 3.
2262 3109 2307 3140 67.

1371 3178 1377 3184 .
1432 3139 1487 3169 Hic
1495 3149 1570 3177 pone
1580 3162 1588 3175 ,
1609 3139 1657 3169 hic
1667 3140 1743 3169 istam
1754 3141 1862 3171 colloca
1871 3150 2033 3171 crumenam
2046 3142 2073 3170 in
2081 3140 2155 3170 collo
2162 3140 2255 3178 plane.

1339 3187 1455 3208 minam.

1340 3216 1482 3247 Deficiens
1493 3224 1634 3245 crumena.
1657 3214 1725 3245 Hor.
1741 3225 1764 3245 1.
1779 3215 1860 3254 Epist.
1874 3226 1899 3251 4.
1913 3226 1955 3246 11.

1435 3254 1468 3283 Et
1476 3255 1598 3283 mundus
1607 3255 1696 3283 victus
1708 3264 1765 3283 non
1778 3255 1927 3284 deficiente
1937 3263 2079 3283 crumena.

1304 3293 1326 3323 C
1335 3303 1350 3321 R
1361 3302 1378 3321 u
1388 3303 1408 3321 M
1419 3303 1428 3321 1
1439 3302 1458 3321 N
1468 3302 1485 3321 Λ
1496 3314 1505 3326 ‚
1526 3302 1558 3321 az.
1581 3292 1600 3321 f.
1621 3291 1728 3321 Sacculi
1740 3302 1835 3329 genus.
1875 3293 1960 3322 Plaut.
1984 3293 2029 3321 Dii
2041 3293 2114 3321 bene
2125 3297 2251 3326 vortant.
2273 3297 2349 3326 rene,
2370 3292 2472 3321 crumi-

1341 3340 1376 3360 na
1389 3331 1540 3359 minuerint
1552 3330 1663 3367 triginta
1675 3330 1766 3360 minae.
1789 3330 1890 3361 Festus.
1930 3330 2029 3369 Scalig.
2046 3330 2131 3368 legit:
2154 3329 2232 3359 Tene
2245 3331 2400 3359 cruminam
2410 3352 2418 3365 ‚
2442 3331 2473 3359 in

1342 3378 1373 3397 ea
1386 3375 1468 3398 erunt
1484 3370 1537 3398 dte.

1305 3406 1328 3437 C
1338 3417 1351 3435 a
1361 3410 1379 3435 ῦ
1389 3416 1407 3435 N
1417 3417 1433 3435 o
1443 3416 1455 3435 s
1468 3429 1474 3440 ‚
1495 3407 1512 3435 i.
1536 3415 1572 3435 m.
1595 3406 1726 3441 [Κςωὸσ]
1745 3406 1872 3436 Thraciae
1886 3412 1990 3445 portus.
2013 3406 2114 3435 Auctor
2127 3404 2261 3442 Ponipon.
2278 3404 2325 3433 lib.
2335 3413 2361 3433 2.
2375 3413 2469 3442 capa.

1342 3443 1569 3482 Dionysiopolis,
1592 3445 1683 3480 inquit
1700 3444 1769 3473 Plin.
1781 3454 1841 3483 cap.
1857 3455 1899 3474 ii.
1917 3444 1965 3473 lib.
1982 3455 2007 3478 4.
2029 3451 2093 3472 ante
2105 3443 2222 3472 Crunos.
2262 3442 2358 3472 Portus
2379 3452 2473 3472 aurem

1342 3482 1527 3549 aliisalienltibus
1539 3482 1615 3519 aquis
1631 3491 1735 3511 nomen
1743 3482 1847 3519 habet,
1869 3483 1916 3521 qui
1930 3483 2024 3513 Graece
2046 3482 2133 3518 »envoil
2143 3480 2329 3518 appellantur.
2370 3482 2474 3510 Auctor

1373 3530 1449 3549 ermo
1463 3529 1519 3549 aus.

1305 3558 1379 3588 Cau
1389 3568 1405 3587 o
1417 3568 1430 3586 a
1442 3579 1450 3593 ‚
1471 3558 1535 3587 oris.
1560 3566 1597 3586 r-n.
1630 3552 1722 3592 [αἴῃ
1735 3579 1744 3593 ,
1766 3554 1820 3594 ’istae
1833 3579 1841 3594 ,
1863 3558 1967 3594 λύθρον]
1997 3556 2115 3594 Sanguis
2129 3555 2176 3592 qui
2193 3565 2229 3586 ex
2249 3555 2342 3593 aliquo
2357 3555 2474 3586 vulnere

1341 3596 1482 3634 spargitur.
1505 3595 1579 3632 Virg.
1590 3600 1615 3628 8.
1633 3595 1695 3625 ffin.
1712 3599 1772 3624 106.

1536 3631 1747 3669 —tepidusque
1759 3642 1841 3662 cruor
1855 3632 1980 3662 fumabat
1991 3632 2025 3662 ad
2037 3641 2104 3661 aras.

1342 3671 1473 3701 Ferarum
1486 3680 1576 3700 cruor.
1600 3670 1684 3699 Ovid.
1702 3680 1725 3707 3.
1739 3671 1808 3700 Met.
1824 3676 1885 3706 148.

1343 3709 1446 3740 Feritas
1459 3708 1709 3745 litisqueirnmensa
1723 3710 1836 3738 cruoris.
1860 3709 1944 3738 Ovid.
1961 3717 2003 3744 ¹3·
2018 3707 2086 3737 Met.
2098 3709 2160 3744 768.

1344 3748 1400 3777 Atri
1413 3756 1533 3775 cruores.
1574 3745 1648 3782 Virg.
1662 3758 1687 3780 4.
1701 3747 1762 3776 [ΕΠ.
1778 3750 1841 3781 646.
1866 3747 1912 3775 ubi
1924 3747 2052 3780 Servius,
2075 3744 2384 3783 Cruoresusurpatun13
2407 3751 2472 3772 nam

1365 3794 1417 3813 nec
1429 3784 1572 3821 sanguines
1586 3784 1705 3812 dicimus
1716 3794 1833 3813 nurnero
1848 3785 1968 3821 plurali,
1990 3793 2042 3812 nec
2053 3792 2175 3812 cruores.

1346 3822 1576 3859 Captivuscruor.
1599 3822 1616 3851 i.
1629 3832 1653 3850 e.
1677 3822 1856 3860 Captivorum
1867 3831 1956 3851 cruor.
1994 3821 2139 3856 Tacit.14.
2159 3821 2228 3849 Ann.
2243 3829 2286 3857 30.
2312 3819 2382 3848 Nam
2394 3827 2472 3847 cruo-

1365 3870 1393 3889 re
1407 3859 1640 3897 captivo’adolere
1650 3869 1707 3888 aras
1720 3882 1728 3895 ,
1741 3862 1793 3889 Sec.

1346 3898 1449 3927 Castus.
1477 3897 1561 3926 Ovid.
1578 3907 1618 3926 12.
1633 3898 1702 3926 Nlet.
1716 3907 1760 3932 30.
1842 3912 1879 3917 --
1889 3897 2047 3933 castumque
2057 3896 2155 3925 datura
2163 3904 2289 3925 cruorem

1439 3934 1581 3965 Flentibus
1591 3944 1654 3965 ante
1667 3946 1741 3964 aram
1752 3935 1825 3965 stetit
1835 3934 1983 3971 lohIgenia
1993 3935 2131 3963 ministris.

1835 3968 1978 4010 Yyyy3

2163 1358 2282 1390 Servius.

2339 3140 2380 3170 Al.
2402 3140 2470 3170 Cru-

2361 3966 2475 3997 Crassus.
