2600 4177
22 3835 26 3842 =
54 3824 56 3848 1

472 98 502 133 C
598 99 632 134 O
732 98 759 133 L

1673 101 1703 136 C
1798 103 1833 138 Ο
1924 103 1951 139 L
2379 116 2444 150 571

129 179 185 209 lon.
202 185 242 213 ¹8-
265 180 353 209 Roma
362 180 453 209 subito
463 179 519 217 ipse
533 179 672 217 profectus
689 180 779 216 pridie
797 180 852 216 est,
873 187 904 209 ut
922 186 986 210 ante
1007 180 1085 210 suum
1107 180 1227 210 fundum
1283 179 1330 209 Co
1342 192 1407 211 LLo
1419 191 1560 217 carus,
1581 192 1615 217 a.
1638 192 1694 212 um.
1736 182 1794 213 Cic.
1811 193 1832 213 1.
1846 184 1882 213 de
1895 184 1973 213 Orat.
1993 193 2053 219 ¹92.
2076 184 2161 215 posita
2172 193 2236 216 ante
2250 187 2367 223 oculos,
2389 190 2451 219 col-

130 219 227 253 (quod
241 228 267 247 re
279 219 454 247 intellectum
466 217 523 249 est)
545 217 644 246 Miloni
661 217 770 246 insidias
783 218 934 247 collocaret

112 255 245 292 Legiones
260 257 287 284 in
301 256 397 293 populi
409 255 564 284 cervicibus
576 254 721 283 collocare.
763 255 820 283 Cic.
836 266 876 284 iz.
893 256 964 284 Fam.
982 265 1024 290 23.
1058 255 1120 284 Erat
1140 255 1231 292 profe-

132 294 191 321 cius
200 293 310 322 obviam
322 293 476 329 legionibus
491 292 680 321 Macedonicis
692 300 808 328 quatuor
818 315 825 326 ,
848 304 913 328 quus
925 294 971 322 libi
983 294 1133 322 conciliare
1147 303 1231 330 pecu-

132 331 177 358 nia
189 332 346 367 cogitabat,
368 330 464 366 easque
477 329 512 358 ad
523 329 618 358 urbem
630 330 768 358 adducere
781 352 788 362 ,
811 334 835 359 ot
851 332 877 359 in
891 332 1044 360 cervicibus
1056 331 1153 360 nostris
1173 330 1233 359 col-

133 368 233 397 locare.
255 370 329 397 conf.
350 377 416 396 mox
435 366 604 399 Praefidium,
627 368 653 395 δι
669 366 688 395 s.
703 366 721 395 l.
745 376 892 397 cauvix.

113 404 313 435 Patrimonium
325 407 353 434 in
365 405 480 433 salutem
498 404 669 440 Reipublicae
680 403 826 434 collocare.
849 406 906 435 Cic.
921 415 945 440 ³-
959 405 1079 443 Philipp.
1094 413 1118 441 3.

114 442 262 472 Pecuniam
274 443 344 472 bene
356 441 504 471 collocare.
537 442 594 471 Cic.
610 451 659 479 pro
671 441 774 471 Czecin.
792 453 833 475 ις.
856 444 1003 472 Praesertim
1016 452 1100 479 quum
1113 442 1234 481 pecunia

133 490 166 509 ex
179 481 326 518 partitione
337 479 483 508 deberetur
497 500 505 513 ‚
528 479 660 515 nusquam
672 488 733 508 eam
750 480 826 517 polle
838 482 936 511 melius
947 481 1088 510 collocari.

114 518 261 548 Pecuniam
271 519 299 546 in
310 517 427 554 praediis.
449 517 508 546 Cic.
522 526 572 554 pro
585 517 687 546 Crecin.
702 526 743 551 15.

114 555 246 585 Pecunias
258 555 396 584 collocare
406 555 434 583 in
446 556 602 591 emptiones
615 554 791 592 praedioruni.
814 555 897 585 Gaius
909 556 936 584 in
950 555 968 585 l.
983 555 1232 585 mandatuminter.

125 594 155 631 ἦ.
166 603 190 621 2.
206 593 237 622 D.
251 593 373 622 mandat.
386 592 429 622 vel
439 600 526 622 contr.
1066 607 1077 610 >

115 629 258 660 Collocare
272 630 449 665 nominibus,
470 631 514 659 vel
526 630 553 658 in
565 631 679 659 nomina
691 651 698 663 ,
720 630 746 658 ἃ
758 628 903 660 Collocare
915 630 1074 668 simpliciter
1084 631 1233 668 pecuniam

133 667 321 704 Jurisconsulti
335 669 451 703 dicunt,
475 668 491 697 l.
513 677 553 704 13-
570 669 590 705 ς.
610 678 631 697 1.
651 668 668 696 l.
685 670 726 696 16.
740 668 765 696 ἃ
778 666 794 695 1.
808 673 850 701 ς8.
868 669 889 705 ξ.
903 678 968 705 pen.
993 669 1025 697 D.
1044 670 1079 697 de
1095 668 1232 698 administ.

133 712 184 735 tut.
201 707 310 743 &apud
323 705 436 735 Paulum
453 706 501 734 lib.
515 715 541 734 2.
558 706 662 735 senten.
676 707 717 733 tit.
735 713 760 738 3.
782 705 826 733 Sie
836 706 893 734 Cic.
910 707 957 735 lib.
973 715 998 734 2.
1015 706 1097 735 Offic.
1112 717 1156 741 90-
1180 706 1236 735 Sed

133 750 193 772 toto
205 744 259 772 1100
278 745 313 773 (10
332 753 432 781 genere
445 766 452 778 ‚
475 744 510 772 de
520 743 686 780 quaerenda,
708 742 742 770 de
762 742 926 772 collocanda
939 745 1057 780 pecunia
1068 766 1075 778 ‚
1101 745 1185 774 etiam
1199 744 1235 773 de

132 781 250 817 utenda,
258 782 436 811 commodius
447 792 461 810 a
474 781 636 818 quibusdam
647 780 761 817 optimis
771 781 834 809 viris
844 783 894 810 ἃς.
916 781 1051 816 Traianus
1065 782 1183 811 Plin.lib.
1192 791 1235 811 10.

132 820 216 857 Epist.
235 823 278 854 63.
303 819 366 848 Non
379 819 453 848 aliud
466 819 619 848 remedium
636 818 753 855 dispicio
767 840 773 853 ‚
796 828 878 854 quani
895 827 924 848 ut
940 821 1077 854 quantitas
1095 819 1236 850 usurarum

134 859 276 886 minuatur
286 879 294 891 ,
316 867 372 894 quo
383 857 489 886 facilius
508 857 635 894 pecuniae
647 855 765 894 publicae
781 856 963 887 collocentur.

114 894 260 924 Collocare
268 897 416 933 pecuniam
432 895 550 923 foenore.
588 895 662 923 Suet.
680 894 708 922 in
720 894 827 930 August.
840 904 901 932 cap.
917 905 959 930 39.
985 894 1070 932 Quod
1087 895 1236 933 pecuniam

134 933 285 962 levioribus
296 933 381 963 usuris
389 933 526 966 mutuati,
548 933 671 968 graviore
683 932 792 960 foenore
803 932 990 962 collocassent.

114 969 279 1000 Praslidium.
304 970 369 1000 Cres.
385 980 407 999 1.
426 969 493 999 Bell.
508 969 577 999 Gall.
598 979 660 1008 cap.
675 972 717 1005 38.

114 1008 358 1075 Pffifitiiunisuum
375 1009 404 1037 in
418 1008 509 1046 capite
520 1015 601 1045 atque
620 1006 774 1038 cervicibus
792 1008 891 1046 populi
912 1008 1061 1039 collocare.
1085 1008 1143 1038 Cic.
1155 1017 1182 1038 2.
1200 1008 1237 1038 de

193 1056 208 1075 e
220 1049 237 1075 Λ
261 1056 280 1075 r.
293 1056 337 1082 74.

117 1083 148 1113 In
158 1056 287 1121 pPaesitigiis
299 1083 418 1122 Reipub.
431 1082 552 1121 aliquem
564 1082 711 1113 collocare.
735 1082 792 1111 Cic.
804 1082 839 1112 de
851 1083 923 1114 Clar.
939 1084 1015 1114 Orat.
1030 1093 1095 1114 222.

114 1121 205 1151 Pretia
216 1132 247 1151 ac
255 1132 369 1152 munera
377 1122 449 1151 bene
460 1122 610 1161 collocare.
632 1122 691 1151 Cic.
704 1130 730 1158 7.
752 1120 824 1150 Verr.
841 1125 884 1156 56.

114 1158 269 1189 Puellulam
279 1160 427 1189 collocare.
449 1160 550 1189 Catuli.
569 1171 611 1196 59.
627 1165 688 1195 188.

196 1198 250 1227 Vos
260 1202 322 1228 unis
331 1198 441 1227 senibus
453 1197 533 1227 bonae

194 1236 320 1271 Cognirae
333 1236 404 1265 bene
414 1235 525 1264 seniinae
537 1258 544 1266 .

194 1274 338 1304 Collocate
361 1273 523 1312 puellulam.
613 1272 740 1303 Muretus
755 1272 802 1301 hic
813 1295 821 1308 ,
849 1272 1038 1304 Pronubarum
1058 1273 1182 1304 officium
1197 1273 1237 1303 est

133 1321 236 1341 novam
248 1319 364 1349 nuptam
376 1313 406 1340 in
417 1311 490 1340 lecto
500 1310 649 1340 collocare.
690 1311 817 1340 Donatus
837 1321 950 1349 quoque
968 1312 1002 1341 ad
1018 1310 1097 1342 illurn
1108 1312 1237 1341 Terentii

134 1349 247 1385 locum,
271 1350 339 1380 Eun.
354 1359 378 1385 3.
394 1360 474 1384 5.44.
499 1349 608 1378 Deinde
618 1349 882 1378 illaminlectoillae
894 1350 1043 1379 collocant.
1086 1350 1172 1384 Vide,
1196 1350 1238 1378 in-

136 1389 197 1424 quit
207 1410 213 1422 ‚
236 1398 271 1417 an
286 1387 390 1425 aliquid
400 1387 473 1416 deest
483 1387 615 1424 legitimis
629 1388 743 1425 nuptiis.
784 1387 857 1416 Nam
874 1389 899 1417 δι
912 1388 1003 1426 ipsum
1014 1387 1131 1418 verbum
1146 1386 1238 1417 Collo-

134 1433 199 1454 cant
210 1427 353 1463 proprium
365 1426 417 1460 est,
440 1426 465 1455 &
476 1424 638 1454 adscribitur
652 1425 796 1454 Pronubis.

115 1462 260 1493 Collocata
270 1464 341 1493 bene
350 1464 386 1492 est
397 1473 438 1492 res
452 1463 542 1492 nostra
555 1463 640 1492 isthoc
652 1463 840 1492 matrimonio.
864 1463 950 1493 Plaut.
967 1463 1049 1493 Most.
1064 1472 1088 1500 3.
1101 1472 1126 1500 3.
1140 1472 1183 1494 12.

115 1500 186 1530 Rern
201 1502 348 1531 militarem
357 1501 502 1530 collocare.
524 1501 582 1530 Cic.
596 1511 622 1530 2.
634 1501 710 1530 Fam.
728 1511 771 1531 12.

115 1539 239 1577 spemin
251 1540 343 1577 aliquo
352 1538 499 1568 collocare.
540 1539 611 1568 Hirr.
627 1538 694 1568 Bell.
706 1538 782 1568 Alex.
795 1548 839 1573 29.
862 1538 990 1574 Quorum
1011 1538 1148 1577 impetum
1166 1539 1238 1570 adeo

135 1578 338 1614 pertimuerunt
348 1577 438 1606 hostes
453 1598 462 1612 ,
483 1583 513 1606 ut
527 1577 556 1606 in
568 1577 632 1614 fuga
646 1576 721 1613 spem
733 1576 825 1606 salutis
836 1576 1015 1606 collocarent.

114 1614 201 1652 Spem
213 1615 355 1652 dignitatis
366 1615 418 1644 suae
428 1616 455 1644 in
466 1615 606 1652 aliquibus
617 1614 765 1644 collocare.
787 1614 845 1643 Cic.
860 1625 881 1643 1.
895 1615 930 1643 de
940 1615 1018 1644 Orat.
1031 1623 1077 1649 ας.

117 1653 202 1690 Spem
213 1654 377 1689 alicujusrei
389 1652 565 1691 praesentisin
576 1654 682 1683 incerto
700 1652 801 1690 reliqui
818 1653 953 1691 temporis
964 1658 1066 1683 eventu
1085 1652 1237 1684 collocare.

136 1691 194 1720 Cic.
210 1701 261 1729 pro
273 1692 372 1729 Quint.
387 1697 431 1728 83.

116 1729 203 1766 Spem
213 1731 241 1758 10
252 1729 370 1766 alicujus
379 1729 539 1766 eloquentia
549 1735 596 1759 aut
604 1730 689 1766 gratia
699 1728 846 1758 collocare.
870 1728 928 1758 Cic.
938 1737 963 1758 2.
975 1728 1049 1759 Verr.
1060 1738 1087 1765 9.

114 1767 224 1797 Statum
234 1767 354 1805 aliquem
365 1768 483 1797 civitatis
495 1767 641 1797 collocare.
664 1767 723 1796 Cic.
735 1767 769 1796 ad
780 1766 854 1796 Brut.
868 1766 917 1804 Ep.
934 1777 944 1796 1
954 1778 977 1802 ς.
988 1774 1058 1796 extr.

115 1805 247 1835 Studium
260 1806 377 1835 suumin
390 1806 517 1835 doctrina
528 1815 559 1834 30
570 1805 704 1842 sapientia
716 1804 862 1834 collocare.
905 1805 962 1834 Cic.
980 1814 1003 1834 1.
1016 1806 1052 1842 Q.
1065 1804 1125 1834 frat.
1142 1814 1165 1834 1.
1188 1806 1241 1834 Aut

137 1843 182 1880 qui
194 1850 321 1881 regerent
332 1866 340 1879 ,
364 1853 448 1872 omne
458 1843 536 1872 suum
546 1844 667 1872 studium
678 1844 706 1872 in
719 1843 845 1872 doctrina
860 1852 892 1872 ac
903 1842 1038 1880 sapientia
1049 1842 1239 1873 collocassent.

115 1880 263 1911 Collocare
271 1881 297 1911 se
305 1881 396 1919 palam
408 1882 437 1910 in
448 1882 602 1910 meretricia
613 1882 677 1910 vita.
716 1880 774 1909 Cic.
787 1890 835 1918 pro
849 1880 920 1910 Coel.
933 1887 978 1916 48.
1003 1881 1092 1917 Siqua
1102 1891 1159 1910 non
1170 1891 1243 1918 nup-

134 1926 163 1949 ta
175 1920 276 1949 mulier
288 1921 402 1949 domum
416 1919 490 1949 suam
502 1919 665 1957 patefecerit
678 1919 804 1948 omnium
825 1919 993 1956 cupiditati,
1013 1919 1162 1957 palamque
1174 1918 1200 1948 se
1211 1920 1241 1948 in

135 1958 291 1987 meretricia
300 1958 354 1987 vita
366 1957 511 1986 collocarit
527 1979 535 1991 7
560 1959 612 1986 διο.

117 1995 152 2025 Se
162 2002 253 2025 totum
263 1997 292 2024 iii
306 1996 468 2033 cognitione
477 1996 504 2025 St
515 1995 628 2024 scientia
635 1994 784 2023 collocare.
807 1993 865 2024 Cic.
878 2005 901 2024 i.
914 1994 971 2024 Off.
989 2000 1050 2030 158.

116 2033 152 2063 Se
171 2033 309 2063 collocare
329 2041 419 2063 totum
430 2034 459 2062 in
471 2033 643 2070 exquirenda
654 2032 745 2070 aliqua
756 2042 793 2061 re.
832 2032 891 2062 Cic.
903 2043 927 2070 ς.
941 2032 1024 2063 Tusc.
1036 2035 1082 2064 66.
1109 2032 1198 2062 Totos
1214 2031 1242 2063 se

136 2071 165 2100 in
177 2073 285 2110 optimo
296 2072 357 2101 vitae
369 2072 437 2101 statu
451 2071 627 2108 exquirendo
637 2070 816 2100 collocarent.
1106 2078 1110 2079 ⁷

116 2109 151 2139 Se
165 2110 191 2138 in
204 2111 292 2139 otIuni
301 2109 447 2139 collocare.
468 2109 554 2138 Plaut.
565 2108 650 2138 Mero.
667 2119 691 2145 3.
704 2118 730 2138 2.
746 2118 772 2145 7.

116 2147 356 2177 Collocarefiliam
367 2147 443 2177 suam
455 2146 548 2176 alicui.
590 2147 769 2176 Subauditur.
810 2146 958 2184 Nuptum‚
977 2146 1024 2177 vel
1040 2146 1159 2183 Nuptui.
1179 2146 1240 2176 Cic.

135 2187 171 2252 pe
180 2186 249 2215 Clar.
261 2186 338 2215 Orat.
352 2191 396 2221 98.
421 2185 506 2222 Cujus
516 2185 575 2214 Caii
586 2184 644 2214 filio
654 2184 739 2214 filiam
747 2184 824 2214 suam
835 2184 1040 2221 collocaverat,
1062 2185 1195 2214 affinitate
1205 2184 1243 2214 se-

147 2234 162 2253 e
177 2225 348 2253 devinxerat.
469 2231 474 2235 ⁴

116 2262 244 2299 Nupturn
255 2261 410 2297 collocare.
432 2271 482 2298 pro
493 2261 564 2291 Dare
578 2261 687 2299 nuptui.
727 2259 794 2290 Caes.
808 2269 831 2289 1.
850 2259 917 2290 Bell.
930 2260 998 2290 Gall.
1013 2270 1073 2298 cap.
1087 2264 1131 2293 18.
1155 2260 1244 2298 Atque

133 2300 218 2336 hujus
227 2301 358 2337 potentiae
369 2300 449 2329 causa
462 2322 469 2333 ,
491 2307 608 2328 matrem
624 2300 653 2328 in
664 2298 831 2336 Biturigibus
841 2297 948 2327 homini
961 2298 1020 2328 illic
1031 2298 1202 2328 nobilissimo
1210 2308 1243 2328 ac

136 2337 328 2376 potentissimo
339 2337 506 2371 collocaffe,
529 2336 618 2374 ipsum
638 2346 673 2365 ex
694 2336 828 2366 Helvetiis
842 2345 958 2365 uxorem
976 2336 1079 2366 habere
1092 2359 1099 2371 ,
1122 2337 1243 2366 sororem

138 2386 173 2405 ex
185 2382 272 2405 matre
282 2397 289 2410 ‚
311 2378 335 2405 ἃ
346 2377 518 2414 propinquas
530 2376 588 2404 suas
599 2382 719 2411 nuptum
731 2376 759 2403 in
770 2373 835 2403 alias
846 2374 971 2403 civitates
981 2374 1138 2404 collocasse.

84 2453 86 2456 ‚
118 2413 150 2444 In
164 2415 357 2444 conditionem
366 2415 511 2450 virginem.
533 2413 704 2442 Plaut.Trin.
723 2423 745 2441 1.
758 2422 782 2442 2.
801 2421 862 2441 120.
923 2429 958 2432 —
969 2411 1215 2448 certoilliusfiliae,

211 2452 281 2488 Qute
291 2452 360 2481 mi-hi
373 2451 503 2481 mandata
511 2452 548 2480 est
559 2473 567 2486 ,
590 2451 679 2480 habeo
692 2451 788 2480 dotem
803 2450 880 2479 unde
899 2450 981 2480 dem:

210 2490 247 2519 Ut
258 2501 318 2519 eam
331 2491 358 2518 in
371 2489 395 2518 se
404 2490 517 2526 dignam
529 2489 723 2519 conditionem
736 2488 885 2517 collocem.

117 2527 149 2558 In
161 2529 369 2557 matrimonium
380 2526 518 2556 collocare
536 2527 630 2556 filiam.
675 2526 733 2556 Cic.
750 2536 773 2555 1.
792 2527 827 2555 de
844 2526 1013 2563 Divin.104.
1041 2526 1140 2563 Quum
1158 2526 1245 2557 vellet

135 2565 235 2596 sororis
245 2565 297 2595 suae
306 2565 391 2594 filiam
402 2567 430 2594 10
447 2565 656 2594 matrimonium
668 2564 818 2594 collocare.

115 2603 225 2641 Nuprui
238 2603 322 2632 filiam
333 2603 470 2632 collocare
482 2604 510 2631 in
522 2610 598 2640 parte
610 2603 677 2640 agri.
718 2600 857 2631 Columel.
870 2601 916 2631 lib.
928 2613 953 2637 4.
965 2611 1026 2640 cap.
1045 2611 1069 2637 ³-
1102 2601 1244 2633 Minorem

136 2643 241 2671 deinde
251 2641 337 2670 filiam
349 2642 450 2679 nuptui
461 2640 608 2671 collocasse
618 2642 646 2669 in
660 2641 776 2669 dimidia
790 2647 868 2677 parte
880 2639 979 2677 reliqui
997 2641 1062 2678 agri.
1101 2639 1132 2669 V.
1155 2650 1243 2671 nuso.

115 2679 263 2748 Cplllocare
282 2679 418 2709 familiam
436 2679 513 2709 suam
532 2680 563 2708 in
583 2677 748 2717 poffeffione
768 2678 938 2716 prediorum
956 2677 1081 2715 alicujus.
1118 2678 1176 2709 Cic.
1190 2689 1244 2718 pro

169 2727 235 2747 acco
269 2727 293 2747 ι.

116 2755 148 2786 In
169 2755 223 2785 suis
233 2727 304 2793 agris
315 2756 342 2785 Sc
355 2754 465 2785 sedibus
478 2753 617 2784 collocare
628 2753 741 2792 aliquid.
763 2753 824 2784 Cic.
840 2765 863 2790 ς.
885 2753 961 2784 Verr.
974 2756 1000 2784 6.

115 2793 203 2823 Sedes
216 2795 240 2823 ἃ
254 2793 429 2823 domicilium
440 2792 586 2822 collocare.
611 2792 667 2821 Cic.
679 2804 704 2827 4.
726 2791 802 2822 Verr.
814 2796 839 2821 6.

115 2831 149 2861 In
165 2831 316 2869 conspectu
332 2831 436 2868 aliquid
448 2830 594 2861 collocare.
617 2829 737 2867 Quintil.
749 2829 798 2859 lib.
811 2838 836 2866 7.
849 2838 910 2867 cap.
921 2838 947 2859 2.

116 2869 150 2900 In
163 2870 225 2899 luce
236 2871 380 2899 benefacta
389 2868 537 2899 collocare.
580 2868 637 2898 Cic.
652 2878 678 2898 2.
690 2867 772 2897 Tusc.
787 2871 832 2904 ⁶4-
854 2867 958 2897 Omnia
969 2867 1046 2896 enim
1056 2867 1203 2899 benefadta
1212 2869 1243 2899 in

136 2908 200 2936 luce
211 2907 236 2937 se
247 2907 378 2937 collocari
388 2907 496 2936 volunt.
651 2908 653 2910 ’
1001 2937 1004 2940 ⁴

115 2945 147 2976 Iu
158 2945 233 2974 bono
243 2945 349 2975 lumine
360 2945 466 2975 tabulas
487 2945 561 2974 bene
573 2945 661 2982 pietas
675 2942 823 2973 collocare.
864 2942 922 2972 Cic.
941 2942 977 2971 de
998 2942 1070 2973 Clar.
1085 2944 1162 2974 Orat.
1176 2949 1240 2975 261.

135 2984 231 3021 Itaque
243 2994 328 3020 quum
339 2984 372 3012 ad
384 2984 456 3012 hanc
465 2983 631 3020 elegantiam
639 2981 787 3011 verborum
798 2981 956 3011 Latinorum
977 2981 989 3016 (
1003 2991 1062 3017 quae
1071 3003 1079 3017 ‚
1100 2984 1152 3012 &c
1164 2983 1175 3017 )
1196 2983 1244 3012 ad-

135 3022 226 3058 jungit
235 3021 282 3051 illa
292 3023 411 3051 oratoria
422 3027 585 3051 ornamenta
595 3020 708 3064 dicendi
717 3041 725 3055 ‚
745 3025 806 3049 tum
818 3019 928 3049 videtur
937 3024 1070 3056 tanquam
1082 3019 1187 3049 tabulas
1198 3020 1244 3050 be*

115 3058 680 3134 Irilie'eididlifldollldbcai‘sle“Cglcilnlciliilssndaep
691 3104 718 3132 7.
742 3094 802 3124 Post
810 3094 870 3125 haec
884 3094 914 3124 in
924 3093 1039 3124 adverso
1058 3094 1141 3125 sedili
1156 3096 1244 3126 collo-

134 3136 242 3165 candus
253 3136 291 3165 est
301 3158 309 3169 ,
331 3135 395 3164 loco
404 3134 500 3164 lucido
512 3156 520 3170 ‚
541 3134 649 3164 lumine
659 3132 782 3162 adverso.

56 3186 60 3188 ’
115 3173 265 3203 Collocare
277 3173 434 3210 aliquemin
449 3172 541 3210 aliquo
549 3172 644 3209 gradu.
659 3171 717 3201 Cic.
730 3182 757 3206 4.
768 3170 880 3200 Acad.6.
894 3169 994 3207 Neque
1005 3170 1153 3208 quicquam
1165 3170 1243 3202 aliud

134 3211 290 3241 videndum
302 3212 340 3240 est
352 3210 433 3240 nobis
443 3233 450 3243 ,
472 3220 541 3248 quos
552 3210 616 3248 Pop.
631 3210 713 3239 Rom.
725 3209 779 3238 lioc
790 3209 819 3237 in
831 3208 917 3245 gradu
928 3207 1094 3243 collocavit,
1115 3208 1175 3244 nisi,
1188 3210 1240 3239 &a

116 3248 150 3280 In
167 3248 335 3287 amplissimo
353 3248 487 3283 confilio.
510 3250 535 3278 ἃ
547 3249 575 3277 10
587 3247 717 3277 altissimo
734 3246 820 3283 gradu
840 3246 982 3284 dignitatis
999 3245 1140 3276 collocari.
1182 3246 1239 3278 Cic.

138 3287 198 3317 Post
206 3287 287 3316 redit.
301 3288 330 3316 iri
347 3287 438 3316 Senat.
451 3296 477 3315 2.
517 3286 621 3322 [Forte
635 3285 774 3314 Concilio.

116 3325 149 3355 In
162 3325 330 3362 amplissinio
341 3325 410 3354 statu
422 3325 569 3354 fortunate
581 3323 737 3354 collocavit.
762 3323 863 3351 Auctor
872 3321 907 3351 ad
921 3321 1024 3351 Heren.
1035 3322 1083 3351 lib.
1097 3332 1125 3357 4.
1137 3331 1182 3359 ²4·

114 3363 148 3394 In
158 3363 327 3430 {edibgsbsuis
337 3362 461 3400 aliquem
471 3361 618 3392 collocare.
659 3363 676 3391 i.
687 3371 711 3390 e.
734 3360 897 3390 Restituere.
940 3359 998 3389 Cic.
1011 3370 1063 3398 pro
1074 3360 1165 3389 Domo
1178 3370 1240 3391 100.

135 3402 155 3430 A
170 3424 175 3430 .
198 3402 231 3430 Se
256 3402 262 3430 i
286 3411 326 3431 us.

115 3438 263 3469 Collocare
273 3439 428 3469 iudeorum
438 3447 564 3467 numero.
605 3436 663 3466 Cic.
679 3446 702 3466 1.
719 3436 757 3472 Q.
774 3435 834 3465 srat.
851 3445 873 3464 1.
894 3434 927 3464 In
942 3434 1041 3471 quibus
1051 3435 1165 3465 virtutes
1175 3446 1242 3465 con-

134 3477 251 3507 secratas
261 3499 268 3513 ‚
291 3479 316 3506 &
328 3478 356 3505 111
366 3477 483 3506 deorum
494 3484 611 3504 numero
621 3474 771 3504 collocatas
780 3474 868 3503 vides.
892 3473 909 3502 i.
921 3483 945 3501 e.
968 3472 1018 3501 Pro
1033 3473 1092 3502 deis
1102 3473 1219 3504 habitas.

115 3514 268 3544 Herculem
279 3515 428 3544 hominum
438 3514 511 3543 fama
521 3513 723 3542 beneficiorum
733 3521 842 3541 memor
850 3512 879 3540 in
889 3510 1013 3540 concilio
1021 3510 1171 3542 caelestium
1183 3511 1241 3542 col-

135 3553 246 3582 locavit.
272 3553 332 3582 Cic.
349 3561 374 3588 3.
388 3551 446 3581 Off.
458 3561 503 3587 ²5-

115 3590 229 3621 ldoneis
241 3591 269 3620 in
281 3591 350 3620 locis
362 3592 495 3620 &contra
504 3588 689 3627 suspicionem
703 3586 822 3626 periculi
836 3586 946 3624 aliquos
965 3585 1114 3617 collocare.
1136 3586 1195 3617 Cic.
1210 3596 1238 3618 2.

135 3629 170 3658 de
181 3628 254 3666 Lege
263 3630 321 3665 Agr.
334 3638 378 3666 79.

60 3654 69 3665 ⁸
114 3665 191 3696 Ineo
200 3667 264 3696 loco
275 3665 329 3695 effe
340 3688 348 3701 ‚
369 3676 397 3694 in
410 3675 465 3701 quo
476 3665 599 3694 honores
609 3662 706 3702 populi
715 3662 931 3693 collocaverunt.
955 3661 1012 3691 Cic.
1025 3671 1077 3699 pro
1088 3661 1181 3693 Domo
1191 3668 1238 3698 32.

115 3703 147 3734 In
157 3714 242 3742 regno
252 3705 389 3740 majorum
400 3702 509 3732 suorum
524 3702 645 3740 aliquem
658 3701 808 3730 collocare.
830 3699 966 3743 (3103.ἀο
980 3699 1056 3728 Orat.
1074 3710 1135 3735 124.

115 3741 147 3771 ln
158 3742 269 3780 Repub.
284 3741 430 3771 collocare.
472 3740 530 3770 Cic.
544 3741 574 3769 in
584 3740 674 3769 Parad.
688 3749 731 3774 3¹-
754 3739 878 3768 Violatur
888 3747 910 3766 is
920 3747 966 3774 qui
977 3739 1142 3774 procreavit,
1159 3739 1180 3768 is
1191 3740 1239 3776 qui

134 3780 204 3809 aluit
214 3802 222 3812 ,
244 3781 265 3809 is
275 3781 321 3816 qui
332 3779 451 3809 erudivit
460 3800 468 3813 ‚
489 3779 567 3816 isqui
577 3779 606 3807 in
615 3778 677 3806 sede
685 3787 717 3806 ac
729 3776 814 3806 domo
823 3784 908 3812 arque
919 3775 946 3804 in
957 3774 1065 3813 Repub.
1077 3776 1236 3807 collocavit.

117 3817 251 3847 Subsellio
263 3817 383 3846 secundo
393 3816 473 3854 super
482 3816 508 3845 se
518 3815 656 3845 collocare
666 3814 795 3852 aliquem.
836 3814 913 3843 Suet.
930 3813 959 3841 in
981 3813 1089 3850 August.
1117 3824 1177 3852 cap.
1190 3825 1223 3852 43
1231 3838 1237 3845 .

138 3856 291 3884 Emendata
301 3854 470 3892 exemplaria
478 3854 574 3891 legunt
584 3854 672 3890 Supra
681 3852 716 3882 se.
1174 3888 1181 3894 ἱ

117 3892 262 3922 Collocare
270 3893 407 3922 sextantes
414 3892 442 3920 in
451 3893 550 3929 capita.
560 3891 663 3926 Liv.2.3
672 3888 878 3926 3.extr.Extulit
889 3897 953 3918 eum
963 3887 1053 3925 plebs,
1064 3887 1236 3921 sextantibus

135 3931 317 3999 collocatisiln
326 3931 428 3968 capita.
468 3928 541 3960 Galli
551 3930 668 3964 dicunt,
689 3928 793 3965 imposez.
800 3934 846 3964 par
858 3926 919 3956 τίη.
949 3926 1072 3957 Gronov.
1093 3926 1217 3958 Collatis.

172 3969 191 4000 V
202 3979 219 3999 o
227 3980 252 3998 ι..
307 3991 315 3998 .

1322 220 1411 249 locata
1429 222 1456 248 in
1469 220 1517 249 usu
1530 221 1702 256 quotidiano.

1322 258 1449 295 Ilidilitas
1462 261 1534 286 recte
1547 259 1700 292 collocata,
1722 259 1863 291 &iudicio
1873 260 1969 297 populi
1987 259 2015 287 in
2028 258 2092 288 loco
2102 261 2194 298 posita.
2213 262 2270 291 Cic.
2282 272 2308 298 7.
2321 262 2443 300 Verr.37.

1324 295 1432 332 Corpus
1442 296 1609 325 collocatum
1621 297 1753 326 dixerunt
1763 303 1870 327 veteres
1904 308 1932 326 ro
1951 297 2074 326 Condito
2087 308 2118 327 ac
2129 299 2244 336 sepulto.
2283 301 2390 330 Gruter.
2407 301 2450 330 ln-

1343 332 1436 368 script.
1451 344 1477 370 p.
1496 343 1557 374 309.
1581 344 1605 362 n.
1621 344 1646 363 -ι,
1677 334 1854 364 CLOELlAE
1891 335 2111 365 ‘LAVDIANAFL
2144 337 2174 366 V.
2199 337 2229 366 V.
2252 337 2344 367 MAX.
2364 338 2449 368 COL-

1346 369 1498 399 LUCATA.
1523 371 1586 400 Mi.
1610 372 1689 401 lx'nL.
1713 372 1823 401 ril'RlL.

1326 406 1392 472 Fili*
1405 408 1550 473 0011010313.
1584 410 1658 438 Suet.
1674 410 1776 439 Doniit.
1794 420 1839 440 22.
1862 410 1929 440 Non
1948 410 2037 440 multo
2051 411 2112 449 post
2128 411 2174 441 alii
2194 411 2368 443 collocatam.
2389 414 2406 445 i.
2422 424 2448 445 e.

1374 452 1453 480 uptui
1485 453 1566 474 atum.

1327 481 1450 511 Prrelidiii
1462 483 1607 512 collocata.
1629 484 1735 514 Sallust.
1751 485 1832 515 Catil.
1844 489 1889 519 46.

1324 519 1440 548 Tabulis
1452 522 1478 549 ἃ.
1496 520 1575 556 signis
1587 522 1729 559 propalam
1744 523 1900 553 collocatis.
1925 523 1982 553 Cic.
1998 534 2020 553 1.
2035 524 2071 553 de
2082 524 2157 554 Orat.
2176 528 2236 554 161.

1288 556 1566 623 COiJLi'mngm’
1587 560 1657 589 onis.
1682 560 1700 589 s.
1734 560 1880 596 [σ-ένθτσιε]
1912 568 1962 598 ut,
1993 562 2147 593 Collocatio
2169 562 2296 593 siderum.
2335 563 2394 595 Cic.
2414 565 2451 596 de

1351 604 1428 622 niver
1443 617 1447 622 .
1463 605 1477 622 2
1502 618 1506 623 .

1326 631 1402 661 Filiae
1412 632 1572 661 collocatio.
1595 633 1653 662 Cic.
1665 644 1715 672 pro
1727 635 1838 664 Cluent.
1859 646 1918 671 190.

1327 668 1481 699 Verborum
1495 670 1656 700 collocatio.
1698 672 1754 701 Cic.
1770 682 1793 706 3.
1808 674 1842 702 de
1860 675 1938 704 Orat.
1958 679 2019 710 165.
2051 675 2180 713 Sequitur
2196 677 2374 707 continuatio
2393 688 2452 708 ver-

1345 706 1447 736 borum
1463 729 1471 741 ‚
1492 718 1552 744 quae
1565 708 1633 737 duas
1647 719 1689 738 res
1700 712 1821 740 maxime
1837 734 1843 742 .
1866 712 2083 742 collocationem
2103 715 2225 752 primum
2237 738 2245 749 ‚
2267 716 2370 745 deinde
2393 727 2452 747 mo-

1347 745 1415 773 duni
1431 746 1570 781 quendam
1586 746 1758 784 formamque
1773 749 1915 779 desiderat.
1939 750 1972 780 Et
1983 751 2103 787 Quintil.
2120 762 2142 781 1.
2159 762 2199 782 10.
2215 754 2276 788 &9.
2291 766 2317 790 4.

1327 781 1529 812 Collocationis
1539 783 1576 812 est
1586 793 1756 827 componere
1779 788 1805 815 ἃ
1820 787 1922 816 struere
1938 788 2020 818 verba
2040 789 2092 824 sic,
2114 798 2144 819 ut
2166 800 2237 820 neve
2257 791 2335 829 asper
2351 802 2451 822 eorum

1346 820 1604 888 quiicurgisbneve
1614 821 1726 888 <lsiiulcus
1740 823 1771 852 lit
1782 846 1790 859 ‚
1811 824 1858 854 sed
1873 826 2082 861 quodammodo
2096 834 2307 865 coagmentatus
2324 831 2349 860 δι
2361 830 2446 861 laevis.

1374 867 1408 886 ic.
1423 867 1447 893 3.
1478 868 1493 887 e
1533 865 1580 888 rat.
1597 868 1607 887 1
1632 869 1658 894 9.

1327 894 1480 925 Diffolvere
1490 895 1708 927 collocationem
1719 899 1864 937 compositi
1879 902 1995 931 oratoris
2010 901 2084 932 bene
2099 903 2228 934 strustam
2246 906 2454 943 permutatione

1299 949 1304 954 ·
1348 933 1510 963 verborum.
1535 934 1592 963 Cic.
1608 934 1637 963 in
1649 935 1727 965 Orat.
1741 945 1804 972 ²3²·

1329 970 1471 1008 Perpolire
1483 971 1673 1002 collocatione
1683 975 1708 1002 &
1720 975 1808 1017 tractu
1819 974 1960 1006 orationis.
1983 977 2041 1007 Cic.
2058 988 2084 1007 2.
2101 979 2136 1007 de
2147 979 2223 1010 Orat.
2239 990 2282 1016 54.

1292 1008 1315 1039 C
1324 1018 1367 1077 ori.
1377 1019 1393 1037 L
1403 1010 1471 1076 {icc
1480 1019 1519 1076 PtL
1528 1013 1544 1038 ᾗ
1554 1020 1573 1038 τ
1583 1019 1600 1039 0
1611 1012 1659 1077 ,6[
1670 1012 1808 1048 manga]
1829 1015 1883 1042 are.
1919 1014 1998 1044 ldem
2018 1017 2093 1053 quod
2117 1017 2232 1055 simplex
2258 1018 2451 1056 Locupletare.

1357 1056 1395 1076 er.
1437 1057 1487 1076 030
1504 1057 1550 1077 .2.
1565 1057 1588 1083 3.
1606 1058 1615 1076 1
1642 1070 1648 1077 .

1409 1085 1485 1114 Dum
1494 1095 1547 1123 ego
1562 1092 1711 1124 propterte
1720 1096 1813 1117 errans
1824 1089 1911 1125 patria
1921 1099 2004 1120 careo
2015 1090 2131 1121 demens
2143 1114 2150 1127 ‚
2171 1099 2201 1122 tu
2213 1094 2319 1123 interea
2329 1094 2386 1124 loci

1412 1122 1640 1161 Collocupletasti
1651 1132 1678 1153 te
1687 1146 1695 1159 ,
1720 1125 1862 1162 Antiphila
1874 1148 1882 1160 ‚
1905 1130 1930 1157 δι
1940 1129 2022 1157 mein
2035 1129 2076 1158 his
2087 1130 2226 1159 deseruisti
2236 1131 2323 1161 malis.

1331 1160 1484 1191 Honestare
1505 1163 1530 1191 Sc
1545 1161 1765 1205 collocupletare
1786 1173 1863 1199 rem,
1889 1165 2038 1196 Exornare.
2079 1170 2179 1197 Auctor
2196 1169 2229 1197 ad
2247 1169 2346 1199 Heren.
2366 1170 2413 1200 lib.
2425 1180 2453 1201 2.

1351 1204 1398 1232 28.
1419 1199 1571 1228 Exornatio
1588 1201 1641 1234 est,
1663 1211 1717 1236 qua
1731 1201 1837 1231 utimur
1847 1203 1887 1232 rei
1899 1204 2076 1234 honestandae
2090 1208 2115 1235 ὁὶ
2127 1206 2378 1245 collocupletandae
2393 1218 2458 1239 cau-

1352 1236 1379 1265 sa
1390 1258 1398 1272 ‚
1418 1237 1582 1267 confirmata
1592 1240 1841 1274 argumentatione.

1293 1273 1317 1304 C
1326 1284 1368 1341 (Ais
1379 1285 1419 1341 Lg
1430 1285 1466 1341 qli
1476 1285 1505 1342 ἓ,
1523 1276 1554 1305 is.
1577 1277 1597 1306 f.
1620 1275 1710 1306 insula
1719 1277 1757 1306 est
1767 1278 1902 1308 Sardiniae
1909 1279 2050 1316 adjacens,
2072 1280 2108 1310 de
2119 1290 2172 1318 qua
2183 1282 2252 1313 Plin.
2262 1283 2311 1313 lib.
2327 1293 2349 1320 3.
2360 1294 2454 1323 cap.7.

1366 1335 1372 1342 .
1420 1323 1436 1341 o
1462 1323 1475 1342 a
1497 1323 1535 1343 es.

1293 1349 1316 1380 C
1324 1360 1341 1379 o
1352 1362 1368 1379 L
1377 1362 1393 1379 L
1402 1352 1419 1380 ὅ
1429 1361 1472 1395 (gu
1483 1361 1524 1395 oi<
1534 1373 1542 1386 ,
1557 1350 1706 1387 [σννομιλὲω
1715 1374 1724 1387 ,
1742 1351 1888 1389 eivm‘fsdm]
1903 1355 1977 1391 oqui.
1991 1355 2079 1385 Simul
2089 1356 2174 1393 loqui.
2187 1357 2250 1387 Ter.
2266 1358 2332 1388 Eun.
2345 1369 2452 1397 2.3.75.

1413 1389 1526 1418 Videbit
1538 1408 1546 1420 ,
1567 1389 1745 1427 colloquetur
1757 1413 1764 1426 ‚
1786 1392 1877 1421 aderit
1888 1403 1941 1422 una
1953 1394 1981 1422 in
1994 1395 2055 1423 unis
2066 1395 2178 1424 aers'uus.
2222 1396 2280 1426 Cic.
2297 1408 2318 1426 1.
2332 1398 2367 1426 de
2377 1398 2455 1429 Orat.

1333 1435 1378 1463 ³²·
1402 1426 1464 1456 Hoc
1477 1437 1532 1456 uno
1544 1428 1700 1465 praestamus
1712 1429 1756 1457 vel
1767 1431 1888 1458 maxime
1898 1430 1963 1460 feris
1975 1453 1982 1465 ,
2003 1433 2080 1469 quod
2089 1432 2276 1470 colloquimur
2296 1435 2368 1465 inter
2384 1446 2436 1467 nos
2447 1458 2458 1474 ,

1335 1466 1361 1495 &
1373 1465 1448 1502 quod
1461 1466 1616 1502 exprimere
1628 1466 1751 1495 dicendo
1765 1466 1838 1496 sensa
1855 1468 2006 1505 possumus.

1328 1502 1462 1546 Colloqui
1475 1503 1569 1547 alicui.
1608 1504 1694 1533 Plaut.
1710 1506 1796 1548 Mero.
1809 1505 1983 1545 4.5.suppos.
1999 1517 2041 1542 30.
2064 1508 2141 1538 Nulli
2152 1508 2299 1547 colloquor
2310 1510 2456 1542 libentius.

1332 1540 1463 1584 Colloqui
1475 1541 1605 1578 aliquem.
1628 1541 1713 1571 Plaut.
1728 1543 1787 1572 Mil.
1799 1555 1824 1576 ς..
1837 1553 1862 1572 2.
1879 1554 1920 1581 17.
1944 1545 2019 1581 Quid
2031 1556 2096 1584 ergo
2108 1547 2179 1576 hanc
2191 1549 2304 1578 dubitas
2316 1550 2461 1587 colloqui?

1329 1578 1462 1615 Colloqui
1473 1589 1538 1609 0010
1548 1579 1649 1616 aliquo,
1690 1579 1750 1610 Cic.
1763 1590 1786 1610 1.
1800 1581 1883 1610 Tusc.
1893 1594 1920 1618 4.
1950 1583 1987 1612 Ut
2002 1594 2068 1613 vero
2084 1584 2210 1622 colloqui
2231 1596 2296 1616 cum
2317 1587 2435 1626 Orpheo
2447 1609 2459 1625 ,

1353 1616 1458 1646 Musaeo
1469 1639 1477 1652 ‚
1500 1617 1622 1646 Homero
1634 1616 1716 1647 liceat
1730 1641 1737 1653 7
1760 1620 1854 1656 quanti
1866 1621 1981 1649 tandem
1993 1623 2149 1651 aestimatis‘?

1332 1654 1379 1684 Dii
1390 1664 1454 1684 cum
1466 1655 1671 1685 dormientibus
1683 1656 1888 1693 colloquuntur.
1912 1658 1970 1688 Cic.
1986 1669 2008 1688 1.
2026 1661 2061 1688 de
2074 1661 2164 1689 Divin.
2178 1663 2223 1696 64.

1329 1693 1470 1730 Cuniipsa
1481 1693 1553 1731 quasi
1566 1693 1675 1731 Repub.
1686 1695 1843 1725 collocutus
1851 1696 1919 1725 sum.
1940 1696 1998 1727 Cic.
2013 1708 2037 1726 1.
2053 1698 2127 1727 Fam.
2139 1712 2163 1733 o.

1333 1730 1466 1767 Colloqui
1478 1741 1543 1761 cum
1552 1731 1645 1769 aliquo
1664 1742 1712 1769 pei·
1728 1732 1840 1763 litteras.
1881 1735 1939 1764 Cic.
1956 1738 1982 1764 6.
2004 1737 2057 1766 sstt.
2070 1747 2093 1765 1.
2123 1736 2218 1773 Quam
2240 1737 2383 1776 saepiffime
2400 1749 2460 1771 nie.

1351 1778 1416 1797 cum
1427 1779 1476 1806 per
1486 1769 1591 1799 litteras
1603 1769 1771 1806 colloquare.

1330 1805 1465 1843 Colloqui
1479 1807 1566 1836 simul.
1589 1807 1674 1837 Plaut.
1693 1809 1792 1846 Amph.
1812 1818 1835 1838 1.
1852 1819 1874 1839 1.
1890 1813 1934 1846 69.

1414 1845 1497 1874 Extra
1512 1845 1622 1875 turbam
1635 1847 1768 1875 ordinum
1779 1846 1981 1885 colloquuntur
1994 1847 2082 1879 simul.
2165 1851 2184 1881 i.
2196 1861 2221 1882 e.
2243 1851 2326 1882 Extra
2338 1854 2439 1885 aciem.

1333 1881 1662 1919 Colloquunturinterse.
1684 1884 1754 1913 Hirt.
1769 1884 1835 1914 Bell.
1847 1886 1899 1916 Afr.
1917 1890 1959 1923 56.

1334 1920 1410 1949 Inter
1419 1921 1445 1950 se
1456 1921 1575 1951 multum
1586 1921 1754 1958 colloquicle
1767 1922 1845 1961 Rep.
1861 1924 1919 1954 Cic.
1940 1934 1963 1953 1.
1979 1925 2016 1954 de
2025 1925 2101 1955 Orat.
2117 1929 2162 1956 26.

1296 1957 1318 1987 C
1328 1967 1344 1987 o
1352 1969 1395 2001 ¹¹.¹‘
1404 1968 1421 1988 ο
1432 1969 1477 1995 Qu
1487 1969 1502 1988 13
1510 1969 1531 1988 N
1540 1969 1552 1989 s
1561 1981 1570 1995 ,
1591 1960 1674 1989 entis.
1696 1960 1794 1990 Partic.
1818 1967 1864 1998 ut,
1886 1962 1942 1992 Sed
1952 1964 1978 1993 ἀ
1992 1964 2067 1994 inter
2081 1964 2107 1994 le
2120 1964 2349 2005 colloquentibus
2358 1967 2462 1999 ssmiles

1335 1997 1389 2026 elle
1399 1996 1573 2034 conspectos.
1594 1997 1671 2027 Curt.
1686 2003 1712 2032 8.
1727 2010 1753 2034 4.
1766 2009 1809 2034 14.

1335 2033 1430 2064 Facies
1441 2035 1673 2073 colloquentium.
1695 2036 1773 2066 Curt.
1786 2042 1811 2070 8.
1824 2046 1865 2074 13.
1877 2047 1923 2074 24.

1335 2071 1425 2102 Voces
1439 2073 1673 2110 colloquentium.
1694 2074 1774 2104 Idem
1785 2084 1811 2112 7.
1824 2084 1847 2105 1.
1860 2084 1906 2111 24.

1297 2109 1320 2139 C
1328 2119 1347 2138 o
1357 2121 1372 2138 L
1382 2121 1398 2138 L
1407 2120 1424 2140 o
1435 2121 1482 2147 qu
1492 2121 1511 2140 0
1521 2121 1540 2140 Τ
1549 2122 1558 2139 1
1567 2121 1584 2140 0
1593 2133 1601 2147 ,
1620 2112 1695 2142 onis.
1716 2111 1736 2142 f.
1760 2113 1939 2149 [συνομιλίαι]
1959 2114 2018 2145 Cic.
2033 2124 2058 2145 1.
2070 2114 2153 2146 Tusc.
2165 2127 2192 2154 ς.
2215 2117 2276 2148 Νο0
2284 2119 2393 2149 veroid
2403 2119 2461 2150 col-

1334 2147 1464 2185 loquutio
1476 2149 1623 2178 hominum
1633 2156 1680 2179 aut
1688 2149 1835 2180 consensus
1847 2151 1942 2181 efficit.

1335 2186 1484 2216 Sermones
1496 2188 1522 2216 a&
1533 2187 1768 2223 colloquutiones.
1790 2187 1849 2218 Cic.
1865 2198 1887 2218 1.
1902 2189 1977 2219 Fam.
1988 2199 2016 2226 9.

1335 2224 1562 2254 Familiariffimae
1572 2225 1800 2261 colloquutiones
1812 2236 1877 2256 cum
1888 2227 1990 2265 aliquo.
2014 2228 2072 2259 Cic.
2088 2239 2131 2259 11.
2144 2230 2266 2269 Philipp.
2278 2242 2302 2268 ς.

1336 2261 1437 2292 Venire
1448 2272 1513 2292 cuni
1523 2262 1616 2300 aliquo
1625 2263 1654 2291 in
1666 2263 1920 2302 colloquutionem.
1943 2266 2045 2296 Auctor
2054 2268 2090 2297 ad
2104 2268 2205 2298 Heren.
2218 2270 2266 2298 lib.
2277 2280 2302 2299 2.
2316 2279 2362 2305 ας.

1299 2298 1423 2329 CoLLo
1433 2310 1479 2336 Qu
1489 2310 1535 2344 rJT
1546 2310 1604 2336 oe,
1625 2301 1690 2331 oris.
1711 2311 1749 2332 m.
1771 2302 1890 2333 Tertull.
1912 2303 1973 2333 adv.
2002 2304 2132 2335 Praxean.
2155 2317 2216 2345 cap.
2235 2318 2258 2343 ς.
2281 2308 2466 2346 Colloquuto-

1336 2347 1395 2381 rem
1410 2345 1512 2382 pateris
1521 2338 1686 2369 sermonem.
1724 2340 1759 2370 Et
1770 2341 1909 2378 Augustin.
1923 2341 2043 2373 confess.
2054 2354 2080 2379 9.
2094 2347 2120 2373 6.
2142 2344 2183 2374 Ex
2193 2345 2309 2383 persona
2318 2346 2465 2385 colloquu-

1335 2382 1404 2405 toris
1420 2386 1486 2405 mei.

1300 2412 1323 2443 C
1333 2423 1349 2442 0
1360 2425 1375 2442 L
1384 2425 1400 2442 L
1409 2423 1426 2443 0
1439 2424 1485 2452 Qu
1495 2425 1505 2443 r
1514 2425 1533 2444 U
1542 2426 1563 2444 M
1572 2437 1580 2450 ‚
1602 2415 1619 2444 i.
1640 2413 1816 2458 n.·['f'v·1w}¹5
1825 2434 1833 2447 ,
1851 2415 1938 2452 ὁμιλίαι
1948 2418 1963 2452 ]
1983 2417 2062 2448 Idem
2073 2419 2150 2456 quod
2159 2420 2351 2458 Colloquutio.
2374 2421 2465 2454 Liwx.

1334 2453 1647 2528 ’ἐᾛὶέἐᾴωῗῖἷῗςὲἓέἓ
1656 2454 1970 2522 ἒὲὲἲὲῗιῗὲἧὲξῖῗηῖἷῖἶ
1978 2457 2332 2531 ἵὲἕὲἓ.”1ἓξ.υ.1ῗ11ω.ῗ.ἓὲ
2335 2483 2341 2489 ·
2354 2459 2384 2490 L·
2397 2471 2422 2497 ς’
2433 2470 2463 2498 7·

1335 2529 1499 2558 Amicorum
1509 2528 1666 2558 absentium
1675 2528 1816 2565 colloquia
1828 2551 1836 2563 ‚
1857 2531 1987 2568 epistolae.
2009 2533 2066 2562 Cic.
2083 2543 2107 2562 2.
2123 2507 2256 2572 Philipp.g
2252 2545 2277 2568 7.
2326 2521 2333 2527 .

1336 2567 1435 2610 Ayium
1445 2567 1627 2604 colloquium.
1667 2566 1735 2596 Plin.
1754 2566 1804 2596 lib.
1821 2578 1863 2598 10.
1878 2578 1938 2608 cap.
1951 2581 1998 2607 49.
2019 2571 2190 2609 Sanguinem
2210 2572 2330 2611 quisquis
2347 2573 2464 2610 ederit,

1354 2604 1546 2634 intellecturus
1557 2605 1587 2634 sit
1600 2605 1699 2634 alitum
1710 2604 1859 2642 colloquia.

1336 2641 1517 2679 Captivorum
1529 2643 1679 2679 colloquia.
1702 2643 1777 2672 Curt.
1793 2654 1815 2679 5.
1829 2647 1855 2673 6.
1870 2648 1913 2674 16.

1334 2680 1514 2710 Personarum
1529 2680 1679 2717 colloquia.
1701 2681 1760 2711 Cic.
1777 2682 1806 2710 in
1820 2682 1910 2712 Partit.
1925 2692 1968 2719 μ.

1334 2717 1513 2747 Personarum
1525 2718 1666 2756 colloquia
1676 2718 1777 2748 habeat
1789 2721 1917 2750 narratio.
1939 2721 2059 2758 Quintil.
2073 2721 2122 2752 lib.
2135 2733 2163 2759 4.
2175 2733 2237 2761 cap.
2250 2733 2277 2754 2.

1333 2755 1438 2785 Rerum
1450 2756 1591 2794 colloquia
1599 2757 1746 2786 leviorum.
1770 2757 1827 2786 Cic.
1841 2770 1867 2792 4.
1879 2759 1962 2789 Acad.
1976 2765 2002 2790 6.
2032 2761 2050 2789 i.
2064 2771 2088 2790 e.
2111 2761 2153 2790 De
2166 2761 2248 2791 rebus
2259 2763 2312 2792 lev.

1335 2794 1462 2832 Tempus
1471 2795 1617 2832 colloquii,
1630 2796 1647 2824 i.
1659 2804 1683 2824 e.
1697 2795 1813 2825 Occasio
1824 2797 1850 2826 &
1859 2799 2064 2835 opportunitas.
2074 2798 2161 2829 Ovid.
2173 2809 2197 2830 r.
2206 2801 2242 2830 de
2253 2802 2318 2831 Arte
2329 2800 2460 2839 Am.607.

1335 2831 1417 2862 Vices
1428 2832 1571 2870 colloquii.
1593 2833 1678 2863 Ovid.
1690 2842 1735 2862 21.
1754 2833 1838 2872 Epist.
1857 2841 1898 2868 18.

1416 2870 1501 2900 Nunc
1510 2872 1595 2900 timor
1604 2871 1713 2900 accedit
1723 2893 1731 2906 ‚
1751 2882 1789 2901 00
1802 2872 1863 2909 quis
1874 2872 1922 2902 nili
1934 2873 2044 2904 conscia
2058 2875 2153 2905 nutrix
2165 2898 2174 2912 ‚

1454 2908 1596 2946 Colloquii
1605 2909 1686 2938 nobis
1697 2909 1797 2939 sentiat
1808 2909 1862 2940 effe
1871 2911 1954 2941 vices.

1335 2944 1516 2983 Colloquium
1529 2956 1593 2976 cum
1605 2947 1698 2984 aliquo
1710 2957 1761 2985 pro
1771 2957 1801 2977 re
1813 2954 1876 2978 nata
1889 2958 1947 2978 non
1959 2949 2184 2981 incommodum.
2207 2951 2265 2981 Cic.
2280 2960 2322 2988 14.
2340 2952 2397 2982 Ate.
2409 2954 2438 2982 6.

1335 2983 1515 3013 clandestina
1528 2984 1670 3022 colloquia
1680 2995 1745 3015 cum
1756 2986 1890 3017 hostibus.
1914 2986 1973 3017 Cic.
1984 2988 2020 3018 de
2031 2988 2143 3019 Senedt.
2153 2999 2201 3026 40.

1333 3021 1453 3051 Potitum
1465 3022 1646 3060 colloquium.
1668 3024 1744 3053 Suet.
1758 3026 1822 3061 Aug.
1835 3033 1879 3061 27.

1334 3060 1502 3090 Siniulatuni
1518 3061 1701 3098 colloquium.
1724 3061 1796 3091 Flor.
1810 3071 1834 3091 2.
1846 3072 1872 3092 2.
1892 3072 1935 3093 11.

1335 3097 1461 3127 Solantia
1469 3098 1618 3136 colloquia.
1644 3100 1711 3129 Stat.
1725 3111 1748 3136 ς.
1760 3100 1850 3129 Theb.
1860 3106 1905 3138 83.

1335 3135 1452 3173 Abigere
1462 3137 1582 3174 aliquem
1598 3136 1741 3175 colloquio
1751 3138 1877 3174 alicujus.
1899 3138 1985 3170 Ovid.
1999 3147 2023 3176 3.
2041 3138 2109 3169 Fast.
2122 3147 2187 3176 344.
2236 3169 2248 3174 .-

1428 3174 1456 3204 O
1466 3175 1510 3204 vir
1519 3175 1663 3213 colloquio
1673 3185 1731 3204 non
1742 3176 1880 3214 abigende
1890 3177 1982 3207 desim.

1334 3210 1377 3241 En
1389 3212 1489 3249 quibus
1501 3213 1595 3243 adsum
1604 3214 1774 3250 colloquiis?
1806 3214 1890 3244 Valer.
1903 3224 1926 3250 3.
1942 3217 2042 3251 Argon.
2056 3223 2120 3251 293.

1334 3249 1435 3279 Carere
1447 3250 1475 3279 10
1487 3251 1635 3281 solitudine
1646 3252 1775 3281 omnium
1788 3252 1938 3289 colloquio.
1960 3253 2018 3282 Cic.
2034 3262 2075 3281 12.
2095 3254 2147 3282 Ate.
2162 3255 2205 3282 16.

1335 3288 1486 3325 Amputare
1497 3289 1580 3327 longa
1589 3289 1730 3325 colloquia
1743 3311 1751 3323 ,
1774 3289 1954 3327 Abrumpere.
1977 3291 2040 3320 Seri.
2053 3290 2130 3320 Med.
2142 3300 2167 3325 7.

1336 3325 1506 3356 Contrahere
1515 3328 1548 3357 ad
1560 3327 1732 3365 colloquium
1743 3327 1850 3364 linguas
1859 3328 1999 3357 discordes
2007 3330 2033 3357 ἃ
2043 3328 2121 3358 feras.
2143 3327 2212 3359 Plin.
2225 3327 2274 3359 lib.
2287 3337 2314 3366 3.
2329 3338 2394 3369 cap.
2403 3340 2430 3367 ς.

1334 3364 1458 3394 Evocare
1467 3366 1502 3394 ad
1513 3365 1695 3402 colloquium.
1718 3364 1782 3394 Caes.
1800 3377 1820 3394 ι.
1835 3365 1902 3395 Bell.
1914 3366 1995 3395 Civil.
2009 3376 2070 3404 cap.
2086 3375 2109 3401 3.

1333 3401 1436 3431 Facere
1447 3403 1627 3440 colloquium.
1670 3404 1727 3432 Cic.
1744 3413 1787 3432 io.
1797 3402 1871 3432 Fam.
1884 3413 1928 3437 23.
1970 3404 2117 3441 Colloquia
2125 3404 2197 3434 faeta
2206 3404 2411 3443 improbabam.

1334 3439 1398 3469 Frui
1414 3441 1556 3477 colloquio
1565 3442 1732 3478 aliquorum.
1757 3441 1829 3477 Virg.
1843 3450 1867 3477 7.
1881 3441 1942 3470 AEn.
1956 3452 2001 3477 9¹-

1333 3477 1399 3507 Frui
1410 3478 1517 3515 sperato
1531 3478 1681 3516 colloquio.
1705 3479 1788 3508 Ovid.
1806 3489 1826 3508 1.
1839 3480 1875 3507 de
1885 3480 1962 3509 Pout.
1974 3491 2000 3514 4.
2016 3491 2060 3517 54.

1333 3515 1441 3553 Fugere
1453 3516 1636 3551 colloquium.
1659 3517 1743 3546 Ovid.
1756 3517 1833 3546 Rem.
1848 3518 1938 3547 Amor.
1953 3524 2014 3555 587.

1334 3553 1492 3583 Immiscere
1501 3554 1658 3591 colloquiis.
1700 3554 1730 3584 V.
1754 3565 1793 3583 ιΜ
1804 3565 1825 3582 M
1837 3564 1868 3584 is
1878 3564 1895 3583 c
1906 3565 1920 3584 ιτ.
1930 3565 1957 3586 ο.

1334 3591 1550 3629 interrumpere.
1584 3593 1614 3621 V.
1636 3603 1647 3620 i
1659 3601 1708 3620 NT
1719 3602 1732 3620 13
1742 3601 1757 3620 r<
1767 3602 1781 3619 s
1792 3602 1809 3621 c
1819 3602 1839 3620 M
1849 3602 1863 3620 P
1873 3602 1898 3622 o.

1334 3629 1431 3658 Petere
1447 3629 1628 3666 colloquium.
1651 3629 1736 3658 Ovid.
1756 3639 1795 3666 13.
1810 3630 1877 3659 Met.
1893 3640 1955 3667 55².

1332 3667 1429 3697 Serere
1438 3667 1579 3704 colloquia
1591 3677 1654 3696 curn
1664 3667 1766 3704 aliquo.
1799 3667 1830 3696 V.
1853 3677 1866 3696 s
1876 3678 1889 3696 r.
1898 3678 1913 3696 a
1924 3678 1941 3697 o
1956 3690 1964 3704 ‚
1985 3666 2052 3698 sevi.

1333 3705 1434 3734 Venire
1444 3706 1472 3733 in
1482 3705 1600 3740 alicujus
1611 3704 1786 3742 congressum
1803 3705 2043 3743 colloquiumue.
2066 3705 2126 3736 Cic.
2139 3715 2182 3737 12.
2196 3706 2316 3746 Philipp.
2329 3711 2375 3738 26.

1333 3743 1513 3779 Colloqvium
1523 3752 1587 3772 cum
1599 3743 1745 3778 aliquibus.
1787 3743 1846 3772 Cic.
1861 3754 1904 3773 12.
1918 3743 2036 3782 Philipp.
2051 3754 2095 3780 27.
2127 3745 2248 3775 Memini
2271 3745 2412 3783 colloquIa
2430 3747 2458 3777 δε

1351 3790 1415 3810 cuni
1427 3781 1567 3810 acerrimis
1577 3781 1702 3809 hostibus
1714 3802 1722 3815 ‚
1743 3781 1768 3809 ἃ
1779 3790 1843 3810 cum
1858 3782 2014 3818 gravissime
2029 3782 2254 3813 dissentientibus
2265 3785 2384 3814 civibus.

1295 3817 1317 3848 C
1326 3828 1344 3847 0
1355 3829 1370 3847 L
1378 3830 1394 3847 L
1404 3822 1421 3846 ῦ
1430 3828 1449 3847 0
1458 3828 1471 3846 a
1479 3828 1498 3846 0
1509 3840 1517 3853 ,
1539 3819 1763 3853 [minuerem-⁵³]
1784 3820 1840 3848 ere.
1860 3819 1950 3849 Simul
1971 3820 2075 3850 lucere.
2117 3821 2186 3851 Plin.
2207 3821 2256 3852 lib.
2270 3832 2312 3851 10.
2331 3831 2393 3860 cap.
2407 3830 2453 3859 47.

1334 3856 1460 3892 Quarum
1474 3855 1576 3893 plumae
1587 3857 1694 3893 ignium
1705 3857 1792 3885 modo
1807 3855 1967 3888 colluceant
1978 3859 2119 3890 noctibus.

1331 3895 1412 3923 Acies
1424 3901 1483 3922 tota
1493 3893 1616 3923 collucet
1624 3894 1752 3923 flammis.
1775 3895 1831 3924 Liv.
1842 3900 1885 3931 38.
1898 3899 1924 3925 6.

1332 3932 1395 3969 Agri
1405 3931 1547 3961 collucent
1561 3930 1683 3962 floribus.
1709 3931 1796 3963 Ovid.
1810 3944 1833 3970 ς.
1849 3933 1914 3963 Fast.
1930 3938 1993 3971 ³63·

1825 3971 1847 4001 C
1859 3981 1874 4001 c
1885 3981 1900 4001 c
1910 3981 1926 4002 c
1945 3982 1963 4002 2
2362 3970 2454 4001 Castra
