2641 4187
551 34 559 61 ί

450 92 477 126 Α
573 92 603 125 C
698 92 727 126 C

76 172 189 210 Metam
205 175 341 212 accipere.
369 171 434 203 Ter.
455 173 555 202 Heaut.
576 181 602 200 2.
624 181 648 207 3.
672 175 715 206 96.

77 214 246 246 Memoriam
265 212 300 240 de
316 211 417 248 aliquo.
453 210 510 239 Cic.
532 210 566 238 dc
590 208 699 237 Amicit.
731 208 883 245 Loquimur
901 210 936 238 de
951 210 984 239 iis
1010 210 1106 239 amicis
1130 220 1199 245 quos

96 252 242 285 videmus,
264 256 311 278 aut
333 249 367 277 de
387 248 486 285 quibus
504 247 668 276 memoriam
683 246 851 284 accepimus.
904 246 937 276 Id
957 248 1013 283 est,
1035 247 1076 276 De
1101 248 1201 284 quibus

97 289 218 327 aliquam
243 287 301 316 fieri
318 287 491 314 mentionem
509 284 673 313 audivimus.

80 327 200 358 Morem.
232 324 290 353 Cic.
311 323 367 352 Off.
393 333 416 359 3.
439 334 483 358 44.
539 322 634 358 Itaque
654 320 815 358 praeclaruni
832 331 846 350 a
866 321 1017 355 maioribus
1043 322 1202 359 accepimus

98 374 205 394 morem
227 361 341 398 rogandi
359 361 469 396 judicis.
491 359 678 397 Reciprocum
692 380 700 393 ,
720 358 842 388 Tradere
861 369 977 388 morem.

79 402 184 432 Mores.
205 400 272 430 Stat.
298 398 386 428 Achil.
408 408 432 427 2.
464 403 526 432 184.

79 439 192 470 Moneri
213 434 336 474 aliquid,
358 436 412 465 hoc
426 436 481 470 est,
502 435 594 464 Dono.
615 433 704 464 Tacit.
724 433 794 462 Ann.
825 444 867 469 14.
891 443 933 470 31.

99 478 242 514 regionem
263 474 371 503 muneri
393 472 568 510 accepissent.

81 515 202 545 Noctem
216 512 305 542 oculis
319 518 367 541 aut
382 514 502 549 pectore.
546 510 619 546 Virg.
643 521 670 546 4.
690 509 750 539 AEn.
778 517 839 543 529.

160 550 196 581 At
212 561 271 579 non
287 549 385 578 infelix⁷
404 549 489 578 animi
507 547 660 582 l'iioenilsa,
689 556 741 576 nec
762 556 885 583 unquam

157 588 280 619 Solvitur
292 588 329 616 ‘in
345 587 456 616 somnos
468 609 476 621 ,
506 585 630 615 oculisve
649 593 696 614 aut
716 586 828 621 peetore
850 586 962 613 noctem

156 627 273 664 Accipit.
389 625 463 654 Serv.
484 624 558 661 Quia
574 624 663 662 potest
682 622 758 653 aliud
771 621 824 650 effe
837 621 892 650 sine
912 622 984 657 alio,
1004 627 1036 652 ut
1045 621 1125 660 siquis
1145 621 1208 650 dor.

102 665 192 694 miens
204 686 213 700 ,
233 670 327 693 mente
340 663 474 692 turbetur.

82 703 204 735 Nomen.
226 701 295 731 Plin.
314 701 379 737 Jun.
391 700 439 730 lib.
454 709 479 729 2.
514 699 564 737 Ep.
580 709 621 728 10.
635 704 703 728 extr.
715 695 876 726 Verendum
890 696 937 732 cst,
958 707 993 726 ne
1005 697 1052 726 ista
1065 697 1207 726 cunctatio

101 740 258 770 timiditatis
275 749 380 768 nomen
398 738 525 776 accipiat.

83 778 216 809 Nomen:
237 787 288 816 pro
303 787 353 812 eo,
375 777 452 814 quod
465 775 534 805 Gall.
553 773 651 811 vulgus
660 773 729 802 dicit
741 772 876 810 Recipere
891 772 927 800 ad
937 772 1094 801 monstram.
1111 771 1168 801 Liv.
1179 781 1205 800 2.

103 815 171 846 Bell.
182 815 250 844 Puri.
261 814 309 844 lib.
323 824 349 851 7.
390 815 485 851 ltaque
496 814 513 842 si
523 812 601 841 suum
611 820 715 839 nomen
730 811 847 840 dictator
867 811 1020 846 acciperet,
1042 810 1068 839 se
1087 810 1208 839 comitiis

102 852 296 883 intercess‘uros
304 852 422 882 Tribuni
435 852 574 880 dixerunt.
612 849 799 886 Reciprocum
810 848 881 877 Dare
896 848 948 876 sive
958 848 1046 878 Edere
1056 857 1169 876 nomen.

84 891 233 922 Nuntium.
257 890 314 920 Cic.
329 890 404 920 Fam.
416 889 464 919 lib.
475 899 498 918 2.
514 893 555 921 18-
578 886 650 915 Cum
668 886 869 924 optatiiliiiium
886 886 1018 916 nuntium
1034 885 1206 923 accepissem.

104 929 309 967 Reciprocum,
332 928 484 961 Nuntiare,
505 925 550 955 vel
566 924 670 953 Afferre
684 925 824 953 nuntium.

86 967 213 998 Oblides.
236 966 294 996 Liv.
313 978 338 1003 5.
358 966 391 996 ab
402 965 484 995 Urbe.
497 963 605 994 mittite
613 963 660 999 qui
672 972 764 997 arma,
786 962 832 999 qui
852 961 974 997 obsides,
998 963 1045 999 qui
1057 961 1154 991 urbem
1163 971 1211 1000 pa-

103 1005 228 1034 tentibus
240 1005 326 1043 portis
337 1004 483 1042 accipiant.
526 1001 600 1031 Huic
615 999 780 1038 respondet,
807 999 879 1029 Dare
898 999 1015 1029 obsides.

87 1043 190 1074 Omen.
214 1043 272 1072 Cic.
285 1043 320 1072 de
329 1042 421 1072 Divin.
437 1051 459 1070 1.
477 1049 536 1076 103.
576 1038 619 1068 Mi
634 1044 720 1075 pater,
736 1038 844 1075 inquit,
864 1037 940 1067 Persa
956 1038 1046 1075 periit.
1076 1036 1152 1067 Tum
1162 1037 1211 1066 ille

105 1081 206 1111 arctius
216 1080 338 1120 puellam
347 1077 528 1116 complexus,
549 1076 663 1114 Accipio
680 1085 774 1110 omen,
784 1076 884 1112 inquit,
896 1085 958 1104 mea
968 1075 1031 1104 filia.
1052 1082 1109 1105 erat
1118 1082 1213 1104 autem

106 1125 218 1149 mortua
231 1118 329 1148 catella
338 1127 372 1146 eo
384 1116 507 1146 nomine.
529 1113 587 1144 Liv.
604 1125 627 1143 1.
647 1124 672 1150 7.
693 1124 736 1142 11.
764 1113 869 1142 Dextra
880 1114 1014 1142 Hercules
1022 1113 1094 1147 data,
1106 1114 1214 1151 accipe-

106 1167 136 1187 re
144 1157 170 1186 se
182 1167 275 1192 omen,
285 1154 523 1193 impleturumque
530 1153 594 1187 fata,
611 1162 656 1181 ara
667 1152 790 1186 condita,
804 1158 887 1189 atque
896 1151 995 1188 dicata,
1003 1154 1048 1180 a'i't.
1080 1151 1215 1190 Recipro-

107 1205 190 1230 cum‚
210 1195 310 1225 Facere
327 1202 411 1221 omen
423 1215 431 1227 ,
450 1191 495 1221 vel
511 1200 596 1220 omen
612 1190 721 1219 offerre.

88 1234 236 1272 Originein
245 1232 279 1261 ab
287 1231 389 1268 aliquo.
411 1229 530 1266 Quintil.
543 1228 592 1258 lib.
609 1239 633 1265 5.
652 1238 711 1266 cap.
726 1237 769 1257 11.

90 1271 180 1302 Onus.
212 1269 270 1299 Cic.
283 1269 318 1298 de
328 1268 390 1298 Nat.
415 1267 498 1297 Deor.
512 1277 537 1297 2.
556 1277 617 1303 159.
641 1266 718 1302 Quid
736 1265 771 1294 de
781 1264 871 1294 bubus
883 1264 1002 1302 loquar?
1026 1274 1146 1302 quorum
1158 1262 1216 1303 ipsa

106 1315 184 1346 terga
192 1307 398 1337 declarantnon
410 1305 464 1335 esse
476 1305 511 1334 ad
522 1315 594 1334 onus
612 1303 811 1342 accipiendum
830 1303 959 1340 figurata,
981 1305 1103 1334 cervices
1121 1309 1215 1333 autern

108 1353 181 1376 riatae
190 1345 226 1374 ad
246 1346 354 1383 jugum,
365 1346 416 1383 &a
446 1343 479 1374 Id
497 1343 552 1379 est,
574 1343 615 1372 Ad
633 1352 704 1372 onus
722 1342 936 1370 admittendum.

91 1384 274 1423 Opinionem.
297 1382 355 1412 Cic.
367 1382 441 1412 Fam.
454 1381 502 1410 lib.
520 1391 542 1411 1.
560 1391 585 1416 9.
625 1380 683 1417 Qui
693 1380 728 1409 de
738 1389 796 1409 uno
808 1380 941 1408 acerrimo
956 1378 1135 1408 &fortissimo
1145 1379 1214 1414 viro,

109 1431 230 1459 meoque
240 1421 347 1458 judicio
357 1443 365 1456 ,
385 1420 514 1449 omnium
526 1418 720 1456 magnitudine
735 1416 820 1446 animi
836 1418 862 1446 Sc
878 1416 1217 1456 coristaiitiapraestantilsi-

108 1469 156 1490 mo
165 1481 174 1495 ,
196 1459 232 1496 Q.
247 1458 364 1489 Metello
378 1458 407 1488 L.
417 1457 474 1487 filio
484 1457 626 1495 quondam
636 1455 729 1485 falsam
737 1456 902 1493 opinionem
911 1461 1088 1492 acceperunt.

89 1498 221 1529 Palmam.
243 1498 301 1527 Cic.
313 1497 452 1531 inBruto‚
475 1505 536 1533 173.
559 1494 632 1525 Cum
639 1493 761 1533 palmam
773 1494 831 1530 jam
841 1493 947 1531 primus
966 1493 1112 1532 acceperit.
1153 1492 1215 1529 Pro,

111 1536 274 1566 Obtinuerit
284 1558 292 1571 ,
310 1535 428 1573 adeptus
440 1534 480 1563 sit.

90 1573 243 1605 Pecuniam
251 1572 394 1603 adversum
406 1572 505 1610 legem.
536 1570 623 1600 Plaut.
642 1568 758 1600 Trucul.
772 1579 798 1605 4.
813 1579 839 1599 2.
856 1577 902 1607 47.

975 433 1059 471 Quasi
1073 435 1205 464 cunctam

42 1645 45 1647 ,
90 1612 243 1643 Pecuniam
253 1612 289 1641 ob
299 1621 356 1641 rem
365 1610 554 1648 judicandam.
579 1609 637 1638 Cic.
655 1608 729 1638 Verr.
743 1618 768 1637 2.

91 1650 204 1689 Pignori
219 1660 278 1679 rem
296 1650 455 1687 quampiam
472 1648 606 1685 accipere.
629 1646 764 1677 Marciam.
783 1613 842 1675 Lgx.
861 1645 895 1675 D.
912 1655 973 1683 quae
987 1655 1030 1675 res
1045 1645 1156 1683 pignori
1173 1643 1220 1674 vel

111 1688 229 1727 hypotli.
252 1687 330 1724 Quid
345 1687 437 1725 ergosi
450 1687 587 1724 praedium
604 1686 665 1723 quis
682 1683 833 1723 litigiosum
842 1684 953 1722 pignori
972 1683 1118 1723 acceperit.
1151 1683 1217 1722 Pap.

111 1726 131 1756 l.
145 1737 170 1756 2.
185 1726 219 1756 D.
234 1727 281 1763 qui
291 1732 349 1764 pot.
370 1726 399 1754 in
418 1725 494 1763 pigri.
514 1723 577 1753 hab.

92 1765 201 1796 Poenas.
223 1763 326 1794 Lucan.
349 1763 396 1793 lib.
409 1769 434 1797 8.
450 1772 499 1806 97.

240 1820 286 1827 --
303 1811 380 1831 nunc
398 1810 494 1838 accipe
511 1809 619 1838 poenas,

112 1878 152 1909 lib
167 1839 225 1871 Sed
241 1850 308 1884 quas
322 1840 420 1878 sponte
441 1839 525 1868 luam.
584 1837 618 1868 Id
638 1835 692 1874 est,
707 1837 792 1867 Sume
801 1846 899 1875 poenas
918 1835 953 1866 de
971 1845 1018 1867 me
1037 1846 1104 1874 quas
1124 1840 1220 1865 tamen

154 1890 203 1908 ens
223 1886 319 1917 patiar.

91 1915 266 1948 Potestateni.
297 1917 367 1946 Plin.
392 1916 427 1945 de
437 1914 508 1945 Viris
521 1913 619 1944 Illustr.
642 1924 683 1943 12.
708 1914 779 1943 Acce
801 1919 829 1942 ta
843 1913 978 1951 potestate
997 1913 1027 1942 in
1049 1912 1133 1942 castra
1158 1911 1222 1941 Por-

112 1956 184 1985 senae
193 1956 278 1985 venit.
300 1954 488 1992 Reciprocum
502 1954 558 1988 est,
588 1952 727 1986 Tradere,
749 1962 782 1981 ve
805 1951 869 1980 dare
880 1951 1053 1989 potestatem.

93 1994 234 2031 Praecepta
246 1993 279 2023 ab
291 1993 393 2030 aliquo.
417 1992 475 2021 Cic.
486 1991 521 2020 de
532 1991 609 2021 Orat.
619 1990 668 2019 lib.
682 2000 708 2019 2.
720 1995 766 2025 35.
787 1990 829 2019 Sit
843 1990 919 2018 enim
930 1989 1000 2018 mihi
1011 1990 1115 2018 tinetus
1124 1987 1221 2023 literis,

110 2031 353 2069 audieritaliquid,
363 2030 470 2068 legerit,
485 2029 533 2058 ista
544 2028 601 2067 ipsa
610 2035 750 2067 praecepta
761 2029 908 2066 acceperit.
954 2027 996 2057 Ad
1015 2027 1070 2056 hoc
1094 2027 1221 2062 refertur,

112 2071 185 2101 Dare
195 2070 240 2099 vel
256 2069 364 2099 tradere
378 2078 467 2107 praece
489 2074 525 2096 ta.

93 2108 219 2140 Praedes:
244 2108 290 2137 cui
300 2106 458 2145 respondet,
502 2115 545 2134 are
553 2104 669 2143 praedes.
693 2103 751 2133 Cic.
762 2104 836 2133 Fam.
852 2102 899 2132 lib.
913 2113 939 2133 2.
955 2112 997 2141 17.
1021 2102 1166 2133 Laodicea:
1176 2111 1222 2133 me

112 2147 219 2185 praedes
231 2152 413 2183 accepturum
430 2143 546 2173 arbitror
557 2143 649 2172 omnis
660 2142 789 2180 pecuniae
804 2141 933 2179 publicae.

93 2185 198 2216 Praedia
215 2185 246 2214 in
255 2183 473 2213 aestimationem.
494 2181 553 2211 Cic.
571 2190 611 2217 13.
625 2180 699 2210 Fam.
714 2186 738 2214 8.
779 2180 895 2210 Albinus
905 2180 1009 2217 praedia
1024 2179 1055 2208 in
1068 2178 1223 2208 aestimatio-

114 2233 180 2254 nem
188 2223 305 2261 accepit.
337 2222 371 2252 Id
380 2221 427 2257 est,
446 2220 478 2251 In
487 2219 675 2254 solutionem,
700 2218 854 2248 secundum
866 2217 1084 2247 aestimationem.

93 2261 275 2292 Provinciam.
309 2259 367 2289 Cic.
379 2259 454 2289 Fam.
468 2258 516 2288 lib.
533 2268 558 2287 2.
576 2268 617 2286 10.
648 2256 764 2286 Bibulus
778 2257 953 2295 provinciam
971 2260 1125 2294 acceperat.
1155 2253 1223 2284 Tra-

115 2299 181 2330 dere
198 2299 388 2338 provinciam,
418 2298 478 2333 ejus
495 2297 671 2334 reciprocum
689 2295 735 2324 est.

97 2337 231 2369 Rationes
254 2347 270 2366 a
289 2336 401 2366 colono.
424 2335 482 2365 Cic.
503 2344 554 2372 pro
564 2332 666 2363 Caecin.
707 2332 818 2362 Deinde
833 2331 890 2371 ipse
900 2331 1011 2362 Caecina
1026 2340 1113 2369 quum
1125 2330 1225 2361 circui-

115 2382 164 2408 ret„
185 2376 307 2414 praedia,
340 2374 419 2404 venit
453 2373 483 2402 iri
505 2373 586 2402 istum
605 2371 746 2402 fundum:
784 2371 906 2401 rationes
932 2380 948 2400 a
975 2369 1079 2400 colono
1103 2370 1221 2408 accepit.

115 2415 191 2445 Huic
209 2413 255 2444 res
270 2413 376 2449 ondet,
395 2411 525 2442 Reddere
541 2410 670 2440 rationes.

98 2453 197 2491 Remp.
231 2452 243 2482 Ι
282 2451 339 2488 est,
368 2451 436 2489 reip.
456 2449 731 2479 administrationem.
753 2447 811 2478 Cic.
834 2447 895 2476 Post
910 2446 991 2476 redit.
1005 2457 1029 2482 5.
1051 2445 1150 2484 Remp.
1168 2444 1224 2475 illis

116 2491 213 2528 accepi
223 2489 395 2528 temporibus
414 2497 494 2524 eam,
511 2497 572 2525 quse
590 2496 663 2524 pene
680 2485 774 2516 amissa
796 2485 842 2515 est.

97 2527 292 2567 Rogationem.
325 2527 383 2557 Cic.
398 2525 455 2556 Off.
471 2535 494 2563 3.
512 2536 571 2559 109.
606 2524 792 2562 Rogationem
801 2523 958 2556 suasiteam,
987 2531 1069 2559 quam
1078 2521 1108 2551 L.
1125 2520 1224 2551 Furius

123 2567 220 2597 &Seia
233 2564 343 2596 Attilius
355 2575 390 2595 ex
404 2565 430 2595 S.
443 2564 474 2594 C.
494 2563 638 2593 serebant:
668 2573 723 2601 qua
730 2568 846 2600 accepta
862 2562 899 2590 est
911 2560 1034 2590 hostibus
1046 2560 1166 2589 deditus.

98 2605 221 2641 Rudem,
231 2605 342 2643 proprie
353 2604 485 2633 dicuntur
494 2601 659 2639 gladiatores
668 2624 676 2636 ‚
694 2601 762 2630 dum
770 2600 913 2629 donantur
922 2598 1008 2627 rude:
1031 2598 1085 2627 hoc
1098 2598 1144 2633 est,
1158 2605 1224 2627 cum

119 2643 300 2673 remittuntur
309 2652 325 2671 a
337 2651 453 2671 munere
461 2640 634 2678 gladiatorio,
656 2646 772 2677 accepta
783 2639 859 2675 virga
869 2647 929 2675 quae
937 2636 1025 2666 Rudis
1035 2636 1147 2674 proprie
1158 2636 1228 2665 dici-

120 2687 175 2710 tur.
194 2681 243 2710 Per
258 2680 381 2718 metaph.
391 2689 457 2709 vero
469 2677 601 2715 fignificat
614 2677 653 2706 Ab
664 2684 721 2707 arte
733 2682 780 2706 aut
790 2686 817 2705 re
828 2675 880 2704 alia
896 2675 1027 2704 consueta
1041 2674 1148 2703 cessare.
1165 2674 1222 2703 Cic.

119 2718 239 2757 Philipp.
256 2728 280 2748 2.
299 2727 344 2756 74.
439 2716 511 2746 Tam
521 2715 611 2744 bonus
626 2713 762 2752 gladiator
775 2714 875 2744 rudem
889 2719 945 2743 tam
956 2713 1013 2742 cito
1026 2712 1177 2750 accepisti?

102 2757 311 2788 Sacramentum
327 2754 463 2793 accipere.
484 2753 575 2783 Tacit.
587 2752 654 2783 Hist.
667 2764 693 2790 4.
707 2763 752 2783 21.
1087 2770 1091 2772 >

101 2794 234 2825 Salutem.
255 2794 341 2824 Plaut.
363 2793 445 2832 Epid.
462 2803 488 2828 4.
513 2802 535 2820 1.
558 2801 602 2821 21.

102 2829 230 2864 Salutem*
244 2832 278 2862 ab
298 2832 407 2870 aliquo,
436 2840 487 2868 pro
505 2829 633 2859 Liberari.
670 2827 729 2858 Cic.
749 2827 881 2857 Audieras
898 2822 1013 2861 cirillo,
1040 2824 1068 2855 se
1085 2834 1101 2855 a
1120 2834 1166 2855 me
1185 2824 1227 2855 bis

127 2870 244 2900 salutem
259 2870 401 2909 accepisse.
423 2869 485 2899 Hoc
495 2868 552 2903 est,
572 2867 656 2905 capit.
675 2867 783 2903 judicio
802 2866 962 2895 Liberatum
975 2863 1038 2894 esse.

104 2909 176 2939 Satis
194 2909 326 2946 accipere.
349 2907 380 2936 V.
405 2915 519 2937 SA‘ris.

104 2946 327 2978 satisfactionem
336 2946 472 2984 accipere,
494 2954 527 2973 ea
537 2943 625 2973 forma
635 2952 688 2980 qua
695 2942 828 2980 Accipere
838 2939 1055 2970 exeusationem.
1078 2939 1135 2970 Cic.
1151 2938 1227 2968 Fam.

122 2985 172 3014 lib.
185 2993 210 3022 7.
228 2993 269 3019 13.
300 2983 353 3014 Hic
361 2992 392 3013 tu
401 2993 446 3013 me
459 2982 543 3012 etiam
552 2979 701 3015 insimulas,
719 2990 772 3009 nec
782 2980 996 3009 satisfactionem
1007 2988 1099 3008 meam
1114 2977 1226 3015 accipis.

123 3022 190 3053 Caes.
202 3021 270 3052 Bell.
288 3022 358 3052 Gall.
378 3033 398 3051 1.
412 3031 457 3057 41.
473 3031 500 3056 4.
538 3019 642 3049 Eorum
655 3018 839 3048 satisfactione
853 3024 968 3055 accepta
982 3018 1034 3046 Sec.
1071 3016 1151 3046 Idem
1161 3019 1187 3044 6.
1200 3025 1227 3051 9.

125 3067 152 3096 8.
173 3059 309 3090 Ubiorum
327 3059 541 3090 satisfactionem
561 3057 678 3094 accepit.

106 3099 289 3166 Splngentiasm.
310 3097 368 3128 Liv.
382 3108 406 3136 3.
421 3097 453 3127 ab
470 3095 561 3132 Urbe,
579 3095 647 3125 Haec
663 3094 800 3124 sententia
815 3097 930 3132 accepta
949 3092 995 3122 est.
1036 3091 1070 3121 Id
1081 3091 1138 3127 est,
1160 3091 1231 3121 Rata

148 3147 163 3166 a
182 3144 221 3166 ita
234 3146 250 3165 e
274 3159 281 3166 .

105 3172 279 3205 Sententiam
301 3171 467 3202 contrariam
497 3171 624 3211 accipere
639 3193 648 3206 ,
677 3180 728 3209 pro
750 3169 948 3200 Condemnari.
987 3167 1052 3206 Pap.
1072 3169 1102 3197 in
1125 3167 1143 3197 l.
1161 3178 1227 3206 pen.

124 3213 160 3243 D.
181 3213 216 3242 de
236 3218 344 3249 except.
370 3212 411 3240 rei
429 3210 515 3246 judic.
578 3210 606 3239 Si
628 3208 738 3238 debitor
756 3209 792 3238 de
811 3208 938 3237 dominio
958 3206 996 3235 rei
1014 3216 1098 3243 quam
1120 3206 1230 3244 pignori

125 3251 222 3286 dedit,
242 3260 302 3279 non
319 3249 463 3278 admonito
482 3247 619 3277 creditore
635 3246 744 3276 causam
762 3247 866 3284 egerit,
896 3247 922 3275 ἃ
939 3244 1104 3273 contrariam
1123 3243 1232 3272 senten-

125 3289 194 3319 tiam
218 3287 372 3326 acceperit:
409 3286 530 3316 creditor
551 3286 580 3314 iri
604 3284 699 3314 locum
715 3285 781 3314 vicTi
805 3282 956 3313 succeffiffe
982 3292 1041 3310 non
1071 3281 1230 3317 videbitur,

127 3336 214 3365 quum
227 3326 350 3365 pigrioris
372 3324 523 3354 conventio
540 3323 706 3353 sententiam
720 3321 894 3360 praecesserit.

109 3365 285 3396 Servitutem.
322 3363 412 3393 Tacit.
434 3363 505 3392 Ann.
529 3370 570 3391 12.

109 3403 278 3434 Societatem
294 3401 420 3435 alicuius.
450 3400 539 3430 Tacit.
558 3398 624 3428 Hist.
644 3408 670 3434 4.
692 3402 737 3428 26.
759 3395 865 3428 Sallust.
879 3394 948 3427 Bell.
968 3394 1095 3433 Jugiirth.
1120 3403 1163 3432 71.
1187 3405 1228 3430 15.

129 3441 268 3471 Postremo
289 3438 426 3470 Masiniffa
446 3448 498 3468 nos
527 3438 565 3467 ita
582 3436 700 3466 instituit
723 3446 747 3465 1².
769 3446 795 3465 c.
815 3446 852 3465 ne
872 3444 956 3472 quem
978 3433 1151 3469 coleremus,
1180 3433 1231 3462 nili

130 3489 195 3518 pop.
212 3479 345 3508 Rom.‘ne
358 3476 503 3506 societates
513 3498 521 3510 ,
550 3485 586 3504 ne
601 3474 707 3504 foedera
730 3484 802 3503 nova
817 3474 1014 3511 acciperemus.

109 3516 204 3547 Solem
222 3516 307 3546 totius
330 3515 394 3544 diei.
415 3514 484 3544 Plin.
498 3513 546 3543 lib.
568 3523 613 3547 20·
632 3523 692 3550 cap.
712 3523 737 3548 9.

109 3554 210 3585 Sordes
226 3554 259 3584 ab
278 3553 380 3591 aliquo.
423 3552 480 3582 Cic.
499 3553 553 3581 Att.
569 3551 616 3580 lib.
638 3562 662 3587 5.
680 3560 725 3580 21.
777 3549 850 3578 Cave
870 3554 953 3586 putes
969 3547 1118 3585 quicquam
1142 3545 1232 3574 horni-

128 3602 178 3623 nes
195 3601 320 3636 unquam
336 3591 390 3620 effe
409 3591 538 3625 miratos,
569 3599 652 3625 quam
676 3588 786 3618 nullum
803 3587 961 3617 teruncium
975 3608 983 3621 ,
1014 3595 1059 3614 me
1085 3585 1232 3618 obtinente

129 3631 319 3670 provinciam,
349 3628 474 3667 sumptus
491 3628 595 3657 fastum
617 3626 687 3662 effe,
715 3636 768 3655 nec
789 3625 818 3654 in
836 3635 923 3664 remp.
948 3633 1003 3652 nec
1024 3623 1055 3651 in
1073 3632 1233 3659 quenquam

128 3677 255 3698 meorum
265 3690 273 3702 ‚
292 3674 476 3705 praeterquarn
490 3666 519 3695 in
529 3665 558 3695 L.
571 3664 698 3694 Tullium
709 3663 851 3707 Legatum.
891 3663 917 3692 ls
934 3661 1083 3697 caeteroqui
1094 3659 1232 3689 abstinens

128 3710 142 3742 <
155 3706 203 3736 sed
219 3705 292 3742 ‚Iulia
302 3705 361 3742 lege
370 3704 480 3734 transita
488 3702 572 3733 semel
583 3702 714 3731 tamenin
729 3702 804 3730 diem
816 3723 824 3735 ,
846 3710 904 3729 non
911 3705 942 3728 ut
952 3699 997 3728 alii
1007 3698 1133 3727 solebant
1143 3697 1233 3726 onini-

130 3745 180 3774 bus
191 3742 267 3779 vicis,
290 3749 388 3781 praetei·
399 3753 463 3772 eum
475 3740 557 3771 semel
567 3750 651 3769 nemo
662 3740 791 3777 accepit)
806 3739 871 3767 facit
882 3745 911 3767 ut
920 3737 988 3766 mihi
997 3735 1180 3774 excipiendus
1191 3735 1231 3770 sit,

129 3790 216 3820 quum
234 3782 392 3811 teruncium
412 3790 483 3817 nego
508 3779 632 3816 sumptus
659 3778 778 3811 fac‘tum,
808 3783 906 3814 prazter
924 3785 990 3805 eum
1008 3773 1117 3812 accepit
1137 3783 1231 3803 nemo.

129 3820 186 3850 Has
199 3830 215 3848 a
232 3819 324 3848 nostro
343 3819 378 3855 Q.
398 3816 506 3848 Titinio
528 3817 622 3846 sordes
638 3816 806 3853 accepimus.

111 3857 247 3896 Speciem.
278 3855 414 3886 Columel.
428 3856 476 3885 lib.
498 3865 523 3885 2.
536 3865 595 3893 cap.
613 3863 654 3883 10.
675 3853 793 3890 Nanque
808 3852 836 3881 in
846 3851 900 3880 alio
914 3849 972 3878 solo
982 3859 1046 3886 rapa
1053 3848 1168 3878 biennio
1179 3847 1234 3878 sata

131 3902 332 3926 convertuntur
347 3893 377 3923 in
391 3904 505 3932 napum,
526 3894 555 3921 in
563 3893 618 3921 alio
628 3901 716 3930 napus
724 3899 854 3929 raporum
861 3888 963 3926 accipit
971 3887 1101 3925 speciem.
1138 3887 1172 3917 Id
1185 3886 1232 3922 est,

130 3934 252 3963 Vertitur
266 3932 319 3961 live
335 3938 456 3961 mutatur
475 3931 503 3960 in
524 3938 631 3969 rapum.

112 3965 290 4011 Stipendium
299 3970 334 4000 de
344 3969 468 4008 publico.
491 3968 548 3998 Liv.
560 3980 586 4004 4.
609 3967 643 3997 ab
659 3966 742 3996 Urbe.

632 4010 642 4022 δ

1711 96 1994 130 ricc
2359 113 2406 145 29

1290 174 1345 218 Sub
1370 176 1518 217 imperium
1540 175 1645 212 aliquid
1666 176 1800 212 accipere.
1822 176 1912 206 Tacit.
1935 177 2002 205 Ann.
2035 177 2080 205 lib.
2107 187 2128 206 i.
2152 187 2175 207 r.
2217 178 2249 207 Et
2268 178 2388 217 Pompeii

1310 213 1447 249 Cniilique
1465 214 1590 254 potentia
1608 214 1664 242 cito
1684 214 1711 241 in
1730 213 1861 242 Czeszircm
1876 224 1882 243 t
1922 214 2036 250 Lepidi,
2061 222 2142 243 atone
2160 216 2271 244 Antonii
2287 228 2359 246 arma
2380 206 2408 247 iii

1310 250 1457 293 Angustum
1470 252 1569 279 cellere
1580 273 1587 285 ,
1603 251 1648 287 qui
1669 253 1769 280 cuncta
1783 251 1926 280 dilcordiiri
1936 252 2062 281 civilibus
2077 245 2156 288 sellu,
2176 254 2290 282 nominc
2307 256 2409 292 princi-

1313 296 1359 322 pis.
1369 288 1416 315 iub
1429 289 1574 325 imperium
1592 289 1708 325 accepit.

1294 323 1494 352 Testimonium
1513 325 1665 363 publicum.
1689 326 1746 355 Cic.
1761 326 1836 355 Verr.
1857 336 1882 356 2.
1912 337 1953 362 14.

1294 360 1420 397 Tempus
1435 362 1568 392 debitum.
1591 364 1659 393 Plin.
1678 363 1759 401 Epist.
1781 373 1825 392 20.

1296 398 1537 440 Viidemqiiliquem
1555 402 1680 438 accipere
1697 412 1747 439 pro
1764 400 1865 443 aliquo.
1902 400 1959 430 Cic.
1974 401 2008 429 ad
2021 402 2094 431 Brut.
2115 409 2156 437 ¹8.
2185 403 2282 440 Quum
2299 414 2343 434 me
2361 416 2410 444 pro

1314 435 1525 479 adolescentulo
1540 448 1570 466 iic
1584 447 1655 477 pene
1676 449 1762 475 puero
1776 440 1843 476 reip.
1861 438 2007 476 :iccepill‘et
2023 440 2130 469 vadem.

1296 472 1472 509 Veniampro
1492 474 1594 510 aliquo.
1616 477 1698 505 Ovid.
1717 487 1756 505 11.
1770 476 1913 511 Met.401.

1296 508 1401 537 Ventos
1419 511 1561 552 accipiunt
1578 523 1593 540 ai
1613 520 1690 549 tergo
1707 514 1813 544 czirinzr.
1839 515 1921 543 Ovid.
1946 523 1987 542 12.
2012 513 2079 543 Met.
2104 523 2148 544 ν’.

1298 546 1402 589 Ventos
1421 556 1545 584 accipere
1563 559 1657 584 aperto
1678 555 1798 592 pectore,
1821 552 1904 581 Ovitl.
1921 561 1944 588 3,
1964 552 2031 581 hist.
2052 562 2093 588 15·
2127 538 2133 552 Δ

1299 583 1385 618 Vires,
1404 592 1451 612 aut
1466 586 1530 613 viui.
1551 586 1617 614 l'lin.
1636 586 1714 623 Epist.
1737 598 1777 623 53.

1297 620 1388 650 Vitam
1407 621 1543 656 deorum,
1570 623 1671 652 Referri
1694 626 1721 653 in
1739 627 1814 655 deos.
1837 627 1908 662 vim.
1932 639 1957 663 4.
1978 626 2035 656 Ecl.
2060 636 2102 662 ις.

1375 658 1424 688 llic
1437 659 1527 701 Deum
1543 660 1628 688 vitam
1639 663 1756 699 accipiet
1766 685 1773 697 ,
1794 665 1925 701 Divisqne
1942 665 2048 694 videbit

1373 695 1516 725 l'erniistos
1536 697 1654 732 Heroas,
1670 702 1695 727 ἃ
1715 700 1770 736 ipse
1789 702 1927 731 videbitur·
1948 702 2008 732 illis.

1302 732 1482 763 Voluntatem
1493 744 1587 776 parem
1609 736 1750 772 accipere,
1767 740 1792 766 ἃς
1804 739 1926 768 reddere.
1948 741 2005 769 Cic.
2020 740 2092 769 Fam.
2104 739 2152 769 lib.
2169 750 2192 776 5.
2206 749 2230 769 2.
2280 740 2351 770 Cum
2368 752 2416 778 par

1319 771 1447 800 voluntas
1465 778 1603 814 accipitiir·
1621 774 1647 814 .&
1667 774 1798 803 redditur.
1834 775 1971 813 llludest,
1999 778 2075 815 quod
2096 778 2152 816 ipse
2175 779 2273 808 Cicero
2297 780 2419 818 appellat

1320 809 1451 838 Mutuum
1470 819 1497 837 in
1524 818 1653 838 amicitia.

1299 846 1413 879 Urbem,
1436 857 1486 884 pro
1501 847 1614 890 Capere.
1637 847 1696 876 cic.
1710 848 1762 877 Att.
1778 849 1824 891 lib.
1839 855 1863 883 8.
1879 861 1919 879 12.
1940 852 2010 880 Cum
2029 853 2187 890 imparatam
2208 854 2260 887 iam
2278 854 2400 891 Capuam

1318 894 1376 927 non
1395 884 1482 913 solum
1503 894 1617 928 ignamae
1638 885 1782 921 delectus,
1808 888 1854 916 led
1874 889 2087 926 cti21iiipci·fidi.c
2107 877 2418 929 suspicionemfugiffls:

1317 932 1443 960 accipere
1462 921 1549 951 nolui.

1299 960 1403 989 Urbem
1416 961 1445 988 in
1458 960 1641 1003 deditionem.
1664 960 1721 990 Liv.
1734 970 1759 998 7.
1778 961 1811 990 ab
1832 961 1914 996 Urbe,
1936 963 2030 999 Quum
2044 966 2098 999 jum
2114 964 2196 995 scalas
2216 967 2355 996 moenibus
2374 966 2422 996 ad-

1320 1007 1483 1033 moverent,
1499 1008 1528 1026 in
1545 997 1719 1028 deditionem
1740 998 1837 1028 urbem
1856 1010 2030 1036 acceperunt.

1299 1035 1487 1079 Voluptatem.
1497 1037 1631 1074 accipere.
1655 1036 1712 1066 Cic.
1735 1037 1770 1066 ad
1788 1038 1824 1074 Q.
1839 1036 1910 1065 fratr.
1935 1037 1980 1066 iiii.
2004 1045 2064 1074 3.8.
2106 1039 2146 1068 De
2172 1041 2270 1070 virtute
2290 1045 2316 1072 ὁζ
2335 1044 2420 1079 πιή-

1319 1080 1375 1102 tatc·
1393 1074 1605 1117 Carlarrs,quam
1620 1074 1765 1104 insummo
1786 1074 1883 1104 dolore
1893 1074 2075 1111 adhibuisset,
2106 1087 2231 1113 magnam
2251 1090 2286 1109 ex
2306 1068 2420 1118 epistola

1320 1118 1369 1140 tua
1386 1121 1482 1149 accepi
1498 1111 1680 1149 voluptatem.
1960 1134 1963 1142 „
2398 1139 2399 1142 ,

1301 1149 1344 1179 De
1366 1149 1445 1192 malis
1461 1156 1554 1178 autem
1572 1152 1597 1180 δε
1615 1150 1730 1181 adversis
1751 1150 1850 1186 rebus,
1870 1150 1929 1180 hacc
1947 1150 2147 1188 subsequuntur
2165 1154 2327 1184 testimonia,
2368 1155 2421 1184 Ubi

1321 1196 1378 1225 pati
1399 1187 1522 1216 denotat.

1301 1226 1434 1262 Accipere
1453 1224 1636 1268 calamitatem
1650 1226 1684 1254 ab
1703 1226 1805 1263 aliquo.
1828 1225 1893 1255 Caes.
1909 1236 1934 1264 7.
1956 1225 2022 1255 Bell.
2035 1226 2104 1257 Gall.
2127 1228 2169 1257 Ne
2181 1238 2262 1266 quain
2273 1240 2286 1258 a
2298 1230 2421 1260 finitimis

1322 1264 1476 1293 Bellovacis
1495 1263 1680 1292 calamitatem
1698 1265 1844 1302 accipiant.

1303 1301 1438 1336 Cladem,
1463 1302 1542 1335 cuius
1556 1303 1730 1338 reciprocum
1743 1304 1781 1331 eit
1800 1301 1900 1331 lnserre
1912 1301 2030 1331 cladem.
2047 1301 2104 1331 Liv.
2124 1314 2146 1338 5.
2166 1303 2199 1332 ab
2212 1303 2293 1334 Urbe.
2327 1306 2422 1335 Ouum

1322 1339 1386 1377 plus
1403 1339 1544 1405 aliquanto
1558 1339 1680 1368 clidium
1700 1339 1848 1374 intulill'et,
1874 1349 1956 1376 quam
1983 1340 2137 1378 accepisset.
2337 1333 2360 1342 κ

1304 1377 1444 1407 Contume
1459 1376 1512 1406 iam
1528 1379 1554 1406 Sc
1572 1377 1764 1407 contumelias.
1819 1378 1885 1407 Caes.
1907 1388 1931 1413 ς.
1956 1379 1982 1407 Sc
2001 1388 2026 1415 7.
2057 1377 2126 1408 Bell.
2147 1378 2215 1409 Gall.
2242 1379 2297 1409 Cic.
2333 1381 2423 1410 Tanta

1324 1415 1495 1445 contumelia
1514 1421 1637 1453 accepta.

1303 1454 1519 1483 Detrimentum.
1543 1453 1601 1482 Cic.
1624 1463 1674 1491 pro
1694 1452 1767 1490 Lege
1786 1453 1885 1483 Manil.

1304 1491 1448 1535 Dolorem.
1466 1492 1523 1521 Cic.
1543 1502 1593 1529 pro
1609 1491 1701 1521 Domo
1719 1491 1772 1520 sua.
1795 1491 1913 1530 Accepi,
1931 1490 2088 1528 Pontifices,
2107 1502 2238 1530 maguum
2248 1500 2328 1529 atque
2339 1494 2429 1525 incre«

1329 1529 1445 1559 dibilem
1463 1529 1598 1559 dolorem.

1305 1568 1453 1604 jacturam.
1475 1566 1533 1597 Liv.
1549 1578 1575 1603 4.
1590 1567 1624 1596 ab
1639 1566 1721 1596 Urbe.
1972 1583 1975 1584 ν

1305 1606 1406 1640 Ictum,
1423 1606 1454 1635 ld
1465 1605 1512 1640 est,
1527 1605 1621 1635 Feriri.
1642 1604 1751 1635 Lucret.
1773 1604 1820 1634 lib.
1841 1614 1868 1641 4.
1890 1607 1969 1642 1046.

1383 1644 1429 1673 Sic
1449 1644 1534 1681 igitur
1551 1643 1666 1672 Veneris
1687 1644 1733 1680 qui
1749 1643 1812 1672 telis
1832 1644 1935 1681 accipit
1950 1645 2055 1680 ictum,

1382 1682 1464 1711 Unde
1479 1682 1574 1710 seritur
1585 1704 1592 1718 ,
1611 1691 1645 1710 eo
1666 1681 1765 1710 tendit.

1307 1717 1594 1757 IgnominiainCica.
1607 1719 1681 1748 Verr.
1706 1726 1747 1755 58.
1764 1716 1855 1748 Tanta
1869 1726 1983 1757 accepta
1998 1720 2158 1756 ignominia.
2170 1718 2248 1748 Idem
2260 1729 2284 1751 7.
2294 1720 2428 1750 VerizCae.

1326 1758 1444 1801 sar.B.G.
1457 1767 1531 1795 7117·
1546 1768 1569 1793 5.
1582 1757 1633 1786 lllo
1643 1758 1798 1797 imperante
1808 1758 1977 1792 meruiiie,ut
1986 1757 2091 1786 nullam
2101 1758 2252 1794 ignomiain
2262 1754 2426 1796 acciperent.

1306 1796 1440 1830 Iniuriam
1455 1796 1589 1834 accipere.
1627 1795 1660 1824 Id
1669 1795 1725 1831 est,
1742 1794 1834 1825 Laedi:
1857 1797 1901 1824 cui
1914 1796 2082 1833 opponitur,
2104 1794 2274 1824 Beneficium
2293 1797 2426 1834 accipere.

1329 1834 1386 1863 Cic.
1400 1834 1482 1863 Tuse.
1499 1845 1520 1870 5.
1536 1837 1580 1868 56.
1601 1833 1674 1863 Nam
1684 1843 1748 1863 cum
1758 1833 1883 1871 accipere
1893 1856 1900 1868 ,
1922 1834 2101 1870 quamficere
2114 1836 2219 1870 praestat
2235 1834 2371 1869 injuriam.

1309 1872 1418 1914 Malum
1431 1873 1566 1910 accipere.
1588 1871 1655 1901 Plin.
1672 1871 1754 1910 Epist.
1771 1881 1812 1907 53.
1848 1871 1920 1901 Dedi
1932 1871 2054 1906 malurn,
2075 1874 2101 1901 δε
2113 1872 2219 1908 accepi.

1311 1910 1504 1940 Offeniionem
1519 1910 1644 1948 accipere
1656 1932 1664 1945 ,
1684 1909 1809 1939 Offendi.
1833 1908 1891 1938 Cic.
1905 1911 1957 1939 Att.
1971 1909 2019 1938 lib.
2036 1920 2058 1938 1.
2073 1919 2115 1938 17.
2153 1909 2225 1938 Nam
2242 1917 2344 1946 quanta
2358 1909 2388 1939 sit
2401 1910 2430 1939 in

1330 1948 1439 1984 Quinto
1458 1958 1520 1977 meo
1532 1947 1647 1977 comitas
1656 1970 1663 1983 ,
1693 1955 1795 1985 quanta
1805 1948 1972 1983 jucunditas,
1984 1957 2067 1985 quam
2083 1945 2175 1976 mollis
2191 1948 2299 1976 animus
2309 1948 2377 1976 &ad
2389 1959 2432 1977 ac-

1330 1985 1489 2024 cipiendam
1502 1988 1528 2016 δε
1546 1987 1581 2015 ad
1591 1986 1789 2023 deponendam
1800 1985 1981 2015 offensionem
1992 2007 2000 2020 ,
2022 1984 2093 2014 nihil
2106 1985 2205 2015 attinet
2225 1995 2269 2014 me
2280 1985 2315 2014 aid
2324 1993 2351 2015 tc
2360 2007 2368 2021 ,
2386 1988 2432 2023 qui

1330 2034 1362 2053 ea
1379 2025 1447 2053 nolti
1469 2024 1594 2054 seribere.
1616 2024 1803 2061 Reciprocuin
1824 2024 1876 2059 est,
1895 2023 2055 2053 Offendere.

1312 2062 1552 2092 Offenliunculam
1564 2063 1593 2091 in
1608 2062 1746 2091 aedilitate.
1770 2062 1826 2091 Cic.
1850 2072 1900 2100 pro
1920 2061 2011 2091 Plane.
2034 2071 2076 2097 51.
2098 2060 2176 2089 Vidit
2195 2060 2236 2090 M.
2262 2061 2387 2092 Pisonem
2403 2063 2432 2092 in

1331 2098 1379 2131 ista
1390 2101 1521 2130 aeriilitate
1533 2099 1735 2130 offensiuncula
1744 2106 1860 2138 accepta
1871 2099 1993 2131 summos
2006 2096 2135 2138 apopulo
2147 2098 2275 2129 Romano
2285 2099 2338 2129 effe
2348 2101 2435 2130 liono-

1331 2147 1373 2168 res
1391 2139 1532 2177 adeptum.

1311 2177 1431 2214 Plagain,
1452 2176 1497 2206 seu
1510 2176 1616 2207 Vulnus
1635 2176 1755 2214 proprie.
1779 2175 1864 2205 Varro
1875 2175 1909 2204 de
1920 2175 1954 2205 R.
1970 2175 2003 2205 R.
2016 2174 2063 2204 lib.
2079 2185 2104 2204 2.
2118 2185 2177 2213 cap.
2202 2174 2250 2204 ult.
2292 2175 2320 2204 Si
2342 2177 2434 2214 quain

1332 2215 1442 2244 tonsura
1452 2215 1561 2253 plagam
1575 2215 1698 2252 accepit,
1709 2223 1774 2242 eum
1785 2214 1879 2242 locum
1889 2213 2031 2243 obliniunt
2039 2214 2102 2251 pice
2113 2212 2226 2250 liquida.
2246 2212 2310 2242 Caes.
2324 2225 2349 2249 4.
2366 2214 2432 2244 Bell.

1332 2252 1401 2283 Gall.
1415 2263 1438 2282 c.
1455 2263 1496 2282 12.
1537 2252 1609 2282 Cum
1630 2253 1840 2281 circumventus
1859 2251 1955 2281 multis
1972 2251 2133 2281 vulneribus
2147 2251 2267 2288 acceptis
2286 2252 2433 2282 cecidisset.

1333 2292 1391 2322 Cic.
1404 2292 1456 2321 Att.
1468 2291 1515 2320 lib.
1532 2302 1555 2327 5.
1577 2300 1621 2320 20.
1653 2290 1717 2326 Qua
1733 2290 1763 2318 in
1779 2290 1843 2328 fuga
1852 2299 1952 2327 magna
1963 2290 2130 2318 authoritate
2147 2289 2247 2318 Osaces
2258 2289 2315 2318 dux
2327 2287 2453 2319 Parthos

1331 2340 1393 2359 rum
1403 2330 1504 2373 vulnus
1513 2329 1629 2368 accepit.
1652 2326 1721 2357 Cels.
1730 2327 1778 2357 lib.
1798 2339 1822 2364 5.
1863 2328 1912 2357 Sin
1933 2327 2080 2357 cerebrum
2091 2326 2286 2356 membranave
2307 2327 2365 2362 eius
2377 2327 2436 2358 vul-

1332 2378 1386 2397 nus
1403 2374 1521 2406 accepit.

1313 2405 1471 2444 Repull'am.
1505 2404 1562 2435 Cic.
1582 2414 1633 2442 pro
1642 2405 1734 2435 Plane.
1767 2404 1798 2434 C.
1822 2403 1922 2442 Marii,
1944 2404 1992 2442 qui
2002 2403 2109 2434 duabus
2121 2402 2259 2434 aedilitatis
2267 2404 2387 2443 acceptis
2395 2412 2436 2434 re-

1332 2443 1426 2483 pulsis,
1449 2444 1548 2482 septies
1568 2443 1671 2473 Consul
1688 2444 1726 2473 est
1744 2443 1841 2472 factus.
1998 2451 2000 2453 ’

1313 2483 1465 2521 Accipere,
1494 2482 1660 2519 Concipere.
1681 2481 1754 2518 Virg.
1772 2487 1797 2514 8.
1819 2480 1880 2509 AEn.
1901 2490 1966 2516 449.

1485 2540 1531 2544 --
1549 2519 1595 2548 alii
1614 2520 1732 2549 ventosis
1750 2518 1863 2548 follibus
1883 2528 1961 2547 auras

1394 2557 1561 2596 Accipiunt,
1585 2559 1772 2595 redduntque.
1850 2556 1969 2586 Nonius.

1314 2595 1465 2634 Accipere,
1495 2596 1606 2625 Audire.
1658 2595 1721 2626 Ter.
1741 2595 1810 2625 Hec.
1833 2605 1860 2630 4.
1882 2604 1905 2629 3.
1925 2605 1947 2623 1.
2000 2593 2094 2630 Qiem
2113 2603 2178 2623 cum
2199 2593 2266 2623 istoc
2281 2592 2436 2623 sermonem

1334 2634 1462 2664 habueris
1474 2657 1481 2669 ,
1507 2633 1605 2672 procul
1628 2634 1696 2663 hinc
1715 2633 1786 2662 stans
1809 2633 1924 2671 accepi,
1943 2641 2023 2661 uxor.
2043 2632 2100 2661 cic.
2127 2642 2150 2661 1.
2169 2631 2243 2661 Verr.
2300 2632 2345 2661 Sic
2362 2632 2436 2661 enim

1334 2682 1349 2702 a
1368 2672 1519 2708 majoribus
1543 2672 1640 2701 nostris
1659 2671 1827 2710 accepimus.

1313 2708 1464 2748 Accipere,
1486 2707 1652 2747 intelligere.
1675 2710 1733 2739 Cic.
1757 2719 1782 2738 2.
1800 2709 1835 2737 de
1853 2707 1948 2745 Legib.
1967 2707 2052 2736 Hunc
2068 2705 2162 2736 locum
2174 2707 2249 2737 idem
2260 2715 2311 2745 ego
2331 2713 2357 2736 te
2367 2706 2439 2736 acci-

1334 2749 1382 2787 pio
1395 2748 1497 2783 dicere,
1518 2749 1653 2786 Arpinum
1663 2757 1821 2786 germanam
1840 2746 1955 2775 vestram
1972 2746 2087 2783 patriam
2097 2745 2158 2774 ess'e.

1315 2786 1448 2824 Accipere
1460 2786 1571 2816 auribus
1583 2809 1590 2821 ,
1608 2787 1771 2824 periphralis
1782 2795 1832 2823 pro
1845 2784 1945 2813 Audire
1955 2805 1962 2818 ,
1983 2782 2037 2812 sive
2047 2782 2140 2821 potius
2152 2784 2262 2812 Attente
2276 2793 2307 2811 ac
2321 2782 2437 2819 diligen-

1334 2831 1377 2854 ter
1386 2825 1490 2854 audire.
1502 2824 1559 2853 Cic.
1573 2825 1607 2853 de
1617 2824 1692 2854 Orat.
1711 2829 1800 2857 1.218.
1814 2823 1855 2852 Sit
1867 2821 1933 2851 boni
1944 2822 2058 2851 oratoris
2071 2821 2276 2850 inultaanribus
2293 2820 2435 2857 accepiise.

1316 2863 1412 2899 AEquis
1422 2862 1542 2897 auribus,
1553 2862 1607 2891 lioc
1615 2862 1661 2898 est,
1685 2861 1816 2892 Libenter
1830 2862 1856 2890 Sc
1866 2861 2005 2898 patienter
2016 2860 2118 2888 audire.
2139 2859 2205 2888 Plin.
2219 2858 2297 2896 Epist.
2314 2864 2339 2891 8.

1318 2900 1436 2930 Auribus
1456 2901 1553 2938 pronis
1575 2900 1688 2937 aliquid.
1721 2900 1810 2930 Tacit.
1829 2898 1896 2928 Hist.
1920 2908 1943 2927 1.
1959 2908 1982 2927 1.
2021 2895 2193 2927 Obtreclzatio
2212 2896 2322 2926 &livor
2341 2896 2436 2934 proriis

1337 2938 1448 2968 auribus
1467 2938 1650 2976 accipiuntur.

1316 2976 1424 3006 Animis
1440 2977 1545 3014 pronis.
1575 2976 1664 3006 Tacit.
1678 2974 1746 3005 Hist.
1766 2985 1787 3004 1.
1815 2985 1858 3010 54.
1892 2972 1986 3011 Legati
2004 2982 2101 3001 eorum
2114 2971 2143 3001 in
2161 2970 2312 3008 squalorem
2336 2971 2438 3000 moesti-

1336 3015 1459 3051 tianique
1475 3015 1630 3052 compositi,
1646 3024 1695 3052 per
1705 3013 1851 3052 principia,
1872 3021 1921 3050 per
1932 3010 2129 3044 contubernia,
2150 3009 2233 3038 modo
2245 3007 2435 3044 fimsiniurias,

1335 3052 1422 3082 modo
1433 3052 1576 3081 civitatum
1589 3053 1743 3081 vicinarum
1755 3051 1867 3089 praemia
1881 3061 1889 3085 ·,
1919 3051 1945 3079 ἃ
1956 3049 2004 3078 ubi
2014 3048 2107 3086 pronis
2118 3047 2237 3076 militum
2250 3047 2348 3075 animis
2367 3047 2439 3076 acci-

1335 3090 1492 3158 piebantur,
1514 3090 1597 3127 ipsius
1606 3090 1744 3119 exercitus
1752 3087 1910 3127 pericula&
1920 3085 2101 3116 contumelias
2114 3092 2324 3122 conquerentes,
2339 3094 2438 3114 accen-

1356 3128 1439 3158 ebant
1459 3128 1575 3157 animos.

1316 3166 1439 3196 Adversis
1449 3166 1556 3195 animis.
1578 3163 1668 3195 Tacit.
1686 3165 1756 3194 Ann.
1769 3175 1793 3201 3.
1807 3174 1850 3199 29.
1891 3162 1982 3199 thue
1993 3161 2051 3190 haec
2061 3158 2182 3189 secundo
2193 3168 2303 3189 rumore
2313 3181 2321 3195 a
2340 3159 2378 3189 ita
2390 3158 2437 3189 ad-

1335 3204 1416 3233 versis
1426 3204 1524 3233 animis
1534 3211 1681 3241 acceptum
1691 3224 1699 3239 ,
1730 3203 1806 3240 quod
1817 3201 1874 3231 filio
1887 3200 1996 3229 Claudii
2005 3199 2079 3227 socer
2087 3198 2200 3233 sejanus
2212 3198 2400 3228 destinaretur.

1316 3242 1416 3280 Aspere
1432 3250 1588 3279 acceptum.
1610 3242 1700 3271 Tacit.
1720 3242 1790 3270 Ann.
1810 3252 1836 3276 4.
1854 3249 1895 3276 31.

1317 3281 1467 3317 Accipiunt
1480 3290 1566 3308 aures.
1590 3278 1647 3309 Cic.
1666 3279 1740 3308 Verr.
1762 3291 1788 3314 4.
1803 3288 1848 3313 24.
1888 3275 1970 3305 Nunc
1981 3273 2101 3311 primum
2117 3272 2171 3314 lioc
2181 3282 2258 3302 aures
2266 3279 2320 3302 tua*
2329 3274 2434 3303 crimen

1336 3318 1502 3356 accipiunt?
1527 3317 1589 3346 Hoc
1598 3318 1644 3353 est,
1664 3318 1705 3346 Ari
1714 3326 1790 3345 nunc
1803 3316 1921 3353 primuni
1942 3312 2019 3341 audis
2033 3310 2086 3352 hoc
2104 3311 2231 3339 crimen?

1318 3356 1420 3394 Accipe
1441 3357 1466 3385 ἃ
1482 3356 1600 3393 accipite
1613 3377 1620 3391 ,
1640 3355 1711 3392 ssepe
1723 3355 1841 3383 dicimus
1853 3373 1862 3388 ,
1883 3360 1947 3380 cum
1959 3357 1989 3378 ut
2002 3347 2107 3385 aliquid
2116 3348 2255 3378 Attentius
2264 3349 2390 3380 audiatur
2401 3359 2434 3379 ac

1337 3394 1527 3431 intelligatur,
1546 3403 1701 3422 monemus.
1726 3392 1795 3429 Virg.
1819 3401 1844 3419 2.
1866 3389 1926 3418 ffin.
1945 3392 1989 3421 65.

1394 3432 1496 3469 Accipe
1508 3431 1717 3460 nuncDanaum
1728 3429 1844 3461 insidias,
1858 3430 1883 3456 ἐξ
1894 3425 2008 3454 crimine
2017 3423 2050 3453 ab
2060 3432 2117 3452 urio
2156 3422 2236 3453 Disce
2246 3433 2351 3453 omnes.
2374 3424 2431 3454 Cic.

1338 3471 1369 3499 in
1386 3470 1484 3499 Caton.
1506 3478 1548 3504 39.
1622 3468 1746 3506 Accipite
1760 3467 1850 3500 enini,
1871 3463 1970 3501 optimi
1982 3461 2184 3497 adolescentes,
2202 3471 2322 3491 veterem
2337 3464 2436 3492 orati0=

1343 3518 1409 3537 nem
1429 3508 1563 3538 Arelivtae.

1319 3539 1510 3576 Auditionein¹
1520 3545 1664 3587 accipere,
1683 3543 1723 3572 Ex
1735 3540 1830 3570 auditu
1848 3537 2021 3580 cognoscere.
2045 3536 2102 3579 Cic.
2122 3538 2197 3567 Fam.
2221 3536 2268 3566 lib.
2282 3543 2307 3571 3.
2326 3547 2350 3566 2.
2382 3537 2436 3567 Ro-

1339 3593 1414 3613 mtim
1426 3593 1490 3612 cum
1501 3583 1642 3615 venillem,
1664 3591 1698 3609 ne
1706 3578 1888 3608 teiiiiiiliiiiaiii
1901 3576 2013 3613 quidem
2024 3576 2196 3604 auditionem
2207 3575 2241 3604 dx:
2253 3586 2281 3603 αι
2294 3585 2321 3603 re
2329 3576 2432 3613 accepi.

1320 3622 1470 3651 Audirione
1491 3622 1516 3650 S<
1532 3620 1616 3653 sama,
1638 3628 1686 3655 pro
1708 3617 1820 3646 Eodem.
1854 3615 1899 3643 Sic
1913 3613 2044 3650 Accipere
2059 3612 2132 3642 fama
2145 3635 2151 3647 ,
2173 3622 2222 3649 pro
2240 3623 2272 3641 ex
2288 3614 2357 3641 tama
2376 3623 2440 3649 cog⁴

1339 3660 1461 3689 noscere.
1493 3658 1550 3686 Cic.
1564 3657 1599 3685 de
1610 3656 1672 3685 Nat.
1694 3655 1776 3684 Deor.
1791 3663 1816 3682 2.
1829 3663 1872 3689 95.
1910 3651 1970 3680 Nec
1985 3659 2077 3679 tamen
2093 3660 2215 3688 unqunn
2227 3650 2341 3679 exilient
2360 3650 2438 3688 supra

1339 3703 1439 3727 terrani
1456 3718 1464 3731 ,
1492 3694 1694 3733 acepii'l‘entque
1709 3693 1780 3721 timia
1799 3693 1825 3721 3.-
1847 3690 1990 3719 auditione
2009 3688 2210 3725 eilequcddam
2223 3698 2326 3716 numen
2344 3689 2369 3717 ἃ
2381 3689 2436 3717 viui

1341 3737 1466 3765 deorum.

1321 3774 1364 3804 De
1383 3772 1475 3808 aliquo
1494 3769 1606 3807 aliquid.
1629 3768 1661 3797 Id
1672 3767 1724 3802 est,
1746 3766 1829 3796 Fama
1844 3772 1891 3794 aut
1910 3762 1996 3793 literis
2008 3761 2181 3799 cognoscere.
2209 3762 2266 3792 Cic.
2284 3773 2305 3791 1.
2321 3763 2376 3792 Off.
2392 3772 2435 3796 29.

1342 3812 1378 3841 Ut
1396 3810 1430 3838 de
1443 3809 1555 3838 Socrate
1573 3829 1579 3841 ,
1596 3808 1718 3841 itemque
1736 3806 1770 3833 de
1795 3804 1825 3833 C.
1848 3803 1931 3832 Laelio
1950 3801 2115 3838 accepimus.
2154 3799 2231 3828 Ideni
2253 3800 2325 3829 Verr.
2346 3814 2372 3829 .2.
2395 3811 2436 3833 ξι).

1340 3846 1491 3882 Erioinlen
1511 3846 1668 3882 accepimus
1678 3844 1707 3872 in
1720 3842 1818 3871 sibi-ilis
1836 3851 1867 3870 ea
1879 3839 2046 3879 cupiditate,
2063 3846 2109 3872 ut,
2126 3847 2189 3866 cum
2209 3837 2315 3866 vidiilst
2326 3838 2438 3866 monile.

1341 3886 1403 3916 HOC
1414 3884 1460 3919 est,
1495 3883 1659 3920 Accepimus
1682 3880 1782 3918 (nteit
1796 3881 1825 3913 in
1843 3879 1963 3912 fabulis)
1984 3875 2133 3914 Lriphylen
2145 3886 2177 3905 ea
2190 3876 2340 3913 cupiditate
2352 3876 2440 3910 stride,

1342 3933 1374 3953 ur
1391 3924 1443 3952 &51.
1784 3916 1802 3946 ¹.·

1889 3952 1916 3985 D
1945 3961 1957 3990 3
2307 3948 2443 3980 Memoria
