2600 4177
541 103 570 138 C
668 104 702 139 O
796 104 830 139 N

145 186 264 215 materiae
275 185 412 223 flagrzinrie
423 186 458 213 ita
472 184 658 214 consternavit
671 184 779 218 hostes.
801 191 832 214 tit
850 186 940 215 minor
964 187 1051 217 moles
1069 187 1262 224 superantibus

146 223 248 251 vallum
261 225 289 251 in
301 223 382 252 castra
397 222 556 250 Volscorum
573 222 705 250 Romanis
724 222 825 258 fuerit,
846 234 929 260 quani
947 225 1207 255 transcendentibus
1225 226 1263 255 se-

146 270 210 297 9„OE
224 262 355 289 incendio
366 261 535 296 absumptam
552 259 647 287 fuerat.

146 297 327 326 Consterntire
340 298 456 326 animos.
500 296 555 324 Liv.
571 302 596 329 3.
610 306 655 331 27.
677 295 866 332 Tumultuque
882 299 964 327 etiam
979 299 1057 327 sanos
1069 300 1179 330 animos
1197 311 1264 330 con-

166 334 317 369 sternante,
341 335 498 363 decernitur
512 333 662 362 utsocietas
672 343 734 362 cum
749 334 918 365 Samnitibus
931 343 1117 366 renovaretur.

146 370 248 400 Pavida
260 374 283 401 Sc
293 372 464 401 consternata
473 370 632 399 multitudo.
653 370 710 399 Liv.
725 381 749 404 3.
767 381 806 406 ις.

147 408 320 438 Consternari
333 410 434 438 animo.
475 407 580 436 Sallust.
604 409 667 445 Qua
681 409 794 439 victoria
807 409 872 440 elati
889 411 996 447 hostes,
1016 412 1100 441 nostri
1119 412 1205 442 territi
1223 417 1263 442 at-

167 456 221 482 que
233 447 331 475 animis
346 445 510 474 consternati
522 446 673 476 discessere.

146 483 179 513 ln
193 485 286 520 fugam
298 483 474 512 consternari.
517 483 547 512 V.
575 495 588 512 ir
598 494 615 512 u
627 494 644 512 G
654 494 682 513 Α.

145 520 215 558 Equi
227 521 442 550 consternantur.
465 521 549 550 Ovid.
563 531 589 549 2.
606 521 674 551 Met.
691 530 754 558 314.

146 557 216 594 Equi
229 558 402 586 consternati.
427 558 505 587 Idem
518 570 541 594 ς.
555 558 622 588 Fast.
635 568 698 595 310.

145 595 254 624 Moenia
264 595 448 624 consternata.
469 596 517 624 Sil.
532 596 578 625 lib.
594 606 634 632 ις.
650 606 710 632 ¹³4·

145 632 273 662 Timores
285 634 459 662 consternati.
483 634 566 663 Ovid.
586 644 628 663 12.
654 635 724 663 Met.
736 636 781 662 60.

145 669 316 699 Consternati
326 672 409 699 ctiam
421 671 552 701 dicuntur
561 693 569 706 ,
591 682 649 701 non
662 672 718 708 Qui
731 672 831 706 dejecti
843 671 905 701 sunt
915 673 1013 703 animis
1023 695 1032 708 ,
1053 674 1100 703 sed
1122 674 1265 703 Commoti

164 709 191 737 &
207 708 358 743 perturbati
367 715 449 745 atque
458 709 665 738 tumultuantes.
688 711 746 738 Liv.
761 718 803 744 34.
817 718 840 744 3.
863 711 890 739 in
904 710 1018 741 Catonis
1028 713 1172 747 oratione,
1194 712 1264 741 Volo

163 750 258 773 tamen
270 746 365 775 audire
376 746 443 782 quid
454 746 484 775 sit
493 769 500 779 ,
522 754 635 784 propter
646 747 720 783 quod
738 753 869 776 matronae
879 749 1056 778 consternarae
1064 758 1226 786 procurrant
1236 751 1265 778 in

165 782 318 818 publicum.
361 783 698 813 Tuniultuabanturenim
706 790 838 814 niatronae
848 795 898 822 pro
909 786 1066 823 abroganda
1079 786 1149 824 Lege
1157 788 1262 827 Oppia.

145 819 330 855 Consternati,
343 822 457 856 vetuste,
472 821 586 851 Rursum
597 822 675 859 erigi,
689 821 755 850 teste
768 822 861 851 Nonio
871 833 944 858 4.72.
958 823 1091 854 Pacuvius
1103 825 1265 854 Duloreste:

164 857 245 886 Unde
271 860 418 888 exoritur?
437 869 491 895 quo
517 860 643 897 praeiidio
666 859 776 888 fretus?
797 860 906 890 auxiliis
925 861 1050 899 quibus?
1076 872 1131 899 quo
1150 863 1266 892 consilio

164 896 376 925 consternatur?
397 907 450 934 qua
461 898 507 932 vi,
530 898 609 933 cujus
624 897 735 934 copiis?

106 931 131 962 C
141 942 157 961 o
167 942 186 961 N
195 942 206 962 s
217 943 236 961 T
247 943 260 962 Β
269 944 284 962 a
295 944 314 962 N
325 944 344 962 A
353 944 372 962 T
382 945 390 962 ι
400 945 428 969 o,
441 935 511 964 onis.
523 934 681 970 [ἔκπῆηξις]
700 933 758 963 Liv.
771 942 814 970 37.
824 944 871 970 4²·
894 937 1001 966 Auxilia
1012 937 1088 966 enim
1099 937 1265 974 subsidiaria,

146 980 207 1007 quae
225 972 351 1008 proxime
367 972 459 1001 locata
474 979 569 1008 erant,
590 981 692 1010 pavore
708 973 735 1001 Sc
750 972 973 1004 consternatione
986 975 1179 1013 quadrigarum
1190 976 1268 1005 terri-

145 1016 173 1037 ta
184 1030 190 1042 ,
207 1010 258 1038 Sec.

146 1046 340 1075 Consternatio
355 1047 457 1076 dicitur
467 1057 482 1077 a
493 1046 602 1076 Valerio
615 1047 664 1076 lib.
676 1058 702 1083 9.
716 1057 776 1085 cap.
789 1057 843 1084 7.4.
858 1059 908 1086 pro
922 1049 1068 1079 Seditione
1078 1049 1263 1087 veltumultu,
1295 1038 1300 1041 .

164 1083 342 1112 Creditorum
354 1094 464 1122 quoque
476 1085 662 1114 consternatio
675 1085 804 1115 adversus
818 1087 977 1125 Sempronii
998 1087 1152 1117 Affeniom's
1167 1089 1265 1119 Praeto-

162 1121 200 1149 ris
211 1121 311 1150 Urbani
323 1131 405 1159 caput
415 1122 520 1152 exarsit.
543 1123 617 1152 conf.
632 1122 723 1153 Tacit.
737 1133 760 1153 1.
776 1125 845 1153 Ann.
861 1134 903 1160 39.

145 1158 347 1194 consternatio,
370 1161 463 1197 inquit
477 1160 576 1195 Festus,
600 1170 660 1197 quae
675 1161 714 1190 est
725 1161 883 1191 Concitatio
893 1163 1017 1200 quaedam
1028 1163 1117 1192 subita
1124 1173 1160 1193 ex
1170 1164 1264 1201 aliquo

164 1203 240 1225 metu
253 1219 261 1232 ‚
282 1207 297 1226 a
308 1197 525 1227 sternutamento
537 1198 656 1227 deducta
665 1198 703 1228 est
714 1220 722 1233 ‚
745 1200 821 1237 quod
829 1210 863 1229 eo
873 1208 932 1230 toto
947 1202 1124 1231 concutimur
1138 1211 1263 1240 corpore.

107 1233 131 1264 C
139 1244 156 1262 o
166 1243 184 1262 N
194 1244 206 1263 s
216 1244 235 1262 T
244 1244 258 1263 iz
268 1245 285 1264 a
293 1244 312 1263 N
322 1245 339 1263 o
349 1257 357 1270 ,
378 1235 458 1265 stravi
468 1258 476 1271 ,
498 1236 611 1265 stratum
627 1257 635 1272 ,
657 1236 814 1273 [ςρῶνιυμι]
837 1240 893 1268 ere.
921 1238 1001 1269 Idem
1026 1240 1103 1276 quod
1125 1240 1262 1272 Sternere.

144 1278 176 1301 ut
186 1271 258 1311 Virg.
270 1283 296 1308 4.
315 1273 377 1303 AEn.
389 1284 454 1309 444.

406 1326 444 1331 -—
455 1311 475 1340 it
486 1311 584 1340 stridor
593 1333 601 1346 ‚
625 1312 651 1341 ἃ
664 1311 719 1341 alte

226 1347 411 1377 Consternunt
424 1355 523 1378 terram
536 1348 666 1378 concusso
677 1349 770 1388 stipite
787 1349 909 1382 frondes.

145 1384 244 1423 Campi
256 1386 466 1416 consternuntur
475 1386 572 1420 milite.
594 1387 641 1416 Sil.
653 1387 702 1417 lib.
719 1397 742 1417 1.
762 1397 823 1424 125.
887 1423 891 1426 ι

143 1422 412 1454 Contabulationem
423 1425 598 1454 consternere
607 1425 740 1455 lateribus
751 1425 875 1463 lutoque.
897 1426 992 1458 Caesa.
1004 1427 1158 1460 Bell.Civil.
1171 1428 1262 1468 cap29.

145 1461 255 1491 Cubilia
267 1461 442 1491 consternere
451 1462 627 1499 gallinarum.
649 1463 788 1493 Columel.
806 1464 855 1494 lib.
867 1471 893 1498 8.
906 1475 966 1503 cap.
983 1477 1006 1502 ς.

142 1499 263 1528 Scrobes
273 1500 448 1529 consternere
458 1501 571 1537 perticis
582 1500 692 1538 salignis
705 1503 732 1531 &
742 1502 841 1539 lapide.
864 1503 990 1534 Plin.1ib.
1004 1513 1047 1542 17.
1061 1514 1123 1543 cap.
1137 1514 1181 1536 11.

143 1536 261 1566 Terram
273 1546 390 1575 corpore
403 1538 587 1568 consternere.
611 1540 667 1568 Cic,
685 1540 715 1568 in
728 1541 799 1569 Arat.
812 1551 837 1570 v.
849 1550 914 1578 437.

237 1574 288 1604 iiie
302 1576 374 1612 gravi
392 1576 514 1604 moriens
523 1576 794 1615 constravitcorpore
805 1585 916 1609 terram.

143 1611 260 1641 Terram
271 1613 446 1643 consternere
459 1621 537 1651 tergo
550 1636 558 1650 ,
578 1614 717 1652 Supinum
732 1616 832 1651 jacere.
853 1617 927 1655 Virg.
941 1627 984 1647 12.
1000 1618 1062 1649 AEn.
1074 1627 1137 1655 543.

144 1650 208 1680 Vias
220 1651 371 1680 consternit
385 1651 566 1681 frumentum.
589 1652 647 1682 Cic.
660 1663 684 1682 1.
695 1654 732 1682 de
743 1653 836 1684 Divin.
851 1658 896 1691 69.
912 1655 983 1685 Nam
995 1657 1021 1686 ἅ
1031 1665 1067 1685 ex
1078 1656 1183 1686 horreis
1193 1656 1264 1687 dire-

164 1694 254 1726 ptum,
263 1688 436 1726 effusumque
448 1691 631 1726 frumentum,
652 1691 709 1720 vias
719 1699 828 1727 omnes,
847 1693 1059 1731 angiportusque
1068 1695 1262 1725 constraverat.

105 1725 131 1756 C
140 1736 156 1755 o
166 1736 186 1755 N
197 1736 208 1756 s
219 1735 239 1754 T
248 1730 290 1755 ιῖ
301 1736 320 1755 a·
328 1737 347 1756 u
357 1737 369 1756 s
379 1749 387 1762 ‚
409 1724 589 1763 [ὶςρωμἏᾶΘυ]
610 1728 705 1758 Partic.
738 1729 796 1758 Cic.
808 1740 858 1767 pro
868 1731 943 1761 Sext.
955 1737 1000 1768 85.
1023 1731 1124 1762 Forum
1141 1733 1265 1771 corpori·

144 1763 196 1793 bus
206 1765 310 1794 civium
322 1765 512 1794 Romanorum
526 1765 693 1795 constratum
705 1767 781 1796 eaede
794 1770 938 1799 nocturna.
1029 1768 1043 1782 ⁸

142 1801 293 1831 Constratae
310 1813 412 1838 naves,
434 1802 506 1840 Quae
523 1803 712 1833 catastromata
724 1804 881 1842 habebant,
903 1816 969 1843 quas
980 1806 1067 1837 Caesar
1080 1807 1182 1838 Tectas
1192 1807 1263 1846 saepe

161 1848 252 1870 vocat.
275 1840 370 1876 Cic.7.
381 1841 456 1870 Verr.
473 1850 534 1878 103.
560 1841 696 1871 Poteroiie
706 1842 735 1871 in
745 1852 793 1872 eos
803 1843 856 1873 effe
866 1845 1034 1881 vehemens,
1056 1847 1101 1882 qui
1114 1856 1196 1876 naves
1205 1848 1264 1876 ina-

162 1887 213 1907 nes
233 1888 291 1907 nori
301 1879 387 1908 modo
398 1879 573 1914 habuerunt,
594 1878 734 1909 sedetiam
744 1883 876 1918 apertas?
895 1883 925 1911 in
943 1892 1009 1912 eum
1029 1883 1175 1913 diffoiutus
1186 1906 1194 1919 ,
1215 1885 1263 1921 qui

160 1915 235 1945 solus
245 1916 371 1946 habuerit
384 1917 549 1946 constratam
561 1926 661 1947 navem
673 1940 681 1953 ,
703 1919 728 1947 δι
737 1919 830 1948 minus
840 1920 1031 1951 exinanitam?
1052 1921 1102 1951 His
1112 1932 1265 1960 opponun-

160 1960 206 1982 tur
217 1955 323 1991 Apertae
333 1976 342 1990 ,
363 1962 394 1984 ut
405 1955 472 1983 hinc
483 1954 620 1991 intelligas
633 1955 838 1986 Constratarum
849 1959 963 1988 nomine
976 1969 1034 1988 non
1051 1959 1117 1989 alias
1131 1959 1262 1997 intelligi,

161 2000 243 2029 quam
254 1991 363 2022 Tecras.
405 1993 475 2022 Hirt.
489 1992 600 2022 deBell.
613 1993 690 2023 Alex.
710 2003 753 2030 ι7.
780 1995 941 2033 Magnoque
959 1997 1067 2034 impetu
1092 2004 1211 2033 quatuor
1227 1998 1263 2028 ad

163 2038 224 2059 eam
236 2030 379 2060 constratae
389 2040 483 2066 naves,
492 2032 518 2060 Sc
528 2031 686 2068 complures
696 2036 797 2069 apertae
806 2035 1210 2071 contenderunt.conf.Curt.9.
1217 2046 1260 2066 ιο.

106 2067 130 2097 C
140 2077 157 2097 o
166 2077 187 2096 Ν
195 2077 207 2097 s
215 2077 235 2097 τ
243 2078 259 2097 R
270 2072 286 2097 Ᾰ
295 2078 315 2097 T
323 2079 342 2098 u
351 2079 371 2097 M
381 2091 389 2104 ,
411 2070 429 2098 i.
450 2078 479 2098 n.
500 2068 609 2099 Petron.
622 2079 683 2107 cap.
703 2079 745 2101 10.
775 2070 949 2102 Constratum
966 2074 1052 2103 navis.
1084 2073 1144 2104 Liv.
1157 2082 1201 2111 30.
1217 2083 1262 2104 10.

144 2105 287 2135 constrata
299 2107 438 2144 pontium.

104 2143 154 2172 Co
163 2153 182 2171 N
193 2153 205 2173 s
214 2153 234 2172 T
243 2154 259 2172 a
268 2148 284 2173 Ᾰ
294 2154 338 2174 το
348 2155 365 2173 ιι
376 2167 384 2180 ,
406 2145 470 2174 oris.
492 2154 529 2174 m.
551 2143 744 2183 Auson.1dyll.
764 2153 806 2176 12.

106 2180 131 2210 C
139 2191 156 2210 o
165 2190 184 2210 N
195 2191 207 2210 s
215 2191 234 2210 τ
242 2183 254 2211 ῖ
263 2193 282 2210 Μ
291 2185 309 2211 ῡ
320 2193 336 2211 1.
346 2193 362 2211 o
373 2204 381 2218 ,
402 2186 457 2212 are.
479 2183 594 2213 Hieron.
606 2185 632 2213 &
644 2183 752 2214 Firmic.

105 2218 156 2248 Co
167 2221 315 2249 Νετῑιιῡ
326 2223 466 2255 miron,
488 2222 553 2251 oris.
575 2231 612 2250 m.
636 2222 744 2259 August.

104 2255 154 2286 Co
165 2266 205 2287 Ns
214 2261 276 2286 TI?
286 2268 302 2287 o
314 2280 322 2293 ‚
345 2257 454 2294 [ςόφω]
475 2261 530 2288 are.
551 2258 685 2296 fignificat
696 2258 881 2290 Condensare.
918 2259 985 2292 Caes.
999 2272 1024 2298 5.
1046 2260 1115 2293 Bell.
1127 2262 1197 2295 Gall.
1215 2272 1261 2301 43.

142 2295 196 2324 Hic
205 2295 264 2325 dies
276 2296 374 2326 nostris
385 2296 468 2333 longe
480 2297 638 2334 gaviffimus
647 2298 709 2327 fuit.
738 2298 786 2327 sed
795 2307 887 2328 tamen
899 2298 976 2329 hunc
992 2300 1089 2330 habuit
1109 2311 1241 2332 eventurn
1253 2325 1263 2338 ‚

140 2340 216 2363 uteo
232 2334 277 2363 die
287 2343 330 2363 ma
353 2344 404 2364 nus
416 2335 674 2365 numerushostium
686 2335 874 2365 vulneraretur
893 2344 975 2374 atque
990 2339 1210 2375 interficeretur,
1232 2347 1264 2370 ut

141 2371 169 2400 se
177 2371 225 2400 sub
235 2371 294 2410 ipso
306 2382 321 2401 v
352 2372 379 2401 lo
388 2372 625 2410 constipaverant,
645 2373 835 2411 recessumque
847 2375 944 2411 primis
959 2376 1050 2406 ultimi
1067 2387 1125 2406 non
1148 2378 1262 2408 dabant.

143 2408 203 2438 Cic.
216 2418 243 2438 2.
253 2409 289 2438 de
302 2409 373 2447 Lege
385 2411 473 2448 Agrar.
486 2415 531 2444 28.
553 2412 607 2440 Sed
618 2421 654 2441 ne
665 2412 811 2449 constipari
820 2413 933 2450 quidem
941 2420 1048 2444 tantum
1058 2424 1206 2446 numerum
1214 2416 1264 2446 ho-

142 2447 251 2476 minum
263 2447 339 2485 posse
350 2449 380 2477 in
392 2458 486 2485 agrum
498 2448 850 2487 Campanuminteiiigetis.

103 2483 128 2513 C
138 2494 154 2513 o
166 2494 186 2514 Ν
196 2494 208 2514 s
217 2494 237 2513 τ
247 2496 256 2513 ι
265 2489 304 2514 PB
313 2495 333 2514 T
343 2497 352 2514 1
361 2496 378 2516 o
387 2508 395 2521 ‚
417 2486 488 2515 onis.
511 2487 530 2516 f.
552 2488 690 2517 Ammian.
702 2491 747 2517 26.
762 2493 788 2517 6.
814 2488 988 2526 constipatio
1002 2490 1133 2521 militum.

102 2518 156 2552 Co
168 2524 282 2552 Nsri‘a·
292 2533 337 2553 uo
347 2545 356 2560 ‚
377 2524 426 2559 ui,
447 2527 528 2554 situm
539 2546 547 2561 ,
568 2524 735 2561 [συντάω-ω,
753 2525 872 2561 &Sirmi
882 2546 890 2558 ‚
912 2521 1054 2563 ἱΔΙειπί-ἣω,
1076 2528 1203 2564 πείθομαι,
1221 2533 1265 2562 (sn.

143 2558 274 2596 λσίομασ]
296 2562 350 2591 ἕπε.
374 2561 528 2592 Collocare.
568 2562 634 2592 Caes.
647 2572 673 2593 2.
685 2562 753 2593 Bell.
765 2563 836 2593 Gall.
850 2574 891 2600 ¹9·
913 2565 987 2595 Intra
1004 2565 1099 2596 filvam
1118 2568 1206 2597 aciem
1222 2578 1267 2598 or-

141 2597 277 2635 dinesque
287 2600 495 2630 constituerant.
582 2621 585 2623 »

141 2636 339 2703 anqituitote
348 2637 426 2668 vobis
434 2639 498 2668 ante
508 2637 605 2668 oculos
619 2637 702 2675 huius
715 2640 800 2670 etiam
819 2639 912 2670 miseri
931 2640 1111 2673 senectutem.
1131 2643 1191 2673 Cic.
1214 2653 1265 2682 pro

185 2684 212 2703 oe
228 2697 233 2703 .
248 2684 291 2709 79.

142 2711 267 2741 Taurum
278 2720 342 2742 ante
352 2722 420 2743 aras.
443 2713 517 2751 Virg.
531 2725 556 2749 ς.
570 2712 633 2744 AEn.
648 2723 712 2752 237.

140 2749 291 2780 Constituit
302 2752 331 2779 in
343 2751 472 2781 ordinem
486 2752 659 2790 elephantos.
683 2753 753 2783 Hirt.
765 2753 801 2783 de
812 2752 879 2783 Bell.
892 2754 945 2785 Afr.
956 2763 1003 2789 27.

140 2788 293 2817 Constituit
302 2789 401 2819 horrea
417 2791 499 2819 certis
511 2790 580 2819 locis
592 2812 600 2825 ,
622 2790 799 2828 vesturasque
810 2792 944 2822 frumenti
960 2792 1089 2824 finitimis
1107 2794 1266 2826 civitatibus

161 2826 312 2864 descripsit.
335 2827 400 2856 Caes.
416 2837 440 2863 3.
464 2827 531 2857 Bell.
545 2828 625 2857 Civil.
639 2838 684 2863 4²-

143 2863 544 2902 Constituereprocuratorem.
568 2865 630 2903 Ulp.
643 2866 672 2895 in
683 2867 700 2896 l.
717 2876 740 2896 ι.
754 2867 775 2904 §.
788 2877 811 2896 ι.
829 2867 863 2897 D.
874 2867 916 2897 De
929 2870 1172 2907 procuratoribus,
1192 2871 1266 2901 Con-

160 2903 270 2933 stitutus
280 2901 324 2932 vel
334 2912 427 2932 coram
438 2925 448 2939 ‚
469 2904 512 2933 vel
523 2913 572 2941 per
583 2905 713 2934 nuntium
723 2926 731 2939 ‚
752 2904 796 2933 vel
805 2914 854 2943 per
863 2905 1017 2944 epistolam.

148 2940 179 2969 ln
191 2941 284 2969 locum
297 2941 414 2977 alicujus
425 2942 555 2979 aliquem.
581 2941 639 2971 Cic.
652 2951 676 2977 3.
691 2942 764 2972 Verr.
778 2951 822 2979 77.

141 2977 175 3008 In
190 2978 283 3015 aliquo
299 2988 414 3008 munere
426 2979 556 3017 aliquem.
579 2980 637 3009 Cic.
649 2980 685 3010 de
696 2980 773 3009 Petit.
784 2980 866 3010 Cons.
878 2990 922 3017 ²⁹·

140 3016 316 3046 Constituere
326 3039 334 3049 .
355 3017 481 3047 Statuere
491 3039 500 3052 ,
523 3027 697 3055 proponere,
719 3019 882 3048 decernere.
905 3019 967 3049 Ter.
978 3020 1087 3051 Phorm.
1100 3031 1126 3057 4.
1140 3031 1164 3056 3.
1178 3031 1223 3059 71.

234 3054 308 3084 Nam
318 3053 358 3083 illi
372 3055 441 3084 mihi
452 3056 612 3092 dotemjam
625 3056 827 3085 constituerunt
837 3058 912 3087 dare.
998 3058 1068 3096 Virg.
1083 3069 1106 3089 1.
1122 3058 1184 3090 AEn.
1198 3070 1261 3098 309.

236 3092 293 3128 Qui
304 3099 418 3122 teneant
437 3094 523 3128 (nam
532 3093 638 3123 inculta
647 3094 746 3131 videt)
765 3094 929 3124 hominesne
939 3117 947 3131 ‚
967 3095 1085 3132 feraene,

237 3130 369 3166 Quaerere
381 3130 532 3161 constituit.

142 3166 319 3196 Constituere
331 3169 357 3197 ἃ
369 3168 519 3206 designare.
560 3167 618 3198 Cic.
633 3178 655 3199 1.
674 3167 709 3199 de
722 3169 816 3200 Divin.
827 3175 871 3204 82.
893 3170 938 3201 Dii
952 3181 1011 3202 non
1021 3170 1152 3210 ignorant
1161 3183 1193 3204 ea
1204 3183 1264 3212 quae

162 3205 198 3240 ab
207 3205 268 3241 ipsis
278 3206 426 3235 constituta
436 3208 461 3236 Sc
471 3207 609 3244 designata
619 3206 689 3236 sunt.

141 3242 317 3272 Constituere
329 3241 376 3272 sibi
386 3243 499 3282 aliquod
510 3254 597 3281 genus
609 3245 695 3274 aetatis
712 3245 855 3283 degendae.
877 3246 935 3275 Cic.
953 3258 974 3276 ι.
989 3247 1048 3277 Off.
1063 3257 1126 3286 117.

141 3280 204 3310 Nec
216 3280 278 3310 satis
289 3282 455 3311 constituere
465 3282 573 3320 possum
583 3306 592 3318 ,
613 3283 679 3320 quid
690 3285 741 3313 διο.
763 3284 822 3313 Cic.
835 3294 862 3319 4.
877 3285 960 3315 Acad.

141 3318 250 3354 Serius,
274 3329 356 3355 quarn
370 3320 553 3350 constituerat.
578 3321 635 3350 Cic.
649 3330 674 3355 ³·
691 3321 726 3358 Q
740 3321 800 3351 frat.
814 3332 836 3351 1.

141 3358 211 3386 ssnte
222 3357 387 3386 constituere
399 3380 407 3392 ,
428 3359 496 3395 quid
507 3359 634 3388 accidere
646 3358 736 3396 pollit.
759 3360 819 3389 Cic.
831 3368 854 3390 1.
869 3358 926 3389 Off.
939 3366 984 3394 ει.
1007 3360 1079 3391 Illud
1095 3363 1176 3392 etiam
1188 3362 1265 3401 inge·

161 3395 202 3423 nii
212 3395 350 3432 magniest
360 3417 367 3429 ‚
389 3397 539 3434 praecipere
549 3397 720 3434 cogitatione
729 3396 832 3431 futura,
853 3398 879 3427 &
889 3397 1031 3435 aliquanto
1041 3408 1104 3429 ante
1115 3402 1266 3431 constitue-

161 3441 210 3467 re,
232 3433 300 3469 quid
317 3433 443 3462 accidere
463 3433 546 3472 possit
564 3435 593 3463 in
611 3442 756 3473 utramque
772 3441 899 3473 partein:
922 3437 948 3466 ἅ
971 3438 1040 3474 quid
1056 3439 1197 3476 agendum
1216 3439 1264 3475 sit,

163 3479 248 3506 quum
265 3471 333 3508 quid
344 3472 478 3501 evenerit-

142 3506 185 3537 Ex
196 3517 224 3536 re
235 3510 261 3538 &
271 3518 305 3537 ex
315 3515 442 3547 tempore
452 3509 566 3547 aliquid.
589 3509 648 3539 Cic.
662 3519 703 3540 12.
716 3510 791 3540 Fam.
807 3521 849 3547 ¹9·

143 3545 186 3574 De
195 3555 223 3574 re
233 3545 323 3583 aliqua
335 3546 449 3584 aliquid.
472 3547 572 3577 Balbus
580 3548 710 3577 Ciceroni
720 3570 728 3584 ‚
743 3560 759 3585 9
779 3550 833 3579 Art.
845 3554 872 3583 8.

144 3583 338 3613 Communiter
354 3585 520 3614 constituere
528 3585 564 3614 de
573 3585 664 3615 reditu
678 3586 804 3622 alicuius.
827 3587 885 3616 Cic.
896 3586 932 3616 ad
946 3585 1020 3616 Brut.
1032 3589 1059 3616 6.

143 3620 331 3650 Constituturn
343 3632 378 3651 ex
389 3624 516 3652 omnium
526 3622 670 3652 sententia.
710 3624 770 3654 Cic.
788 3635 838 3663 pro
849 3623 961 3654 Cluent.
972 3630 1016 3661 83.
1037 3625 1099 3655 Hoc
1118 3627 1263 3665 postquam

162 3659 473 3725 εείῑῖςειίεοίιιιριοδεωηπ
483 3683 491 3695 ,
511 3671 546 3690 ex
555 3660 682 3691 omnium
692 3661 826 3692 sententia
836 3662 1016 3692 constitutum
1025 3663 1064 3692 est
1073 3686 1081 3699 ,
1101 3663 1163 3695 satis
1174 3666 1263 3696 videri

164 3706 179 3724 e
205 3706 219 3724 e
230 3705 288 3733 quae
301 3705 378 3727 itum.

143 3733 254 3764 Habere
265 3736 444 3766 constitutum
454 3737 489 3766 de
499 3747 527 3767 re
537 3737 637 3774 aliqua.
679 3736 737 3766 Cic.
749 3742 775 3771 8.
787 3738 862 3767 Fam.
879 3747 903 3773 ς.
925 3737 1043 3769 Tametsi
1056 3739 1108 3769 hac
1118 3741 1154 3771 de
1168 3751 1198 3771 re
1211 3751 1263 3780 pu.

163 3779 193 3800 to
206 3781 232 3800 te
242 3773 436 3809 constitutum,
457 3776 525 3812 quid
536 3775 655 3804 facturus
665 3774 749 3810 effes,
769 3775 881 3805 habere.

144 3810 250 3839 Omnia
259 3820 319 3846 quae
331 3811 377 3840 sibi
391 3813 538 3842 constituta
549 3812 611 3841 sunt
627 3822 778 3850 exponere.
820 3814 877 3843 Cic.
892 3822 916 3849 3.
928 3813 1005 3844 Verr.
1016 3824 1062 3849 4²-
1091 3815 1163 3846 Mihi
1185 3818 1263 3848 enim

163 3857 215 3886 pro
239 3849 371 3877 erandum
383 3851 532 3880 necessario
542 3852 597 3886 est,
620 3851 854 3887 utomniavobis,
878 3860 937 3888 quae
948 3851 1017 3881 mihi
1029 3854 1178 3884 constituta
1189 3855 1262 3891 sunt,

163 3888 211 3922 poi
226 3895 263 3914 im
277 3895 426 3923 exponere.

111 3923 116 3928 ’
145 3923 334 3992 Constitutun}
348 3925 386 3954 est
404 3925 490 3961 mihi,
512 3925 705 3956 Deliberatum
726 3926 763 3955 est
778 3926 866 3964 mihi,
888 3927 1033 3958 decretum
1053 3928 1092 3959 est
1106 3929 1175 3959 mihi
1185 3952 1194 3966 ,
1214 3930 1266 3961 sta-

202 3962 220 3993 V
232 3970 282 3991 01..
336 3983 343 3992 .

1687 110 1984 148 con·
2399 130 2474 175 667

1371 193 1461 253 tAitum
1488 189 1639 226 estssmilii,
1670 191 1699 220 id
1729 191 1768 221 est
1792 193 1866 230 apud
1889 204 1934 224 nie
1954 199 2105 235 cogitando
2126 201 2261 235 firmatum
2285 208 2331 237 est.
2368 208 2426 239 Cic.
2441 220 2468 247 7.

1397 233 1425 254 tt.
1442 236 1466 260 7.

1352 262 1539 293 constitutum
1551 286 1559 298 ‚
1581 275 1632 301 pro
1644 265 1726 295 Certo
1737 288 1744 301 ,
1766 267 1886 297 stabilito
1897 293 1904 303 ‚
1928 281 1984 300 non
1998 277 2184 306 controverso.
2225 281 2284 309 Cic.
2298 293 2321 316 ς.
2336 284 2459 314 deFinib

1377 310 1420 342 ις..
1444 301 1503 331 Hoc
1519 303 1595 331 enim
1607 304 1755 333 constituto
1767 306 1795 333 in
1805 307 1997 346 philosophia,
2018 314 2112 342 onmia
2128 314 2191 344 sunt
2202 319 2357 349 constituta.
2462 307 2469 315 ⁸

1353 337 1469 374 Optime
1487 339 1669 376 constituere,
1691 343 1803 378 quando
1826 346 1876 373 Sec.
1919 348 1976 377 Cic.
1989 358 2014 378 2.
2038 349 2111 380 Fam.
2127 360 2150 388 7.
2184 354 2267 389 Quod
2288 359 2400 393 quando
2441 360 2470 389 &

1370 377 1518 419 *quomodo
1530 398 1537 411 ,
1561 380 1586 405 6<
1605 388 1652 420 per
1666 389 1734 415 quos
1744 382 1885 417 agendum
1899 384 1930 412 lit
1941 407 1949 420 ,
1972 393 2000 415 tu
2012 388 2119 424 optime
2131 392 2290 422 constitues.
2413 381 2420 394 ’

1355 411 1527 442 Constituere
1541 414 1623 443 alicui
1645 415 1670 444 se
1690 426 1847 448 venturum.
1889 421 1947 451 Cic.
1966 433 1989 453 1.
2011 425 2046 454 de
2058 425 2134 456 Orat.
2148 433 2213 463 πός.
2245 430 2316 460 Sane
2336 433 2473 471 (inquit)

1375 449 1476 492 vellem
1488 461 1544 479 non
1557 453 1723 483 constituisse
1735 456 1762 484 in
1773 455 1960 489 Tusculanum
1970 471 2014 491 me
2025 463 2113 494 hodie
2130 473 2277 497 venturum
2288 468 2341 499 eise
2351 469 2444 499 Laeiio.

1354 486 1450 520 Dixit,
1472 490 1496 517 δι
1508 489 1651 518 constituit
1661 490 1685 519 se
1697 500 1852 523 venturum.
1875 496 1940 526 Ter.
1956 498 2023 529 Eun.
2041 511 2063 530 r.
2080 511 2106 531 ι.
2127 512 2188 540 ¹²5·

1355 524 1557 555 Constitueram
1569 548 1578 560 ,
1601 528 1708 557 mirem
1718 540 1772 560 rus.
1800 532 1883 562 Plaut.
1901 534 1994 565 Pseud.
2010 548 2032 567 1.
2050 549 2073 573 ς.
2088 544 2149 576 136.

1356 560 1530 591 Constituere
1545 564 1616 592 inter
1626 565 1651 593 se
1664 587 1671 599 ‚
1694 574 1732 596 ut.
1771 569 1828 598 Cic.
1841 581 1865 604 5·
1881 571 1917 600 de
1930 573 2017 604 Finib.
2031 585 2055 605 1.
2078 577 2278 610 Censtituimus
2287 580 2359 612 inter
2368 592 2429 615 nos,
2441 589 2473 613 ut

1373 599 1593 630 ambulationem
1603 606 1823 639 pomeridianam
1831 609 2033 642 conficeremus
2045 614 2073 642 iri
2084 616 2241 647 Academia.

1354 635 1530 667 Constituere
1543 648 1618 668 cum.
1641 640 1704 670 Ter.
1723 643 1789 673 Hec.
1808 655 1866 674 1.2.
1883 656 1943 676 120.

1547 692 1584 696 —
1594 686 1658 706 nam
1670 681 1799 710 constitui
1813 692 1877 712 curn
1891 687 2011 722 quodam
2023 688 2142 726 hospite,

1374 748 1392 777 d
1446 712 1496 742 Me
1514 713 1568 756 effe
1581 713 1665 757 ‘illurn
1684 726 1893 760 conventuram.
1990 725 2043 755 Hic
2062 728 2173 760 Promisi
2193 731 2348 770 significat,
2367 743 2472 774 nempe

1396 759 1441 778 um
1451 754 1673 788 praepolitionem
1684 759 1862 791 conjunc‘t'am
1872 759 1963 791 habet.

1355 785 1546 824 Constituere,
1567 790 1640 825 quod
1653 791 1790 829 Affignare
1803 796 1902 833 vulgus
1916 799 1991 829 dicit.
2014 801 2077 832 Ter.
2094 804 2162 834 Eun.
2176 815 2199 841 3.
2216 817 2244 842 4.
2257 815 2282 843 3-

1517 846 1518 849 .
1549 826 1649 869 —dati
1658 830 1769 860 annuli:
1791 832 1869 862 locus
1881 857 1888 868 .
1914 842 2025 874 tempus
2036 842 2215 873 constitutum
2227 845 2273 874 est.

1353 859 1463 890 Pactam
1476 864 1502 893 ἃ
1514 864 1691 895 constitutam
1703 867 1756 897 effe
1767 879 1830 899 cum
1847 871 1939 909 aliquo
1949 874 2033 906 diem.
2056 878 2115 909 Cic.
2133 890 2156 910 1.
2171 882 2199 910 in
2212 881 2293 912 Catil.
2306 891 2350 919 3⁴.

1355 898 1527 929 Constituere
1538 901 1568 930 in
1581 902 1666 932 diem.
1707 904 1814 936 Sallust.
1828 908 1989 946 inJugurtb.
2003 924 2064 953 cap.
2078 921 2123 946 66.
2146 918 2255 949 Deinde
2266 922 2474 959 compositisii-i.

1373 941 1414 965 ter
1426 936 1451 965 se
1461 938 1542 968 rebus
1552 960 1561 974 ,
1582 939 1610 968 in
1623 941 1698 984 diem
1709 944 1821 974 tertium
1831 948 2018 981 constituunt:
2041 956 2117 991 quod
2141 956 2165 985 is
2182 956 2264 987 festus
2278 980 2287 993 ,
2308 959 2474 993 celebratus-

1374 983 1428 1010 que
1440 984 1489 1011 per
1501 986 1614 1006 omnem
1627 979 1743 1009 Africam
1754 1003 1762 1015 ‚
1782 981 1881 1013 ludum
1901 987 1927 1015 Sc
1949 987 2011 1018 lasci
2033 991 2038 997 ”

1374 1011 1535 1055 ostentabat.
1575 1014 1650 1045 Cort.
1665 1016 1771 1047 sustulit
1780 1022 2012 1059 praepofitionem.
2052 1029 2083 1058 V.
2106 1040 2166 1067 ejus
2179 1039 2236 1062 not.

1355 1049 1530 1094 Constituere
1542 1073 1549 1085 ,
1570 1053 1676 1096 Sistere.
1719 1056 1778 1086 Cic.
1797 1068 1848 1095 pro
1863 1060 1972 1092 Cluent.
1987 1071 2031 1099 ³8-
2053 1066 2086 1096 Et
2102 1068 2246 1101 hominem
2258 1078 2322 1102 ante
2335 1074 2423 1111 pedes
2434 1075 2472 1113 Q.

1376 1087 1484 1131 Manilii
1501 1111 1510 1124 ,
1532 1099 1578 1126 qui
1591 1098 1650 1120 tum
1662 1099 1720 1122 erat
1729 1094 1871 1126 Triumvir
1881 1120 1889 1132 ‚
1911 1102 2090 1134 constituunt.

1354 1123 1528 1156 Constituere
1541 1149 1549 1162 ,
1569 1138 1622 1171 pro
1643 1130 1779 1174 inanum
1793 1136 1960 1172 conciliare,
1981 1141 2007 1169 &
2021 1142 2187 1173 consociare.
2228 1145 2286 1176 Cic.
2302 1156 2325 1177 ι.
2343 1149 2379 1178 de
2391 1149 2469 1181 Orat.

1375 1171 1419 1199 33.
1443 1163 1477 1192 Ut
1489 1174 1553 1208 vero
1564 1176 1620 1201 Jam
1633 1168 1723 1212 adina
1738 1171 1841 1202 summa
1853 1175 2006 1213 veniamus,
2029 1189 2088 1216 quae
2096 1182 2136 1210 vis
2148 1182 2200 1211 alia
2212 1186 2303 1221 potuit
2312 1193 2358 1216 aut
2370 1187 2474 1226 disper-

1372 1199 1416 1229 sos
1428 1201 1556 1232 homines
1567 1214 1654 1234 unum
1668 1216 1697 1235 in
1711 1207 1805 1253 locum
1826 1220 1994 1250 congregare
2007 1237 2015 1250 ,
2036 1225 2084 1247 aut
2096 1228 2110 1247 a
2123 1219 2178 1248 fera
2195 1223 2343 1260 agrestique
2365 1227 2418 1255 vita
2435 1227 2472 1256 ad

1373 1237 1450 1283 hunc
1460 1239 1615 1286 humanum
1623 1244 1730 1289 cultum
1743 1248 1909 1285 civilemque
1926 1253 2065 1284 deducere
2077 1277 2085 1290 ,
2107 1264 2154 1286 aut
2175 1259 2228 1292 jam
2243 1263 2397 1291 constitutis
2407 1264 2473 1294 civi-

1373 1278 1477 1320 tatibus
1487 1277 1571 1323 leges.
1588 1281 1702 1317 judicia,
1715 1294 1776 1319 jura
1791 1286 1966 1318 describere?
1987 1291 2113 1323 Budaeus.
2140 1295 2167 1324 V.
2179 1295 2249 1326 infra
2261 1298 2408 1330 Civitatem
2418 1304 2469 1332 διο.

1354 1313 1528 1345 Constituere
1537 1316 1765 1362 aliquem-magna
1773 1326 1860 1361 gratia
1868 1328 1942 1362 apud
1953 1338 2053 1365 regem.
2084 1331 2142 1362 Cic.
2159 1342 2201 1369 15.
2218 1335 2288 1364 Fam.
2299 1348 2324 1368 4.
2349 1338 2472 1369 Maxima

1372 1353 1448 1397 apud
1458 1363 1551 1398 regern
1562 1357 1733 1393 auctoritate,
1754 1362 1896 1400 gratiaque
1905 1367 2043 1397 constitui.
2066 1369 2183 1400 Videtur
2197 1371 2418 1405 subaudiendum
2430 1377 2472 1408 ln.

1353 1389 1528 1434 Consti-tuere
1537 1402 1565 1421 1n
1576 1404 1605 1438 re
1613 1396 1747 1433 praeseriti,
1769 1399 1812 1429 vel
1823 1410 1886 1430 cum
1897 1413 1927 1432 re
1937 1405 2011 1441 praes.
2028 1406 2161 1437 dicebant
2170 1418 2287 1444 veteres.
2309 1423 2393 1449 quum
2407 1416 2476 1451 quid

1372 1430 1454 1472 statui
1465 1451 1473 1464 ,
1495 1431 1658 1469 tranfigique
1670 1444 1726 1479 non
1739 1437 1815 1473 posse
1829 1460 1837 1473 ,
1859 1440 1907 1469 nili
1921 1442 1948 1470 in
1966 1442 2028 1472 loco
2043 1445 2102 1482 ipso
2115 1446 2309 1483 significabant.
2352 1452 2472 1488 Quintil.

1371 1465 1422 1496 lib.
1434 1477 1459 1503 7.
1475 1476 1506 1511 ca
1530 1491 1535 1497 .
1553 1479 1595 1513 ¹⁰.·
1617 1470 1666 1500 Illa
1680 1482 1755 1503 enim
1771 1477 1959 1512 potentiffima
1973 1481 2028 1516 est,
2050 1493 2165 1522 quaeque
2184 1493 2248 1515 vere
2267 1488 2370 1518 dicitur
2387 1492 2474 1522 totius

1369 1504 1459 1548 causae
1473 1506 1499 1534 di
1512 1506 1621 1551 positio.
1643 1518 1702 1546 quae
1713 1513 1861 1556 constitui,
1882 1516 1930 1545 nisi
1949 1519 2023 1548 velut
2040 1521 2069 1550 in
2092 1531 2121 1550 re
2132 1524 2257 1560 praesenti
2272 1547 2280 1559 ,
2301 1536 2358 1555 non
2373 1530 2472 1565 potest.

1372 1541 1511 1578 Trajanus
1519 1545 1555 1573 ad
1567 1545 1634 1574 Plin.
1650 1557 1690 1576 ιο.
1702 1548 1784 1586 Epist.
1799 1562 1843 1585 40.
1866 1553 1942 1590 Quid
1953 1559 2145 1593 oporteatfieri
2155 1561 2227 1590 circa
2235 1563 2383 1597 theatrum.
2396 1568 2473 1602 quod

1371 1580 1764 1651 ifgffiggtufflggssgffioenses
1780 1589 1818 1619 est
1827 1612 1835 1626 ,
1856 1591 1887 1620 in
1899 1594 2062 1630 repraesenti
2074 1598 2183 1630 optime
2191 1599 2356 1632 deliberabis
2369 1605 2395 1633 ἀ
2404 1615 2472 1634 con-

1352 1655 1546 1700 Accusatorem
1567 1660 1733 1693 constituere
1745 1686 1753 1700 ‚
1774 1664 1858 1704 vulgo
1879 1666 2074 1702 Denominare.
2116 1673 2176 1703 Cic.
2192 1684 2215 1705 ι.
2233 1675 2306 1707 Verr.
2323 1688 2365 1709 ιο.
2388 1679 2425 1710 Ut
2442 1681 2474 1712 in

1373 1695 1568 1737 constituendo
1581 1699 1739 1741 accusatore
1750 1724 1758 1738 ,
1780 1705 1856 1740 quod
1871 1705 1946 1743 sequi
1960 1708 2084 1746 ponitis,
2105 1711 2239 1743 habeatis.

1352 1732 1500 1776 Restionem
1510 1735 1696 1781 constituere,
1718 1742 1793 1777 quod
1812 1742 1915 1780 vulgo.
1937 1745 2076 1777 Evacuare
2094 1749 2180 1779 finem
2203 1761 2259 1781 non
2279 1755 2472 1793 procedendi,

1372 1770 1479 1814 dicunt.
1502 1771 1562 1817 Cic.
1574 1783 1602 1802 in
1614 1774 1704 1820 Partitn.
1717 1788 1762 1821 9¹9.
1785 1779 1879 1816 Quare
1888 1782 1924 1812 de
1935 1785 2136 1816 constituendis
2145 1789 2311 1824 actionibus.
2332 1794 2473 1830 accipien-

1373 1808 1415 1852 dis
1427 1808 1763 1859 subeundisquejudiciis‚
1774 1817 1810 1847 de
1820 1820 1988 1857 excipienda
1998 1823 2143 1861 iniquitate
2152 1828 2279 1864 astionis,
2289 1830 2471 1863 accendaris.

1351 1845 1428 1876 inire
1440 1849 1465 1876 &
1478 1848 1646 1880 constituere
1656 1853 1808 1884 consilium.
1850 1856 1908 1887 Cic.
1923 1867 1948 1888 2.
1971 1861 2045 1890 Verr.
2063 1866 2108 1892 26.
2131 1863 2264 1902 Reperio,
2278 1867 2400 1903 judices,
2414 1870 2476 1900 haec

1372 1885 1406 1927 ab
1417 1885 1470 1914 istis
1481 1886 1594 1916 consilia
1603 1888 1671 1919 inita
1681 1892 1707 1920 &
1719 1893 1868 1924 constituta
1879 1917 1887 1931 ,
1909 1902 1940 1926 ut
1951 1906 2119 1937 quacunque
2129 1911 2200 1940 opus
2213 1903 2278 1934 effer
2289 1906 2407 1943 ratione,
2428 1919 2473 1938 res

1373 1930 1411 1951 ita
1423 1923 1572 1953 duceretur
1581 1947 1590 1960 ,
1608 1932 1656 1962 ut,
1679 1929 1730 1958 &a
2243 1941 2245 1945 ’

1350 1959 1510 2005 Amicitiam
1521 1962 1623 1994 utilitas
1635 1967 1783 2010 constituit.
1823 1969 1881 2000 Cic.
1894 1980 1919 2000 2.
1935 1973 1971 2002 de
1984 1973 2073 2004 Finib.
2087 1981 2132 2013 78.
2167 1977 2365 2019 Manebitergo
2377 1984 2475 2013 amici..

1372 2005 1411 2027 tia
1423 2000 1548 2035 tamdiu,
1570 2003 1703 2038 quamdiu
1712 2004 1840 2043 sequetur
1855 2009 1977 2041 utilitas:
2002 2014 2029 2042 ἀ
2046 2013 2066 2042 fi
2079 2014 2185 2044 utilitas
2206 2017 2357 2049 amicitiam
2376 2023 2477 2052 consti-

1372 2043 1451 2071 tuet,
1470 2038 1553 2068 tollet
1568 2041 1677 2071 eadem.

1351 2073 1710 2122 AEquitatem'constituere.
1750 2081 1809 2112 Cic.
1822 2092 1848 2113 2.
1862 2084 1921 2115 Off.
1932 2096 1978 2122 41.
1998 2087 2139 2126 AEquitate
2148 2091 2340 2123 constituenda
2351 2094 2474 2128 summos

1372 2122 1437 2142 cum
1446 2113 1550 2143 lnfimls
1561 2125 1619 2153 pari
1628 2127 1687 2152 Jure
1701 2119 1846 2151 retinebat.

1352 2150 1416 2181 AEra
1429 2151 1625 2197 militantibus.⁷
1660 2155 1761 2200 [jv-5·
1772 2167 1797 2188 2.
1820 2160 1859 2188 An
1876 2160 1915 2189 est
1932 2162 2074 2200 quisquam
2087 2165 2134 2202 qui
2147 2165 2257 2197 dubitet
2273 2169 2357 2200 nullis
2367 2170 2475 2208 injuriis

1370 2189 1465 2218 vestris
1478 2211 1487 2225 ,
1508 2189 1528 2218 fi
1540 2201 1599 2229 quae
1609 2194 1681 2222 rorte
1693 2194 1842 2231 aliquando
1857 2197 1970 2229 fuerunt
1984 2222 1992 2236 ,
2015 2211 2136 2239 unquam
2162 2214 2239 2241 aeque
2259 2216 2339 2243 quam
2359 2219 2476 2241 munere

1371 2233 1482 2270 patrum
1493 2228 1523 2256 in
1543 2229 1674 2267 plebem,
1696 2241 1780 2275 quum
1795 2244 1846 2264 aera
1867 2236 2052 2269 militantibus
2066 2241 2215 2272 constituta
2228 2242 2308 2281 sunt,
2332 2246 2476 2279 Tribunos

1371 2264 1462 2301 plebis
1471 2265 1591 2297 offensos
1606 2277 1800 2301 aeconeitatos
1815 2272 1878 2303 effe.

1348 2301 1585 2349 AEstlm3tl⁰¹¹em·.
1622 2306 1680 2336 Cic.
1694 2318 1718 2342 ς.
1736 2308 1812 2339 Verr.
1825 2320 1889 2347 213.
1912 2312 2021 2344 Deinde
2033 2324 2083 2345 cur
2101 2317 2132 2346 in
2153 2327 2211 2348 uno
2221 2325 2327 2353 genere
2345 2321 2402 2352 solo
2417 2324 2475 2355 fru.

1370 2349 1459 2369 menti
1474 2341 1522 2370 ista
1531 2343 1675 2374 aestimatio
1687 2346 1866 2378 constituitur
1875 2350 1889 2379 ἶ)

2013 1000 2085 1021 vram
2103 995 2189 1036 magis
2200 1005 2282 1032 quani
2292 996 2473 1032 formidinem

1345 2381 1457 2416 *Agmen
1467 2380 1642 2411 constituere.
1679 2383 1697 2412 i.
1711 2393 1735 2413 e.
1759 2385 1865 2416 Sistere.
1888 2386 1945 2417 Liv.
1957 2398 2002 2425 27.
2021 2393 2064 2421 16.

1352 2417 1510 2446 Amicitiam
1522 2427 1585 2448 cum
1597 2419 1698 2457 aliquo.
1721 2421 1779 2452 Cic.
1790 2424 1826 2452 de
1837 2424 1913 2454 Petit.
1927 2426 2009 2457 Cons.
2023 2438 2069 2458 22.

1351 2455 1455 2499 Civitas
1467 2455 1538 2485 bene
1550 2467 1656 2486 morata
1666 2460 1691 2488 &
1701 2459 1774 2489 bene
1787 2462 1933 2492 constituta
1944 2486 1952 2498 ,
1971 2465 1989 2494 F
1992 2467 2102 2496 undata.
2123 2467 2183 2499 Cic.
2200 2469 2236 2500 de
2248 2471 2319 2502 Clar.
2336 2472 2416 2505 Orat.
2429 2484 2458 2513 7.

1352 2493 1502 2522 Civitatem
1514 2495 1696 2532 constituere,
1717 2497 1855 2529 Condere.
1878 2500 1981 2532 Vitruv.
1994 2502 2042 2534 lib.
2055 2514 2082 2535 2.
2092 2515 2214 2541 prooem.

1351 2530 1552 2561 Conditionem
1566 2532 1668 2569 alicui,
1693 2535 1724 2564 V.
1746 2536 1795 2571 Jus
1805 2538 1982 2571 constituere.

1352 2568 1583 2600 Controversiam.
1607 2571 1665 2601 Cic.
1685 2582 1707 2602 1.
1726 2574 1761 2604 de
1774 2575 1852 2606 Orat.
1871 2586 1934 2614 143.

1353 2606 1472 2636 Crucem
1482 2607 1539 2637 sibi.
1563 2608 1621 2638 Cic.
1637 2619 1659 2639 1.
1678 2610 1714 2648 Q.
1729 2611 1790 2642 frat.
1802 2623 1829 2643 2.

1351 2644 1500 2674 Deiectum
1510 2656 1610 2676 rerum.
1633 2647 1692 2678 Cic.
1706 2659 1729 2679 1.
1743 2650 1779 2680 de
1789 2650 1879 2681 Finib.
1896 2661 1940 2689 33.

1352 2682 1436 2726 Diem
1445 2683 1538 2713 alicui.
1560 2684 1619 2728 Cic.
1636 2695 1678 2716 12.
1694 2688 1749 2718 Art.
1762 2698 1788 2718 2.
1817 2689 1890 2720 cons
1913 2691 2085 2724 Constituere
2093 2696 2122 2725 in
2140 2697 2224 2728 diem.

1352 2721 1603 2765 Diemcolloquio‚
1624 2725 1730 2762 nuptiis
1744 2748 1752 2759 .
1776 2734 1823 2757 aut
1834 2728 1916 2758 alicui
1932 2730 1977 2759 alii
1992 2733 2041 2762 rei.
2072 2734 2157 2764 Plaut.
2174 2736 2252 2765 Trin.
2266 2745 2292 2768 2.
2303 2748 2330 2774 4.
2343 2746 2406 2775 180.

1352 2758 1435 2803 Diem
1445 2760 1570 2803 medium
1582 2761 1725 2792 constituit
1734 2764 1819 2795 Titan
1828 2788 1836 2801 ‚
1861 2766 1995 2798 Meridies
2007 2771 2054 2800 est.
2076 2772 2140 2802 Sen.
2159 2774 2271 2811 Hippoi.
2284 2780 2309 2805 6.

1352 2796 1765 2843 Disceptationemconstituere
1777 2825 1785 2838 ‚
1806 2804 1825 2832 ι’.
1838 2813 1861 2833 e.
1885 2806 1960 2842 quod
1977 2808 2130 2839 Accordare
2141 2811 2287 2849 scripturas
2299 2814 2405 2845 dicunt.
2427 2817 2475 2847 Ci-

1369 2844 1437 2864 cero
1446 2845 1474 2864 in
1486 2835 1683 2868 Partitionibus
1696 2849 1757 2875 104.
1780 2840 1820 2870 Ex
1833 2843 1947 2873 rationis
1958 2853 2049 2875 autern
2061 2848 2087 2876 ἃ
2098 2858 2131 2877 ex
2141 2849 2307 2881 firmamenti
2318 2854 2474 2885 conflictio-

1372 2883 1409 2902 ne
1420 2895 1428 2907 ,
1451 2874 1560 2917 &quasi
1568 2875 1704 2919 concursu
1713 2899 1721 2912 ,
1733 2879 1853 2922 ‚quaestio
1862 2882 1985 2912 exoritur
1996 2885 2122 2921 quaedam
2138 2897 2219 2924 quam
2236 2888 2473 2928 Disceptationem

1370 2920 1461 2941 voco:
1482 2922 1576 2956 inqua
1589 2914 1656 2950 quid
1675 2922 1768 2945 veniat
1787 2918 1815 2946 in
1831 2918 1969 2954 judicium
1983 2942 1990 2954 ,
2012 2922 2038 2951 ἃ
2057 2923 2092 2951 de
2112 2934 2166 2959 quo
2182 2925 2368 2964 disceptetur,
2389 2932 2474 2964 quaeri

1371 2948 1449 2979 solet.
1490 2949 1557 2993 Haec
1571 2951 1672 2995 verba,
1693 2954 1760 2990 quid
1775 2954 1806 2984 sit
1825 2956 2012 2995 Disceptatio,
2032 2961 2190 2992 ostendunt.
2228 2963 2339 2995 Deinde
2361 2966 2475 3003 subjicit

1375 2997 1437 3023 109.
1465 2987 1648 3031 'Disceptatio
1657 2998 1768 3027 autem,
1791 3003 1875 3030 quum
1888 2995 1927 3024 est
1937 2997 2084 3027 constituta
2095 3020 2104 3034 ,
2125 3001 2297 3038 propositum
2317 3005 2371 3034 ess'e
2387 3006 2474 3036 debet

1370 3032 1472 3069 oratori
1482 3047 1490 3061 ‚
1513 3036 1568 3063 quo
1580 3036 1677 3058 omnes
1686 3033 1943 3067 argumentationes
1952 3037 2076 3073 repetitae
2088 3046 2123 3066 ex
2134 3039 2312 3070 inveniendis
2324 3042 2394 3072 locis
2407 3054 2475 3073 con-

1371 3070 1509 3099 JiCiantur.
1530 3063 1657 3096 ssudaeus.

1353 3101 1563 3131 Documentum
1586 3104 1762 3135 constituere.
1802 3106 1871 3136 Hirt.
1888 3108 1923 3138 de
1935 3108 2002 3140 Bell.
2020 3111 2074 3141 Afr.
2092 3122 2135 3148 54.
2172 3113 2289 3152 Egomet
2308 3116 2365 3155 ipse
2389 3118 2476 3150 docu-

1374 3146 1500 3168 mentum
1516 3150 1594 3170 more
1611 3141 1723 3172 militari
1732 3144 1902 3176 constituam.

1354 3177 1463 3207 Domos
1474 3178 1639 3208 constituere
1654 3201 1662 3215 ,
1683 3181 1745 3211 i.-e.
1768 3182 1922 3213 AEdiiicare.
1942 3185 2027 3214 Ovid.
2042 3195 2066 3221 3.
2081 3187 2160 3217 Trist.
2179 3199 2203 3224 9.
2215 3200 2243 3224 4.

1353 3215 1435 3246 Fides
1445 3216 1483 3244 rei
1493 3216 1801 3250 nonestconstituenda
1812 3221 1839 3249 in
1856 3220 1923 3251 servi
1935 3224 2017 3253 unius
2030 3225 2188 3262 quaestione.
2210 3227 2274 3266 Ulp.
2288 3229 2345 3260 inl.
2361 3240 2384 3261 ι.
2405 3233 2430 3270 §z
2440 3234 2477 3264 ad

1373 3254 1561 3290 q'uaestionem.
1584 3255 1618 3284 D.
1632 3255 1668 3285 de
1680 3257 1883 3294 quaestionibus.

1354 3291 1453 3322 Finem
1462 3292 1500 3321 rei
1509 3292 1695 3328 constituere,
1715 3305 1766 3332 pro
1781 3295 1927 3334 imponere
1937 3298 2031 3327 finem.
2072 3301 2128 3330 Cic.
2146 3311 2168 3338 3.
2187 3303 2261 3333 Verr.
2279 3315 2304 3340 ς.
2335 3305 2475 3339 Postremo

1372 3329 1547 3397 Etteffetthoc
1556 3330 1712 3366 judicatum
1725 3354 1733 3368 ‚
1756 3339 1786 3362 ut
1800 3334 1864 3365 finis
1874 3335 2025 3373 aliquando
2039 3339 2192 3374 judiciariae
2207 3344 2396 3375 controveriiae
2406 3356 2477 3376 cori-

1397 3378 1402 3396 i
1420 3377 1483 3397 uere
1497 3378 1538 3398 ur.

1354 3404 1616 3436 Finesinamicitia.
1658 3406 1717 3437 Cic.
1727 3408 1762 3437 de
1773 3408 1883 3438 Amicit.
1898 3414 1942 3446 5⁶·
1965 3411 2160 3444 Constituendi
2182 3422 2274 3447 autem
2294 3418 2358 3449 sunt

1375 3445 1442 3473 citia
1455 3444 1523 3473 fines
1536 3466 1544 3479 ‚
1565 3446 1590 3474 ἃ
1605 3445 1676 3481 quasi
1686 3447 1797 3476 termini
1807 3447 1950 3485 diligendi.

1354 3481 1542 3512 Firmamenta
1558 3482 1677 3520 Reipub.
1716 3484 1774 3513 Cic.
1792 3495 1815 3513 ι.
1832 3485 1883 3515 Act.
1901 3496 1944 3522 ις.
1975 3487 2022 3516 Sic
2042 3488 2090 3519 ille
2111 3500 2200 3521 annus
2222 3493 2279 3522 duo
2302 3494 2476 3528 firmamenta

1374 3519 1493 3557 Reipub.
1507 3529 1557 3556 per
1570 3528 1615 3549 rne
1627 3530 1712 3550 unum
1726 3521 1873 3552 constituta
1882 3545 1891 3558 ,
1912 3527 2020 3555 evertit.

1355 3556 1484 3587 Honores
1494 3559 1630 3594 temporis
1642 3559 1730 3588 causa.
1755 3560 1813 3589 Cic.
1831 3570 1852 3590 1.
1868 3561 1902 3598 Q
1920 3562 1980 3592 frat.
1994 3573 2017 3593 ι»,
2040 3563 2074 3593 Et
2089 3565 2203 3602 quidem
2214 3568 2248 3597 de
2260 3569 2308 3598 isto
2333 3580 2417 3602 eriere
2429 3573 2482 3602 lio-

1375 3605 1485 3629 norum,
1500 3595 1566 3631 quid
1578 3595 1707 3625 sentirem
1716 3597 1805 3640 scripsi
1820 3599 1855 3627 ad
1868 3606 1894 3628 te
1904 3608 1975 3629 ante.
1998 3602 2114 3639 Semper
2123 3613 2171 3633 eos
2182 3607 2293 3644 putavi,
2325 3620 2332 3638 i
2352 3611 2477 3649 vulgares

1375 3633 1462 3662 elsent
1473 3654 1482 3667 ,
1503 3632 1571 3661 viles
1583 3642 1590 3662 :
1612 3634 1630 3662 si
1648 3641 1780 3671 temporis
1791 3636 1871 3666 causa
1881 3637 2115 3669 constituerentur
2126 3662 2135 3677 ‚
2156 3642 2242 3674 leves.

1355 3668 1470 3701 Horam.
1494 3669 1613 3699 martial.
1631 3680 1673 3700 11.
1689 3681 1732 3707 74.

1447 3706 1653 3745 Constituisque
1663 3708 1761 3739 horam
1773 3732 1781 3744 ,
1803 3711 1998 3749 constituifiiue
2009 3713 2114 3745 locum.

1352 3746 1468 3782 ,Iudices
1479 3745 1515 3774 de
1527 3755 1635 3782 quaque
1647 3756 1684 3775 re.
1707 3748 1764 3776 Cic.
1780 3758 1831 3785 pro
1847 3749 1938 3779 Domo
1952 3760 1994 3786 33.

1352 3784 1497 3819 Judicium
1507 3783 1672 3812 constituere
1682 3785 1710 3813 in
1721 3784 1838 3815 sensibus
1849 3789 1913 3816 &in
1923 3798 2013 3818 rerum
2026 3792 2141 3821 notitiis.
2164 3792 2222 3823 Cic.
2235 3805 2260 3830 4.
2274 3795 2356 3827 Acad.
2368 3808 2412 3834 30.

1354 3821 1498 3857 judiciuin
1510 3821 1677 3863 constituere
1687 3823 1821 3852 dicebant
1833 3846 1839 3857 ,
1862 3836 1912 3862 pro
1933 3836 1966 3854 eo
1985 3829 2061 3862 quod
2085 3831 2122 3858 est
2138 3829 2310 3863 Constituere
2326 3838 2474 3867 actionem.

1376 3859 1434 3888 Cic.
1451 3859 1479 3886 in
1494 3858 1582 3886 partit.
1596 3869 1640 3894 99.
1662 3861 1750 3897 Atque
1762 3862 1845 3891 etiarn
1856 3871 1919 3892 ante
1930 3864 2069 3900 judicium
2082 3888 2089 3899 .
2110 3869 2147 3897 de
2160 3871 2355 3901 conibtueiido
2366 3874 2422 3911 ips)
2433 3876 2476 3910 ju-

1374 3897 1449 3925 dicio
1459 3895 1529 3924 solet
1538 3895 1593 3938 esse
1605 3899 1749 3926 contentio
1764 3919 1771 3928 ‚
1794 3909 1879 3935 quum
1895 3911 1943 3931 aut
1956 3903 2021 3932 sitne
2033 3906 2153 3934 actioilli
2168 3908 2213 3943 qui
2227 3912 2297 3945 agit,
2324 3913 2475 3946 autjamne

1374 3934 1405 3964 sit
1419 3955 1427 3969 ‚
1448 3939 1569 3963 aurnum
1580 3943 1636 3968 Jam
1647 3934 1701 3965 esse
1711 3936 1821 3968 desierit
1833 3958 1842 3974 ,
1864 3946 1911 3967 aut
1933 3939 2017 3969 illane
2032 3941 2093 3980 lege
2107 3965 2117 3979 ,
2138 3944 2215 3973 huuc
2237 3948 2327 3978 verbis
2341 3948 2372 3977 fir
2385 3953 2454 3978 attio
2466 3972 2474 3985 ,

1861 3975 1880 4006 P
1889 3988 1909 4015 p
1918 3987 1964 4015 pp
1985 3988 2002 4009 2
2328 3989 2475 4018 Quaeritur:

2368 3420 2396 3450 iri
2408 3424 2478 3453 ami-
