2667 4145
228 162 275 204 76
635 156 663 191 A
758 155 792 189 D
889 153 922 187 V

233 240 256 270 A
264 251 282 269 D
291 250 307 269 v
318 249 333 269 a
342 249 357 268 R
367 249 379 269 s
388 249 407 269 A
415 249 435 268 T
444 247 461 268 o
470 248 486 267 R
498 260 506 273 ,
527 238 590 267 oris.
613 246 650 266 m.
674 231 854 272 [dvam-ris]
877 234 932 269 Qui
949 229 1110 261 adversatur.
1149 226 1232 257 Unde
1245 225 1278 255 fit
1371 262 1376 269 ἡ

234 279 283 308 AD
293 288 309 307 ν
321 288 334 306 Ε
343 287 359 305 R
368 287 380 306 s
390 287 437 306 AT
446 287 462 305 R
472 287 480 305 1
491 286 518 305 x.
549 275 613 305 Ter.
628 275 727 303 Heaut.
742 284 765 308 5.
782 282 806 309 3.
823 283 849 307 4.
891 271 1018 299 Ullamne
1033 277 1084 302 ego
1097 276 1154 294 rem
1165 274 1287 302 unquam
1302 263 1389 298 volui,

273 315 341 352 quin
352 321 381 344 tu
396 315 424 343 in
435 324 467 343 ea
484 323 512 342 re
528 313 596 342 mihi
612 311 776 341 adversatrix
786 310 869 338 fueris
879 307 1016 337 Sostrata?
1047 305 1133 334 l’laut.
1146 303 1229 333 Most.
1247 313 1271 332 1.
1287 312 1311 339 3.
1329 312 1390 330 100.

271 353 356 382 Nune
368 352 524 382 assentatrix
534 350 643 379 scelesta
654 350 692 378 est
701 371 709 383 ,
731 347 839 376 dudum
851 344 1013 375 adversatrix
1026 348 1092 385 erat.

233 390 255 420 A
264 401 283 420 D
292 401 309 419 v
319 400 358 419 ER
367 400 379 419 s
388 401 397 418 1
406 399 426 418 ‘r
435 399 452 418 o
462 399 476 417 r<
488 411 496 423 7
519 384 701 424 [amm-171⁵]
730 386 842 414 Nomen
858 383 896 412 est
911 381 944 410 ab
961 391 994 409 eo
1007 380 1114 409 dictum
1124 401 1132 415 ,
1152 378 1229 416 quod
1241 377 1391 406 Adversum

271 428 328 462 ire,
354 437 406 465 pro
419 426 538 456 Obviam
550 426 606 460 ire,
635 425 762 453 dicimus.
809 421 882 450 Nam
900 417 1078 448 adversitores
1094 417 1215 447 Romani
1230 416 1328 446 Servos
1345 425 1391 452 ap-

293 465 397 499 ellant,
425 464 471 501 qui
482 470 551 492 eunt
561 461 703 492 adversum
720 459 835 488 domino
848 479 856 492 ,
886 456 1022 492 illumque
1040 456 1186 485 deducunt
1203 456 1228 484 ἃ
1241 454 1404 483 reducunt..

298 503 353 532 nde
369 502 444 541 apud
458 501 543 531 Plaut.
560 501 588 529 in
605 498 712 529 Mostel.
725 508 750 532 4.
765 506 790 525 2.
813 495 956 524 inducitur
969 494 1059 523 servus
1074 493 1251 523 Adversitoris
1263 492 1388 526 nomine,

271 542 319 578 qui
332 550 397 570 cum
409 538 540 569 Phanisco
559 536 702 567 adversum
716 535 739 563 it
756 533 872 562 domino
886 532 935 561 suo
949 532 1059 571 potanti
1070 532 1147 570 apud
1163 531 1293 560 amicum.
1325 529 1389 559 Ter.

267 578 386 616 Adelph.
399 586 423 606 2.
439 587 461 605 1.
498 584 518 604 r.
850 608 856 614 ἢ

311 616 377 645 Non
387 614 470 643 rediit
478 587 533 642 1130
547 613 629 641 nocte
644 619 658 638 a
672 618 754 639 coena
766 607 933 638 AEsehmus‘?

310 653 409 690 Neque
420 650 588 680 servulorum
600 648 744 685 quisquam
755 669 763 681 ,
784 647 831 684 qui
841 644 985 675 adversum
996 645 1106 675 ierant‘.>
1183 643 1239 674 Ubi
1250 643 1387 678 Donatus,

268 689 380 728 Proprie
392 690 501 718 locutus
511 688 563 716 est:
586 695 650 714 nam
662 684 845 714 Adverfitores
856 684 996 713 dicuntur.

231 729 253 758 A
262 739 281 757 D
292 739 308 757 v
318 739 356 757 ER
365 738 376 757 s
387 739 394 755 1
405 736 424 755 *r
434 736 452 755 A
463 736 474 754 s
485 747 492 759 ,
514 720 684 760 [amum]
710 723 823 751 denom.
845 732 861 751 a
870 722 985 751 nomine
994 720 1137 755 Adversus,
1153 730 1178 756 a,
1193 730 1258 755 um,
1281 720 1319 748 est
1339 720 1389 755 (ut

267 766 304 795 fic
315 765 424 800 dicam)
445 761 629 792 Contrarietas
641 770 673 790 ac
684 760 724 790 Re
735 760 888 797 mgnantia.
911 759 980 789 Plin.
997 759 1045 788 lib.
1062 769 1072 787 1
1082 769 1104 787 1.
1121 769 1181 796 cap.
1195 769 1239 793 25.
1274 758 1387 793 Magna,

266 803 358 840 inquit
369 825 376 838 ,
397 808 508 839 putatur
519 799 573 829 esse
587 798 725 837 scorpioni
749 809 780 828 us
790 798 935 827 adversitas
949 807 1014 827 cum
1029 796 1210 826 stellionibus.
1234 796 1260 824 h.
1273 805 1294 824 e.
1319 795 1389 824 Stel-

265 841 355 870 liones
370 842 395 869 Sc
410 838 568 876 scorpiones
580 837 732 866 creduntur
744 836 793 865 s1bi
805 836 927 866 invicem
939 835 1091 869 adversari,
1109 834 1295 870 contrariique
1306 843 1338 862 ac
1348 834 1390 862 in-

264 878 323 907 felli
339 877 401 907 else.

226 915 250 945 A
258 926 277 944 r>
287 926 303 944 v
313 926 327 944 E
335 926 351 945 R
360 925 372 944 s
382 926 391 943 1
402 924 418 943 o
427 936 436 950 ,
451 913 522 943 onis.
543 913 614 943 Inde
623 912 685 943 sunt
693 911 852 942 locutiones
860 911 915 941 illae
926 933 933 947 ,
954 908 1120 940 Adverfione
1130 918 1222 938 emere
1231 931 1238 944 ,
1255 908 1386 944 vendere,

265 952 422 982 conducere
432 974 440 987 ,
460 952 561 981 locare.
597 951 629 981 V.
652 961 671 979 A
679 961 697 980 ν
707 961 720 979 r,
728 961 744 979 r.
753 960 765 979 s
775 961 784 978 1
794 960 820 979 0.
1217 984 1222 990 ⁸

226 991 249 1021 A
258 1001 276 1019 D
286 1001 303 1020 v
313 1000 327 1019 Ε
336 1001 353 1019 R
362 1001 382 1019 'r
391 1000 407 1019 o
418 1012 427 1025 ,
448 991 485 1025 ti,
507 989 566 1019 sum
577 1011 585 1024 ,
607 989 763 1025 [ἐνηςρέφω]
785 990 839 1017 ere.
862 987 900 1016 est
912 986 1011 1023 Aliquo
1032 985 1080 1021 (h.
1094 995 1118 1014 e.
1138 984 1178 1013 Ad
1188 984 1313 1021 ahquid)
1329 993 1390 1013 ver-

260 1035 327 1058 tere.
369 1028 422 1057 Cui
437 1028 606 1057 contrarium
620 1027 658 1056 est
669 1049 676 1061 ,
700 1027 835 1056 Avertere.
856 1023 966 1054 Veteres
980 1032 1029 1060 per
1039 1033 1056 1051 0
1067 1022 1191 1051 scribunt
1206 1023 1365 1051 Advortere.

260 1067 410 1096 Advertere
421 1066 447 1095 se
458 1065 559 1103 aliquo.
587 1065 700 1095 Terent.
714 1064 785 1094 Eun.
797 1074 823 1093 2.
839 1071 863 1098 3.
878 1072 920 1097 50.
961 1061 1011 1090 Illa
1021 1060 1075 1091 sese
1085 1061 1192 1089 interea
1203 1061 1386 1090 commodum

280 1104 336 1133 huc
350 1104 507 1133 advorterat
517 1126 524 1139 ,
554 1103 587 1133 In
598 1103 670 1132 hanc
681 1102 800 1131 nostram
813 1101 943 1138 plateam.
987 1138 993 1143 ·
1364 1135 1370 1141 .

260 1142 409 1172 Advertere
425 1141 487 1171 urbi
506 1151 614 1178 agmen.
651 1141 723 1177 Virg.
744 1149 784 1169 12.
809 1139 870 1168 AEn.
895 1148 957 1173 555.
985 1148 1003 1166 1.
1023 1147 1047 1166 e.
1079 1136 1184 1166 Contra
1202 1136 1318 1171 urbem⁷
1346 1141 1385 1165 art

279 1180 400 1209 Servius.
438 1180 484 1209 Sic
501 1179 611 1208 Adverti
625 1178 756 1212 Orienti,
779 1178 804 1207 Sc
822 1175 926 1205 similia.
958 1174 1095 1204 Columel.
1115 1174 1163 1203 lib.
1183 1183 1206 1209 3.
1226 1184 1284 1211 cap.
1301 1183 1343 1203 12.
1357 1177 1384 1202 6.

279 1218 318 1248 Ut
336 1218 365 1247 111
380 1217 449 1247 locis
468 1218 574 1255 frigidis
591 1216 745 1245 meridiano
761 1216 854 1244 vineta
870 1213 1066 1249 subjiciantur:
1097 1212 1200 1250 tepidis
1213 1212 1323 1242 Orienti
1337 1211 1385 1241 ad-

276 1262 428 1285 vertantur.
450 1256 477 1285 h.
491 1266 514 1285 e.
533 1255 680 1284 Vertar-itur
691 1254 726 1283 ad
739 1253 894 1283 Orientem.

258 1293 408 1324 Advertere
426 1293 599 1329 [ὡθυμᾶαᾟ]
626 1302 675 1330 per
692 1291 881 1328 metaphoram
895 1300 947 1327 pro
966 1288 1188 1329 Animadvertere
1199 1310 1206 1323 ,
1227 1288 1382 1323 attendere,

279 1334 305 1361 6<
317 1332 390 1369 quasi
402 1331 551 1360 observare.
581 1330 646 1360 Ter.
658 1330 758 1359 Heaut.
771 1340 796 1365 4.
815 1339 837 1358 1.
850 1339 895 1364 44.
937 1327 1004 1356 Non
1016 1327 1121 1356 adverti
1132 1327 1232 1364 primo.

258 1370 391 1399 Animum
404 1369 546 1399 advertere
556 1391 563 1404 ,
584 1378 635 1406 pro
647 1369 756 1397 eodem.
786 1366 850 1397 Ter.
864 1366 935 1395 Eun.
950 1375 974 1400 3.
991 1375 1012 1393 1.
1031 1373 1056 1402 7.

257 1408 391 1438 Animum
407 1407 566 1441 advertere,
595 1416 647 1444 pro
662 1406 827 1442 Intelligere.
857 1403 921 1433 Ter.
940 1403 1048 1432 Phorm.
1067 1412 1091 1439 5.
1109 1411 1134 1439 7.
1153 1405 1196 1431 16.
1237 1400 1383 1438 Postquam

276 1452 423 1484 tantopere
434 1446 463 1474 id
476 1455 525 1474 vos
536 1443 608 1474 velle
619 1444 743 1473 animum
757 1443 937 1472 adverteram.
1243 1478 1248 1482 .

257 1484 408 1514 Advertere
419 1484 543 1512 animum
553 1482 612 1511 haec
625 1503 632 1517 ,
654 1491 705 1518 pro
716 1481 827 1510 Vertere
838 1480 963 1509 animum
974 1479 1008 1508 ad
1020 1479 1088 1508 haec.
1110 1476 1219 1507 Lucret.
1230 1476 1307 1507 hb.2.
1321 1485 1382 1514 124.

337 1520 400 1588 Igoc
414 1521 498 1551 etiam
512 1520 597 1558 magis
610 1519 670 1549 haec
684 1520 809 1548 animum
821 1524 849 1547 te
862 1518 1005 1547 advertere
1020 1527 1069 1555 par
1083 1516 1121 1546 est

362 1569 392 1588 or
415 1569 462 1588 ora
500 1560 551 1588 &e

257 1570 423 1632 adverteres,
443 1581 499 1626 sirie
513 1597 622 1632 adjedto
633 1618 641 1631 ,
668 1605 719 1634 pro
730 1593 897 1632 Intelligere.
931 1592 999 1622 Plin.
1015 1591 1064 1621 lib.
1077 1597 1103 1625 8.
1120 1601 1180 1629 cap.
1198 1601 1241 1620 10.
1278 1590 1381 1621 Hausta

275 1634 406 1664 hirudine
416 1657 423 1669 ,
445 1644 527 1672 quam
539 1634 623 1672 vulgo
633 1631 822 1671 sanguisugam
833 1630 946 1669 coepiffe
957 1629 1090 1669 appellari
1098 1630 1226 1673 adverto.

256 1673 406 1703 Advertere
423 1673 548 1702 animum
559 1694 566 1707 ,
597 1672 675 1701 aliter
692 1677 825 1709 praeterea
845 1670 969 1703 dictum.
1000 1678 1050 1706 pro
1070 1667 1224 1705 Diligenter
1238 1667 1381 1696 observare

278 1716 361 1748 atque
373 1720 485 1740 curare:
516 1712 542 1740 ἃ
557 1709 707 1747 aliquando
719 1719 769 1746 pro
780 1707 929 1737 Attendere
941 1707 976 1736 ad
992 1716 1024 1735 ea
1036 1715 1096 1743 quae
1108 1706 1248 1734 dicuntur.
1282 1705 1340 1735 Liv.
1351 1716 1377 1742 4.

275 1759 322 1784 45.
361 1749 542 1778 Adverterent
552 1749 659 1777 animos
671 1757 707 1777 ne
718 1746 786 1784 quid
798 1747 864 1775 novi
878 1745 1014 1774 tumultus
1026 1743 1133 1773 Labicis
1145 1744 1270 1772 oriretur.

255 1787 358 1818 Animo
369 1809 377 1822 ,
398 1786 553 1823 Diligenter
563 1786 742 1815 considerare.
764 1784 833 1813 Plin.
849 1783 897 1812 lib.
910 1793 954 1812 22.
969 1793 1029 1820 cap.
1045 1793 1067 1811 1.
1100 1782 1236 1818 Equidem
1248 1783 1273 1811 :Sc
1284 1781 1381 1824 sormae

272 1825 359 1862 gratia
369 1847 376 1860 ,
405 1825 528 1861 ritusque
541 1825 668 1862 perpetui
684 1825 713 1852 in
724 1821 886 1860 corporibus
900 1821 954 1851 suis
966 1821 1070 1857 aliquas
1081 1826 1237 1862 exterarum
1254 1826 1381 1856 gentium

272 1862 314 1892 uti
325 1862 417 1892 herbis
434 1862 601 1899 quibusdam
613 1884 620 1897 ,
648 1862 762 1891 adverto
777 1860 880 1889 animo.
924 1859 1010 1895 Quod
1022 1858 1120 1887 Cicero
1136 1857 1207 1886 dlxrt
1218 1879 1226 1893 ,
1250 1857 1382 1887 Animad-

271 1906 359 1930 verto.
400 1900 492 1930 Multa
507 1899 588 1929 Plinii
602 1899 770 1937 exemplaria
781 1898 904 1933 habent,
925 1897 1066 1926 Animum.

253 1938 366 2005 qurrid
383 1939 508 1975 graviter.
539 1937 603 1967 Ter.
622 1938 723 1968 Heaut.
741 1946 765 1974 3.
787 1945 811 1973 3.
832 1946 858 1972 9.
899 1934 1055 1973 Diligenter
1071 1934 1183 1963 adverte
1200 1933 1235 1962 de
1253 1932 1379 1962 librariis.

300 1976 333 2006 ic.
366 1999 371 2005 .
388 1977 442 2005 Att.
475 1998 482 2005 .

230 2047 233 2050 .
253 1987 473 2049 Adveriebaturf
492 2013 719 2051 impersonaliter.
750 2012 808 2041 Cic.
824 2022 846 2041 1.
861 2011 936 2041 Fam.
953 2021 976 2040 1.
1017 2009 1091 2039 Nam
1100 2008 1293 2039 advertebatur
1301 2008 1382 2038 Pom-

274 2053 332 2090 peji
345 2052 493 2081 familiares
505 2052 633 2081 ass'entire
642 2051 776 2080 Volcatio.
799 2049 894 2079 Lamb.
909 2047 1140 2078 Advertebantur.

254 2090 410 2120 Advertunt
421 2090 564 2119 hominem
575 2100 617 2119 res
627 2089 787 2126 inligniores
797 2111 805 2123 ,
827 2094 874 2117 aut
887 2097 966 2116 novae
977 2109 985 2121 ,
1007 2092 1055 2115 aut
1065 2085 1242 2114 admirandae.
1270 2084 1339 2113 Plin.
1355 2094 1377 2114 1.

273 2128 356 2166 Epist.
373 2137 415 2157 10.
455 2127 544 2157 Multa
554 2129 583 2156 in
593 2128 732 2165 Euphrate
748 2126 784 2155 fic
793 2126 919 2155 eminent
930 2147 937 2159 ,
960 2124 1140 2158 &relucent‚
1162 2128 1193 2152 ut
1203 2123 1382 2165 mediocriter

274 2175 386 2203 quoque
395 2166 492 2195 doctos
502 2166 645 2195 advertant
655 2167 681 2195 δε
695 2164 834 2193 adficiant.
856 2163 990 2200 Loquitur
1000 2163 1035 2191 de
1045 2161 1085 2191 Eu
1096 2162 1184 2190 )h1·ate
1194 2161 1317 2197 quodam
1327 2161 1381 2189 luae

273 2205 360 2233 aetatis
391 2203 553 2241 hilosopho,
569 2205 595 2233 Se
605 2204 634 2232 in
644 2202 788 2232 nonnullis
799 2200 1004 2239 exemplaribus
1014 2200 1062 2234 est,
1099 2206 1199 2233 ertant,
1212 2199 1238 2227 h.
1251 2209 1274 2227 e.
1289 2199 1382 2227 Atten-

272 2242 357 2271 tiores
380 2241 473 2270 aciant
482 2242 517 2270 ad
528 2241 758 2270 considerandum
769 2262 777 2274 .,
800 2242 825 2269 Sc
836 2239 907 2276 quasi
917 2239 949 2268 In
961 2238 1175 2267 admirationem
1184 2242 1355 2266 convertant.

254 2279 403 2309 Advertere
415 2278 536 2315 aliquem
546 2278 581 2308 ad
595 2278 629 2308 ali
651 2279 708 2308 uid.
739 2278 787 2307 Sil.
804 2278 863 2307 Ital.
878 2277 926 2306 lib.
943 2281 985 2306 16.

335 2316 418 2347 Illum
432 2326 483 2354 ego
498 2318 532 2346 ad
546 2317 629 2346 incen
643 2326 670 2346 as
682 2317 871 2355 trepidantem
884 2317 910 2345 Sc
922 2314 991 2344 saeva
1002 2318 1151 2352 paventem

335 2355 483 2384 Advertam
497 2355 592 2392 patriae
606 2355 691 2384 sedes.

254 2391 369 2423 Animos
381 2393 504 2422 monitis.
534 2392 618 2422 Ovid.
635 2403 676 2429 15.
693 2392 762 2422 Met.
777 2401 839 2428 140.

253 2431 369 2461 Animos
381 2431 416 2459 ad
428 2430 599 2467 religionem.
629 2430 737 2460 Lucret.
754 2429 802 2460 lib.
818 2439 841 2466 3.
858 2439 900 2465 54.

254 2469 387 2500 Animum
400 2468 549 2498 levillimis.
579 2468 668 2498 Tacit.
685 2478 725 2504 13.
743 2469 813 2497 Anu.
826 2477 873 2504 49.

255 2508 343 2536 Aures
358 2506 393 2535 ad
407 2516 514 2535 vocem.
546 2506 628 2536 Ovid.
645 2517 667 2536 1.
683 2506 751 2536 Fast.
766 2515 826 2543 179.

257 2545 343 2575 Aures
355 2545 478 2573 monitis.
508 2543 630 2581 Propert.
645 2555 668 2574 1.
685 2555 708 2574 1.
724 2553 767 2581 37.

256 2583 358 2612 Aurem
373 2581 481 2611 fabulis.
510 2581 631 2611 Martial.
645 2587 669 2612 6.
684 2586 728 2618 64.

257 2619 374 2649 Cursum
384 2619 487 2655 aliquo.
519 2619 602 2649 Ovid.
617 2630 640 2657 3.
658 2620 726 2650 Met.
740 2621 805 2656 636.

256 2657 394 2687 Mentem.
424 2657 497 2694 Virg.
511 2663 534 2690 8.
553 2658 613 2687 AEn.
628 2669 692 2694 440.

257 2695 372 2725 Numen
383 2694 494 2724 lusibus.
526 2695 609 2725 Ovid.
622 2706 647 2726 2.
664 2696 744 2726 Trist.
757 2703 821 2733 223.
839 2693 875 2723 ad
886 2692 1037 2731 Augustum
1048 2690 1189 2721 Caesarem.

258 2733 374 2762 Oculos.
404 2732 472 2762 Plin.
485 2733 515 2761 111
528 2733 626 2770 Paneg.

258 2771 361 2800 Pedem
372 2771 447 2808 ripae.
476 2769 550 2808 Virg.
562 2775 587 2800 6.
604 2771 666 2801 AEn.
681 2774 743 2808 386.

258 2808 375 2838 Vultum
388 2808 471 2838 alicui
481 2809 530 2837 rei.
560 2809 643 2838 Ovid.
659 2815 683 2843 8.
701 2808 770 2838 Met.
783 2813 848 2843 482.

258 2846 378 2882 Durius,
399 2847 418 2876 i.
431 2856 455 2876 e.
474 2845 588 2876 Gravius
601 2849 738 2876 coercere.
766 2846 856 2875 Tacit.
870 2853 893 2878 3.
911 2843 981 2873 Ann.
996 2853 1037 2878 52.
1366 2879 1371 2885 ¹

257 2884 291 2915 In
302 2885 441 2922 aliquem,
462 2894 513 2922 pro
529 2885 754 2914 Animadvertere
764 2906 772 2918 ,
801 2883 854 2912 five
867 2881 975 2911 Punire.
1006 2880 1096 2910 Tacit.
1110 2890 1133 2916 5.
1149 2880 1219 2910 Anu.
1233 2889 1258 2916 9.
1299 2878 1386 2909 Placi-

277 2929 338 2952 tum
350 2922 464 2960 posthac
476 2928 508 2951 ut
518 2922 547 2951 in
558 2922 677 2960 reliquos
689 2922 781 2958 Sejani
792 2921 893 2950 liberos
904 2919 1099 2948 adverteretur.

259 2961 426 2996 Advertere,
446 2959 562 2990 subaudi
577 2960 686 2990 Proram
703 2959 746 2990 vel
762 2959 870 2989 Navem
881 2980 889 2993 ,
910 2958 927 2986 i.
940 2967 964 2987 e.
986 2956 1133 2995 Appellere
1144 2977 1152 2990 ,
1176 2955 1316 2985 advenire.
1351 2954 1383 2985 V.

281 2998 419 3028 Drakenb.
436 2998 472 3027 ad
485 2997 533 3028 Sil.
549 3008 571 3028 1.
585 3004 649 3032 288.

222 3038 271 3067 An
281 3046 297 3066 v
307 3045 372 3065 ERT
382 3046 425 3065 EN
435 3046 447 3066 s
457 3058 465 3071 ,
487 3037 568 3066 entis.
589 3037 607 3066 i.
621 3046 644 3066 e.
667 3034 903 3065 Animadvertens.
938 3032 1021 3062 Ovid.
1037 3042 1078 3069 14.
1097 3031 1167 3062 Met.
1180 3040 1243 3069 270.

339 3090 375 3094 —
384 3074 530 3103 advertens
543 3074 641 3112 pensas
655 3074 796 3103 examinat
809 3071 916 3101 herbas.

222 3114 447 3147 ADVRRTOR‚
469 3111 500 3141 V.
516 3112 656 3141 inactivo.

222 3150 245 3180 A
255 3160 272 3178 D
284 3160 299 3178 ν
310 3159 323 3177 13
333 3158 344 3177 s
353 3159 367 3177 1’
377 3159 413 3177 ER
424 3160 441 3178 A
451 3160 462 3179 s
473 3159 489 3178 0
500 3161 509 3178 1
520 3159 540 3179 T
549 3172 557 3185 ,
586 3144 775 3186 [συσκοτάζει]
798 3147 882 3177 Instat
899 3145 1002 3183 vesper.
1029 3146 1046 3175 i.
1063 3155 1086 3174 e.
1109 3144 1301 3182 Vespertinum
1316 3149 1385 3173 tem-

259 3197 321 3225 pus.
361 3186 394 3215 Et
404 3187 441 3216 est
451 3187 486 3217 de
495 3188 585 3218 verbis
597 3197 657 3226 quse
667 3186 858 3217 Grammaticis
869 3185 1000 3214 dicuntur
1010 3183 1152 3220 Exemptae
1165 3183 1289 3212 aetionis.
1317 3183 1382 3212 Ter.

259 3225 330 3254 And·
345 3232 368 3258 3.
382 3235 408 3259 4.
422 3234 446 3253 2.
477 3225 538 3260 Jam
550 3225 756 3263 advesperascit.
785 3224 853 3253 Plin.
866 3222 912 3251 lib.
926 3232 950 3259 7.
968 3231 1028 3259 cap.
1043 3231 1085 3256 52.
1120 3220 1229 3249 Deinde
1241 3230 1326 3257 quum
1338 3221 1385 3249 ad-

260 3261 456 3300 vesperavilset.
479 3264 536 3293 Cic.
548 3275 574 3300 4.
592 3264 666 3293 Verr.
681 3272 742 3300 147.
775 3262 871 3298 Quum
881 3261 936 3296 jam
947 3257 1190 3297 advesperasceret,
1205 3258 1381 3288 discellimus.

223 3300 243 3330 A
253 3310 270 3329 D
280 3310 297 3329 ν
309 3311 316 3328 ι
327 3308 344 3327 G
356 3300 367 3327 ῑ
377 3310 392 3327 1,
401 3310 418 3327 0
429 3321 437 3334 ,
466 3300 697 3339 [wessmyevme'as]
728 3300 882 3337 Diligenter
898 3297 1010 3333 vigilare
1020 3319 1028 3332 ,
1059 3298 1084 3326 Sc
1100 3306 1149 3333 per
1163 3295 1383 3332 translationem,

259 3336 349 3367 Alicui
361 3337 400 3365 rei
414 3337 573 3368 incumbere
584 3362 592 3374 ,
613 3348 725 3377 operam
738 3338 810 3367 dare.
841 3337 906 3367 Ter.
920 3335 988 3365 And.
1004 3346 1030 3371 4.
1045 3344 1067 3364 1.
1086 3344 1127 3370 50.

377 3390 412 3394 -—
422 3384 485 3403 nam
500 3376 561 3406 satis
576 3379 660 3406 credo
671 3399 678 3411 ,
700 3376 719 3405 fi
733 3374 933 3413 advigilaveris,

339 3411 380 3441 Ex
393 3412 455 3441 unis
470 3414 591 3448 geminas
608 3415 675 3444 mihi
691 3413 822 3444 conficies
836 3412 956 3450 nuptias.
1095 3446 1100 3452 .

258 3449 336 3491 Heus
352 3455 381 3478 tu
394 3471 401 3483 ,
423 3450 549 3486 advigila.
630 3453 717 3482 Plaut.
799 3451 842 3482 Ad
853 3449 984 3489 significat
1002 3448 1189 3477 intentionem
1201 3447 1226 3476 δι
1242 3445 1280 3475 est
1297 3446 1384 3473 ἐπιπι-

279 3484 338 3518 ἳυων
351 3505 358 3517 ‚
384 3493 415 3515 ut
428 3487 456 3515 in
472 3488 613 3518 Adamare.
634 3490 669 3519 H.
681 3490 720 3519 St.

258 3524 478 3565 Siadvigilamus
492 3534 542 3562 pro
553 3527 590 3555 rei
603 3527 744 3564 dignitate.
776 3527 833 3556 Cic.
848 3526 883 3556 de
896 3525 974 3555 Petit.
988 3522 1069 3553 Cous.
1083 3533 1127 3559 44.

260 3562 413 3599 Advigilare
424 3562 459 3591 ad
475 3563 588 3600 aliquid.
621 3566 678 3594 Cic.
694 3575 718 3594 2.
737 3566 771 3594 de
784 3564 878 3602 Legib.
892 3574 935 3599 29.
977 3562 1008 3592 Ei
1037 3558 1163 3591 colendae
1179 3559 1298 3596 virgines
1317 3568 1384 3596 111·εο-

278 3600 346 3642 ljnt,
367 3606 398 3642 ut
409 3601 572 3638 advigiletur
582 3601 688 3632 facilius
698 3603 732 3634 ad
743 3603 895 3633 custodiam
904 3601 984 3639 ignis.
1005 3600 1033 3630 h.
1048 3609 1071 3628 e.
1088 3597 1243 3635 Diligenter
1255 3597 1383 3634 vigiletur

278 3644 458 3673 Ι111113100001
469 3660 476 3673 ,
497 3648 533 3668 ne
546 3639 731 3677 extinguatur.

259 3674 358 3704 Alicui.
382 3674 477 3704 Tibul.
492 3685 517 3705 2.
532 3680 557 3705 6.

259 3711 443 3779 Ar‘slffgrssamiu
460 3713 516 3750 pila
532 3713 633 3743 somnis
655 3723 757 3751 regum.
787 3714 813 3743 11.
832 3724 856 3744 0.
888 3713 1010 3752 Regibus
1029 3710 1241 3742 dormientibus.
1274 3708 1341 3740 Stat.
1357 3719 1379 3739 1.

326 3760 340 3778 e
350 3759 369 3778 1.
387 3758 446 3786 147.

339 3787 405 3816 Non
420 3787 562 3824 impacatis
576 3798 671 3825 regum
686 3788 862 3826 advigilantia
877 3790 979 3822 somnis

340 3824 397 3891 {ila
407 3834 488 3889 ,bnec
503 3825 607 3854 alterna
620 3827 684 3856 serii
700 3827 812 3856 statione
827 3835 969 3864 gementes

365 3871 416 3890 xeu
440 3872 478 3890 ue.

222 3899 244 3928 A
253 3909 271 3928 n
280 3908 297 3929 ν
308 3910 316 3928 1
326 3910 343 3929 ν
353 3909 370 3928 0
380 3921 388 3934 ,
410 3899 540 3936 [ἑπιζζκῖν]
560 3899 638 3929 Idem
654 3901 729 3936 quod
741 3900 854 3937 snnplex
868 3901 937 3929 Vivo
947 3923 954 3934 ,
975 3901 1022 3930 sed
1033 3902 1071 3930 est
1083 3899 1198 3930 verbum
1211 3898 1383 3928 rarissimum.

260 3937 329 3966 Plin.
346 3936 392 3965 lib.
411 3946 451 3969 15.
471 3947 530 3972 cap.
549 3944 588 3970 18.
630 3938 731 3967 Eadem
746 3945 838 3966 autem
852 3939 965 3967 fortuito
977 3939 1032 3967 Ritu
1046 3939 1148 3967 advivit
1160 3939 1188 3966 in
1202 3938 1295 3965 medio
1311 3938 1379 3966 soro.

260 3974 306 4003 Sic
317 3974 383 4011 legit
402 3975 564 4003 llermolaus
576 3997 583 4009 ,
605 3984 669 4004 cum
680 3976 731 4005 alia
746 3976 913 4012 exemplaria
929 3976 1049 4004 habeant
1060 3976 1141 4004 Vivit.
1180 3974 1300 4004 Scaevola
1319 3975 1346 4003 in
1362 3974 1379 4003 l.

260 4011 394 4041 Alumnae.
416 4011 449 4040 D.
466 4012 500 4040 de
515 4012 596 4042 adim.
617 4013 668 4050 leg.
710 4013 743 4043 Et
762 4013 825 4042 alibi
839 4014 867 4042 in
885 4013 1012 4043 pandect.
1032 4014 1196 4050 frequenter.
1235 4012 1381 4050 Inscriptio

1471 234 1551 256 vetus
1563 227 1638 264 apud
1650 226 1815 269 Gruterum.
1842 238 1869 265 p.
1893 238 1972 265 1145·
1991 240 2018 259 n.
2035 236 2060 264 8.
2100 230 2256 259 CONIVGI
2283 229 2363 259 CVM
2392 227 2471 265 QVO
2500 229 2596 260 ADVI-

1474 265 1513 294 Xl
1527 265 1542 294 s
1563 265 1645 294 SINE
1666 264 1841 300 QVthLA.
1881 267 1915 295 Et
1928 278 1954 303 p.
1971 278 2048 302 1115.
2065 278 2092 297 11.
2108 274 2132 302 8.
2160 268 2367 297 ADVIVENTE
2388 268 2446 296 EO.

1435 301 1485 331 An
1498 314 1513 330 υ
1525 314 1567 345 LA
1577 313 1588 331 5
1599 324 1607 337 ,
1629 305 1643 338 [J
1655 300 1774 336 Α’ἕιλας]
1788 303 1886 333 'Mons
1903 304 2055 334 Germanice
2066 328 2074 337 .
2097 306 2142 343 qui
2156 305 2269 343 Alpibus
2286 306 2418 335 theticis
2437 305 2489 334 five
2506 306 2597 335 monti

1474 341 1565 369 Sancti
1578 340 1721 383 (iotthardi
1735 340 1767 368 ab
1779 348 1840 383 ortu
1851 344 2036 377 eonnectitur,
2052 344 2209 372 continenti
2219 344 2331 380 quidem
2342 344 2422 380 jugo:
2445 350 2476 372 ut
2486 341 2597 384 Alpium

1475 378 1517 406 vel
1531 378 1671 418 braclnum
1685 378 1731 421 vel
1741 388 1827 411 marus
1843 389 1930 408 cornu
1948 381 2003 409 dici
2017 388 2107 418 queat.
2148 382 2237 418 Adyas
2248 387 2363 410 vocatur
2379 380 2483 410 Alcinto
2494 402 2501 415 ,
2522 381 2596 418 quast

1473 415 1636 444 Inaccellus.
1656 415 1704 459 wV.
1724 416 1852 445 Rhaetica:
1864 417 1946 454 Alpes
1957 440 1964 451 ,
1987 419 2016 448 In
2036 430 2051 447 u
2061 429 2080 447 1-1
2090 430 2114 447 AE
2123 428 2159 447 T1
2172 429 2198 447 A.
2226 420 2252 448 Sc
2266 419 2346 456 supra
2366 429 2383 447 A
2395 429 2410 446 o
2421 428 2438 447 v
2450 428 2467 447 A
2478 429 2494 446 L
2505 429 2521 446 L
2530 429 2547 447 A
2558 429 2579 448 s.

1437 453 1459 482 A
1470 463 1487 481 n
1498 457 1514 481 ῦ
1526 465 1539 496 ¹:
1551 465 1557 481 1
1568 463 1581 496 s
1591 475 1598 487 ,
1621 454 1633 489 [
1646 453 1755 487 ..amq
1777 454 1877 484 Civitas
1887 456 2050 493 [Ethiopire.
2067 467 2127 493 (1113·
2138 458 2163 486 [Q
2175 457 2262 486 Panos
2273 456 2360 486 insula
2371 457 2480 485 dicitur.
2509 456 2597 494 Oppi-

1476 491 1540 519 daur
1556 492 1687 520 dicuntur
1705 490 1724 519 A
1736 502 1751 519 o
1763 501 1780 520 υ
1791 503 1824 520 Lx
1841 502 1853 520 1·
1863 504 1894 522 ffi.
1935 493 1965 522 V.
1985 495 2117 529 Stephani.

1438 529 1461 558 A
1471 539 1488 557 n
1499 539 1516 557 u
1527 540 1541 556 L
1552 540 1559 556 1
1572 538 1589 557 ‘r
1600 538 1616 557 o
1627 538 1646 557 N
1657 550 1667 571 ,ι
1695 526 1809 571 Assia..
1827 530 1975 560 Ptolemaeo
1986 554 1994 566 ,
2024 531 2170 569 Oppidum
2188 532 2226 561 est
2245 532 2413 561 maritimum
2433 532 2462 560 in
2481 530 2598 568 Troglo-

1477 567 1604 607 dytarum
1615 575 1725 602 regione
1737 589 1744 601 ,
1765 568 1817 596 hve
1829 578 1860 597 ea
1870 569 2018 605 AEthiopize
2030 575 2107 606 parte
2117 591 2124 604 ,
2146 580 2205 606 quae
2217 568 2265 598 sub
2277 569 2398 606 AEgypto
2407 570 2442 598 ad
2454 579 2528 598 mare
2541 569 2599 606 spe-

1476 608 1531 633 ctat
1543 627 1550 637 ,
1578 613 1728 647 commune
1744 605 1907 644 AEthiopum
1920 609 1945 636 &
1957 607 2191 644 Troglodytarum
2205 607 2364 644 emporium
2375 629 2382 641 ,
2404 618 2419 636 a
2431 607 2511 637 servis
2523 629 2530 641 ,
2551 607 2599 643 qui

1475 652 1494 708 ᾗ
1498 644 1638 708 Ι11011111ὶοιέ
1648 642 1827 679 profugerant
1837 666 1844 679 ,
1872 645 2020 674 conditum
2030 668 2038 681 ,
2066 646 2141 674 unde
2160 646 2186 674 8(
2200 654 2305 673 nomen
2316 645 2418 679 habet,
2448 652 2478 674 ut
2493 645 2600 674 indicat

1509 691 1544 709 ru.
1573 690 1578 707 1
1601 703 1606 708 .
1642 689 1780 715 .ca).29.

1438 718 1460 747 A
1470 728 1486 746 D
1496 722 1512 746 ἰ
1522 729 1535 746 1.
1546 728 1562 760 o
1572 728 1598 751 1.,
1616 690 1769 760 [genicula
1779 715 1878 750 Sua-nim,
1888 716 2041 752 πὲπΘι-ιπτόω,
2051 719 2228 755 μειλίπομοᾳ]
2242 719 2289 748 ari.
2305 720 2446 749 Affentari.
2458 719 2599 756 AdulatiO,

1475 756 1565 792 inquit
1579 756 1686 784 Nonius
1697 777 1704 789 ,
1726 756 1764 784 est
1779 756 2004 787 Blandimentum
2020 758 2130 796 proprie
2149 766 2267 786 canum:
2299 758 2375 795 quod
2386 759 2412 787 St
2424 759 2459 787 ad
2472 758 2600 788 homines

1474 796 1591 822 tractum
1603 792 1805 823 consuetudine
1816 794 1863 824 est.
1886 795 1962 825 Valla
1976 795 2022 824 lib.
2037 807 2059 831 5.
2078 800 2119 831 56.
2158 794 2269 824 Adulari
2280 817 2288 830 ,
2309 796 2346 824 est
2356 795 2487 825 Inservire
2499 797 2525 825 8:
2537 806 2600 833 cap-

1475 837 1550 872 tare.
1567 838 1598 859 ut
1608 831 1730 875 fayprem
1740 841 1911 862 emereamur
1923 844 2035 871 quoquo
2046 834 2131 863 modo
2141 856 2148 867 ,
2163 833 2207 862 vel
2218 842 2288 861 voce
2297 854 2305 866 ,
2327 833 2369 862 vel
2382 834 2465 870 gestu.
2500 833 2599 870 Estque

1475 874 1594 898 traetum
1616 873 1661 895 >xm
1680 869 1716 912 τὲ·
1731 866 1793 896 ἓέλε
1806 889 1813 900 ,
1848 872 1924 908 quod
1940 872 1978 900 est
1993 871 2092 900 servus.
2138 871 2171 900 Et
2190 870 2253 900 sane
2275 871 2384 900 Adulari
2396 893 2403 905 ,
2433 871 2527 901 servile
2542 871 2598 906 est,

1476 917 1534 936 non
1549 906 1660 935 liberale
1673 908 1870 944 &ingenuum
1911 910 1967 938 Sed
1984 909 2017 938 ab
2034 909 2193 938 Alludendo
2204 931 2212 943 ,
2233 908 2277 937 vel
2293 908 2327 937 ab
2340 909 2507 938 Accedendo
2521 910 2547 939 ἃ
2559 908 2600 937 111-

1477 945 1572 974 dendo
1589 944 1654 973 duci
1665 967 1673 979 ,
1702 944 1779 974 Festo
1791 946 1900 983 placet3
1930 947 2035 976 ibidem
2056 947 2187 976 Dacerius
2202 953 2299 975 monet
2317 947 2346 975 in
2363 946 2443 977 MSS.
2460 946 2514 984 legi
2527 946 2601 976 Ado-

1475 983 1525 1012 lari
1544 993 1594 1020 pro
1610 981 1731 1011 Adollari
1742 1005 1750 1017 ,
1771 990 1803 1012 ut
1813 984 1844 1013 fit
1860 985 1932 1024 quali
1947 985 1987 1014 Ad
2005 985 2089 1014 ollam
2106 986 2145 1015 ire
2156 1008 2164 1021 ,
2185 984 2271 1014 ollam
2286 984 2381 1014 sectari
2392 1007 2400 1022 ,
2434 985 2511 1023 quod
2525 984 2600 1014 Para-

1476 1021 1530 1050 {itis
1545 1020 1667 1049 solenne.
1709 1020 1792 1050 Ovid.
1810 1032 1851 1057 14.
1868 1023 1936 1052 Met.
1949 1026 1995 1059 46.

1558 1061 1663 1095 Agmen
1677 1058 1842 1088 adulantum
1856 1062 1948 1090 media
1962 1061 2090 1098 procedit
2103 1061 2131 1089 in
2145 1059 2215 1090 aula.

1476 1098 1577 1134 Aperte
1588 1095 1748 1125 adulantem
1759 1107 1843 1126 nemo
1854 1108 1911 1127 11011
1921 1099 2006 1128 videt.
2037 1098 2095 1128 Cic.
2112 1099 2141 1127 111
2154 1098 2238 1128 Lrelio
2249 1109 2293 1134 99.
2336 1102 2337 1110 ¹

1476 1134 1584 1164 Adulor
1596 1134 1725 1172 aliquem.
1749 1134 1806 1165 Cic.
1821 1146 1845 1165 2.
1858 1136 1893 1165 de
1902 1137 1994 1166 Divin.
2007 1140 2032 1166 6.
2071 1137 2205 1167 Adulatus
2219 1137 2358 1166 fortunam
2373 1136 2493 1166 alterius.
2517 1135 2600 1165 Colu-

1496 1172 1560 1215 mel.
1577 1172 1624 1201 lib.
1638 1182 1662 1210 7.
1680 1182 1739 1210 cap.
1757 1183 1798 1203 12.
1820 1174 1855 1203 de
1871 1174 2001 1209 canibus,
2023 1174 2067 1203 Illi
2082 1184 2192 1211 quoque
2210 1175 2300 1204 furem
2311 1174 2466 1204 adulantur.
2498 1174 2556 1204 Cic.
2575 1184 2599 1203 1.

1496 1211 1553 1240 Ost.
1571 1221 1614 1245 91.
1655 1210 1816 1253 Cavendum
1831 1212 1869 1241 est
1881 1234 1889 1247 ,
1923 1223 1959 1242 ne
1979 1212 2187 1242 assentatoribus
2204 1213 2402 1249 patefaciamus
2421 1222 2518 1247 aures,
2548 1221 2602 1242 nec

1494 1248 1600 1278 adulari
1620 1258 1671 1277 nos
1683 1249 1809 1278 lmamus.
1851 1250 1937 1287 Quod
1950 1251 2063 1288 quidam
2079 1250 2181 1289 pallive
2198 1250 2305 1280 dictum
2322 1257 2431 1289 putant.
2472 1251 2539 1280 Non
2555 1250 2602 1279 de-

1495 1287 1558 1315 sunt
1568 1294 1664 1315 tamen
1676 1287 1723 1323 qui
1735 1288 1832 1316 active.

1475 1324 1589 1354 Adulari
1606 1324 1698 1353 alicui.
1729 1325 1848 1361 Quintil.
1863 1325 1909 1354 lib.
1923 1336 1949 1362 9.
1963 1336 2022 1363 cap.
2039 1335 2061 1361 3.
2101 1325 2255 1355 Verborum
2275 1336 2341 1355 vero
2358 1326 2451 1363 figurae
2469 1327 2496 1355 ἃ
2513 1330 2604 1354 muta-

1494 1369 1530 1392 tae
1544 1362 1606 1391 sunt
1622 1362 1728 1400 semper
1739 1384 1747 1397 ,
1769 1364 1795 1393 ἃ
1806 1371 1949 1401 utcunque
1966 1364 2053 1393 valuit
2067 1364 2240 1393 consuetudo
2251 1386 2259 1399 ,
2280 1370 2432 1393 mutantur.
2473 1363 2569 1400 Itaque
2583 1363 2602 1393 fi

1494 1401 1641 1437 antiquum
1652 1400 1807 1430 sermonem
1818 1402 1910 1430 nostro
1921 1412 2115 1440 comparemus
2126 1424 2133 1437 ,
2154 1412 2227 1440 pene
2236 1403 2293 1438 jam
2304 1402 2438 1444 quicquid
2448 1401 2601 1438 loquimur,

1494 1439 1580 1476 figura
1591 1438 1646 1468 est:
1676 1444 1727 1473 ut,
1747 1438 1821 1468 Huic
1835 1440 1874 1468 rei
1889 1440 2033 1475 invidere,
2062 1450 2120 1468 non
2138 1447 2170 1469 ut
2189 1449 2288 1469 omnes
2303 1447 2408 1469 veteres
2419 1462 2428 1473 ,
2460 1440 2486 1469 δι
2502 1439 2601 1469 Cicero

1495 1477 1651 1515 praecipue,
1669 1476 1742 1506 hanc
1754 1487 1829 1506 rem:
1852 1479 1897 1512 Sc,
1919 1478 2084 1507 Incumbere
2095 1478 2135 1506 illi
2149 1500 2156 1512 ,
2179 1478 2277 1506 nonin
2289 1477 2386 1507 illum:
2417 1479 2463 1512 Sc,
2486 1477 2603 1507 Plenum
2643 1477 2651 1515 J

1495 1516 1578 1549 vino.
1600 1524 1658 1543 non
1669 1515 1744 1544 vini:
1774 1516 1819 1550 St,
1840 1515 1929 1551 Huic,
1951 1526 2010 1544 non
2022 1516 2098 1545 hunc
2114 1515 2247 1551 Adulari⁷
2269 1517 2324 1552 jain
2340 1516 2457 1545 dieitur:
2483 1515 2603 1544 &mille
2654 1527 2656 1530 ⁴

1494 1553 1564 1582 alia:
1592 1553 1754 1590 utinamque
1769 1563 1827 1582 non
1844 1554 1939 1591 pejora
1956 1554 2078 1583 vineant.
2117 1554 2183 1590 Quo
2200 1554 2263 1583 1000
2282 1553 2402 1590 Quintil.
2416 1553 2546 1582 dictionis
2558 1552 2602 1582 Ci-

1495 1591 1650 1620 ceronianae
1666 1590 1693 1619 se
1703 1590 1784 1620 valde
1800 1591 1987 1629 negligentem
2001 1592 2130 1621 ostendit.
2171 1591 2278 1621 Totum
2294 1592 2429 1630 liquidem
2442 1598 2539 1621 contra
2548 1590 2602 1621 esse

1495 1629 1594 1657 horum
1607 1627 1755 1657 verborum
1767 1629 1895 1666 exempla
1909 1630 1938 1658 in
1951 1629 2005 1658 11οο
2019 1640 2103 1668 opere
2118 1630 2315 1659 demonstrant.

1437 1667 1461 1697 A
1469 1678 1487 1696 D
1496 1671 1513 1696 ῦ
1524 1678 1539 1695 L
1548 1677 1564 1695 o
1575 1689 1582 1700 ,
1604 1666 1714 1695 Vetuste
1725 1667 1831 1696 dictum
1842 1677 1892 1704 pro
1906 1667 2027 1697 Adulari.
2054 1668 2112 1697 Cic.
2125 1678 2150 1697 2.
2167 1667 2248 1698 Tusc.
2260 1678 2306 1704 24.

1519 1705 1594 1734 Tum
1608 1704 1706 1739 Jecore
1720 1705 1816 1742 opimo
1831 1706 1915 1740 farta,
1938 1707 1964 1735 St
1975 1705 2069 1735 satiata
2082 1705 2197 1740 affatim,

1519 1742 1685 1779 Clangorem
1700 1742 1793 1771 fundit
1805 1743 1926 1772 vastum:
1953 1744 1979 1773 Sc
1993 1743 2110 1772 sublime
2124 1743 2257 1773 advolans

1519 1781 1633 1809 Pinnata
1646 1780 1735 1809 cauda
1748 1781 1871 1810 nostrum
1883 1781 1978 1810 adulat
1991 1781 2161 1819 sanguinem.
2244 1782 2263 1810 i.
2275 1790 2298 1811 e.
2320 1780 2447 1819 Detergit
2457 1782 2484 1811 &
2493 1779 2597 1819 palpat.
2638 1780 2643 1788 ‘

1477 1818 1634 1849 Turnebus.
1673 1817 1780 1848 Lucret.
1798 1818 1844 1848 lib.
1861 1830 1884 1853 5.
1902 1829 1981 1857 1072.
2001 1819 2036 1848 de
2051 1820 2175 1849 canibus.

1557 1856 1652 1893 Longe
1666 1856 1720 1885 alio
1734 1858 1815 1894 pacto
1830 1857 1946 1894 gannitu
1961 1857 2037 1887 vocis
2052 1857 2175 1887 adulant.

1478 1893 1617 1923 Adulandi
1628 1894 1724 1923 libido.
1756 1894 1846 1924 Tacit.
1859 1906 1885 1931 4.
1902 1895 1970 1924 Hzst.
1983 1905 2029 1931 49.

1439 1931 1568 1961 Anum
1584 1942 1662 1967 rro,
1683 1932 1754 1961 onis.
1784 1932 1802 1961 f.
1835 1934 1990 1969 [ωιλαμ-εἱσι,
2022 1933 2136 1968 θωπεὶοι]
2172 1932 2230 1963 Cic.
2247 1942 2273 1963 2.
2294 1933 2330 1962 de
2348 1932 2413 1962 Nat.
2436 1932 2517 1962 Deor.
2540 1937 2600 1969 158.

1478 1969 1585 1999 Canum
1598 1980 1662 1999 vero
1676 1976 1732 1999 tam
1742 1969 1797 1999 fida
1808 1970 1932 2000 custodia
1943 1993 1951 2006 ,
1973 1977 2084 2008 tamque
2097 1980 2192 2001 amans
2207 1972 2387 2001 dominorum
2400 1970 2532 2000 adulatio.

1477 2008 1607 2037 Adulatio
1618 2030 1625 2042 ,
1654 2009 1683 2037 in
1701 2007 1787 2037 altero
1803 2007 1962 2046 significatu.
1995 2008 2052 2038 Cic.
2072 2010 2101 2037 in
2115 2008 2200 2038 Laelio
2211 2020 2256 2045 91.
2296 2009 2411 2038 Nullam
2429 2009 2458 2037 in
2473 2007 2604 2037 amicitiis

1498 2047 1601 2084 pestem
1612 2046 1666 2075 ell'e
1678 2047 1811 2081 majorem
1820 2068 1827 2081 ,
1849 2056 1931 2084 quam
1942 2046 2132 2076 adulationem
2143 2069 2151 2083 ,
2173 2047 2322 2077 blanditias
2332 2069 2340 2083 ,
2361 2046 2581 2076 attenuationem.

1477 2084 1599 2114 Absurda
1609 2083 1742 2114 adulatio.
1771 2083 1860 2114 Tacit.
1875 2094 1896 2120 3.
1914 2085 1985 2114 Ann.
1997 2094 2042 2121 47.

1478 2122 1637 2151 Foediilima
1654 2122 1785 2151 adulatio.
1818 2122 1907 2152 Tacit.
1924 2122 1970 2152 lib.
1986 2132 2010 2159 3.
2028 2131 2069 2157 57.

1477 2159 1571 2190 Foedis
1583 2160 1709 2189 adversus
1719 2160 1860 2191 Neronem
1870 2160 2087 2190 adulationibus.
2116 2160 2197 2190 Idem
2214 2171 2256 2198 15.
2272 2162 2343 2190 Ann.
2360 2171 2403 2198 59.

1478 2198 1611 2228 Gliseens.
1642 2198 1733 2227 Tacit.
1747 2209 1769 2227 1.
1787 2199 1857 2228 Anu.
1875 2209 1917 2234 14.

1474 2235 1619 2268 Indecora.
1645 2237 1720 2265 Suet.
1736 2237 1765 2265 in
1778 2236 1887 2273 August.
1904 2246 1927 2272 3.
1942 2247 1969 2272 4.

1477 2274 1622 2311 Quaesitior
1632 2274 1755 2303 adulatio
1766 2297 1774 2309 ,
1796 2274 1822 2303 11.
1835 2284 1858 2303 e.
1881 2273 2054 2312 Exquisitior.
2085 2273 2175 2304 Tacit.
2191 2283 2217 2311 3.
2232 2274 2304 2304 Ann.
2319 2284 2361 2313 57.

1476 2313 1582 2349 Segnis.
1612 2312 1702 2342 Tacit.
1718 2323 1739 2342 1.
1757 2311 1825 2342 Hist.
1840 2316 1882 2346 36.

1476 2349 1558 2380 Tristi
1571 2350 1735 2380 Adulatione
1745 2350 1872 2380 adversus
1883 2349 2045 2388 superiores.
2075 2349 2167 2380 Tacit.
2183 2360 2224 2379 11.
2242 2351 2313 2379 Ann.
2325 2359 2369 2379 21.

1476 2388 1607 2455 Adgrklrtio
1619 2389 1648 2417 in
1659 2388 1789 2426 aliquem.
1821 2388 1911 2418 Tacit.
1926 2398 1950 2418 1.
1967 2389 2039 2418 Ann.
2056 2398 2096 2425 13.
2137 2388 2230 2418 Multa
2246 2395 2356 2427 patrum
2374 2389 2400 2418 Sc
2416 2387 2447 2417 in
2459 2387 2606 2426 Augustam

1496 2437 1512 2455 a
1534 2437 1550 2455 u
1565 2433 1629 2455 atio.

1477 2464 1593 2501 Semper
1605 2473 1709 2501 maguae
1720 2464 1837 2493 fortunae
1848 2473 1941 2494 comes
1953 2464 2029 2494 adest
2038 2464 2172 2494 adulatio.
2197 2464 2300 2494 Patere.
2316 2463 2363 2493 lib.
2377 2473 2401 2494 2.
2416 2473 2479 2494 102.

1477 2502 1674 2532 Adulationem
1692 2502 1816 2531 induere.
1844 2502 1934 2532 Tacit.
1951 2514 1973 2537 5.
1989 2504 2059 2531 Ann.
2295 2522 2320 2533 κ,

1477 2540 1594 2569 Demitti
1612 2541 1640 2569 in
1657 2539 1857 2569 adulationem.
1889 2540 1978 2570 Tacit.
1996 2551 2038 2576 14.
2055 2543 2126 2570 Arm.

1479 2577 1580 2616 Lapsos
1592 2579 1621 2607 in
1631 2578 1821 2613 adulationem
1834 2578 1983 2607 cohibebat
1999 2578 2063 2615 ipse.
2094 2578 2187 2607 Tacit.
2198 2588 2224 2613 4.
2241 2578 2313 2607 Ann.
2327 2581 2352 2607 6.

1441 2616 1491 2646 An
1503 2627 1518 2644 u
1530 2628 1544 2644 L
1553 2621 1568 2645 Ᾰ
1579 2626 1645 2644 'roa
1655 2638 1663 2651 ,
1679 2612 1781 2652 [κόλαξ
1790 2638 1798 2651 ‚
1814 2613 1987 2651 mammis]
2005 2616 2162 2645 Asl'entator.
2177 2615 2233 2652 Qui
2244 2615 2309 2645 ficto
2320 2616 2452 2649 amore,&
2461 2613 2604 2652 obsequio,

1479 2654 1592 2692 gratiam
1603 2664 1634 2683 ac
1648 2654 1761 2682 favoren
1777 2660 1868 2691 captat
1883 2664 1890 2683 :
1912 2654 2043 2691 elligitur
2059 2653 2203 2684 Adulatori
2214 2654 2369 2682 contrarius
2382 2653 2494 2682 Amicus
2508 2661 2604 2682 verus:

1479 2702 1582 2730 nempe
1599 2692 1646 2728 qui
1658 2691 1730 2721 nihil
1747 2691 1853 2720 simulat
1868 2692 1943 2730 apud
1959 2702 2023 2721 eum
2036 2702 2119 2730 quem
2135 2698 2227 2726 amat,
2239 2728 2243 2729 .
2257 2691 2303 2720 sed
2321 2691 2407 2720 libere
2427 2693 2452 2726 6.ss
2464 2700 2499 2720 ex
2511 2691 2605 2719 animo

1479 2731 1545 2759 facit
1559 2740 1589 2758 ae
1605 2729 1674 2759 dicit
1690 2730 1793 2758 omnia.
1834 2729 1968 2759 Adulator
1979 2752 1986 2765 ,
2015 2730 2101 2759 homo
2118 2729 2185 2759 levis
2202 2736 2284 2766 atque
2300 2729 2382 2758 fallax
2393 2751 2401 2763 ,
2429 2729 2463 2758 ad
2480 2728 2607 2766 volupta-

1468 2769 1537 2797 ‘tem
1550 2768 1617 2797 facit
1628 2777 1660 2797 ae
1670 2768 1740 2796 dicit
1755 2767 1866 2803 omnia,
1894 2767 1963 2796 nihil
1984 2768 2018 2796 ad
2030 2769 2187 2797 veritatem.
2213 2767 2253 2797 Ex
2264 2767 2322 2796 Cic.
2337 2768 2366 2796 in
2382 2766 2466 2796 Laelio
2477 2777 2520 2803 91.
2535 2772 2603 2795 extr.

1478 2804 1532 2835 Ubi
1543 2812 1635 2834 tamen
1648 2806 1674 2835 h.
1687 2816 1712 2835 ν.
1726 2815 1784 2834 non
1795 2805 1890 2834 utitur.
1921 2806 1976 2835 Sed
1987 2805 2023 2834 ad
2034 2805 2157 2835 Herenn.
2172 2817 2197 2841 4·
2220 2815 2265 2840 29.

1441 2844 1463 2873 A
1474 2854 1491 2872 D
1506 2854 1522 2871 u
1534 2855 1548 2871 1.
1558 2854 1575 2872 A
1586 2854 1630 2872 vro
1641 2854 1654 2871 R
1666 2855 1674 2872 1
1685 2853 1724 2872 us
1736 2866 1743 2879 ,
1771 2843 1832 2878 Adj.
1865 2841 2012 2879 [9z2mtr9‘5]
2042 2844 2130 2876 Tacit,
2149 2847 2174 2872 6.
2194 2844 2265 2872 Anu.
2281 2852 2323 2879 32.
2365 2841 2493 2872 Vitellius
2513 2841 2607 2870 formi-
2622 2841 2625 2844 “

1480 2880 1546 2910 dine
1567 2881 1597 2910 C.
1619 2881 1727 2910 Caesaris
1743 2903 1751 2915 ,
1783 2880 1967 2910 familiaritate
1987 2881 2097 2910 Claudii
2111 2904 2118 2915 ,
2154 2888 2234 2919 turpe
2256 2881 2285 2909 10
2306 2879 2449 2910 servitium
2465 2886 2605 2915 mutatus,

1479 2919 1620 2956 exemplar
1636 2920 1711 2957 apud
1727 2919 1848 2956 posteros
1864 2919 2011 2948 adulatorii
2027 2919 2172 2948 dedecoris
2190 2918 2315 2948 habetur.

1440 2957 1463 2988 A
1472 2968 1516 3024 1ἒο
1527 2969 1543 2985 L
1552 2962 1567 2986 Ᾰ
1578 2967 1597 2985 *r
1607 2967 1621 2985 a
1632 2969 1640 2986 1
1651 2967 1667 2986 x
1679 2979 1686 2992 ,
1708 2957 1767 2986 icis.
1790 2954 2009 2992 [ιωλοικεύτρμι]
2031 2958 2101 2994 Quae
2112 2957 2216 2986 adulari
2231 2956 2307 2986 solet.
2327 2956 2412 2986 Treb.
2425 2955 2493 2985 Poll.
2505 2954 2604 2985 Claud.

1505 3019 1510 3024 .
1528 3005 1551 3030 3.
1568 3002 1637 3024 extr.

1441 3033 1670 3068 ADULATUS,
1695 3042 1728 3068 a,
1752 3042 1807 3061 um.
1837 3031 1932 3061 Partic.
1962 3032 1979 3061 i.
1999 3042 2023 3061 e.
2049 3032 2135 3061 Humi
2159 3033 2316 3070 prostratus.
2354 3031 2412 3061 Val.
2432 3030 2509 3061 Mart.
2530 3042 2556 3066 4.
2578 3038 2603 3068 7.

1478 3078 1534 3100 ext.
1554 3081 1578 3100 2.
1620 3071 1712 3100 Mater
1728 3070 1802 3100 Darii
1814 3079 1892 3099 more
1905 3069 2044 3099 Persarum
2062 3070 2260 3108 Ephel'tionem
2276 3070 2395 3100 adulata.
2425 3070 2498 3099 cous.
2512 3069 2603 3099 Eund.

1480 3113 1504 3138 6.
1522 3119 1545 3145 3.
1562 3115 1617 3138 ext.
1635 3119 1661 3138 2.

1441 3147 1489 3176 An
1500 3158 1516 3175 u
1528 3158 1544 3175 1„
1553 3157 1571 3176 A
1580 3156 1599 3175 'r
1610 3157 1627 3175 u
1637 3157 1649 3176 s
1661 3169 1668 3182 ,
1690 3147 1731 3175 us.
1754 3155 1790 3174 m.
1813 3144 1895 3174 Gloss‘.
1910 3145 1970 3174 Vet.
1993 3145 2126 3175 Adulatus
2138 3168 2145 3179 ,
2166 3146 2292 3177 υλακεέοι.

1440 3187 1461 3214 A
1473 3195 1488 3213 o
1499 3195 1516 3213 υ
1527 3196 1542 3213 L
1554 3196 1573 3213 A
1582 3195 1601 3213 'r
1610 3194 1679 3213 0110
1689 3188 1705 3212 e
1715 3195 1731 3212 L
1740 3194 1759 3212 u
1769 3193 1780 3212 s
1791 3205 1798 3218 ,
1819 3184 1836 3212 i.
1860 3193 1895 3212 m.
1920 3183 2017 3212 dimin.
2050 3184 2148 3213 Parvus
2162 3183 2298 3213 adulator.
2323 3181 2432 3212 Cathol-

1439 3223 1462 3252 A
1473 3233 1488 3250 o
1499 3233 1517 3251 U
1528 3233 1572 3250 LA
1584 3232 1671 3251 10111
1683 3232 1696 3250 E
1709 3244 1717 3257 ,
1739 3222 1806 3250 Adv.
1829 3221 1936 3264 Augult.
1955 3221 2037 3258 Epist.
2053 3228 2113 3257 148.
2127 3232 2168 3260 pr.
2208 3222 2236 3251 Si
2247 3221 2434 3260 perfunctorie
2446 3225 2528 3258 atque
2540 3221 2605 3252 adu·
2637 3227 2639 3231 “

1479 3260 1575 3289 latorie
1587 3270 1628 3289 res
1639 3267 1741 3297 agatur.
1766 3259 1839 3287 conf.
1857 3258 1982 3287 Nonium
1999 3270 2019 3288 1.
2035 3269 2098 3295 203.

1442 3298 1489 3327 Ar>
1501 3309 1517 3326 u
1530 3309 1571 3326 LA
1583 3308 1679 3326 urar.
1691 3320 1698 3332 ,
1719 3296 1795 3325 aliud
1816 3296 1882 3325 Adv.
1906 3296 2032 3331 Fulgent.
2049 3296 2162 3326 Contin.
2184 3296 2257 3333 Virg.
2276 3306 2303 3333 p.
2321 3304 2381 3333 153.
2419 3296 2502 3325 Vanae
2516 3295 2605 3325 laudis
2641 3302 2645 3310 “

1479 3336 1618 3373 appetitus
1634 3334 1696 3364 falsa
1717 3333 1862 3364 adulanter
1880 3332 2000 3370 ingesta,
2023 3335 2099 3364 velut
2111 3335 2223 3372 propria
2239 3345 2266 3364 re
2289 3340 2356 3362 utat.

1441 3373 1463 3403 A
1474 3385 1490 3402 o
1502 3384 1517 3402 u
1531 3378 1570 3402 LK
1581 3375 1641 3402 1:1⁴1.
1653 3385 1658 3400 1
1670 3383 1681 3402 s
1701 3374 1727 3402 Sc
1744 3382 1759 3401 e
1769 3395 1776 3407 ,
1800 3372 1855 3407 Qui
1875 3371 2018 3401 blanditiis
2036 3372 2139 3401 moveri
2153 3373 2248 3409 potest.
2296 3371 2378 3400 nnius
2390 3371 2465 3415 apud
2476 3370 2605 3400 Nonium

1480 3421 1505 3440 2.
1520 3415 1582 3446 669.
1622 3411 1694 3440 Huic
1704 3411 1741 3439 est
1752 3410 1859 3439 animus
1871 3410 2059 3447 propitiabilis
2070 3433 2078 3445 ,
2101 3412 2138 3439 ita
2154 3409 2345 3440 &adulabilis
2387 3411 2433 3438 bic
2444 3431 2451 3442 ,
2472 3408 2606 3438 Adulabi-
2650 3410 2652 3422 ¹

1479 3449 1513 3477 lis
1524 3448 1611 3478 sermo
1625 3471 1632 3483 ,
1653 3447 1804 3482 sententia,
1826 3448 1962 3476 Annnian.
1981 3457 2021 3483 14.
2039 3458 2079 3476 11.
2098 3451 2124 3478 ἃ
2138 3457 2180 3483 31.
2196 3458 2235 3476 12.
2261 3446 2415 3476 invadente
2427 3449 2451 3477 ἃ
2462 3446 2600 3475 Gratiano.
2614 3477 2619 3480 ,
2648 3476 2651 3485 v

1478 3487 1553 3515 Vicit
1565 3493 1657 3515 tamen
1674 3486 1779 3515 funesta
1794 3485 1930 3523 principis
1942 3486 2089 3515 destinatio
2105 3489 2131 3515 δι
2144 3484 2293 3515 adulabilis
2307 3485 2482 3522 quorundam
2497 3483 2604 3513 senten-
2620 3483 2628 3510 ἶ
2650 3498 2651 3502 =

1479 3525 1517 3554 tia
1529 3524 1676 3561 regiorum.
1700 3524 1734 3553 11.
1746 3524 1784 3553 St.

1440 3561 1462 3591 A
1471 3572 1488 3590 0
1499 3572 1514 3590 u
1525 3573 1540 3589 1,
1550 3572 1569 3590 ‘r
1578 3572 1591 3590 1,
1601 3572 1625 3596 1².,
1642 3562 1689 3591 eri.
1707 3557 1829 3598 [μοιχέε]
1846 3559 1927 3589 Unde
1937 3560 2117 3590 foemininum
2139 3562 2160 3591 A
2170 3571 2185 3589 o
2194 3571 2212 3589 u
2222 3569 2265 3589 L'r
2274 3570 2286 3588 1,
2295 3569 2347 3588 111-1.
2373 3558 2475 3591 Festus,
2491 3557 2603 3587 Adulter
2624 3595 2627 3598 Ι
2657 3562 2660 3571 ’

1478 3599 1642 3629 &Adultera
1651 3598 1861 3636 dicuntur,quia
1869 3599 1894 3628 St
1905 3597 1952 3626 ille
1963 3598 1998 3627 ad
2007 3598 2159 3635 alterium&
2169 3599 2228 3628 11ᾱο
2239 3597 2273 3627 ad
2283 3597 2400 3627 alterum
2412 3596 2437 3625 se
2448 3597 2603 3626 conferunt·

1478 3637 1592 3666 Adulter
1605 3638 1632 3665 in
1646 3637 1746 3674 aliqua.
1775 3636 1865 3666 Tacit.
1882 3645 1905 3671 3.
1924 3637 1993 3664 Anu.
2007 3646 2051 3672 24.

1476 3675 1591 3704 Adulter
1600 3674 1727 3704 omnium
1738 3670 1940 3704 cubiculorum.
1958 3673 2016 3703 Cic.
2029 3676 2058 3703 in
2071 3673 2176 3704 Sallust.
2187 3683 2230 3703 21.
2253 3672 2297 3702 Tu
2310 3671 2437 3701 omnium
2447 3672 2603 3701 mensarum
2645 3686 2647 3691 ⁴

1496 3712 1610 3746 assecla,
1632 3713 1760 3742 omnium
1779 3711 1973 3742 cubiculorum
1991 3712 2020 3740 in
2034 3713 2123 3750 prima
2136 3718 2214 3741 aetate
2231 3710 2343 3748 pellex,
2375 3712 2400 3740 Sc
2420 3709 2496 3738 idem
2510 3709 2603 3748 postea
2643 3726 2646 3748 ς

1477 3749 1603 3815 tCiillllidtrss
1618 3786 1734 3816 adulter.
1765 3786 1849 3816 Ovid.
1865 3795 1888 3814 1.
1908 3785 1997 3815 Amor.
2014 3797 2055 3815 10.
2069 3797 2095 3822 4.

1477 3823 1642 3853 Dardanius.
1666 3824 1691 3853 11.
1706 3834 1729 3853 e.
1752 3824 1833 3853 Paris.
1866 3823 1938 3860 Virg.
1958 3834 1997 3853 10.
2018 3825 2080 3854 ffln.
2093 3834 2136 3859 92.

1476 3861 1629 3891 Fraternus.
1652 3862 1678 3890 h.
1693 3871 1716 3891 e.
1738 3862 1871 3900 Thyestes
1881 3883 1888 3895 ,
1910 3861 1956 3898 qui
1969 3871 2034 3891 cum
2044 3862 2163 3900 Merope
2180 3861 2270 3891 fratris
2284 3860 2324 3890 sui
2337 3861 2412 3890 Atrei
2425 3868 2511 3889 uxore
2525 3855 2602 3888 adul·
2642 3848 2659 3870 ³⁷

1496 3900 1599 3928 terium
1617 3899 1690 3928 feeit.
1723 3900 1789 3928 Stat.
1807 3910 1829 3935 5.
1847 3899 1919 3936 SyIV.
1937 3906 1979 3933 58.

1476 3935 1600 3966 Nitidus.
1627 3937 1679 3965 i.e.
1703 3937 1846 3974 Comptus.
1877 3936 1943 3965 1101.
1958 3946 1982 3973 3.
1999 3946 2042 3972 24.
2061 3946 2104 3966 20.

1477 3975 1648 4003 Nocturnus.
1683 3974 1746 4003 lior.
1764 3983 1786 4010 3.
1804 3974 1859 4002 Od.
1877 3977 1916 4002 16.
1931 3985 1956 4008 4.

1478 4011 1642 4042 Obscoenus.
1672 4011 1769 4040 Claud.
1783 4011 1817 4041 de
1830 4011 1896 4041 Bell.
1910 4010 1983 4041 Gild.
1999 4021 2040 4047 15.
2058 4014 2119 4047 156.

2465 4045 2597 4076 Secretus.

2636 3885 2639 3898 l
2664 3895 2667 3898 .
