2600 4177
455 149 479 183 B
578 150 612 183 O
709 149 742 184 O

64 229 190 268 Compar.
211 230 389 266 Benigniores
398 238 479 267 quam
490 239 532 259 res
542 230 652 267 patitur.
675 229 732 259 Cic.
747 240 770 260 1.
782 230 838 260 Ost.
854 242 895 267 η,

63 267 226 304 Benigniora
239 269 327 296 verba.
357 267 414 297 Liv.
428 276 472 296 21.
489 277 531 302 19.
549 268 621 296 cons.
639 267 722 297 Plaut.
736 269 814 298 Trin.
829 279 853 298 2.
866 283 890 305 4.
907 275 951 305 58.

64 305 168 342 Superi.
190 305 415 342 Benignil'i'imuni
427 305 580 334 inventum.
605 304 671 333 Plin.
685 314 728 341 35.
742 315 766 335 2.
790 307 861 336 cons.
878 308 940 337 Seri.
953 308 988 336 de
997 307 1089 337 Benef
1100 317 1172 342 7.i4.

25 341 69 372 Biz
79 352 96 370 N
108 353 115 370 i
126 352 142 371 G
153 353 171 370 N
184 352 196 371 iz
207 365 215 377 ,
236 344 408 378 [φιλοφρόνως
418 363 425 376 ,
453 339 620 376 {affixe-sim]
644 342 800 372 Liberaliter
810 366 817 378 ‚
841 345 894 374 live
915 345 999 382 Large
1014 347 1039 374 Sc
1053 346 1087 374 ab
1101 345 1173 373 uide.

64 379 125 409 Ter.
139 380 205 409 Hec.
219 391 241 415 ς.
254 388 279 408 2.
295 389 317 409 1.
340 380 416 409 Nihil
432 379 505 416 apud
516 390 560 408 nic
579 380 627 408 tibi
639 379 733 409 defieri
748 382 851 418 patiar,
872 383 938 419 quin
956 382 1031 420 quod
1043 393 1080 420 op
1095 393 1113 410 is
1125 382 1154 410 lit
1167 403 1173 415 ‚

64 417 181 454 benigne
192 417 350 455 praebeatur.
392 416 443 446 Ubi
456 416 598 451 Donatus3
620 416 744 453 Benigne
759 439 766 452 ,
792 418 876 457 Large
892 443 899 455 ,
920 421 974 450 lioc
988 421 1064 450 enim
1074 420 1110 448 cst
1120 429 1177 456 gra-

63 455 116 483 tius
127 476 135 486 ,
157 464 213 483 non
230 454 316 484 solum
328 454 449 491 praebere
463 475 470 488 ,
492 454 534 483 sed
547 454 667 491 benigne
678 456 808 492 praebere.

62 491 297 530 Benignepraebet
307 494 369 521 oc‘to
383 498 487 530 portus.
512 492 578 520 Plin.
592 491 638 520 lib.
654 503 678 528 5.
691 502 750 530 cap.
765 503 807 529 31.

62 529 184 596 Egiliigne
196 552 203 564 ,
225 529 391 559 Clementer.
414 536 445 558 ut
456 551 464 565 ,
485 529 607 567 Benigne
618 535 777 568 attenteque
792 531 912 568 aliquem
928 531 1034 561 audire.
1053 531 1110 561 Cic.
1127 540 1177 569 pro

117 576 190 596 uerit.
204 572 229 601 8.

63 604 184 641 Benigne
195 605 292 634 audire
302 604 469 642 legationem
480 603 604 640 alicujus.
625 603 684 634 Liv.
701 613 725 634 1.

64 641 192 679 Benigne.
214 642 330 672 Adverb.
354 643 455 671 blande
464 642 621 673 recusantis.
642 642 708 672 Hor.
724 651 747 671 1.
766 642 848 680 Epist.
863 652 888 680 7.
901 647 946 673 62.

344 680 492 717 --quid
504 681 612 709 multa?
633 680 753 716 benigne

154 716 322 755 Respondet.
416 718 460 747 Est
478 718 553 747 enini
575 718 692 755 perinde
711 727 744 746 ac
759 717 776 746 si
798 717 925 752 diceret,
956 718 1119 748 Excusatum
1135 726 1179 747 me

81 754 199 785 habeas:
222 762 251 784 ut
262 755 337 793 apud
351 755 435 785 Aristo
458 755 484 785 h.
505 756 534 784 in
547 755 643 790 nanis,
665 751 758 786 »(9ίῶιέ
780 754 869 781 inum}
883 777 890 789 ‚
909 756 985 793 quod
1006 757 1043 785 est
1065 755 1178 790 Laudo,

82 793 222 822 renuentis
233 793 285 822 est:
309 795 334 822 ἃ
344 794 418 831 apud
432 766 596 823 ”Ferentium
607 815 615 826 ‚
639 793 730 822 Recte.
772 792 866 829 ltaque
877 793 946 822 illud
961 793 1082 829 ejusdem
1095 793 1177 831 Epist.

81 840 105 860 v.
128 833 169 860 16.
191 832 221 860 in
233 831 355 860 eundem
368 831 564 869 accipiendum
573 830 680 860 sensum
694 829 748 858 effe
757 830 874 859 arbitror
883 852 891 866 ,

237 884 311 889 ——
320 876 348 898 at
359 876 388 898 tu
399 869 577 906 quantumvis
592 868 675 898 tolle:
698 867 827 905 benigne.

909 874 940 897 ut
949 867 1004 897 hoc
1013 867 1181 906 responden-

82 905 117 935 tis
134 905 164 935 sit
178 927 185 940 ‚
208 907 235 936 Sc
246 905 318 935 belle
328 906 488 936 recusantis.
508 906 632 936 Turneb.
648 905 754 934 Advers-
769 915 792 940 5.
810 914 851 942 13.
874 905 1024 935 Lambinus
1041 907 1158 944 exponit
1169 927 1178 941 ,

82 943 223 980 Benigne,
244 946 261 973 i.
274 954 297 973 e.
320 944 489 974 Liberaliter.
510 944 584 973 conf.
603 943 735 973 Causaub.
752 942 824 972 Lec‘t.
837 943 957 972 Tlieocr.
971 953 1031 980 cap.
1049 948 1090 973 16.

65 979 221 1011 Defendere
234 982 360 1019 benigne.
402 982 460 1012 Cic.
474 991 525 1020 pro
538 981 624 1011 Flacc.
640 992 684 1017 54.
705 980 761 1010 Sed
776 990 915 1017 exponam
928 981 993 1018 quid
1003 982 1031 1010 in
1042 991 1070 1010 re
1081 981 1127 1010 sit:
1150 986 1182 1010 ut

83 1019 261 1056 quamobrem
272 1019 319 1049 ista
329 1020 423 1050 civitas
433 1029 524 1056 neque
534 1018 623 1049 severe
632 1019 762 1049 Flaccum
777 1019 964 1056 oppugnarit,
984 1029 1075 1057 neque
1087 1019 1183 1056 benig-

83 1066 119 1086 ne
131 1057 287 1086 defenderit
300 1079 308 1094 ‚
331 1057 399 1087 scire
414 1057 529 1095 poffitis.

64 1094 141 1125 Dicis
159 1094 287 1131 benigne.
327 1095 391 1124 Ter.
406 1096 515 1125 Phorm.
529 1105 553 1132 ς.
566 1099 591 1128 8.
605 1097 651 1124 62.
686 1093 720 1124 At
735 1103 786 1132 ego
802 1094 906 1124 ecastor
922 1094 1035 1132 posthac
1045 1094 1095 1123 tibi
1107 1094 1182 1131 quod

83 1138 181 1170 potero
193 1154 201 1167 ,
223 1134 248 1162 &
260 1143 321 1169 quae
331 1132 407 1162 voles
419 1133 605 1169 faciamque&
615 1132 715 1161 dicam.
737 1142 761 1161 P.
784 1131 905 1170 benigne
913 1133 992 1162 dicis.
1015 1142 1045 1162 N.
1068 1132 1117 1170 pol
1125 1141 1183 1161 me-

84 1171 167 1199 ritum
178 1170 216 1199 est
224 1177 310 1199 tuum.
334 1172 409 1200 conf.
422 1171 507 1201 Plaut.
523 1170 608 1200 Truc.
622 1180 645 1199 1.
657 1179 683 1200 2.
698 1178 744 1206 27.

65 1207 164 1238 Facere
176 1208 306 1245 benigne.
327 1209 390 1238 Ter.
408 1208 483 1238 Adel.
501 1219 524 1243 ς.
539 1219 566 1243 4.
579 1217 623 1244 24.

144 1247 200 1282 Age
211 1267 219 1280 ‚
240 1256 289 1283 age
299 1268 306 1280 ‚
328 1256 405 1276 nunc
414 1247 590 1284 experiamur
599 1251 696 1275 contra
706 1245 766 1274 haec
775 1244 842 1282 quid
854 1255 906 1282 ego
917 1245 1034 1283 possiem

144 1283 248 1313 Blande
259 1284 350 1314 dicere
364 1306 372 1320 ,
392 1291 440 1314 aut
451 1285 570 1322 benigne
582 1283 671 1313 facere
682 1305 690 1318 ,
715 1283 828 1321 quando
840 1283 894 1312 huc
909 1289 1050 1320 provocat.

67 1319 187 1358 Benigne
195 1320 263 1350 fieri.
304 1321 361 1352 Cic.
382 1332 405 1352 i.
427 1322 484 1352 Off.
496 1332 541 1357 42.
573 1321 730 1350 Videndum
742 1321 780 1350 est
792 1321 867 1350 enim
878 1323 999 1359 primum
1011 1331 1046 1350 ne
1054 1320 1125 1350 obiit
1135 1319 1182 1349 be-

85 1358 204 1395 nignitas
224 1360 250 1389 &
271 1359 305 1389 iis
323 1360 384 1398 ipsis
392 1359 492 1398 quibus
506 1359 626 1397 benigne
635 1359 773 1388 videbitur
790 1358 847 1387 fieri
859 1381 866 1393 ,
889 1361 914 1388 Sc
933 1359 1040 1389 ceteris.
1062 1359 1141 1389 Idem
1153 1367 1179 1388 2.

86 1395 143 1426 Off.
165 1406 206 1432 52.
230 1397 302 1426 Nam
311 1404 359 1427 aut
370 1408 455 1436 opera
467 1398 587 1435 benigne
600 1396 631 1426 fit
639 1396 829 1434 indigentibus
843 1403 889 1426 aut
901 1398 1029 1434 pecunia.

65 1433 176 1464 Invitari
188 1434 316 1472 benigne.
357 1436 415 1466 Cic.
427 1445 451 1473 3.
466 1437 518 1465 Att.
528 1447 554 1470 4.
576 1435 674 1465 Adhuc
688 1435 838 1464 invitamur
850 1434 977 1471 benigne.

66 1471 218 1503 Monstrare
233 1473 304 1502 viam
313 1473 435 1511 benigne
445 1496 454 1510 ,
475 1474 521 1504 cui
533 1474 650 1503 Gravate
662 1472 823 1511 opponitur.
843 1472 899 1501 Cic.
915 1483 964 1510 pro
974 1472 1049 1503 Balb.
1065 1474 1109 1510 36.
1131 1470 1184 1502 Co-

0 1526 2 1533 >
34 1536 47 1549 .»
84 1519 144 1540 mes
154 1532 163 1546 ,
185 1510 317 1549 benigni,
338 1512 431 1542 faciles
441 1534 448 1547 ‚
470 1512 563 1541 suaves
573 1511 701 1541 homines
710 1510 764 1540 effe
775 1510 907 1540 dicuntur
919 1532 928 1546 ,

344 1551 391 1587 qui
402 1551 502 1580 erranti
512 1550 629 1579 comiter
643 1548 775 1578 monstrat
785 1548 866 1578 viam.

143 1585 267 1624 Benigne
277 1609 285 1623 ,
308 1597 365 1617 non
377 1597 486 1625 gravate
498 1609 507 1624 ,
526 1589 689 1615 communiter
702 1586 816 1624 quidem
827 1592 903 1617 certe
912 1595 971 1616 non
985 1585 1128 1616 convenit.

65 1622 193 1663 Compar.
215 1625 283 1656 Hor.
301 1635 323 1655 1.
340 1626 428 1655 Carni.
443 1637 467 1662 9.
484 1629 509 1655 6.

256 1679 330 1685 ——-
339 1670 423 1702 atque
434 1664 583 1702 benignius

143 1699 285 1739 Deprome
298 1702 473 1739 quadrimum
484 1702 587 1732 Sabina
597 1722 606 1735 ‚

183 1739 209 1768 O
226 1739 408 1776 Thaliarche,
430 1749 536 1769 metum
550 1740 637 1768 diota.

66 1775 217 1814 Benignius
228 1778 293 1807 dare
304 1788 426 1816 operam.
449 1777 534 1808 Plaut.
546 1778 633 1808 Mete.
806 1814 809 1815 .
1054 1812 1060 1818 ι
1164 1811 1171 1818 ·

66 1814 186 1852 Superi..
200 1815 392 1853 Benigniffime
398 1816 615 1846 communicare.
654 1813 713 1843 Cic.
726 1823 750 1843 1.
771 1812 846 1842 Verr.
861 1822 903 1849 33.
935 1813 1006 1842 Sunt
1025 1811 1078 1841 alia
1098 1820 1186 1848 magis

0 1877 4 1888 ,
87 1852 198 1883 occulta
207 1853 279 1883 furta
293 1876 300 1889 ,
321 1864 381 1892 quae
392 1854 438 1884 ille
451 1876 460 1889 ,
481 1861 512 1883 ut
525 1853 599 1883 istius
611 1852 706 1887 credo,
726 1852 835 1881 animos
847 1857 929 1888 atque
940 1851 1060 1889 impetus
1070 1851 1187 1879 retarda-

3 1901 12 1909 ’
31 1916 34 1918 .
87 1896 146 1927 ret,
165 1901 230 1921 cum
243 1892 384 1929 Quaestore
395 1892 442 1922 suo
458 1890 652 1929 benignissime
662 1889 889 1919 communicavit.

67 1927 263 1972 Benignissime
275 1931 443 1968 promittere.
464 1930 522 1960 Cic.
535 1941 561 1966 4.
573 1929 648 1959 Verr.
671 1927 736 1957 Aliis
748 1949 757 1963 ,
777 1927 795 1956 si
806 1927 970 1962 laudarent,
992 1925 1186 1964 benignissime

109 1973 260 1997 remittere.

33 2003 53 2035 B
61 2013 76 2032 a
85 1976 106 2033 ii
114 2016 123 2032 i
134 2014 152 2033 c
161 2014 180 2033 N
188 2007 200 2034 ῖ
209 2015 229 2034 τ
237 2015 251 2034 iz
262 2015 278 2034 R
289 2028 297 2041 ,
318 2015 369 2043 pro
380 2005 512 2044 Benigne.
532 2004 641 2035 Titinn.
665 2003 794 2033 Nimium
809 2008 837 2032 te
850 2001 1018 2041 patrocinari
1028 2000 1126 2031 censeo
1140 2000 1188 2030 be-

69 2042 198 2080 nigniter.
218 2044 326 2073 Nonius
343 2053 384 2073 11.
398 2054 424 2080 9.
722 2066 726 2070 -

32 2079 54 2110 B
63 2089 78 2109 Β
86 2089 106 2109 Ν
115 2091 125 2109 ι
135 2090 153 2109 c
163 2090 183 2108 N
193 2081 232 2109 ῑτ
242 2091 260 2110 A
270 2091 282 2111 s
291 2104 299 2117 ,
321 2083 382 2111 atis.
403 2081 422 2111 f.
445 2078 572 2121 [χςηςὸτης
584 2103 594 2116 ,
611 2078 799 2114 ὲλαεθεφιόπς]
820 2076 983 2108 Liberalitas
995 2078 1020 2107 δι
1032 2075 1188 2106 beneficen-

69 2118 118 2148 tia.
157 2118 221 2148 Ter.
233 2119 341 2150 Eun..1.
357 2130 382 2148 2.
398 2125 442 2155 84.
473 2120 549 2149 Num
560 2118 633 2148 solus
645 2117 720 2146 dona
731 2117 801 2146 dat‘?
822 2115 947 2146 nuncubi
958 2124 1047 2151 meam
1063 2115 1189 2151 benigni-

69 2161 154 2185 tatem
165 2156 262 2186 sensisti
272 2158 301 2186 in
309 2163 337 2187 te
348 2157 496 2187 claudier?
519 2157 571 2187 Ubi
580 2157 707 2186 Donatus
715 2177 723 2190 ,
744 2154 879 2191 intelligit
890 2153 916 2182 se
925 2154 951 2183 ἃ
962 2153 1036 2182 dona
1046 2152 1184 2196 obtulisse,

71 2194 135 2224 &id
147 2194 267 2232 benigne
275 2195 345 2233 saepe
354 2195 461 2226 fecisse:
483 2204 547 2224 nam
563 2194 726 2233 plerumque
736 2193 841 2230 ingrata
853 2192 927 2221 dona
939 2191 1012 2225 sunt,
1035 2191 1065 2234 in
1088 2190 1188 2234 quibu-s

70 2231 225 2270 benignitas
235 2243 293 2262 non
304 2242 437 2272 apparet:
459 2243 518 2271 quae
533 2240 581 2263 aut
594 2233 623 2262 in
640 2231 793 2269 quantitate
809 2239 900 2260 rerum
919 2228 957 2258 est
998 2234 1086 2258 autin
1101 2228 1189 2258 facili-

28 2299 30 2301 .
68 2276 122 2299 tate
136 2271 292 2309 praestantis.
315 2272 389 2302 conf.
406 2272 473 2301 Hor.
490 2271 579 2309 Epod.
595 2279 674 2306 1·3¹-
697 2271 723 2299 &
736 2269 810 2306 Nep.
821 2278 866 2299 20.
879 2276 904 2297 2.
918 2276 944 2297 2.
961 2250 1020 2297 Cic.
1033 2276 1056 2296 1.
1070 2266 1127 2297 Off.
1140 2276 1186 2303 2⁴·

69 2308 113 2337 Ne
123 2309 209 2345 major
217 2309 372 2347 benignitas
382 2310 414 2339 sit
426 2332 433 2345 ,
454 2319 537 2347 quam
550 2307 674 2338 facultas.
901 2343 907 2349 ⁸
1076 2343 1081 2348 ·
1160 2342 1166 2348 ι

69 2345 144 2376 Inter
165 2347 389 2384 Liberalitatem,
411 2347 616 2385 Benignitatem
628 2368 636 2382 ‚
658 2347 684 2375 δι
699 2344 867 2374 Comitatem
880 2343 990 2387 Videtur
1008 2342 1101 2372 nescio
1121 2341 1188 2386 qui-d

87 2384 231 2420 intereffe,
253 2393 283 2414 ut
300 2395 334 2415 eii
352 2385 445 2415 verbis
463 2385 607 2416 Ciceronis
624 2389 755 2422 apparet,
775 2382 823 2411 lib.
837 2393 862 2418 5.
877 2382 913 2410 de
927 2381 987 2411 Fin.
1006 2383 1051 2416 6ς.
1082 2379 1189 2416 Justitia

88 2423 220 2460 (inquit)
241 2423 343 2453 dicitur
354 2424 398 2453 cui
409 2423 472 2453 sunt
481 2423 618 2459 adjunctae
625 2423 715 2460 pietas
725 2442 733 2458 ‚
753 2420 904 2450 liberalitas
915 2441 924 2454 ‚
946 2418 1122 2457 benignitas,
1142 2427 1189 2448 co-

0 2470 4 2474 ·
30 2471 53 2496 .,-’
87 2461 169 2490 miras
180 2483 188 2495 ‚
210 2471 324 2499 quaeque
338 2461 401 2491 sunt
413 2462 521 2499 generis
530 2461 666 2497 ejusdem.

68 2497 242 2537 Benignitas,
264 2499 428 2529 Clementia.
450 2500 535 2529 Plaut.
548 2499 637 2529 merc.
650 2496 719 2535 prol.
735 2506 778 2532 ις.
863 2531 869 2538 ⁶

147 2537 202 2566 Sed
210 2547 242 2567 ea
250 2544 281 2567 ut
291 2537 339 2567 sim
347 2537 500 2575 implicitus
509 2537 601 2567 dicam
614 2548 627 2572 ,⁷
642 2536 661 2565 si
673 2545 758 2572 opera
769 2534 807 2563 est
813 2532 922 2577 auribus
931 2554 940 2569 ‚

149 2576 183 2604 At
203 2585 237 2604 ue
247 2576 281 2604 ad
291 2576 458 2605 vortendum
467 2576 522 2605 huc
531 2576 656 2604 animum
666 2573 742 2603 adest
755 2572 923 2609 benignitas.

71 2612 178 2643 Adduci
211 2615 371 2649 enignitate.
411 2613 443 2644 In
464 2624 484 2643 Α
493 2624 511 2642 D
520 2624 538 2642 o
549 2623 567 2642 u
578 2622 595 2642 c
605 2622 632 2641 o.
1094 2645 1100 2651 ·
1167 2645 1174 2652 ι

71 2650 171 2680 Audire
181 2650 285 2681 sumnia
294 2662 358 2681 cum
370 2652 550 2689 benignitate.
591 2650 650 2679 Cic.
659 2658 710 2687 pro
720 2648 794 2678 Sext.
807 2656 850 2684 31.
876 2645 938 2676 Etsi
947 2655 993 2676 me
1004 2644 1189 2675 attennffinus

88 2688 186 2718 animis
196 2689 298 2718 summa
309 2699 372 2719 cum
382 2690 552 2727 benignitate
561 2688 661 2718 auditis
673 2709 681 2721 ,
702 2686 817 2721 ,Iudices
827 2707 835 2717 .
852 2686 903 2728 (icc.
1133 2721 1138 2727 ⁸

69 2724 102 2756 In
111 2726 250 2756 audiendo
260 2727 425 2765 benignitas.
457 2727 514 2757 Cic.
526 2737 577 2765 pro
588 2726 680 2756 Domo
693 2733 737 2760 32.
758 2724 850 2753 Vestra
863 2733 891 2751 in
904 2730 949 2751 me
958 2726 1064 2751 attente
1074 2721 1190 2750 audien-

89 2764 126 2793 do
137 2764 291 2803 benignitas
304 2766 431 2803 provexit
446 2766 600 2795 orationem
611 2772 711 2793 meam.

71 2801 202 2832 conferre
212 2804 413 2840 benignitatem
429 2804 458 2832 in
470 2803 599 2840 aliquem.
638 2801 670 2831 In
691 2810 735 2830 co
744 2807 832 2842 Neai}
844 2806 870 2841 ᾳ.
963 2835 969 2841 .

30 2868 41 2874 ..
69 2840 226 2908 Λῐηῐεοιέιηι
237 2841 392 2878 benignitas
399 2841 529 2871 exhausta
540 2841 616 2871 estin
625 2849 658 2869 ea
668 2849 697 2869 re
708 2860 717 2875 ,
732 2847 792 2876 qua:
802 2835 874 2865 nihil
886 2835 984 2865 habuit
992 2840 1093 2873 praeter
1104 2834 1190 2865 dede-

89 2887 146 2908 cus.
194 2880 228 2909 ic.
241 2891 268 2913 4·
285 2881 337 2909 Att.
349 2889 375 2909 2.

69 2915 122 2946 Dei
136 2916 316 2954 benignitate.
358 2917 416 2947 Cic.
430 2926 481 2955 pro
492 2915 569 2946 Rosc.
586 2915 665 2945 Com.
678 2922 721 2951 33.
742 2913 827 2943 Nunc
838 2911 923 2941 deum
932 2910 1132 2941 immortalium
1143 2910 1192 2940 be-

90 2954 225 2992 nignitate
234 2977 242 2990 ,
262 2956 390 2985 omnium
401 2955 519 2984 fortuna:
530 2955 593 2983 sunt
600 2960 692 2983 certae.

720 1736 891 1776 Benignius,
911 1737 930 1767 i.
946 1747 970 1767 e.
988 1735 1150 1767 Liberalius.

71 2991 181 3023 Natura:
192 2993 355 3030 benignitas.
397 2993 456 3023 Cic.
468 3002 492 3021 2.
505 2993 540 3022 de
555 2992 617 3021 Nat.
633 2991 713 3020 Deor.
728 2997 787 3026 131.
816 2987 872 3018 Sed
883 2986 930 3016 illa
947 2992 1050 3022 quanta
1064 2986 1193 3024 benigni-
1220 3006 1223 3007 ν

90 3036 130 3060 tas
140 3037 242 3060 naturae
252 3053 260 3065 ,
282 3031 357 3069 quod
368 3039 425 3062 tam
434 3030 523 3060 multa
532 3031 567 3060 ad
579 3029 750 3060 vescendum
760 3050 768 3064 ‚
787 3033 845 3057 tam
856 3026 930 3056 varia
938 3047 946 3061 ‚
971 3026 998 3055 &
1017 3032 1073 3055 tam
1092 3026 1190 3061 jucun-

49 3076 54 3080 ·
90 3068 250 3106 dagignit‘?

51 3112 53 3114 ’
460 3107 485 3143 Β
580 3107 615 3141 O
710 3105 776 3152 o⁴

38 3176 126 3215 Bon,
149 3178 337 3215 Boanrus,
369 3178 401 3209 V.
422 3190 495 3210 nos.

39 3216 152 3247 Boc-›21‹
162 3228 174 3247 s
187 3240 195 3252 ,
216 3219 283 3248 edis.
306 3217 441 3254 [Conium]
465 3217 645 3248 Ceresolium.
671 3214 750 3284 Apul.
766 3215 801 3244 de
816 3213 916 3243 Herbis
926 3235 934 3249 ,
955 3222 1016 3250 cap.
1032 3221 1095 3247 104.
1137 3247 1143 3255 ¹

40 3253 84 3284 Bo
92 3265 109 3284 o
118 3265 130 3285 s
139 3265 155 3285 c
163 3266 190 3285 oe
200 3266 220 3284 τ
230 3266 245 3285 ir
253 3278 260 3289 ,
282 3254 359 3292 [εοός
373 3256 459 3291 κρίτη]
480 3256 651 3294 Hellesponti
662 3265 693 3285 ur
715 3264 727 3284 s
737 3254 774 3283 est
790 3262 850 3290 quae
860 3251 963 3289 Helgas
975 3252 1001 3280 δι
1013 3250 1192 3280 Germanico-

76 3292 146 3330 polis
154 3294 247 3332 postea
257 3295 330 3324 dicta
340 3294 384 3323 est.
408 3295 519 3324 Auitor.
533 3294 599 3324 Plin.
614 3292 662 3322 lib.
679 3304 704 3328 ς.
715 3302 773 3330 cap.
785 3290 834 3320 ult.
991 3326 996 3332 Ι
1014 3326 1019 3332 .
1185 3324 1192 3331 ·

35 3325 85 3359 Bo
93 3340 109 3359 o
117 3340 130 3360 s
139 3341 157 3360 u
166 3341 183 3360 R
193 3341 212 3360 A
221 3354 228 3366 ,
251 3334 330 3368 [Βοὲς
344 3329 425 3367 οὐρμῖ]
445 3331 542 3361 Latine
552 3331 632 3362 Bovis
643 3331 731 3361 cauda
743 3340 751 3366 ς
786 3328 855 3358 Urbs
866 3327 904 3357 est
915 3327 997 3364 Cypri
1012 3325 1107 3355 insulae
1119 3346 1127 3359 ‚
1147 3333 1194 3354 cui

75 3368 165 3436 illeigtm
178 3370 215 3437 esst
227 3370 349 3437 Tigitaldg
359 3369 538 3408 Palaepaphus
549 3392 558 3406 ,
579 3379 638 3408 quae
649 3369 794 3406 antiquum
812 3366 926 3396 Veneris
947 3363 1087 3402 templum
1100 3363 1192 3393 habet.

100 3416 116 3434 u
148 3417 185 3436 Ol*-
218 3414 256 3437 [ἷᾶ
279 3418 295 3437 0
322 3418 329 3436 l
351 3429 358 3436 =
373 3419 382 3437 l

41 3440 203 3479 Euoras,
223 3446 246 3474 is
257 3467 265 3481 ,
285 3447 312 3475 &
329 3456 359 3474 ae.
381 3418 436 3475 live
457 3445 608 3475 BooTus
619 3467 627 3480 ,
648 3446 666 3475 i.
688 3453 724 3474 m.
756 3441 887 3479 [goel-ms]
919 3451 934 3470 a
948 3441 1022 3470 BOVC
1042 3439 1195 3469 dedus-lum

76 3491 187 3512 nomen.
211 3483 267 3512 Lat.
291 3484 383 3513 dicere
394 3482 535 3521 possumus
545 3483 703 3514 Bubulcum
717 3492 724 3512 ε
745 3481 782 3512 est
793 3487 884 3510 autem
897 3478 1009 3523 Caeleste
1018 3478 1101 3512 fidus,
1119 3477 1194 3515 quod

74 3520 260 3587 isli-&ophylax
270 3528 392 3557 vocatur,
408 3523 434 3551 &
445 3531 521 3551 more
530 3521 664 3557 bubulci,
680 3520 756 3558 sequi
766 3518 916 3558 plaustrum
925 3517 1043 3547 videtur.
1063 3515 1192 3552 Juven.5.

97 3565 131 3588 at.
142 3567 186 3593 ²³-

154 3595 296 3625 Sideribus
308 3596 420 3633 dubiis,
439 3596 543 3626 autillo
555 3604 700 3635 tempore,
722 3605 777 3632 quo
789 3594 816 3624 se

155 3633 262 3671 Frigida
270 3635 463 3672 circumagunt
473 3635 543 3672 pigri
554 3635 656 3664 serraca
668 3634 773 3664 Bootae.

79 3671 195 3700 videtur.
236 3672 343 3707 Quidni
353 3675 429 3702 enim
439 3695 448 3708 ,
472 3680 503 3702 ut
515 3673 634 3702 Circueo
644 3674 657 3701 ἰ)

78 3707 140 3738 Fuit
149 3716 240 3738 autem
253 3710 353 3740 Bootes
363 3733 371 3742 .
397 3717 428 3740 ut
438 3711 521 3740 refert
533 3711 667 3748 Hyginus,
690 3709 766 3745 Jovis
775 3717 809 3737 ex
821 3705 933 3736 Callisto
941 3705 1025 3741 filius,
1046 3715 1134 3744 nepos
1144 3705 1195 3749 Ly-

98 3747 191 3776 caonis
201 3749 270 3783 regis
280 3749 399 3778 Arcadiae
410 3771 418 3783 ,
440 3749 487 3787 qui
497 3758 553 3778 una
561 3758 626 3778 cum
637 3754 724 3778 matre
733 3748 762 3776 in
774 3745 873 3775 caelum
883 3743 923 3772 est
931 3743 1078 3772 translatus
1092 3766 1098 3777 ‚
1122 3745 1147 3773 ἃ
1164 3743 1196 3772 il-

98 3783 201 3850 live}ut
210 3786 298 3828 cultos
307 3786 456 3824 appositus.
476 3786 533 3816 Cic.
552 3796 578 3816 2.
593 3787 628 3815 de
638 3787 700 3816 Nat.
714 3785 797 3814 Deor.
816 3792 875 3817 ¹09·
897 3781 1012 3819 Septem
1022 3788 1115 3812 autem
1130 3781 1196 3810 trio-

99 3831 148 3851 nes
170 3830 278 3858 equitur
289 3845 296 3858 ,

833 3631 1027 3669 [Circuagunt
1042 3629 1195 3669 legendum

159 3861 342 3898 Arctophylax
351 3883 359 3896 ,
380 3861 464 3899 vulgo
477 3863 523 3899 qui
538 3862 641 3891 dicitur
648 3860 703 3890 effe
711 3860 830 3892 Bootes;

158 3896 243 3933 Quod
256 3898 325 3935 quasi
335 3907 448 3929 temone
459 3901 617 3936 adjunctam
628 3909 683 3937 prae
694 3898 720 3928 se
732 3897 820 3934 quatit
831 3896 950 3925 Arstum.
999 3896 1096 3925 Aratus
1106 3915 1115 3930 ‚

158 3934 265 3964 Tardus
275 3937 303 3964 in
317 3937 444 3966 occasum
455 3937 574 3975 sequitur
587 3937 633 3967 sua
644 3936 761 3975 plaustra
773 3934 883 3965 Bootes.

80 3972 255 4040 AxislBootisl.
275 3975 370 4004 livien.
386 3974 487 4013 Perieg.
506 3985 531 4004 v.
543 3986 606 4011 405.

163 4020 180 4039 0
192 4020 216 4039 i..
253 4032 259 4039 .

1643 153 1666 187 B
1766 154 1801 187 O
1902 155 1932 188 R

1269 231 1371 262 Comes
1383 234 1484 263 Boura.
1510 232 1592 262 Ovid.
1605 242 1629 262 2.
1643 233 1678 261 de
1689 234 1750 262 Arte
1765 235 1820 263 Arri.
1835 245 1878 268 ςς.

1361 272 1414 301 Sed
1428 272 1476 299 ribi
1490 280 1544 299 non
1555 271 1631 304 virgo
1642 270 1758 304 'se-ieaea
1770 294 1776 306 ,
1799 270 1945 309 comesque
1959 272 2051 303 Bootae
2062 295 2070 308 ‚

1402 309 1508 344 Eniigcr
1526 308 1614 336 Orion
1626 330 1633 341 ,
1655 308 1830 346 aspiciendus
1846 310 1907 339 crit.

1270 343 1327 371 Ora
1338 343 1441 374 Bootis.
1466 347 1559 374 ilvicn.
1574 346 1675 381 l’erieg.
1699 357 1723 374 v.
1737 352 1789 382 846

1273 380 1350 410 Plau-a
1362 383 1538 411 durnssoous.
1561 383 1636 411 ldem
1649 384 1716 413 ibid.
1732 395 1755 412 v.
1771 369 1835 419 4P6.

1271 418 1376 449 ilctxus
1385 421 1493 450 Bootes.
1516 420 1603 449 Valer.
1617 431 1642 449 2.
1661 423 1758 457 Argon.
1773 428 1817 455 ⁶8-

1649 469 1702 494 quo
1714 460 1796 488 {idere
1808 459 1898 489 vibret

1351 494 1426 522 Ensis
1438 516 1445 528 ,
1468 496 1493 523 St
1511 495 1613 523 Actaeus
1625 497 1711 525 nitent
1721 507 1772 533 qua
1786 497 1965 526 luet-13‹>0tes.

1272 531 1380 560 Cadens
1390 531 1498 560 Bootes.
1538 532 1608 567 Virg.
1624 543 1643 561 i.
1661 534 1836 568 Ge<›r;1.220.
1859 535 1986 569 cadens,
2010 535 2168 566 Occidens:
2190 536 2389 567 vernoscilicet

1290 575 1416 599 tempore
1430 591 1437 602 ,
1460 577 1526 597 tunc
1538 570 1613 598 enini
1624 570 1722 599 Bootes
1734 572 1845 600 occidit.
1886 574 2004 602 Servius.

1273 605 1359 635 Iratus
1368 606 1476 634 Bootes.
1501 606 1596 635 Claud.
1612 617 1634 641 3.
1646 608 1680 636 de
1694 609 1774 645 Rapt.
1793 609 1909 647 Proserp-
1924 620 1987 644 225.

1368 643 1455 671 Vernzi
1468 653 1518 671 nec
1532 644 1629 673 iratum
1650 646 1765 675 timeant
1780 647 1895 682 virgulta
1916 647 2031 677 Booten.

1353 680 1358 686 .
1473 681 1477 686 .
1534 682 1537 685 Ι
2110 649 2137 678 li.
2159 658 2184 679 e.
2214 649 2344 679 infestum
2365 653 2390 681 8:

1293 689 1428 722 noxium.¹
1443 680 1508 723 l’lin.
1522 680 1567 709 lib.
1583 688 1691 725 183cap
1714 690 1756 717 253.
1779 684 1977 722 Tcmpestates,
1992 685 2138 722 grandines
2151 708 2159 722 ‚
2180 687 2327 723 procellae,
2348 698 2392 717 ce-

1291 726 1404 752 teraque
1415 717 1507 745 limilia
1518 718 1551 745 ab
1562 718 1679 748 horridis
1691 721 1821 750 sid-:ribus
1830 724 2390 759 exeunt,velutiiin‘turofflrionestimdis.

1273 755 1352 793 Piger
1365 755 1472 798 Bootes
1492 755 1589 784 Claud.
1601 756 1678 785 liba.
1693 759 1727 786 de
1741 759 1818 795 liupr.
1833 760 1950 797 Proserp.
1968 762 2124 796 190.()vid.
2140 771 2163 798 3.
2175 762 2241 792 fait.
2256 774 2318 798 405.

1354 793 1416 822 Sive
1428 793 1465 821 est
1477 793 1658 830 Arctophylax
1671 817 1679 828 ,
1700 795 1752 824 sive
1764 797 1801 825 est
1811 796 1887 834 piger
1898 797 1944 827 ille
1955 798 2063 829 Bootes.

1275 830 1391 860 Tardus.
1417 830 1500 859 Ovid.
1512 840 1536 858 2.
1560 831 1628 859 Met.
1646 841 1703 867 172.

1355 868 1398 897 Te
1411 877 1521 904 quoquc
1533 868 1671 897 turbatum
1685 877 1839 899 memorant
1851 871 1946 908 fugisse
1957 873 2043 903 Boote
2053 894 2061 909 ‚

1357 906 1490 942 Quamvis
1501 906 1594 934 tardus
1606 916 1665 935 eras
1674 928 1681 941 ,
1707 909 1731 936 St
1744 914 1770 936 te
1781 916 1826 936 tua
1839 909 1953 946 plaustra
1962 912 2102 941 tenebunt.

1277 943 1387 973 Auferre
1396 942 1526 972 exoculis
1540 943 1646 972 Booten
1659 944 1760 973 dicitur
1773 947 1883 979 Aurora.
1897 949 2009 984 quando
2021 950 2126 979 diescit.
2139 949 2392 991 Ovid.5.Fast.733.

1357 981 1467 1011 Auferet
1478 990 1511 1010 ex
1527 980 1615 1010 oculis
1630 982 1744 1011 veniens
1758 983 1860 1013 Aurora
1875 984 1992 1015 Booten.

1687 1032 1709 1065 B
1806 1034 1840 1067 O
1936 1036 1958 1070 Ρ

1239 1079 1458 1123 Bopciraus,
1482 1078 1498 1107 i.
1518 1078 1659 1122 ram-Piscis
1675 1089 1777 1123 nomen
1795 1081 1833 1124 est
1846 1104 1852 1116 ,
1875 1083 1902 1111 in
1925 1082 2013 1113 Ponto
2035 1085 2163 1119 nascens,
2186 1088 2213 1117 Sc
2233 1088 2260 1116 in
2275 1088 2395 1127 scopulis

1278 1126 1373 1147 vivens
1385 1139 1392 1152 ‚
1415 1123 1444 1145 ut
1458 1126 1491 1160 ex
1517 1117 1601 1146 Ovid.
1614 1117 1695 1146 refert
1711 1117 1777 1146 Plin.
1802 1118 1848 1150 lib.
1864 1129 1905 1155 32.
1919 1130 1985 1163 cap.
2000 1132 2042 1152 ri.
2079 1125 2158 1159 [Sed
2173 1135 2223 1162 pro
2239 1126 2396 1164 Bopgyrum

1278 1154 1362 1184 Hard.
1376 1164 1410 1184 ex
1422 1154 1505 1184 Ovid.
1520 1154 1623 1184 Bovem
1634 1177 1642 1191 ,
1661 1154 1809 1192 Cercyruni
1819 1157 1947 1195 reposuit.

1671 1194 1694 1227 B
1796 1197 1830 1230 O
1939 1197 1969 1231 R

1240 1242 1261 1273 B
1272 1251 1375 1309 οίείἓΜ
1387 1251 1406 1309 ἒ
1416 1264 1424 1276 ,
1441 1241 1597 1308 ll’gioeigiciae
1607 1241 1671 1272 urbs
1680 1243 1717 1272 est
1726 1252 1782 1272 non
1792 1244 1891 1281 procul
1906 1254 1921 1274 a
1934 1243 2055 1283 Beryto,
2077 1248 2103 1277 δι
2124 1247 2212 1285 Byblo
2225 1271 2234 1286 ,
2255 1256 2286 1279 ut
2302 1253 2397 1281 auctor

1278 1290 1293 1309 e
1346 1288 1387 1309 tra
1409 1290 1426 1309 o
1454 1292 1457 1307 ι
1483 1303 1488 1308 .
1506 1290 1514 1308 i
1541 1303 1546 1308 .

1239 1318 1394 1384 Bri-{CAN
1405 1328 1413 1346 i
1424 1339 1431 1352 ,
1453 1317 1550 1355 Populi
1567 1317 1749 1357 Hirpinorum
1766 1319 1793 1348 in
1814 1318 1890 1349 Italia
1901 1342 1909 1356 ,
1930 1330 1988 1350 non
2002 1321 2099 1358 procul
2120 1332 2135 1352 a
2152 1323 2305 1355 Collatinis.
2327 1325 2397 1357 Plin.

1291 1367 1297 1384 i
1323 1365 1366 1392 .3.
1385 1365 1446 1393 cap.
1464 1365 1504 1384 ii.

1241 1394 1262 1425 B
1273 1403 1343 1460 qigc
1354 1404 1371 1423 o
1382 1404 1395 1422 B
1405 1404 1429 1422 ,ιτς
1439 1415 1446 1428 ,
1468 1393 1593 1423 Thraciae
1606 1393 1745 1431 oppidum
1759 1394 1901 1425 Eunieniae
1918 1398 1944 1426 Sc
1958 1396 2157 1436 Parthenopoli
2174 1399 2306 1430 vicinum.
2327 1401 2396 1432 Plin.

1293 1442 1299 1460 i
1324 1455 1330 1461 .
1362 1455 1367 1460 .
1381 1441 1411 1461 ca
1436 1454 1442 1460 .
1457 1441 1496 1460 ir.

1241 1469 1262 1500 B
1273 1443 1363 1499 osuii
1375 1491 1382 1504 ‚
1404 1441 1434 1498 ai).
1456 1469 1473 1498 f.
1497 1468 1614 1498 Gemma
1624 1469 1686 1499 este
1697 1469 1834 1507 laspidum
1845 1479 1954 1507 genere.
1996 1473 2064 1503 tin..
2077 1473 2123 1501 Ἲῗῆ.
2137 1483 2178 1510 27-
2192 1485 2252 1513 cap.
2268 1481 2290 1507 s.
2312 1476 2400 1513 Quar-

1280 1514 1306 1536 ta
1320 1507 1394 1545 apud
1404 1517 1452 1536 eos
1464 1514 1576 1536 voeatur
1588 1506 1674 1536 Borea
1687 1529 1695 1543 ‚
1717 1508 1785 1537 caelo
1798 1509 1951 1538 autumnali
1962 1513 2099 1540 matur³r=0
2116 1512 2226 1542 similis:
2248 1516 2273 1542 ὅ(
2283 1512 2401 1544 haecerit

1280 1544 1327 1574 illa
1337 1568 1344 1578 ,
1367 1555 1426 1582 quae
1437 1552 1551 1574 vocatur
1561 1545 1688 1574 ae'rizusa-
1724 1545 1827 1575 similis
1835 1546 1872 1575 est
1881 1547 1906 1577 ἃ
1919 1547 2008 1578 Sarda:
2021 1571 2029 1584 ,
2050 1550 2156 1580 inum...
2169 1552 2190 1580 ξ’
2206 1551 2301 1581 violas.
2333 1553 2401 1590 Qui-

1277 1584 1343 1612 dam
1353 1582 1433 1612 Boria
1449 1583 1579 1612 scribunt.

1243 1621 1289 1651 Bo
1300 1631 1366 1649 aaa
1377 1643 1384 1655 ,
1419 1621 1527 1663 Oppidi
1548 1619 1686 1658 Hispaniae
1702 1630 1806 1650 nomen
1817 1643 1825 1656 .,
1857 1623 1932 1659 quod
1946 1633 1961 1653 a
1977 1624 2040 1654 Sex.
2065 1625 2199 1664 Pompeio
2215 1632 2326 1664 captum
2343 1628 2380 1657 est
2391 1649 2401 1665 ‚

1283 1666 1314 1688 ut
1326 1659 1417 1688 scribit
1426 1659 1483 1688 Cic.
1502 1662 1543 1688 16.
1562 1661 1614 1687 iltt.
1628 1670 1654 1693 4.
1677 1659 1704 1688 Si
1716 1659 1777 1688 sana
1788 1660 1871 1689 lectio
1885 1661 1931 1691 est.

1244 1697 1266 1727 B
1276 1706 1292 1726 o
1303 1707 1319 1725 R
1329 1698 1345 1726 ἑ
1356 1707 1372 1725 A
1384 1707 1396 1726 s
1406 1718 1413 1731 ‚
1435 1706 1465 1726 ae.
1489 1706 1532 1739 τηχ
1548 1695 1670 1733 [κορέσω]
1701 1696 1806 1726 Ventus
1832 1699 1937 1735 Aquilo.
1979 1699 2088 1730 Nonius
2101 1723 2108 1735 ,
2137 1700 2252 1731 Boream
2262 1724 2270 1737 ,
2291 1702 2345 1732 hoc
2364 1703 2403 1732 est

1281 1734 1465 1772 Aquilonem,
1487 1733 1532 1760 λέπ
1555 1735 1591 1760 nic
1610 1735 1663 1762 βοῆς
1679 1755 1685 1766 ,
1705 1735 1779 1771 quod
1792 1735 1905 1766 sonorus
1918 1738 1948 1766 sit
1959 1739 1984 1767 Sc
1995 1738 2172 1776 procellosus.
2194 1741 2292 1777 Nepos
2307 1752 2327 1769 i.
2338 1750 2363 1770 2.
2375 1751 2400 1774 4.

1282 1772 1353 1802 Cum
1364 1782 1448 1802 ventu
1463 1772 1547 1801 Borea
1558 1772 1697 1809 profectus
1711 1782 1744 1801 eo
1757 1775 1930 1810 pervenisset.
1972 1776 2057 1813 Quod
2068 1779 2188 1814 antiquae
2197 1777 2338 1816 elegantiae
2349 1778 2402 1808 esse

1281 1811 1366 1840 tradit
1378 1810 1413 1840 cl.
1429 1809 1540 1839 Gesner.
1565 1811 1635 1847 Virg.
1653 1821 1675 1839 1.
1688 1810 1787 1847 Georg.
1799 1821 1841 1845 ος.

1441 1863 1515 1868 ——
1524 1855 1570 1877 aut
1581 1847 1674 1877 Boreae
1686 1849 1859 1884 penetrabile
1868 1849 1950 1885 frigus
1961 1851 2067 1881 adurat.

1282 1885 1375 1925 Alpini
1384 1885 1484 1915 Boreae.
1506 1886 1523 1915 i.
1538 1894 1562 1915 e.
1586 1885 1695 1915 Flantes
1704 1887 1738 1914 de
1749 1886 1870 1924 Alpibus.
1890 1888 1960 1925 Virg.
1972 1900 1996 1924 4.
2013 1890 2074 1919 ffin.
2088 1899 2149 1927 542.

1362 1925 1401 1954 Ac
1410 1923 1495 1952 veluti
1504 1923 1636 1952 annosam
1646 1924 1739 1953 valido
1752 1934 1835 1962 quum
1849 1925 1948 1954 robore
1960 1937 2093 1964 quercum

1362 1962 1457 1999 Alpini
1468 1961 1560 1990 Boreae
1571 1971 1646 1990 nunc
1658 1962 1725 1991 hinc
1736 1984 1744 1997 ,
1766 1972 1843 1991 nunc
1856 1963 1966 1994 flatibus
1979 1965 2057 1995 illinc

1363 2000 1465 2030 Eruere
1480 1999 1551 2028 inter
1564 1999 1590 2028 se
1601 2006 1716 2028 certant.

1283 2039 1407 2069 Arctous,
1450 2037 1514 2067 Seri.
1527 2037 1556 2066 in
1567 2037 1679 2067 Troade
1693 2048 1716 2073 ς.
1740 2038 1829 2068 ArCtoi
1839 2038 1934 2069 Boreae
1949 2039 2060 2078 dissipat
2070 2041 2200 2081 impetus.

1282 2076 1379 2114 Frigus
1389 2076 1490 2105 Boreae.
1518 2075 1589 2113 Virg.
1607 2086 1629 2105 i.
1645 2075 1744 2113 Georg.
1755 2085 1799 2112 93.

1285 2114 1373 2144 Furiae
1383 2114 1485 2144 Boreae.
1507 2113 1574 2143 Stat.
1585 2124 1609 2148 9.
1628 2113 1718 2143 Theb.
1732 2123 1793 2150 533.

1349 2187 1362 2191 -
1476 2165 1551 2172 ——-
1565 2151 1663 2180 Getico
1675 2152 1761 2189 qualis
1771 2152 1933 2190 procumbit
1943 2154 1971 2182 in
1983 2153 2063 2185 AEmo

1376 2189 1431 2218 Seu
1444 2188 1536 2218 Boreae
1546 2188 1623 2218 furiis
1635 2211 1643 2225 ,
1665 2190 1738 2228 putri
1750 2189 1796 2220 seu
1807 2190 1906 2221 robore
1917 2201 2034 2229 quereus
2042 2215 2051 2229 ,

1377 2226 1451 2256 Caelo
1461 2227 1538 2256 mista
1545 2236 1649 2257 comas.

1284 2264 1410 2295 Gelidus.
1434 2264 1519 2295 Ovid.
1531 2274 1557 2294 2.
1573 2266 1662 2295 Amor.
1680 2275 1722 2295 11.
1738 2275 1780 2295 10.

1515 2318 1589 2324 ---
1603 2302 1870 2341 Eurosquetimebo,

1404 2340 1437 2370 Et
1451 2339 1575 2378 gelidum
1588 2340 1704 2371 Boream
1715 2363 1723 2375 .
1745 2343 1972 2381 praecipitemque
1983 2343 2090 2374 Notum
2099 2345 2113 2374 ‘2

1285 2379 1391 2409 Gravis.
1414 2378 1513 2408 Claud.
1532 2389 1553 2407 i.
1568 2378 1603 2408 de
1613 2379 1692 2417 Rapt.
1707 2379 1827 2418 Proserp.
1840 2390 1885 2417 70.

1285 2417 1457 2447 Haemonius.
1479 2416 1527 2447 Sil.
1539 2416 1587 2446 lib.
1606 2427 1646 2446 10.
1666 2428 1706 2447 10.

1557 2470 1631 2476 ——-—-
1642 2455 1765 2485 velocius
1780 2455 1847 2485 inde

1446 2492 1595 2521 Haemonio
1614 2493 1718 2529 Borea,
1740 2502 1888 2532 pennaque
1899 2494 2010 2524 citatior
2020 2494 2086 2525 ibat.

1284 2530 1418 2568 Hispidus
1428 2530 1514 2568 glacie
1524 2529 1617 2560 nivali.
1639 2530 1737 2561 Claud.
1754 2541 1777 2560 i.
1790 2532 1825 2561 de
1836 2532 1917 2570 Rapt.
1934 2532 2056 2571 Proser-p.
2068 2542 2112 2571 71.

1284 2568 1417 2599 Horrifer.
1443 2569 1526 2598 Ovid.
1545 2574 1565 2597 r.
1581 2569 1648 2598 Met.
1661 2573 1705 2605 65.
1993 2600 1997 2603 ,

1479 2620 1553 2627 ·-—
1562 2606 1703 2644 Scythiam
1715 2629 1722 2642 ‚
1743 2607 1916 2646 Septemque
1933 2609 2040 2639 triones

1366 2643 1489 2673 Horrifer
1501 2643 1713 2674 invasitBoreas.

1287 2681 1447 2720 Hybernus.
1470 2684 1537 2711 Stat.
1554 2693 1577 2718 ς.
1590 2682 1653 2712 Silv.
1671 2694 1680 2712 i
1705 2688 1749 2717 82.

1379 2719 1456 2756 Quid
1467 2719 1565 2750 Boreas
1578 2721 1717 2758 hybernus
1727 2726 1797 2759 agat.

1285 2758 1417 2796 Praeceps.
1440 2757 1523 2787 Ovid.
1540 2768 1565 2788 2.
1585 2758 1653 2788 Met.
1671 2765 1731 2796 ¹85.

1368 2796 1503 2833 Praecipiti
1514 2796 1596 2834 pinus
1606 2796 1703 2827 Borea.

1285 2834 1388 2864 Saevus.
1413 2834 1557 2869 Catul.23.
1571 2843 1595 2869 3.

1285 2872 1462 2902 Sarmaticus.
1485 2872 1547 2901 Sen.
1560 2872 1669 2910 Thyest.
1686 2881 1747 2910 127.

1366 2910 1443 2946 Quas
1454 2920 1539 2946 quum
1554 2910 1720 2940 Sarmaticus
1735 2918 1862 2948 tempore
1872 2910 1974 2948 frigido

1366 2948 1397 2977 ln
1413 2948 1525 2978 summis
1534 2947 1633 2978 Boreas
1648 2947 1804 2987 composuit
1816 2949 1899 2986 jugis.

1284 2986 1440 3024 Scythicus.
1462 2986 1529 3015 Stat.
1543 2996 1567 3019 ς.
1580 2986 1671 3016 Theb.
1687 2991 1750 3023 3r6.

1285 3025 1390 3054 Siccus.
1422 3024 1485 3053 Seri.
1498 3024 1588 3053 OEtli.
1602 3030 1627 3058 8.
1652 3025 1685 3054 Et
1697 3024 1889 3055 siccusBoreas
1899 3024 1973 3054 ferit.

1285 3063 1406 3100 Spirans.
1431 3062 1501 3098 Virg.
1515 3072 1540 3091 2.
1553 3062 1650 3099 Georg.
1662 3067 1724 3097 31⁶.

1367 3099 1510 3129 Tellurem
1521 3100 1606 3129 Borea
1613 3101 1729 3138 rigidam
1737 3100 1857 3139 spirante
1864 3108 1986 3130 movere.

1285 3137 1374 3168 Trux.
1397 3137 1467 3174 Virg.
1486 3148 1506 3166 i.
1520 3138 1621 3176 Georg.
1636 3148 1697 3174 370.

1368 3178 1400 3204 At
1409 3175 1500 3204 Boreae
1509 3176 1545 3205 de
1554 3186 1632 3214 parte
1644 3177 1728 3206 trucis
1737 3177 1784 3213 qui
1797 3175 1937 3206 fulminat.

1286 3213 1442 3244 Excludere
1455 3214 1579 3243 Boream.
1605 3214 1705 3244 Lucan.
1722 3215 1769 3243 lib.
1785 3226 1810 3250 4.
1824 3218 1869 3243 61.

1380 3252 1500 3289 Cynthia
1527 3262 1564 3281 uo
1574 3254 1695 3291 primuni
1705 3262 1792 3283 cornu
1803 3250 1955 3282 dubitanda
1970 3248 2072 3279 refulsit
2083 3270 2091 3284 ,

1382 3290 1503 3319 Exclulit
1515 3291 1523 3319 l
1537 3300 1639 3321 orcam.
2136 3321 2143 3326 ,

1287 3327 1433 3366 Expellere
1442 3328 1566 3358 Boream.
1589 3330 1653 3358 Seri.
1671 3328 1763 3358 OEth.
1775 3336 1800 3356 2.
1828 3327 1923 3363 Quum
1934 3325 2050 3367 Boream
2060 3323 2169 3360 expulit
2178 3322 2295 3355 Africus.

1287 3367 1387 3396 Boreas
1399 3388 1407 3401 ,
1427 3376 1532 3395 nomen
1548 3367 1722 3396 fuitThrao's
1733 3365 1876 3399 cuiusdam
1887 3386 1893 3397 ,
1912 3365 2066 3400 Strymonis
2078 3362 2135 3391 filii.
2184 3361 2237 3391 Hic
2246 3363 2338 3400 rapuit
2347 3362 2410 3394 Ori.

1306 3404 1410 3442 thyiam
1424 3404 1570 3433 Erechthei
1583 3405 1750 3434 Athenarum
1763 3404 1831 3435 regis
1841 3402 1933 3430 filiam.
1959 3401 2038 3429 Unde
2047 3401 2138 3442 poetis
2151 3398 2294 3430 fabulandi
2303 3403 2409 3432 occasio

1306 3443 1345 3472 est
1357 3442 1556 3471 subministrata
1569 3465 1577 3477 ,
1599 3443 1756 3479 Orithyiam
1766 3451 1780 3469 a
1799 3441 1882 3469 Borea
1891 3446 1975 3467 vento
1986 3438 2066 3467 fuisle
2076 3445 2194 3476 raptam,
2206 3439 2288 3476 eique
2300 3439 2410 3470 Zethen

1306 3482 1332 3511 ἃ
1343 3480 1438 3510 Calain
1448 3480 1590 3518 peperisse.
1627 3479 1656 3509 V.
1688 3479 1770 3508 Ovid.
1784 3478 1852 3506 Met.
1866 3476 1883 3505 l.
1896 3479 1921 3505 6.
1935 3476 1997 3505 Fab.
2009 3486 2034 3510 9.
2047 3513 2053 3519 ⁶

1249 3520 1296 3550 Bo
1306 3529 1321 3548 a
1331 3528 1345 3547 R
1356 3528 1417 3547 Ani
1430 3528 1457 3552 s,
1478 3528 1502 3547 e.
1527 3518 1584 3554 Adj.
1608 3524 1656 3552 ut,
1677 3516 1783 3546 Boreaii
1791 3514 1864 3544 fusus
1874 3515 1907 3543 ab
1917 3514 1982 3543 alto,
2004 3514 2102 3544 Avien.
2116 3513 2255 3552 Perieg.v.
2270 3521 2316 3552 84.

1288 3558 1382 3587 Arctos
1391 3556 1522 3585 Borealis.
1548 3556 1640 3584 Avien.
1656 3555 1755 3590 Perieg.
1769 3563 1793 3581 ν.
1809 3562 1872 3587 242.

1289 3595 1356 3624 Caeii
1366 3594 1486 3623 Boreaiis
1496 3595 1612 3622 tramite.
1639 3592 1715 3621 [dciii
1728 3595 1797 3621 Arat.
1810 3593 1874 3626 964.

1287 3633 1413 3664 Flamina
1429 3631 1560 3660 Borealia.
1584 3631 1659 3659 ldem
1670 3630 1809 3664 ibid.95i.
1946 3665 1952 3672 .

1289 3672 1386 3701 Motus
1401 3669 1528 3699 Borealis.
1552 3668 1643 3697 isidor.
1657 3676 1680 3703 3.
1693 3676 1734 3702 32.
1778 3667 1890 3702 [lmino
1904 3665 1976 3694 Axis.

1251 3708 1273 3740 B
1283 3720 1300 3738 o
1311 3713 1350 3737 aa
1361 3718 1379 3737 u
1389 3717 1401 3736 s
1413 3729 1420 3741 .
1443 3706 1487 3735 vel
1505 3706 1524 3734 B
1534 3715 1550 3734 o
1562 3716 1575 3733 l<
1587 3716 1610 3733 ie
1621 3714 1657 3733 us
1672 3727 1678 3739 ,
1700 3705 1845 3741 [aegaeon]
1867 3704 1928 3739 Adj.
1952 3710 1982 3732 ut
1992 3725 2000 3738 ‚
2020 3701 2103 3733 Polus
2117 3704 2241 3741 Boreus,
2262 3703 2280 3734 i.
2296 3714 2319 3734 e.
2343 3703 2411 3742 Sep-

1290 3744 1479 3778 tentrionalis,
1504 3743 1555 3771 five
1568 3743 1698 3771 Archous.

1291 3785 1354 3815 Axis
1363 3783 1474 3813 Boreus.
1498 3780 1583 3809 Ovid.
1596 3792 1622 3814 4.
1637 3780 1713 3809 Trist.
1728 3785 1753 3813 53.
1768 3789 1813 3812 41.

1384 3820 1444 3848 Via
1454 3817 1551 3856 procul
1561 3818 1646 3855 patria
1657 3818 1813 3855 peragentia
1823 3815 1871 3846 sub
1882 3827 1933 3846 axe
1943 3817 2030 3846 Boreo
2042 3817 2088 3846 est.
2110 3817 2142 3847 V.
2150 3817 2252 3855 Hygin.
2264 3818 2408 3853 Astr.3.29.

1253 3859 1456 3891 Boiuiosrom,
1466 3857 1524 3884 atis.
1537 3865 1564 3884 n.
1585 3856 1749 3891 [Boezo'wre]
1761 3855 1882 3884 Danubii
1895 3855 2016 3884 fluminis
2027 3865 2111 3884 uiiuni
2123 3866 2156 3884 ex
2167 3857 2249 3885 ostiis.
2262 3857 2299 3885 Ex
2310 3857 2412 3884 eodem

1292 3897 1373 3927 alveo
1384 3897 1409 3924 ἃ
1419 3893 1499 3930 super
1509 3892 1655 3930 lstropolin
1668 3893 1742 3922 lacus
1754 3894 1875 3930 gignitur
1888 3904 1903 3921 L
1912 3903 1995 3921 xiii.
2011 3904 2040 3922 M.
2064 3892 2190 3931 passuum
2203 3894 2308 3922 ambtm
2318 3916 2324 3926 ,
2350 3892 2413 3921 Hal-

1292 3934 1382 3971 myrin
1395 3938 1504 3960 vocant.
1545 3931 1704 3961 Secundum
1716 3931 1814 3960 ostium
1829 3953 1836 3965 ,
1858 3930 2054 3960 Naracustoma
2071 3931 2234 3968 appellatur.
2275 3931 2411 3963 Tertium,

1293 3970 1555 4004 Calonstomajuxta
1571 3968 1689 3999 insulam
1711 3969 1901 4036 Sarnitiicam.
1941 3972 2095 4006 Quartum,
2116 3969 2326 4003 Pseudostoma,
2349 3968 2415 3996 &in

1833 4015 1848 4035 z

1860 2766 1973 2790 -——-ut
1983 2761 2045 2790 acta

2328 4004 2416 4033 insula
