2600 4177
33 2290 199 2325 cisson,
218 2298 283 2318 oris.
305 2297 343 2317 m.

450 87 480 121 C
575 86 603 120 E
701 85 736 120 N

46 175 134 201 i'nanae
151 179 206 199 non
221 168 318 207 potest.
356 168 462 199 Census
472 178 501 198 es
513 173 643 204 praeterea
655 171 806 196 numeratae
824 167 950 204 pecuniae
971 175 988 195 e
997 174 1041 195 xi:
1050 174 1076 194 x.
1100 170 1163 194 eam

46 209 148 246 opinor
162 209 210 236 tibi
223 214 394 236 numeratam
407 217 464 235 non
475 206 529 235 esse
536 205 584 234 abs
594 213 630 234 te.
652 205 706 233 Sed
717 205 775 233 haec
785 205 895 234 omitto.
937 203 1040 233 Census
1048 212 1076 231 es
1087 212 1164 231 man-

46 247 120 283 cipia
130 248 270 281 iimyntae:
293 255 384 282 neque
395 245 458 273 huic
468 244 552 272 ullam
565 243 592 270 in
604 252 638 271 eo
649 242 737 271 fecisti
747 242 893 278 injuriam:
917 241 1036 279 poilidet
1048 240 1122 269 enini
1133 249 1166 268 ea

47 284 188 317 mancipia
201 284 339 313 Amvntas.
361 290 393 311 ac
402 283 492 318 primo
504 280 616 318 quidem
628 280 783 317 pertimuit,
807 289 892 316 quum
908 286 935 308 te
949 277 1064 307 audisset
1075 276 1167 305 servos

18 323 19 329 ¹
47 321 109 351 suos
119 320 171 349 eise
181 315 301 348 censum.
312 319 464 355 [Nonnulli
478 324 578 356 putant
590 316 701 346 Censeri
714 317 760 346 hic
770 318 937 354 deponentis
951 317 1037 345 forma
1047 314 1167 353 positum

49 358 112 388 eise.
152 357 238 393 Quod
249 358 316 386 milii
329 366 385 385 non
394 357 459 385 item
470 356 587 385 videtur.

48 397 166 429 ffiratem
179 396 208 422 in
217 394 357 424 censendo
369 394 520 431 significare
529 391 637 422 necesse
651 392 697 421 est.
736 392 847 430 Ulpian.
860 392 889 421 in
900 392 919 421 1.
934 391 1063 421 AEtatem.
1085 389 1119 419 D.
1132 388 1168 418 dc

30 486 33 488 ·
49 432 189 501 Cgssssnbdi
205 469 294 498 causa.
334 468 393 498 Cic.
407 479 432 498 2.
446 468 521 498 Verr.
537 479 579 504 54.
602 468 671 504 Quae
683 467 816 497 convenit
826 476 883 496 uno
895 472 1023 504 tempore
1031 464 1167 502 undique,

70 508 246 538 comitiorum
261 528 268 536 .
291 507 460 542 judiciorum
471 529 477 540 ,
500 505 687 543 censendique
698 505 788 534 causa.

50 545 160 576 Censeri
180 541 373 580 [msfflgsiog]
394 545 613 575 AEstimationem
627 565 635 579 ,
656 544 904 578 auctoritatemque
921 541 1022 578 assequi
1036 562 1043 575 ,
1064 539 1093 568 in
1109 548 1170 577 pre-

69 584 109 614 tio
119 583 221 612 haberi.
260 581 317 610 Cic.
330 592 381 618 pro
391 582 488 611 Archia
499 604 506 617 ,
525 591 566 618 ¹3·
589 583 676 618 Atque
687 581 740 609 hoc
752 580 816 609 ideo
827 581 894 609 mihi
906 578 1121 608 concedendum
1134 577 1171 605 est

68 622 170 658 magis,
192 619 267 656 quod
276 628 311 648 ex
323 620 366 649 his
375 620 472 649 studiis
484 619 542 649 liaec
555 628 665 656 quoque
676 618 802 647 censetur
813 618 899 647 oratio
918 619 943 646 S:
961 616 1077 645 facultas
1090 637 1097 647 ,
1118 615 1168 643 &c

68 660 88 689 i.
106 668 131 688 e.
154 658 274 687 Pretium
286 658 311 686 δι’,
323 658 534 687 aestimationem
546 664 667 686 meretur
678 678 686 690 ,
709 656 772 685 &in
789 655 886 692 primis
896 655 1032 684 laudatur.
1071 653 1091 681 A
1102 653 1174 681 Gra:-

70 696 110 725 cis
123 693 194 722 δὶκεῖν
206 695 315 724 dicitur.
338 696 405 725 Haec
415 692 542 725 Budaeus.
584 695 694 732 Legitur
707 694 737 722 in
748 693 808 721 aliis
820 693 975 726 codicibus,
994 689 1099 720 Crescit
1113 699 1174 718 ora-

70 734 120 763 tio.
160 733 215 762 Sed
238 733 266 761 V.
289 740 347 763 not.
366 734 444 762 Grut.
484 733 555 763 Plin.
572 732 620 761 lib.
639 738 666 765 8.
696 730 832 760 Animalia
847 731 930 767 igitur
951 729 1076 766 quaedam
1093 727 1174 757 bruta

43 779 45 784 ·
71 771 189 800 naturali
209 771 331 808 quadam
356 771 541 809 intelligentia
563 770 679 808 praedita
700 774 850 806 propterea
871 767 1025 798 censentur.
1049 765 1133 795 Ovid.
1146 774 1173 795 2.

72 810 165 839 Amor.
182 818 223 844 ις.
241 819 266 838 2.

144 846 254 875 Annule
264 868 271 881 ,
293 847 420 876 formosae
435 846 555 884 digitum
564 846 691 875 vine'ture
703 843 817 881 puellae,

180 884 213 913 In
226 894 282 921 quo
294 885 464 914 censendum
476 885 536 916 nil.
558 883 607 912 nisi
624 882 714 911 dantis
725 891 812 910 amor.

71 922 226 960 Christoph.
245 921 395 959 Longolius
415 922 463 951 lib.
479 933 502 952 1.
517 921 600 959 Epist.
618 920 654 949 ad
670 919 794 948 Leonem
815 917 915 948 Pontis.
932 927 991 955 quae
1004 916 1104 954 incipit
1122 915 1177 945 Etsi

72 960 147 998 apud
158 970 203 989 me
213 962 265 990 &o
303 961 358 989 Sed
379 960 485 997 agilitas
505 961 589 989 etiam
609 959 645 987 ad
662 967 707 987 eas
726 967 825 987 omnes
837 978 845 992 ,
866 966 927 993 quae
948 955 1096 985 velocitate
1113 964 1178 984 cen-

72 998 182 1027 seantur
192 1020 200 1031 ,
223 997 413 1041 conficiendas
424 998 549 1041 egregia..
565 995 602 1026 H.
615 996 654 1025 St.
796 1032 802 1038 ·
913 1032 918 1037 ¹
1157 1029 1163 1035 ι

54 1035 173 1066 Censere
188 1041 269 1079 atque
284 1036 424 1082 aestipiare.
466 1035 524 1064 Cic.
541 1045 571 1063 in
590 1033 733 1078 Paradoxo
743 1031 852 1076 'ultimo
862 1054 870 1067 ‚
891 1032 919 1061 Si
929 1030 1086 1075 ’censenda‘
1097 1029 1179 1058 nobit

75 1081 158 1111 atque
171 1074 329 1117 restimanda
340 1083 400 1117 res,
420 1079 512 1117 utrum
524 1072 612 1115 pluris
620 1071 824 1114 aestimabimus,
833 1078 984 1114 pecuniam
992 1068 1086 1106 Pyrrhi
1098 1089 1106 1102 ,
1124 1068 1176 1096 ἃς.

55 1112 150 1155 Laude
157 1111 275 1147 alicujus
286 1111 406 1147 censeri,
427 1121 445 1141 i.
457 1121 482 1140 e.
502 1110 623 1140 Probari.
646 1108 791 1139 Claudian.
804 1108 896 1146 Epigr.
908 1117 953 1143 29.
964 1111 1008 1144 67.
1032 1107 1067 1136 de
1077 1106 1179 1136 Serena

57 1159 178 1255 (ἓξὲξ
188 1209 197 1222 ,
217 1187 307 1254 hasessi.
329 1182 414 1254 11131110
425 1209 434 1223 ,
454 1186 499 1254 lesle
509 1184 723 1253 vSobisxcerffeam
737 1206 745 1219 ,
763 1183 833 1256 ggad
844 1193 889 1212 me
897 1182 1044 1213 referretis.

101 1236 109 1254 i
132 1235 147 1254 e
158 1235 226 1255 num
237 1232 268 1255 iit
299 1234 387 1254 uccen
401 1235 446 1254 ere
496 1247 502 1254 .
539 1231 557 1253 t.
609 1245 616 1252 .
666 1232 713 1251 on.
725 1233 751 1258 4.
803 1245 808 1251 .

23 1265 96 1297 Cim
106 1274 117 1292 s
128 1273 146 1292 υ
156 1273 168 1292 s
179 1285 186 1298 ,
208 1274 240 1297 a,
262 1273 318 1292 uni.
342 1259 530 1298 [πμώμὲὶυίῷψ]
551 1261 648 1291 Patrio.
670 1266 720 1295 ut,
743 1259 830 1289 Censa
848 1258 951 1288 civium
963 1259 1055 1296 capita
1065 1262 1181 1288 centum

59 1308 178 1341 quatuor
189 1302 320 1339 &viginti
329 1300 426 1330 millia.
446 1300 505 1330 Liv.
520 1309 544 1337 3.
559 1308 583 1337 3.
600 1297 692 1328 Millia
701 1298 825 1335 capitum
837 1296 918 1327 censa
927 1297 1048 1326 ducenta
1057 1295 1181 1333 sexagin-

9 1344 11 1348 ’
59 1347 88 1371 ta
98 1340 162 1369 duo.
185 1339 297 1368 Liv.10.
315 1348 360 1374 47.

57 1378 116 1410 Sed
124 1376 255 1407 Asconius
266 1387 316 1415 pro
327 1376 428 1411 Divite,
448 1376 475 1405 &
484 1384 519 1404 eo
532 1375 579 1411 qui
592 1374 714 1404 Centum
723 1372 810 1402 millia
821 1371 970 1402 sestertium
982 1371 1139 1410 possideret.
1151 1370 1182 1400 in

81 1416 140 1446 Cic.
155 1424 179 1451 3.
192 1415 267 1444 Verr.
281 1425 342 1449 104.
364 1414 389 1444 Is
400 1423 487 1452 quum
503 1413 618 1442 liaberet
630 1412 743 1441 unicam
758 1410 844 1440 siliam
856 1432 864 1445 ,
886 1420 977 1447 neque
989 1410 1086 1440 census
1095 1409 1162 1439 esset
1171 1426 1180 1444 ,

78 1453 155 1490 quod
166 1462 230 1482 eum
241 1460 339 1482 natura
353 1450 529 1485 hortabatur,
548 1450 594 1480 lex
604 1449 682 1479 nulla
691 1449 858 1487 prohibebat
866 1471 873 1483 ,
894 1448 961 1478 fecit
970 1454 1001 1477 ut
1008 1448 1093 1477 filiam
1101 1447 1183 1476 bonis

79 1492 134 1522 suis
148 1491 287 1521 haeredem
298 1490 460 1520 institueret.
482 1489 590 1519 Ibidem
600 1510 609 1524 ,
634 1497 644 1516 1
654 1497 695 1517 11.
716 1487 749 1516 In
766 1487 808 1516 his
820 1496 908 1524 nuper
925 1487 1012 1515 Annia
1021 1496 1053 1516 ea
1065 1486 1100 1515 de
1112 1483 1183 1514 mul-

79 1535 173 1559 torum
190 1530 413 1567 propinquorum
436 1527 573 1556 sententia
585 1548 593 1561 ,
621 1524 772 1563 pecuniosa
792 1524 893 1553 mulier
902 1546 910 1560 ,
931 1525 1006 1561 quod
1026 1523 1106 1553 censa
1123 1531 1182 1551 nori

80 1574 140 1598 erat
152 1589 160 1601 ,
181 1567 345 1596 testamento
357 1566 423 1595 fecit
436 1565 577 1595 haeredem
588 1563 682 1593 filiam.
716 1563 733 1591 i.
749 1573 774 1592 e.
803 1562 903 1599 Neque
918 1568 1032 1592 centum
1047 1561 1134 1590 millia
1144 1559 1183 1590 se*

80 1606 205 1635 stertiiim
214 1604 372 1643 possideret.
395 1613 461 1633 nam
475 1612 553 1632 more
563 1608 691 1632 veterum
703 1600 783 1629 Ceiisi
793 1601 959 1629 dicebantur
969 1622 977 1635 ‚
998 1600 1057 1636 Qui
1068 1604 1183 1628 centum

81 1643 169 1674 millia
177 1644 206 1672 in
217 1642 386 1681 professione
394 1640 563 1671 detulissent.
604 1639 770 1676 Hujusinodi
781 1638 851 1667 adeo
862 1638 1008 1668 facultates
1021 1637 1125 1667 Census
1136 1646 1184 1666 vo-

81 1682 224 1712 cabantur.
265 1681 320 1711 Sed
347 1680 380 1709 V.
401 1680 470 1709 ibid.
485 1679 540 1715 seq.
560 1679 586 1707 8:
599 1678 721 1707 Gronov.
733 1676 769 1705 de
782 1676 841 1705 Pec.
855 1675 913 1705 Vet.
927 1685 952 1711 3.
969 1679 1011 1706 16.

21 1716 73 1751 Cr.
82 1730 122 1750 Ns
132 1731 141 1748 1
151 1729 170 1748 'r
181 1728 220 1749 us
229 1741 237 1753 ,
253 1729 268 1749 a
278 1741 286 1753 ,
308 1728 365 1748 um.
388 1728 438 1756 pro
452 1716 555 1747 Census
566 1716 677 1745 dicitur.
699 1714 732 1744 In
745 1715 930 1743 Monuniento
943 1716 1096 1751 Ancyrano.
1106 1711 1183 1750 quod

62 1759 133 1796 Imp.
147 1757 257 1794 Augusti
268 1757 367 1787 Oc‘tav.
381 1765 423 1785 res
432 1755 517 1793 gestas
532 1755 659 1783 continet
673 1763 680 1782 :
703 1752 782 1789 OVVO
802 1752 946 1781 LVSTRO
969 1750 1098 1781 CIVIVM
1119 1750 1184 1779 Ro„

63 1795 262 1827 MANORVM
293 1794 448 1824 CENSITA
477 1791 575 1822 SVNT
605 1791 734 1821 CAPUA
768 1790 996 1827 QVADRAGIES
1026 1787 1185 1818 CENTVM

64 1833 190 1864 MILLIA
210 1833 257 1863 ET
277 1830 487 1862 SEXilGINTA
507 1829 604 1860 TRiA.
644 1829 676 1858 V.
699 1829 785 1858 etiam
804 1828 852 1857 lib.
873 1838 914 1857 11.
932 1828 1001 1857 Cod.
1017 1828 1058 1856 tit.
1071 1836 1118 1862 47.

24 1872 168 1903 cnnsio
182 1893 191 1907 ,
211 1872 282 1901 onis.
305 1871 323 1900 f.
346 1868 480 1906 [τίμησις]
500 1867 669 1898 AEstimatio:
692 1866 768 1896 unde
777 1864 921 1896 Censores.
946 1865 1052 1900 Festus,
1075 1862 1186 1894 Censio-

65 1920 131 1940 nem
150 1910 242 1939 facere
263 1908 406 1939 dicebatur
426 1905 542 1941 censor,
564 1915 651 1943 quum
671 1904 789 1934 multam
809 1904 895 1940 equiti
911 1903 1056 1940 irrogabat.
1096 1902 1184 1932 Plaut.

65 1948 140 1979 Rud.
159 1958 186 1983 4.
199 1953 224 1981 8.
238 1958 263 1982 9.
287 1947 395 1977 Assume
406 1945 520 1986 quidem
536 1966 544 1979 ‚
564 1953 600 1973 ne
613 1943 773 1973 censionem
789 1942 896 1980 semper
907 1942 1000 1971 facias.

64 1986 231 2016 censionem
251 1984 384 2014 bubulam
403 1983 514 2012 Plautus
528 1981 587 2011 Aul.
602 1991 628 2017 4.
645 1991 668 2011 1.
683 1990 726 2017 14.
755 1980 850 2010 festive
869 1981 981 2009 vocavit
1001 1978 1118 2008 Verbera
1135 1977 1187 2007 lori

87 2023 201 2059 bubuli,
224 2024 302 2059 quus
312 2021 425 2051 censura
434 2022 463 2050 in
471 2020 562 2049 servos
575 2019 811 2049 animadvertitur.
834 2019 985 2048 Annotavit
993 2016 1152 2047 Turnebus.

65 2062 164 2092 Cenfio
178 2061 293 2090 hastaria
307 2060 452 2090 dicebatur
462 2080 470 2092 ,
491 2067 556 2088 cum
569 2057 651 2086 militi
666 2056 761 2086 multae
782 2056 898 2086 nomine
910 2055 948 2085 ob
968 2049 1188 2085 113ΗᾶυῇιηίΙί-

85 2106 142 2130 tare
151 2099 328 2128 indicebatur
339 2120 347 2133 ,
368 2097 444 2135 quod
453 2096 539 2126 hastas
547 2096 636 2125 daret.
659 2095 760 2124 Festus.

66 2138 146 2169 Idem
159 2137 198 2167 est
208 2135 369 2166 acCensura
380 2157 389 2171 ,
409 2134 556 2171 judicium.
596 2133 757 2172 Symmach.
773 2143 795 2162 1.
808 2132 891 2170 Epist.
903 2141 928 2169 3.
962 2130 996 2161 In
1016 2130 1093 2169 gravi
1109 2128 1186 2159 dono

86 2175 176 2205 habeo
188 2197 196 2211 ,
217 2175 289 2204 hanc
299 2174 375 2212 apud
385 2183 434 2202 vos
445 2172 499 2202 esse
510 2172 545 2201 de
556 2172 654 2201 nostris
663 2170 785 2209 epistolis
793 2170 961 2199 censionem.

31 2213 238 2247 Causrrro,
259 2222 332 2242 onis.
353 2212 434 2242 Idem
448 2210 526 2248 quod
541 2209 663 2242 Census,
685 2219 740 2245 quo
759 2208 846 2239 verbo
866 2207 930 2238 usus
949 2207 987 2237 est
1005 2206 1143 2245 Spartian.
1160 2205 1189 2235 in

64 2251 179 2281 Pescen.
193 2251 256 2289 Nig.
269 2260 329 2289 cap.
343 2259 369 2287 7.
390 2249 491 2279 Terras
503 2247 592 2276 levare
604 2247 765 2277 censitione.
1064 2270 1067 2275 .

254 2289 259 2295 ·
365 2283 496 2324 [apamiae
518 2285 622 2321 (Immo
632 2281 724 2319 πμηπῖς
734 2284 809 2322 apud
823 2284 945 2314 Dionem
956 2284 983 2313 ἃ
998 2283 1068 2313 alios
1085 2282 1121 2312 H.
1132 2282 1191 2317 St.]

70 2338 87 2358 a
99 2326 244 2357 Censendo
256 2327 346 2356 didius
358 2325 403 2355 est.
444 2324 537 2354 Festus
549 2346 557 2359 ,
579 2323 714 2353 Censores
726 2323 794 2352 dieti
803 2345 811 2358 ,
833 2323 910 2360 quod
921 2331 980 2350 rem
991 2321 1066 2350 suam
1076 2320 1191 2358 quisque

70 2366 140 2395 tanti
150 2365 282 2394 aestimare
293 2364 388 2393 solitus
401 2362 450 2397 fit,
471 2366 605 2399 quantum
619 2361 661 2390 ilii
672 2360 837 2390 censuerint.
880 2360 962 2389 Varro
972 2359 1007 2388 de
1022 2359 1051 2388 L.
1067 2358 1097 2387 L.
1108 2369 1134 2394 4.
1147 2369 1190 2394 14.

71 2403 173 2433 Censor
182 2425 191 2437 ,
211 2403 247 2432 ad
257 2403 336 2438 cujus
347 2401 507 2431 censionem
516 2421 524 2434 ,
545 2399 575 2428 id
587 2399 625 2428 est
635 2399 779 2428 arbitrium
792 2397 950 2428 censeretur
960 2396 1091 2435 populus.
1113 2395 1193 2426 Asco—

69 2442 133 2471 nius
144 2442 173 2470 in
180 2441 303 2471 Divinat.
315 2440 403 2473 Cic.8.
420 2437 572 2475 Regendis.
581 2438 673 2475 inquit
682 2460 690 2471 ,
705 2437 829 2466 moribus
843 2436 962 2465 civitatis
970 2435 1103 2464 Censores
1113 2435 1195 2472 quiri-

17 2493 19 2502 1
69 2485 100 2509 ‘to
112 2488 223 2516 quoque
234 2488 308 2508 anno
318 2478 404 2507 creari
415 2476 547 2505 solebant.
571 2474 727 2519 Hiprorsus
741 2476 815 2504 cives
829 2474 865 2503 sic
875 2473 1027 2507 notabant,
1049 2479 1081 2502 ut
1090 2474 1136 2510 qui
1147 2473 1194 2501 Se-

71 2525 150 2547 nator
159 2517 244 2552 esset,
266 2517 412 2552 ejiceretur
425 2515 546 2543 Senatu:
569 2524 616 2551 qui
636 2523 719 2550 eques
739 2514 900 2546 Romanus,
922 2521 1027 2549 equum
1045 2511 1194 2549 publicum

71 2556 217 2594 perderet:
240 2555 287 2591 qui
305 2553 450 2592 plebeius,
471 2552 501 2580 in
518 2551 650 2581 Caerituni
669 2551 778 2580 tabulas
798 2551 962 2583 referretur,
985 2550 1010 2579 &
1024 2550 1132 2578 aerarius
1146 2548 1195 2577 fie-

71 2599 114 2624 ret
125 2615 133 2628 ,
155 2594 207 2623 &c.
248 2592 308 2621 Cic.
323 2601 347 2626 3.
360 2591 395 2620 de
406 2590 501 2627 Legib.
513 2599 539 2626 7.
562 2589 713 2624 Censores,
734 2588 835 2626 populi
850 2588 988 2621 aevitates,
1008 2586 1134 2621 soboles,
1155 2587 1196 2615 sa-

71 2631 161 2661 milias
173 2653 181 2665 ‚
197 2629 384 2669 pecuniasque
395 2628 527 2658 censento
538 2650 545 2663 ,
563 2629 614 2657 Sco.
654 2627 734 2656 Idem
745 2628 846 2656 eodem
858 2626 908 2655 lib.
919 2628 966 2661 46.
990 2625 1078 2654 Graeci
1086 2625 1142 2654 hoc
1152 2625 1196 2653 dia

15 2709 18 2712 ⁴
69 2669 202 2707 ligentius
214 2690 222 2704 ,
244 2668 319 2706 apud
329 2676 398 2705 quos
409 2667 575 2709 νξωφόλοικες
588 2672 727 2695 creantur.
749 2675 803 2694 nec
813 2665 832 2693 ii
841 2663 931 2693 solum
940 2663 1044 2692 litteras
1065 2665 1153 2698 (nam
1165 2662 1195 2691 id

72 2707 187 2745 quidem
197 2707 283 2736 etiam
290 2705 365 2743 apud
374 2713 492 2740 majores
503 2703 609 2733 nostros
621 2704 691 2737 erat)
712 2702 760 2731 sed
771 2702 855 2732 etiam
864 2702 935 2730 faeta
946 2701 1095 2730 hominum
1105 2700 1195 2730 obser-

72 2745 190 2779 vabant,
210 2745 245 2773 ad
256 2743 383 2780 legesque
393 2741 569 2771 revocabant.
611 2741 680 2770 Haec
693 2741 775 2770 detur
783 2750 849 2770 cura
860 2739 1043 2769 Censoribus:
1069 2739 1195 2776 quando-

74 2784 188 2821 quidem
199 2791 247 2811 eos
257 2782 286 2810 in
296 2779 406 2818 Repub.
419 2779 526 2817 semper
542 2778 673 2808 volumus
693 2778 757 2808 else.
800 2778 880 2815 Apud
894 2777 1006 2806 eosdem
1017 2798 1025 2812 ,
1048 2777 1094 2813 qui
1110 2777 1201 2814 magi-

73 2822 155 2851 stratu
168 2819 305 2854 abierint,
327 2819 412 2848 edant
428 2818 455 2847 δι
468 2824 613 2855 exponant
631 2817 699 2854 quid
716 2818 745 2846 in
760 2816 917 2853 magistratu
937 2814 1082 2853 gesserint:
1105 2815 1197 2851 deque

74 2859 108 2888 iis
118 2858 249 2888 Censores
260 2857 453 2894 praejudicent.

75 2896 187 2926 Censor.
208 2896 398 2932 Quinquenne
417 2893 540 2931 primum
559 2892 613 2921 fuit
628 2892 775 2921 censorum
792 2892 963 2929 imperium,
983 2899 1016 2920 ea
1035 2889 1114 2928 lege,
1136 2898 1197 2927 quae

94 2934 221 2972 Geganio
234 2933 362 2963 Macrino
385 2942 395 2961 1
409 2941 433 2967 1,
457 2931 594 2967 Quinetio
613 2930 774 2967 Capitolino
790 2940 815 2958 v.
833 2939 908 2958 cos.
929 2929 983 2957 lata
997 2928 1054 2957 est:
1088 2928 1152 2970 Qia
1167 2928 1199 2956 si-

94 2973 154 3002 niul
164 2971 234 3000 illud
244 2971 389 3005 sancitum,
400 2976 432 2998 ut
442 2979 457 2998 e
466 2975 550 3006 gente
559 2969 674 3006 patricia
688 2974 856 2998 crearentur.
873 2966 919 2996 sed
930 2976 991 2996 eam
1001 2965 1092 3003 legem
1102 2968 1199 2995 iexen-

94 3010 144 3040 nio
157 3010 217 3048 post
226 3009 311 3038 Mam.
327 3007 453 3038 AEmilius
467 3007 585 3036 dietator
597 3007 719 3035 correxit
729 3028 737 3040 ,
757 3005 818 3042 lege
832 3005 886 3034 lata
896 3027 904 3039 ,
925 3014 962 3033 ne
975 3003 1038 3041 plus
1049 3013 1132 3041 quam
1150 3013 1199 3032 an-

96 3057 152 3077 nua
162 3057 194 3077 ac
204 3047 337 3076 semestris
348 3045 464 3075 censura
475 3044 550 3074 esset.
572 3045 659 3082 gravis
672 3044 747 3073 enini
757 3044 849 3072 omnis
859 3043 990 3072 diuturna
1000 3042 1118 3079 potestas
1127 3042 1156 3070 in
1167 3041 1201 3070 li-

96 3086 163 3115 bera
181 3085 300 3115 civitate.
338 3083 490 3113 Censorum
511 3088 570 3111 erat
592 3092 693 3112 munus
705 3104 712 3115 ,
735 3082 879 3111 civitatem
904 3079 1016 3109 censere
1028 3102 1036 3115 ‚
1054 3079 1200 3116 veetigalia

97 3123 189 3153 locare
200 3145 209 3158 ,
229 3123 297 3153 vitia
310 3128 415 3151 notare.
436 3121 544 3150 notatio
554 3126 648 3149 autem
662 3142 669 3155 ,
692 3122 719 3150 Sc
737 3117 940 3148 animadversio
955 3118 984 3146 in
1003 3117 1147 3155 improbos
1160 3117 1200 3146 ci-

98 3170 146 3191 ves
156 3171 213 3190 nori
224 3159 348 3196 ejusdem
359 3166 417 3188 erat
429 3159 546 3196 generis.
569 3157 677 3187 senator
686 3158 781 3187 senatu
790 3156 952 3185 movebatur
964 3165 970 3184 ε
993 3164 1076 3192 eques
1094 3164 1199 3192 equum

98 3199 243 3237 publicum
255 3197 408 3236 perdebat:
452 3196 557 3226 lebeius
573 3197 602 3225 in
616 3196 747 3225 Caeritum
760 3194 868 3224 tabulas
886 3193 1072 3228 referebatur,
1094 3194 1120 3223 Sc
1137 3202 1201 3222 aera-

98 3237 154 3266 rius
163 3236 248 3266 fiebat
258 3257 266 3271 ,
287 3235 343 3264 hoc
352 3235 406 3269 est,
439 3234 536 3264 erendi
546 3233 669 3270 suffragii
678 3236 704 3263 Gr
713 3233 844 3271 capiendi
856 3232 978 3261 muneris
997 3231 1103 3268 publici
1121 3238 1202 3268 pote-

99 3275 166 3304 state
173 3275 251 3303 omni
259 3273 428 3311 privabatur,
449 3278 481 3301 ut
491 3278 600 3301 tantum
610 3273 645 3301 ad
655 3281 706 3300 aera
716 3281 767 3309 pro
778 3270 826 3299 suo
839 3270 929 3307 capite
937 3291 945 3304 ,
966 3268 1062 3298 tributi
1073 3270 1199 3303 nomine,

99 3348 102 3350 ,
120 3312 251 3342 endenda
260 3311 329 3340 civis
340 3309 531 3340 eisetCaerites
541 3311 618 3339 enim
630 3310 722 3347 primi,
733 3309 825 3346 inquit
835 3307 940 3337 Gellius
955 3309 1044 3342 1613.
1055 3316 1106 3344 pro
1120 3306 1201 3336 sacris

99 3323 176 3380 bello
188 3349 295 3379 Gallico
306 3350 424 3386 receptis
433 3370 441 3383 ,
459 3347 667 3385 custoditisque,
682 3347 839 3384 municipes
849 3346 905 3374 sine
915 3345 1037 3382 suffragii
1047 3345 1107 3381 jure
1118 3345 1198 3373 faeti:

100 3387 317 3423 concessumque
328 3386 427 3421 illis,ut
435 3385 688 3415 civitatisRomanae
698 3385 835 3414 honorem
847 3383 962 3412 cuidem
973 3389 1204 3421 caperent,nego-

98 3426 144 3455 tiis
154 3433 247 3455 tamen
257 3432 339 3462 atque
350 3424 483 3453 oneribus
495 3429 634 3453 vacarent.
655 3423 722 3452 hinc
736 3423 837 3452 tabulae
852 3401 966 3450 Caerites
982 3420 1129 3458 appellatae
1141 3442 1149 3455 ,
1170 3422 1201 3449 iri

101 3474 168 3501 quas
181 3463 307 3493 censores
321 3462 414 3491 referri
429 3461 581 3497 jubebant,
604 3471 673 3498 quos
693 3468 767 3490 notae
783 3459 872 3490 caussa
893 3458 1028 3496 suffragiis
1047 3459 1200 3496 privabant.

101 3501 263 3531 adimebant
272 3501 354 3537 igitur
360 3499 487 3529 censores
496 3500 572 3536 quod
580 3501 680 3536 cuique
691 3499 783 3528 ordini
793 3498 932 3527 summum
941 3504 1014 3526 erat:
1035 3496 1154 3526 senatori
1166 3505 1203 3525 ne

100 3540 132 3568 iri
141 3539 237 3568 senatu
249 3539 331 3567 esset:
357 3538 461 3575 equiti,
481 3546 517 3566 ne
530 3538 632 3573 equitis
643 3537 747 3572 insigne
759 3558 767 3571 ,
789 3535 935 3574 publicum
952 3544 1055 3572 equum
1066 3557 1074 3570 ,
1097 3536 1123 3565 ἃ
1135 3544 1203 3563 anu-

102 3577 161 3606 lum
172 3575 422 3606 aureumliaberet:
445 3575 557 3613 plebeio
567 3597 575 3606 .
595 3585 631 3604 ne
645 3574 802 3612 suffragium
814 3574 907 3603 ferret.
929 3573 1006 3610 quod
1017 3573 1094 3601 enim
1108 3580 1205 3610 praste-

102 3624 147 3644 rea
159 3614 248 3657 posset
258 3615 356 3649 adimi,
368 3613 440 3642 nihil
453 3619 517 3642 erat.
539 3611 659 3649 suffragii
671 3622 755 3650 porro
768 3611 941 3640 amiffionem
953 3609 1116 3647 sequebatur
1126 3610 1204 3639 amis-

103 3652 140 3682 sio
151 3652 230 3682 11111111
239 3653 370 3681 oninium
385 3660 534 3680 munerum
544 3650 722 3688 publicorum
734 3672 742 3684 ,
764 3649 841 3678 sicuti
853 3671 861 3683 ,
882 3647 1001 3685 suffragii
1018 3649 1080 3684 jure
1092 3648 1205 3678 conces-

104 3690 150 3726 so,
169 3690 270 3719 scimus
285 3691 422 3718 honorum
437 3688 516 3717 liniul
534 3698 566 3717 ac
589 3696 736 3717 munerum
755 3687 884 3716 omnium
903 3693 1010 3724 partem
1029 3685 1082 3715 esse
1098 3686 1201 3716 datam.

105 3727 206 3757 Eratne
214 3728 269 3756 civi
278 3727 408 3757 Romano
418 3726 552 3760 senatori,
579 3726 654 3755 dicet
664 3726 763 3763 aliquis
773 3731 872 3763 praeter
885 3724 990 3753 ordinis
1009 3723 1180 3754 amislionem
1194 3746 1202 3760 ,

103 3765 156 3795 alia
164 3766 267 3803 poena‘?
288 3771 355 3794 erat.
378 3774 442 3794 nam
457 3765 599 3793 interdum
616 3773 674 3793 nori
687 3763 773 3793 niodo
792 3763 869 3792 aditu
888 3762 971 3791 curiae
987 3761 1203 3799 prohibebatur,

104 3813 201 3833 verum
212 3803 295 3832 etiam
305 3802 379 3831 tribu
391 3803 569 3835 movebatur,
584 3803 613 3830 in
624 3801 786 3838 aerariosque
796 3799 972 3829 referebatur.
993 3800 1099 3829 moveri
1110 3806 1205 3829 autem

105 3841 178 3870 tribu
188 3862 196 3875 ,
216 3840 255 3869 est
268 3862 276 3874 ,
297 3841 327 3869 in
336 3840 439 3869 tribum
447 3839 642 3876 ignobiliorem
652 3838 790 3869 transferri
803 3860 811 3872 ,
833 3844 864 3867 ut
871 3847 907 3867 ex
915 3837 1052 3866 rusticain
1060 3837 1204 3873 urbanam,

104 3879 149 3907 vel
158 3879 187 3906 in
195 3877 277 3907 aliam
287 3878 412 3907 rusticam
423 3879 516 3906 minus
527 3879 699 3906 honoratam.
723 3875 867 3906 ffimilium
880 3875 995 3912 quidem
1011 3875 1184 3905 Mamercum
1193 3897 1202 3910 ,

103 3915 180 3954 quod
190 3915 308 3946 censurae
319 3921 431 3954 tempus
444 3915 584 3945 minuisset
593 3936 601 3952 2
621 3926 638 3946 a
647 3914 806 3946 censoribus
820 3915 846 3944 <Sc
857 3913 952 3944 senatu
965 3913 1085 3950 ejeifkum
1094 3936 1104 3950 ,
1122 3915 1149 3945 &
1160 3914 1206 3943 tri-

1243 2095 1462 2130 Crusrroii,
1483 2095 1547 2123 oris.
1569 2104 1605 2123 m.

1249 2476 1486 2509 Censorius,
1508 2485 1541 2510 a,
1562 2484 1620 2503 uni.
1643 2473 1804 2509 [nemrim]
1826 2473 1887 2509 Adj.

1624 80 1653 115 C
1750 81 1903 117 EN
2313 97 2385 133 477

1279 164 1316 194 bu
1330 170 1460 206 motum,
1482 165 1663 200 aerariumque
1675 163 1775 197 etiam,
1798 163 1881 193 censu
1893 164 2066 201 ociuplicato
2079 186 2086 199 ,
2107 165 2162 195 esse
2177 165 2282 196 sac‘tiiin
2296 190 2304 201 ,
2327 170 2384 199 [ἰν.

1279 201 1328 231 lib.
1342 215 1368 238 4.
1385 209 1410 237 8.
1438 203 1569 240 scripturn
1595 202 1715 238 reliquit.
1738 201 1895 238 eodemque
1921 202 2006 230 niodo
2026 203 2101 231 cives
2120 203 2262 232 Romanos
2280 208 2388 236 ordinis

1279 242 1411 277 equestris
1423 250 1479 269 non
1496 240 1582 268 inodo
1594 249 1666 275 equo
1677 238 1792 276 publico
1808 240 1928 275 privatos
1941 261 1949 273 ,
1969 249 2065 268 verum
2082 241 2165 269 ctiam
2181 241 2207 268 iii
2221 244 2328 273 aerarios
2349 256 2391 274 re-

1281 277 1351 306 latos
1361 278 1416 308 else
1429 300 1437 312 ,
1459 287 1494 306 cx
1507 278 1612 306 Valerio
1626 277 1769 311 Maximo,
1789 277 1904 311 aliisque
1922 277 2082 306 didicimus.
2125 278 2284 308 Cciisoriam
2296 290 2389 313 autem

1282 323 1379 344 notam
1392 338 1399 349 ,
1421 322 1502 352 atque
1521 316 1703 351 ignominiam
1721 315 1759 349 ii,
1781 316 1827 351 qui
1846 314 2049 349 succedebant,
2080 315 2208 344 censores
2226 315 2391 356 plerumque

1283 352 1442 387 solvebant,
1465 359 1547 389 atque
1558 353 1641 381 etiam
1652 375 1660 387 ,
1682 353 1756 389 quod
1772 352 1867 381 censor
1877 362 1949 381 unus
1963 352 2108 387 statuerat,
2131 353 2159 381 id
2168 353 2237 382 alter
2252 353 2322 392 ssepe
2333 366 2395 385 nm-

1284 390 1374 432 tabat:
1400 397 1530 428 przeterea
1540 397 1649 419 notatos
1661 389 1845 419 acensoribus
1862 390 2005 427 pristinum
2028 391 2057 418 in
2076 390 2169 419 locum
2186 391 2328 422 restituere
2348 394 2393 423 vel

1281 427 1408 470 iudices,
1430 436 1457 456 rc
1471 428 1598 464 cognita,
1620 428 1797 463 ctjiidieata,
1818 427 1871 457 suis
1883 427 2025 456 sententiis
2039 450 2047 462 ,
2068 428 2111 457 vel
2125 428 2246 465 populus
2263 430 2320 467 ipse
2340 431 2397 460 sus.

1283 466 1377 508 fragiis
1387 467 1530 502 &poterat
1540 488 1548 499 ,
1570 467 1597 495 &
1609 465 1722 495 solebat.
1748 466 1824 502 quod
1835 466 1916 502 liquis
1928 475 1942 494 e
1953 464 2048 494 senatu
2061 466 2166 501 ejectus
2176 488 2183 501 ,
2205 476 2296 503 neque
2307 478 2394 498 aecn-

1285 503 1390 546 soribus
1404 502 1582 545 sequentibus
1593 525 1600 535 ,
1622 512 1713 538 neque
1728 503 1894 539 ajudicibus
1905 526 1912 538 ,
1934 512 2026 540 neque
2043 513 2057 532 a
2072 503 2179 540 populo
2204 504 2232 532 in
2255 505 2395 543 integrum

1284 541 1424 569 restitutus
1433 541 1516 569 cilet:
1541 550 1625 581 unani
1635 540 1756 569 habebat
1770 541 1798 569 in
1809 541 1933 569 senatum
1947 541 2083 570 redeundi
2097 542 2168 570 viam
2180 563 2187 576 ,
2203 541 2220 569 si
2234 541 2396 572 1101101εεί1-

1287 578 1329 620 los
1338 578 1431 621 denuo
1443 577 1541 615 populi
1552 578 1684 613 suffragiis
1694 578 1907 615 consequeretur
1920 600 1928 612 ,
1950 588 2019 615 quos
2031 579 2077 615 qu‘l
2086 579 2221 615 gesserant
2230 602 2238 614 ,
2254 580 2297 615 iis,
2309 582 2395 611 etiam

1287 617 1306 658 11
1318 615 1423 644 lechin
1435 616 1585 644 senatunia
1598 615 1757 644 censoribus
1769 626 1827 644 non
1845 617 1948 651 essent,
1972 622 2067 653 patere
2084 625 2177 645 tamen
2197 618 2302 647 curiam
2320 619 2395 655 leges

1287 653 1430 689 jubebant.
1453 653 1557 682 Caulsae
1569 674 1576 687 ,
1599 652 1699 688 quibus
1712 654 1786 682 cives
1802 653 1922 682 Romani
1936 664 1948 682 a
1961 654 2121 683 censoribus
2133 662 2305 691 notarentur,
2326 657 2400 685 inul-

1288 698 1323 720 tae
1334 690 1480 733 traduntur
1491 711 1500 724 ,
1522 697 1570 733 ut,
1593 690 1611 732 si
1623 691 1683 726 quis
1696 692 1841 728 conceptis
1850 691 1940 720 verbis
1956 692 2114 729 pejerasset:
2139 692 2155 720 si
2167 714 2174 727 ,
2195 703 2280 730 quum
2289 694 2356 723 esset
2367 695 2397 724 in

1288 737 1434 767 provincia
1444 749 1452 762 ,
1474 727 1563 768 soeios
1575 727 1729 770 diripuisset
1739 750 1746 763 ,
1766 729 1782 757 si
1795 730 1942 765 pecuniam
1954 728 2090 766 accepisse
2099 730 2134 758 ob
2146 740 2203 759 reiii
2212 732 2397 766 judicandam

1287 772 1450 808 putaretur,
1473 768 1490 793 li
1502 771 1614 807 propter
1631 775 1690 793 aeris
1702 767 1924 803 magnitudinem
1943 767 2045 804 pradia
2058 768 2250 805 mancipasset:
2274 769 2290 796 li
2311 770 2396 807 paulo

1287 804 1356 834 esset
1366 803 1530 846 insolentior
1541 804 1567 831 in
1582 805 1710 844 lumptu:
1754 813 1788 832 ua
1800 804 1834 832 de
1844 814 1872 832 re
1881 804 1963 832 verba
1979 804 2041 833 sunt
2053 805 2111 834 liaec
2121 807 2193 842 apud
2211 806 2332 836 (iclliuni
2344 808 2392 837 lib.

1289 852 1317 876 4.
1334 851 1375 870 12.
1397 841 1562 870 Cornelium
1577 840 1726 875 Ruhnum,
1768 842 1789 870 is
1799 841 1942 870 consulatu
1956 842 2128 872 &dictatura
2138 844 2281 879 functum,
2303 846 2399 875 censor

1289 877 1432 922 Fabricius
1445 878 1539 908 senatu
1551 879 1640 906 niovit
1650 877 1686 906 ob
1698 878 1813 911 luxuriae
1825 886 1919 907 notam
1933 901 1940 914 ,
1962 880 2037 916 quod
2057 881 2155 910 deceni
2173 882 2269 918 pondo
2290 885 2397 915 argenti

1290 916 1491 947 sactiliaberet.
1514 915 1774 945 notabanturetiam
1795 917 1841 951 qui
1861 917 2024 951 strigosiores
2036 927 2121 955 equos
2134 919 2275 948 haberent.
2297 918 2398 957 quibus

1288 964 1379 992 equus
1389 954 1517 992 publicus
1534 954 1719 983 adimebatur.
1741 955 1870 983 oiniiiuin
1882 955 2005 991 denique
2022 965 2113 984 rerum
2127 957 2240 985 nomine
2260 960 2332 987 maie
2351 970 2399 988 au-

1292 994 1419 1035 dientes,
1438 999 1473 1036 111
1483 992 1564 1025 furti,
1586 991 1749 1029 peculatus,
1771 1000 1913 1029 captarum
1940 993 2124 1029 pecuniarum
2145 1004 2195 1032 pro
2217 994 2308 1031 socio,
2331 1007 2399 1033 quo-

1291 1040 1354 1061 rum
1365 1040 1517 1059 criminum
1525 1031 1615 1067 turpia
1626 1030 1731 1065 judicia
1739 1030 1910 1059 vocabantur
1921 1051 1929 1065 ,
1951 1040 1965 1058 a
1980 1030 2138 1059 censoribus
2158 1032 2325 1062 notabantur
2340 1044 2345 1063 :
2369 1041 2400 1064 ut

1291 1073 1386 1098 vtamen
1396 1068 1483 1097 iidem
1497 1068 1607 1096 ‘illarum
1619 1067 1739 1104 ipsarum
1749 1077 1841 1097 rerum
1853 1068 1945 1105 postea
1956 1068 2069 1103 judiciis
2080 1069 2196 1098 absoluti
2210 1093 2217 1104 ,
2238 1072 2282 1106 jus
2298 1071 2376 1101 suum

1294 1105 1442 1149 censorum
1456 1106 1694 1135 animadversione
1705 1105 1884 1142 ademptum,
1906 1105 1977 1142 saepe
1994 1108 2225 1143 recuperaverint.
2250 1118 2340 1145 neque
2353 1095 2402 1139 un:

1291 1154 1377 1183 quarn
1388 1145 1421 1173 iis
1432 1166 1440 1179 ,
1463 1144 1491 1172 iii
1502 1153 1571 1181 quos
1582 1143 1841 1173 animadvertissent
1850 1142 1986 1178 censoreS,
1999 1151 2146 1181 propterea
2156 1145 2198 1173 vel
2216 1147 2402 1181 magistratum

1292 1192 1410 1220 capere,
1424 1181 1477 1225 *vel
1499 1182 1625 1218 judicem
1642 1181 1715 1219 legi,
1736 1181 1783 1211 vel
1803 1181 1921 1211 alterurn
1938 1181 2063 1210 accusare
2081 1192 2137 1210 non
2155 1182 2242 1212 licuit.
2262 1177 2266 1182 ⁸
2284 1184 2404 1215 incensis

1294 1230 1381 1259 poena
1390 1220 1443 1249 fuit
1454 1219 1606 1256 gravissima
1619 1241 1627 1255 ,
1649 1219 1971 1249 bonorumetlibertatis
1990 1219 2113 1248 amissio:
2136 1230 2252 1257 eumque
2272 1223 2403 1259 significat

1294 1259 1414 1296 quidem
1432 1258 1524 1287 Livius
1537 1279 1545 1292 ,
1567 1267 1653 1294 quum
1670 1258 1708 1286 ait
1723 1256 1770 1287 lib.
1786 1267 1810 1287 1.
1833 1267 1893 1294 cap.
1907 1267 1952 1291 44.
1970 1267 2010 1294 pr.
2036 1257 2071 1286 de
2085 1258 2141 1287 Ser.
2165 1258 2277 1295 Tullio,
2312 1262 2402 1290 Censu

1294 1298 1428 1335 peraeto,
1450 1305 1533 1333 queni
1543 1301 1744 1331 maturaverat,
1766 1301 1843 1325 metu
1852 1295 1921 1331 legis
1931 1294 1966 1323 de
1979 1295 2098 1324 incensis
2117 1295 2178 1325 latae
2197 1307 2261 1326 cum
2279 1298 2406 1328 vinculo-

1295 1342 1359 1364 rum
1375 1334 1479 1369 minis,
1501 1333 1660 1370 mortisque.
1701 1333 1790 1371 [lego
1804 1333 2048 1368 Maturaverant.]
2085 1339 2176 1362 narrat
2195 1342 2288 1364 autem
2309 1344 2406 1373 aperte

1296 1368 1455 1410 Dionysius:
1477 1370 1515 1406 τζιῖ
1532 1367 1577 1406 δῖ,
1598 1371 1705 1415 inquit,
1727 1373 1761 1407 μὴ
1779 1366 1926 1407 πμηπιμὲἶρῳ
1943 1370 2066 1405 ”wellam
2081 1368 2167 1406 ἄϋσε,
2189 1373 2230 1400 ric
2243 1385 2266 1399 π
2288 1371 2352 1402 ἐρέας
2366 1374 2405 1403 ςέ-

1296 1411 1354 1447 ςεᾶὶζ
1366 1430 1372 1441 ,
1393 1412 1415 1447 ³33
1442 1407 1514 1436 αότὺ
1531 1409 1692 1442 nymph-nx
1710 1409 1837 1443 orea‘ffvm.
1880 1408 1920 1437 Ex
1933 1407 1959 1437 P.
1977 1409 2096 1438 Manutii
2112 1408 2160 1438 lib.
2173 1409 2208 1439 de
2220 1410 2337 1447 Legibus
2349 1435 2356 1447 ,
2379 1414 2405 1442 ἃ

1297 1448 1393 1478 exiib.
1405 1448 1441 1477 de
1453 1447 1572 1477 Civitate
1582 1447 1719 1476 Romana.
1758 1446 1789 1476 V.
1812 1445 1927 1483 Dionys.
1946 1445 2125 1476 Halicarnass.
2138 1446 2188 1476 lib.
2205 1458 2246 1477 11.
2265 1458 2324 1478 extr
2350 1452 2405 1479 liv.

1299 1497 1326 1523 4.
1340 1492 1365 1520 8.
1377 1488 1402 1516 Sc
1415 1496 1460 1522 24.
1472 1487 1499 1515 &
1516 1484 1588 1515 Gell.
1601 1496 1628 1520 4.
1644 1494 1685 1514 12.
1700 1484 1888 1523 &Spanhem
1904 1484 1939 1513 de
1955 1483 2010 1514 Usu
2029 1487 2055 1515 &
2075 1486 2161 1523 praest.
2183 1485 2268 1517 Num.
2290 1487 2349 1516 diis.
2365 1500 2405 1518 io,

1297 1535 1326 1563 p.
1340 1534 1383 1561 99.
1394 1524 1432 1561 sq.
1447 1524 1543 1553 Ascon.
1559 1523 1671 1552 Pedian.
1681 1521 1699 1552 1.
1713 1533 1736 1552 c.

1275 1562 1320 1630 DC
1330 1563 1448 1630 1ε11ἓ111ῗ
1454 1560 1536 1605 censs.
1549 1561 1723 1599 muneribus,
1734 1561 1770 1591 de
1781 1560 1877 1590 Lustro
1890 1560 1959 1590 item
1975 1561 2004 1589 ὁὶ
2019 1559 2227 1592 Solitaurilibus
2256 1562 2288 1593 V.
2310 1563 2330 1593 s.
2341 1563 2360 1594 l.
2381 1566 2407 1595 &

1322 1611 1366 1630 ex.
1398 1610 1430 1629 in
1444 1610 1479 1629 ci.

1278 1638 1384 1669 Censor
1394 1640 1419 1668 ἃ
1430 1638 1581 1674 castigator.
1601 1636 1669 1667 Hor.
1684 1637 1713 1665 in
1723 1637 1786 1666 Arte
1795 1636 1872 1666 Poet.
1890 1643 1951 1673 173.

1279 1678 1426 1708 Mitiorum
1436 1676 1540 1706 censor.
1562 1674 1631 1704 Hor.
1644 1675 1673 1704 in
1685 1675 1748 1704 Arte
1763 1674 1839 1704 Poet.
1857 1683 1917 1710 173.

1279 1715 1410 1752 Magister
1420 1713 1574 1752 disciplinae
1584 1735 1592 1750 ,
1615 1714 1641 1743 δε
1652 1712 1803 1742 severitatis
1813 1712 1924 1742 Censor.
1947 1711 2005 1741 Cic.
2019 1721 2072 1749 pro
2083 1712 2194 1743 Cluent.
2208 1723 2268 1750 1²9-

1280 1753 1412 1791 Magister
1423 1761 1543 1781 morum.
1565 1751 1624 1781 Cic.
1640 1759 1665 1787 3.
1678 1750 1753 1780 Fam.
1773 1762 1795 1780 1.
1837 1750 1869 1779 V.
1890 1751 1919 1779 in
1940 1759 2141 1780 MAGis’rea.

1279 1790 1427 1821 Praefectus
1438 1790 1575 1820 moribus.
1597 1789 1657 1818 Cic.
1671 1799 1723 1826 pro
1736 1788 1868 1819 Cluentio
1882 1811 1889 1824 ‚
1907 1797 1968 1824 129.

1281 1829 1410 1867 Rigidus.
1433 1828 1532 1864 Juven.
1549 1837 1591 1856 11.
1605 1827 1660 1856 Sat.
1676 1836 1720 1862 92.

1281 1866 1483 1897 sanctissimus.
1503 1865 1624 1902 Quintil.
1636 1865 1684 1895 lib.
1696 1875 1723 1900 4.
1735 1865 1765 1893 in
1777 1864 1926 1902 prooemio.

1283 1906 1421 1936 Tetricus.
1446 1903 1566 1934 Martial.
1578 1903 1625 1932 lib.
1642 1913 1684 1932 12.
1700 1903 1791 1941 Epigr.
1808 1912 1854 1939 71.

1282 1943 1452 2011 Οὲῃΐοήὺέε
1461 1942 1606 2009 ἷεέὶὶςίῗίἰῑι
1616 1941 1710 1971 locare
1725 1940 1776 1969 nisi
1787 1941 1816 1969 in
1834 1939 1985 1978 conspeetu
1997 1940 2098 1979 Populi
2119 1940 2242 1971 Romani
2258 1951 2318 1972 non
2332 1942 2408 1973 licet.

1328 1991 1362 2011 ic.
1383 1991 1405 2010 1.
1438 1990 1453 2010 e
1477 1990 1537 2017 .ege
1571 1989 1638 2017 grar.
1654 1988 1678 2009 7.

1284 2020 1415 2050 Animum
1426 2018 1546 2048 censoris
1557 2002 1670 2046 suniere‘.
1693 2016 1760 2047 Hor.
1774 2026 1800 2046 2.
1812 2016 1895 2054 Epist.
1907 2025 1933 2046 2.
1949 2026 2011 2046 110.

1365 2058 1437 2086 Cum
1447 2056 1551 2086 tabulis
1560 2056 1686 2085 animum
1695 2054 1819 2084 censoris
1835 2054 1925 2084 sumet
1934 2054 2052 2084 honesti.

1627 2093 1772 2129 [πμητῆτ]
1794 2092 1827 2122 ab
1839 2093 1954 2130 antiquo
1965 2092 2050 2122 verbo
2061 2092 2160 2122 Ceniio
2181 2095 2269 2131 quarti
2290 2094 2413 2130 ordinis,

1284 2135 1364 2163 idem
1381 2133 1457 2170 quod
1469 2132 1581 2162 Censor.
1606 2131 1670 2169 Uip.
1683 2130 1742 2160 inl.
1757 2131 1858 2160 forma.
1882 2131 1905 2168 §.
1923 2130 2001 2160 illam
2018 2132 2187 2167 aequitatem.
2208 2132 2243 2162 D.
2262 2132 2297 2161 de
2312 2133 2413 2162 censib.

1284 2172 1366 2203 lllam
1376 2172 1537 2208 aequitatem
1545 2169 1630 2199 debet
1638 2169 1786 2198 admittere
1799 2169 1923 2198 Censitor
1933 2191 1940 2203 ,
1957 2174 1989 2198 ut
1997 2169 2090 2198 officio
2100 2170 2161 2205 ejus
2173 2176 2325 2207 congruat,
2342 2172 2394 2200 Sec.

1285 2210 1531 2239 Censitorunivice
1542 2208 1628 2243 fungi.
1642 2207 1816 2244 Pomponius
1826 2206 1845 2236 1.
1857 2216 1930 2244 ergo.
1945 2207 1965 2244 ἕ.
1981 2206 2096 2236 alluvio.
2112 2207 2143 2236 D.
2158 2208 2194 2236 de
2205 2218 2263 2244 aeq.
2275 2219 2324 2237 rer.
2337 2209 2414 2237 doni.

1287 2249 1344 2278 Sed
1354 2247 1417 2278 usus
1427 2247 1549 2276 obtinuit
1558 2251 1588 2275 ut
1601 2247 1619 2275 ii
1627 2244 1678 2275 soli
1690 2244 1824 2274 Censores
1838 2245 1998 2275 dicerentur
2008 2267 2016 2279 ,
2038 2245 2084 2282 qui
2099 2245 2196 2275 Romae
2208 2246 2321 2275 censum
2334 2246 2416 2275 ficie-

1305 2286 1393 2321 bant,
1416 2284 1633 2315 &iiCensitores
1645 2305 1653 2319 ,
1674 2283 1764 2320 quiin
1782 2283 1935 2312 Provinciis
1955 2283 2009 2311 iioc
2021 2292 2139 2312 munere
2156 2284 2351 2321 fungebantur.
2373 2284 2417 2313 Iii-

1307 2323 1471 2361 scriptNet.
1480 2323 1555 2360 apud
1565 2322 1670 2352 Fabret.
1689 2331 1717 2358 p.
1730 2331 1774 2356 ²9·
1798 2321 1859 2350 GN.
1882 2320 2080 2350 MVNATIVS.
2103 2320 2144 2350 M.
2168 2321 2196 2350 F.
2218 2322 2290 2351 PAL.
2314 2322 2421 2351 AVRE-

1307 2362 1397 2392 LIVS.
1420 2361 1555 2391 BASSVS.
1578 2359 1762 2389 ASTVRVM.
1782 2358 1977 2388 CENSITOR.
1995 2358 2135 2388 CiVlVM.
2153 2359 2403 2389 ROMANORVM

1306 2399 1509 2430 COLONIAE.
1530 2394 1792 2428 VICTRICENSIS.
1836 2396 1870 2426 Et
1881 2396 1946 2434 Ulp.
1960 2396 1978 2425 1.
1989 2407 2016 2430 4.
2031 2397 2054 2434 §.
2077 2406 2100 2426 1.
2120 2395 2151 2426 ff.
2167 2398 2202 2426 de
2219 2397 2366 2427 Censibus:
2388 2396 2418 2427 si

1307 2438 1366 2476 agri
1379 2438 1473 2476 portio
1484 2436 1622 2467 chasmate
1637 2436 1769 2481 perierit,
1791 2434 1908 2464 debebit
1924 2444 1965 2463 ier
1980 2434 2152 2464 Censitoreni
2162 2436 2284 2465 revelari.

1939 2473 1996 2502 uod
2005 2473 2040 2501 ad
2052 2472 2203 2502 Censorem
2214 2474 2343 2511 pertinet.

1288 2513 1496 2544 Animadversio
1515 2512 1640 2542 censoria
1652 2512 1677 2541 ἃ
1689 2511 1847 2540 auctoritas.
1888 2510 1946 2540 Cic.
1961 2521 2012 2548 pro
2033 2510 2164 2540 Ciuentio
2176 2533 2183 2546 ,
2202 2521 2263 2546 129.
2297 2512 2419 2547 Majores

1307 2558 1403 2582 autem
1412 2551 1496 2580 nostri
1509 2559 1653 2587 nunquam
1665 2549 1908 2586 neque'judicium
1929 2549 2165 2584 nominaverunt,
2187 2559 2279 2587 neque
2300 2550 2417 2587 perinde

1307 2596 1340 2619 ut
1351 2600 1413 2657 rsm'
1428 2589 1581 2625 judicatam
1595 2587 1812 2616 observaverunt
1833 2586 2101 2616 animadversionem
2123 2593 2207 2625 atque
2224 2590 2418 2618 auctoritatem

1308 2638 1361 2658 CCI]
1375 2637 1473 2656 Onam.

1291 2666 1442 2703 Castigatio
1451 2663 1586 2694 censoria.
1608 2662 1678 2692 Plin.
1693 2662 1741 2691 lib.
1756 2668 1798 2697 18.
1811 2671 1872 2700 cap.
1885 2665 1911 2691 6.
1934 2661 1968 2690 Et
1976 2662 2060 2699 paulo
2070 2663 2140 2701 post.

1290 2704 1404 2734 Crimen
1417 2701 1580 2733 censorium.
1604 2701 1621 2730 i.
1638 2711 1662 2730 e.
1685 2700 1817 2730 Censoria
1838 2700 2018 2737 castigatione
2036 2701 2162 2739 dignum.
2184 2701 2290 2731 Seneca
2307 2701 2342 2730 de
2358 2701 2420 2730 Vita

1310 2743 1390 2771 beata
1403 2751 1464 2779 cap.
1478 2749 1524 2770 21.
1536 2741 1567 2768 iri
1580 2739 1644 2768 fine.
1666 2738 1701 2768 H.
1712 2739 1750 2768 St.

1291 2780 1418 2811 Gravitas
1427 2778 1561 2809 censoria.
1601 2777 1662 2806 Cic.
1676 2786 1726 2815 pro
1738 2775 1831 2806 Coelio
1841 2798 1848 2811 ,
1870 2785 1913 2813 35.
1937 2775 1992 2805 Sed
2003 2776 2070 2813 quid
2089 2786 2141 2814 ego
2152 2776 2265 2812 ‚judices
2277 2799 2285 2811 ,
2308 2777 2346 2805 ita
2363 2785 2420 2813 gra-

1309 2828 1372 2848 vem
1385 2817 1530 2856 personam
1541 2815 1658 2850 induxi,
1680 2816 1749 2844 ut&
1763 2824 1857 2843 verear
1868 2823 1903 2843 ne
1914 2813 1940 2843 se
1956 2814 2032 2843 idem
2051 2816 2156 2852 Appius
2174 2822 2289 2852 repente
2306 2824 2420 2844 conver-

1309 2863 1368 2891 tat,
1392 2857 1417 2885 &
1429 2854 1552 2884 Coelium
1561 2853 1679 2891 incipiat
1691 2852 1818 2882 accusare
1831 2852 1880 2881 illa
1889 2851 1935 2882 sua
1946 2853 2079 2889 gravitate
2093 2852 2246 2882 Ceiisoria‘?

1291 2894 1387 2924 Homo
1403 2892 1561 2926 censorius,
1583 2891 1641 2928 Qui
1663 2890 1806 2921 censuram
1823 2889 1909 2928 gessit.
1934 2889 2008 2919 Valla
2022 2890 2070 2919 lib.
2082 2901 2108 2925 4.
2127 2900 2187 2928 cap.
2200 2896 2244 2923 84.
2265 2890 2360 2918 Cic.2.
2384 2889 2420 2918 de

1312 2933 1391 2999 grat?
1402 2935 1464 2974 3o8.
1487 2929 1566 2989 εῼυίἀ
1577 2929 1653 2958 enim
1667 2929 1771 2967 poterit
1788 2928 1904 2957 dicere?
1924 2928 2103 2958 Consularem
2118 2928 2146 2957 se
2164 2928 2218 2957 ei‘l'e
2229 2929 2374 2958 hominem
2393 2928 2420 2957 δι

1338 2979 1371 2998 eii
1387 2978 1478 2998 orium
1494 2992 1499 2997 .

1293 3007 1438 3043 Judiciuni
1453 3006 1648 3042 rationemque
1660 3004 1815 3034 censoriam
1825 3010 1929 3034 tenere.
1949 3003 2010 3034 Cic.
2023 3004 2056 3033 in
2065 3003 2154 3034 Pison-
2164 3013 2208 3033 ιο·

1292 3046 1369 3075 Nota
1381 3044 1515 3073 censoria.
1538 3042 1658 3080 Quintil.
1672 3042 1721 3073 lib.
1738 3053 1762 3080 5.
1773 3052 1836 3081 cap.
1852 3051 1896 3072 11.

1293 3083 1361 3113 Lex.
1384 3082 1442 3112 Cic.
1461 3082 1528 3118 1.Q
1542 3082 1603 3111 frat.
1616 3091 1640 3111 1.

1294 3116 1386 3151 Ratio.
1410 3120 1469 3150 Cic.
1483 3120 1512 3148 in
1527 3119 1616 3148 Pison.
1638 3129 1680 3148 1ο.

1293 3159 1441 3188 Severitas.
1465 3158 1524 3187 Cic.
1538 3167 1588 3195 pro
1599 3157 1711 3186 Cluent.
1727 3165 1789 3192 129.

1293 3196 1474 3234 Subscriptio.
1498 3195 1616 3232 Quintil.
1627 3195 1675 3224 lib.
1689 3206 1712 3230 5.
1724 3204 1785 3232 cap.
1801 3201 1843 3229 13.

1293 3233 1411 3264 Tabulae
1419 3233 1566 3263 Censoriae.
1589 3234 1647 3262 Cic.
1658 3242 1709 3271 pro
1722 3232 1833 3261 Cluent.
1843 3240 1889 3267 41.

1294 3272 1416 3310 virgula.
1457 3272 1577 3308 Quintil.
1591 3271 1640 3300 lib.
1655 3281 1678 3300 1.
1693 3280 1754 3308 cap.
1767 3280 1792 3299 2.
1826 3269 1938 3298 Veteres
1950 3267 2128 3305 grammatici
2147 3277 2208 3297 non
2227 3267 2323 3298 versus
2335 3268 2421 3299 modo

1297 3343 1299 3349 y
1314 3309 1439 3339 censoria
1453 3310 1573 3347 quadarn
1585 3308 1690 3346 virgula
1701 3314 1798 3337 notare
1809 3329 1817 3343 ,
1834 3308 1885 3336 &o

1250 3372 1251 3375 .
1295 3348 1461 3378 Censorium
1474 3358 1533 3376 non
1545 3347 1589 3376 est.
1636 3346 1693 3375 Cic.
1704 3356 1755 3383 pro
1767 3345 1879 3374 Cluent.
1894 3353 1953 3378 129.
1984 3342 2142 3372 Hominum
2159 3343 2296 3374 deliftum
2311 3366 2318 3380 ‚
2339 3344 2427 3374 fortu-

1316 3396 1358 3417 nae
1368 3386 1475 3422 judicio
1485 3386 1662 3415 com-mittere
1672 3406 1679 3419 ,
1700 3384 1818 3412 minime
1826 3381 1982 3411 censorium
1990 3381 2037 3410 est.

1256 3424 1453 3459 Censoiziixius,
1468 3424 1485 3452 i.
1497 3434 1532 3452 m.
1547 3423 1713 3460 Cognomen
1724 3420 1836 3449 familiae
1848 3418 2307 3457 apudRomanos.Hor.4.Carm.8.
2321 3419 2426 3458 scripsit

1294 3460 1733 3493 adC.MarciuniCensorinuni,&
1742 3459 1812 3487 ibrte
1823 3457 1899 3486 idem
1913 3457 2042 3491 est-cujus
2057 3457 2187 3486 meminit
2196 3457 2320 3487 Velleia..
2330 3468 2390 3487 102.
2398 3468 2423 3487 1.

1296 3498 1616 3536 AliusCensorinus,post
1625 3497 1696 3539 alios
1704 3496 1873 3532 dignitatum
1882 3495 2101 3531 gradusssepoem
2111 3495 2219 3524 dierum
2230 3496 2379 3533 imperator
2390 3496 2425 3525 ab

1313 3537 1388 3576 ipsis,
1399 3537 1612 3581 quielegerant,
1628 3533 1740 3578 ’occzsus
1751 3533 1798 3562 est.
1822 3533 1854 3562 V.
1877 3533 1960 3576 'sreb
1974 3532 2040 3562 Poll.
2057 3533 2086 3576 in
2100 3533 2293 3570 30Tyrannis,
2304 3543 2366 3571 cap.
2380 3543 2425 3569 32.

1295 3575 1464 3643 Cffiifkorpiiiis
1483 3574 1685 3604 Grammaticus
1704 3572 1786 3600 Anno
1797 3576 1852 3607 238
1865 3569 1971 3608 scripsit
1993 3571 2029 3599 de
2047 3568 2102 3600 Die
2120 3571 2216 3600 natali.
2251 3571 2283 3601 V.
2307 3571 2378 3600 Vols.
2390 3571 2426 3600 de

1350 3624 1355 3642 i
1382 3636 1387 3642 .
1422 3623 1436 3642 a
1452 3622 1493 3642 .2.
1506 3621 1529 3648 3.

1258 3651 1457 3685 CENsi‘JRA,
1480 3659 1509 3678 re.
1533 3649 1553 3678 f.
1575 3646 1717 3683 [τιμπτίοι]
1738 3644 1866 3675 Censoris
1877 3645 2006 3682 dignitas,
2019 3645 2065 3675 seu
2074 3645 2209 3676 officium.
2232 3647 2300 3676 Pliii.
2318 3647 2365 3676 lib.
2380 3656 2423 3681 ¹4·

1297 3698 1357 3727 cap.
1370 3699 1394 3724 4.
1418 3688 1557 3717 Catonum
1569 3685 1616 3715 iile
1626 3685 1748 3722 primus,
1770 3684 1913 3720 triumpho
1930 3685 1955 3714 δι
1967 3683 2083 3713 censura
2094 3684 2176 3723 super
2191 3692 2283 3715 cetera
2301 3685 2424 3721 insignis.

1296 3728 1309 3761 (
1322 3727 1402 3756 Unde
1420 3726 1522 3754 dicitur
1532 3724 1600 3753 Cato
1610 3721 1765 3752 Censorius.
1787 3721 1822 3750 H.
1837 3721 1876 3750 St.

1295 3762 1524 3801 Quinquennalis
1542 3762 1683 3800 primum,
1704 3758 1808 3788 deinde
1823 3769 1917 3789 annua
1937 3760 1964 3789 Sc
1980 3758 2116 3790 semestris
2135 3760 2206 3790 facita
2225 3760 2287 3797 lege
2303 3758 2423 3790 AEniilia.

1316 3802 1375 3831 Liv.
1393 3800 1443 3829 lib.
1455 3812 1480 3835 4.
1494 3810 1537 3833 24.
1559 3798 1634 3828 Alios
1650 3797 1821 3834 magistratus
1843 3806 1951 3826 annuos
1970 3797 2041 3827 eise:
2072 3798 2311 3835 quinquennalem
2329 3796 2425 3826 censu-

1317 3848 1390 3868 ram:
1413 3847 1494 3875 grave
1503 3836 1557 3866 esse
1568 3836 1666 3865 iisdem
1680 3846 1729 3872 per
1738 3840 1781 3863 tot
1795 3844 1883 3864 annos
1899 3845 1999 3872 magna
2012 3843 2089 3872 parte
2100 3837 2162 3865 vitae
2171 3836 2310 3864 obnoxios
2320 3836 2421 3864 vivere.

1318 3875 1602 3913 Selegemlaturum,
1623 3884 1658 3902 ne
1669 3873 1731 3910 plus
1749 3883 1831 3910 quam
1849 3883 1941 3902 annua
1959 3883 1991 3902 ac
2011 3874 2145 3903 semestris
2157 3873 2353 3902 ceiisuraesi'et.

1296 3914 1397 3952 Aspera
1408 3913 1522 3943 censura
1530 3912 1618 3942 Fulvii
1625 3910 1717 3941 Flacci
1728 3911 1915 3941 &Posthuniii
1926 3907 2020 3941 Albini
2038 3913 2100 3942 fuit.
2123 3912 2227 3941 Patere.
2239 3911 2286 3940 lib.
2304 3921 2326 3940 1.
2340 3920 2382 3939 10.
2396 3920 2421 3943 ς.

1791 3948 1818 3978 Ο
1829 3958 1846 3977 ο
1857 3958 1874 3977 0
1896 3959 1909 3985 3
2336 3949 2422 3982 agere
