2600 4177
504 144 534 179 C
630 140 658 179 t.
754 140 783 179 A

105 224 215 260 Caritas
225 225 351 258 'Cauneas
362 226 509 256 clamitare.
549 224 608 253 Cic.
622 232 648 253 2.
662 223 697 252 de
710 223 802 253 Divin.
815 228 860 259 84..
883 223 1007 262 Quidam
1018 226 1046 255 in
1056 230 1139 264 portu
1153 225 1222 255 cari-

127 278 172 297 cas
182 268 279 296 Cauno
288 266 415 294 advectas
426 262 551 292 vendens
559 284 566 297 ‚
588 261 715 291 Cauneas
723 261 889 292 clamitabat.

107 305 186 341 Saepe
197 304 344 333 clamitare.
367 302 431 331 Ter.
446 299 522 329 Adel.
541 309 563 328 1.
581 308 602 327 1.
622 308 665 333 ις.
798 337 802 341 .

108 341 259 371 clamitare
269 362 275 373 ,
298 350 348 376 pro
362 339 415 368 Prae
425 338 451 367 se
464 338 535 366 serre
545 359 552 369 .
577 335 731 366 Declarare.
772 336 829 366 C1c.
842 347 891 373 pro
901 335 981 367 Rosc.
994 337 1073 367 Com.
1082 347 1128 368 20.
1151 338 1229 367 Non-

128 388 164 407 ne
175 378 263 414 ipsum
277 384 377 418 caput,
400 378 424 405 ἃ.
436 375 581 411 supercilia
592 374 637 402 illa
649 375 759 411 penitus
770 375 861 404 abrasit
872 397 880 411 ‚
901 375 978 405 olere
988 376 1123 405 malitiam
1136 377 1163 406 St
1175 375 1230 406 cla-

127 417 225 444 mitare
241 414 422 443 calliditatem
432 413 583 441 videntur?
612 411 738 441 Budaeus.

108 451 218 490 irnpers.
233 451 325 489 passrv.
348 451 406 480 Liv.
421 460 476 484 ¹·9-
499 449 638 479 Thalaffio
650 450 711 478 serri
724 449 903 480 clamitatum.

14 477 15 492 l
72 491 119 521 Cr.
130 501 148 519 A
160 502 179 519 Μ
191 500 199 518 1
211 498 257 517 ΤΑ
268 498 287 517 Ν
298 498 320 523 s,
342 488 437 517 Partic.
463 484 666 523 [anZdaQ&]
689 486 745 516 Liv.
762 486 809 517 lib.
824 497 848 522 3.
867 497 906 525 ¹3·
918 498 959 527 pr.
981 488 1049 519 Haec
1057 487 1166 519 Volscio
1177 487 1231 518 cla.

111 530 245 561 mirante,
268 526 338 555 adeo
350 525 624 555 concitatihomines
636 524 712 559 sunt,
735 532 783 559 ut,
804 527 856 555 &c

71 566 297 597 ΟιΛΜιτΑτι
311 574 345 598 ο,
367 564 438 592 onis.
461 563 479 592 f.
503 562 709 591 Plaut.Moste1.
725 572 746 591 1,
766 566 826 592 1.6.

189 602 266 638 Quid
280 601 348 635 tibi,
370 600 485 635 malum,
501 600 547 629 hic
561 606 625 629 ante
642 600 715 628 aedes
726 599 876 630 clamitatio
887 600 945 631 est?

72 641 119 671 Cr.
130 650 147 669 A
158 651 177 669 M
187 644 203 669 ὖ
215 649 226 668 s
238 650 254 668 u
264 645 276 669 s
285 661 292 674 ‚
314 640 395 674 [³⁶&³
405 635 497 673 γὼς]
519 639 579 671 Adi.
603 648 617 667 a
631 638 804 667 nominativo
817 638 938 668 Clanros.

108 678 237 708 Clamore
249 677 409 714 obstrepens
421 698 429 711 ‚
452 676 632 705 Vociferator.
656 675 776 704 Martini.
792 676 841 706 lib.
861 687 886 712 ς.
899 683 945 713 85.

201 714 328 744 Clamoso
340 720 486 743 revocatur
503 724 518 743 a
533 714 668 750 magistro.

107 752 227 783 Clamoii
238 754 294 781 fere
304 751 365 781 sunt
375 754 421 788 qui
434 751 538 781 litteras
550 751 686 781 nesciunt.
709 751 831 787 Quintil.
842 751 890 781 lib.
904 764 930 788 4.
948 762 1038 790 cap.5.

107 790 278 822 Acceleratio
298 789 425 819 clamosa.
466 790 543 819 Auct.
555 790 590 818 ad
604 787 765 818 Herem-lib.
782 798 805 825 ῃ.
819 797 865 826 23.
897 790 1098 827 Continuatio‚
1119 789 1158 820 est
1177 799 1234 820 ora-

127 829 211 858 tionis
222 828 401 857 enuntiandae
418 827 581 856 acceleratio
599 825 726 856 clamosa.

107 867 187 897 mio
199 866 327 896 clamosa.
366 865 486 901 Quintil.
503 865 553 894 lib.
567 876 591 900 5-
603 874 662 902 cap.
679 872 720 901 13.
743 864 948 897 Indirectafere
963 888 972 903 ‚
992 872 1075 904 atque
1095 872 1125 896 ut
1138 866 1174 896 fic
1193 866 1236 896 di-

126 904 216 933 xerim
230 926 238 939 ‚
261 903 381 933 clamosa
394 903 477 932 actio.

107 942 262 972 Altercator
275 941 411 971 clamosus
421 943 446 970 Sc
458 939 593 969 turbidus.
616 939 735 976 Quintil.
748 940 798 970 lib.
812 951 837 978 ς.
849 951 909 979 cap.
925 952 950 977 ς.

108 978 207 1010 Circus
219 979 363 1009 clamosus.
385 979 483 1014 Juven.
497 988 522 1013 9.
539 977 595 1007 Sat.
610 987 672 1012 144·

201 1017 335 1047 Securum
346 1017 460 1052 jubeant
471 1015 594 1045 clamoso
606 1014 724 1046 infistere
735 1015 823 1046 circo.
863 1014 895 1046 V.
924 1026 1073 1048 cincus.

108 1055 211 1086 Forum
224 1054 387 1084 clamosum.
408 1055 472 1083 Sen.
489 1052 574 1083 Herc.
585 1053 635 1083 fur.
650 1062 674 1089 3.

109 1090 203 1124 Lirftor
212 1091 358 1123 clamosus.
381 1091 501 1121 Martial.
513 1091 561 1120 lib.
573 1101 584 1120 1
593 1101 616 1121 1.
627 1100 672 1126 99.

305 1146 342 1152 —
353 1140 405 1159 nec
422 1129 537 1167 superba
548 1129 660 1158 clamosi

202 1167 319 1198 Lietoris
332 1168 425 1206 abiget
438 1170 513 1205 virga
522 1189 530 1202 ,
543 1168 596 1197 &a

109 1206 230 1237 Suburra
247 1206 374 1236 clamosa.
398 1205 518 1235 Martial.
530 1205 578 1234 lib.
596 1213 638 1234 12.
654 1209 698 1239 18.

110 1245 263 1274 Theatrum
274 1243 432 1274 clamosum.
455 1244 522 1273 Stat.
536 1252 560 1278 3.
575 1242 640 1274 Silv.
654 1254 678 1278 5.
693 1245 734 1272 16.

75 1283 97 1314 C
106 1294 122 1312 r.
132 1293 150 1311 A
160 1293 181 1312 M
191 1293 208 1311 o
218 1292 230 1312 s
242 1292 256 1311 a
264 1303 273 1318 ‚
294 1283 362 1312 Adv.
381 1280 500 1318 Quintil.
516 1280 564 1310 lib.
578 1290 588 1309 1
598 1291 619 1310 1.
633 1290 694 1319 cap.
706 1289 731 1316 3.
753 1280 795 1310 De
804 1282 974 1318 pronuntiat.
1015 1281 1140 1313 vitemus
1152 1282 1235 1320 igitur

110 1320 188 1350 illam
202 1331 261 1358 quae
272 1320 366 1350 Graece
377 1322 498 1354 storo-miz
515 1326 629 1348 vocatur
640 1341 648 1354 ‚
670 1328 725 1347 una
736 1319 850 1356 quidem
863 1320 973 1357 spiritus
984 1330 1016 1350 ac
1027 1322 1085 1350 soni
1098 1321 1217 1350 intentio
1226 1340 1235 1356 ‚

110 1367 168 1388 n'on
179 1358 267 1387 solum
278 1368 314 1387 ne
324 1358 449 1387 dicamus
461 1358 556 1386 omnia
571 1356 692 1386 clamose
702 1378 711 1392 ‚
733 1358 809 1394 quod
828 1358 955 1388 insanum
969 1358 1022 1389 est:
1044 1367 1092 1389 aut
1105 1360 1178 1389 intra
1197 1359 1238 1388 lo-

110 1397 215 1435 quendi
228 1396 361 1431 modum,
382 1395 458 1432 quod
470 1403 549 1424 motu
563 1403 652 1424 caret:
675 1401 736 1429 aut,
757 1396 808 1425 διε.

75 1434 291 1464 CLANcuLo
308 1456 316 1468 ,
338 1433 601 1467 ΟιΑΝευιυΜ,
624 1433 941 1464 CLANDnsTmus.
982 1434 1014 1464 In
1035 1445 1149 1465 cLAM.

76 1472 246 1507 cemus,
267 1472 403 1508 [κλάνης]
425 1470 538 1501 fluvius
551 1470 777 1500 estaVindelicis
789 1479 881 1501 ortum
891 1472 1012 1508 habens,
1036 1483 1050 1502 a
1070 1473 1171 1510 quibus
1186 1481 1237 1511 pet

113 1509 197 1540 valles
209 1510 346 1545 excurrit,
368 1511 394 1539 St
408 1510 436 1538 in
451 1509 509 1539 Istri
519 1509 631 1538 alveum
641 1509 733 1538 intrat.
764 1509 852 1545 Hujus
864 1511 995 1540 meminit
1004 1511 1093 1541 Strab.
1108 1511 1155 1541 lib.
1169 1522 1196 1548 4.

74 1547 122 1578 Cr.
131 1558 151 1577 A
159 1557 179 1577 N
187 1558 205 1577 c
215 1558 233 1577 o
242 1570 250 1583 ‚
271 1548 320 1577 nxi
330 1569 338 1583 ‚
361 1547 504 1583 [κλάγβυ]
523 1549 579 1576 ere.
600 1546 682 1577 Tuba
693 1546 788 1576 sonare
798 1547 840 1576 vel
851 1558 958 1578 canere-

112 1585 247 1624 Clangere
257 1586 388 1615 dicuntur
399 1586 498 1623 pennis
508 1584 615 1622 aquilae.
638 1586 740 1615 Auctor
759 1585 917 1615 Philomelae
935 1597 960 1617 v.
971 1592 1017 1622 28.

203 1624 278 1654 Dum
288 1623 421 1661 clangunt
430 1623 528 1660 aquilae
540 1634 547 1659 3
570 1623 663 1653 vultur
672 1623 779 1661 pultare
791 1625 931 1661 probatur.
1028 1624 1080 1654 Etfi
1092 1632 1238 1663 perperam

14 1686 16 1693 .
71 1700 75 1701 7
132 1661 237 1697 Ovidio
250 1661 381 1691 tribuitur
392 1660 447 1691 hoc
457 1671 568 1691 carmen
578 1683 586 1697 ‚
608 1661 739 1699 siquidem
752 1661 936 1692 Christianum
951 1663 1010 1697 ejus
1021 1663 1075 1692 effe
1094 1665 1238 1693 auctorem

133 1707 211 1738 patet
221 1709 255 1729 ex
266 1700 403 1738 poematis
411 1699 477 1728 fine.
518 1700 616 1729 Accius
627 1721 634 1734 ,
655 1706 733 1729 vetus
748 1700 946 1738 tragoediarum
957 1701 1041 1731 Poeta
1055 1711 1064 1737 3
1091 1701 1237 1733 Undarum

132 1739 270 1776 crepitum
281 1738 410 1776 clangere
425 1760 432 1772 ,
453 1737 525 1767 dixit
536 1738 610 1775 apud
623 1737 698 1768 Non.
711 1741 736 1768 6.
751 1742 795 1773 86.
825 1738 860 1768 Et

113 1775 196 1807 Tuba
205 1776 344 1814 clangens.
368 1776 457 1806 Flacc.
472 1785 495 1811 3.
509 1777 608 1813 Argon.
622 1785 685 1812 349.

365 1830 402 1835 —
414 1822 455 1843 ter
466 1813 604 1843 inhorruit
617 1813 704 1844 aether

205 1851 371 1882 LuCtificum
383 1851 530 1889 clangente
542 1853 615 1881 tuba,

59 1889 183 1920 ‘ctam
194 1899 264 1919 coa
275 1912 283 1926 ,
306 1891 370 1920 oris.
392 1901 428 1919 m.
451 1890 591 1926 [ιλαΓγὴ]
612 1889 666 1920 Etsi
683 1890 712 1919 in
725 1890 855 1928 primaria
872 1890 1070 1928 significatione
1087 1891 1118 1921 sit
1130 1890 1238 1929 Aquila>-

113 1937 175 1957 1um
184 1930 306 1966 crepitus
326 1932 339 1965 ς
350 1929 390 1958 uti
401 1929 507 1958 dietum
519 1929 557 1958 est
566 1928 597 1958 in
608 1928 748 1966 superiore
760 1938 831 1958 voce
843 1929 855 1964 )
871 1929 1029 1966 frequenter
1038 1936 1133 1960 tamen
1143 1930 1181 1960 est
1189 1930 1238 1961 So-

113 1975 166 1996 nus
175 1966 258 1996 tubae.
281 1967 353 2005 Virg.
364 1977 390 1997 2.
404 1967 466 1997 AEn.
482 1975 544 2004 313.

196 2004 324 2034 Exoritur
335 2004 496 2042 clamorque
507 2004 596 2034 virum
606 2026 614 2040 ,
636 2003 805 2042 clangorque
815 2004 954 2034 tubarum.

113 2041 217 2079 Aquilae
232 2043 355 2080 clangor.
378 2043 437 2073 Liv.
457 2052 479 2072 1.
492 2052 534 2079 39.
558 2042 655 2080 Aquila
668 2051 770 2080 magno
782 2042 913 2080 clangore
926 2042 1056 2074 volitans.
1140 2067 1142 2069 >

114 2079 247 2110 Anserum
258 2081 389 2120 clangor,
412 2081 481 2110 Vox.
522 2080 660 2110 Columel.
681 2080 730 2110 lib.
743 2086 768 2115 8.
782 2091 842 2118 cap.
857 2090 899 2118 13.
922 2081 994 2111 Nam
1005 2081 1133 2120 clangore
1144 2082 1240 2121 prodit

134 2118 320 2149 insidiantem.
359 2119 403 2149 De
418 2118 521 2148 ansere.

116 2156 217 2186 Fulicae
231 2157 354 2194 clangor.
396 2157 463 2187 Plin.
476 2156 524 2186 iib.
539 2161 581 2191 18.
592 2166 652 2195 cap.
666 2166 709 2193 35.
733 2156 766 2186 Et
781 2156 872 2187 fulicae
886 2157 1023 2187 matutino
1041 2157 1181 2197 clangore.

115 2194 269 2224 Pennarum
279 2195 401 2233 clangor.
424 2196 500 2225 Suet.
510 2194 616 2224 Domit.
635 2205 695 2232 cap.
707 2197 734 2224 6.

116 2231 238 2262 Blandus
250 2232 363 2271 clangor
373 2233 522 2263 Phoenicis.
544 2232 642 2262 Claud.
658 2235 693 2262 de
707 2233 821 2262 Phoeon.
835 2243 881 2269 45.

209 2271 263 2301 Hic
274 2271 350 2301 sedet
360 2293 368 2306 ,
393 2273 419 2301 ἃ
430 2270 516 2300 solem
527 2271 631 2300 blando
645 2271 775 2309 clangore
788 2271 894 2300 salutat.

115 2307 211 2375 Fulgax
222 2309 337 2347 clangor
346 2319 454 2347 gruum.
494 2310 562 2339 Stat.
574 2320 598 2346 ς.
610 2309 701 2339 Theb.
717 2318 759 2346 13.
780 2309 800 2339 F
802 2319 919 2347 ugacem
929 2315 1025 2346 vocat,
1046 2310 1111 2348 quia
1121 2308 1243 2342 volando

136 2356 152 2376 c
165 2357 198 2376 an
219 2354 280 2377 unt.

116 2357 217 2415 Hilarig
216 2385 346 2422 clangore
361 2385 554 2424 sonantgrues.
578 2385 647 2415 Stat.
665 2394 707 2415 12.
730 2385 820 2415 Theb.
838 2394 900 2424 517.

117 2422 244 2453 Luctifici
255 2423 398 2461 clangores
411 2423 495 2452 tubae.
516 2424 584 2453 Stat.
601 2434 643 2453 10.
656 2423 746 2454 Theb.
760 2428 824 2460 54⁶·

117 2461 228 2491 Raucus
242 2461 378 2491 tubarum.
401 2461 449 2491 Sil.
465 2461 512 2490 lib.
530 2464 571 2491 16.
586 2472 630 2498 94.

117 2500 195 2529 Saevo
208 2499 338 2537 clangore
349 2499 484 2534 volucres.
508 2499 594 2529 Valer.
610 2511 636 2535 4.
654 2499 752 2537 Argon.
769 2510 831 2538 579.

117 2533 268 2567 Tremulus
277 2538 392 2567 alarum.
415 2538 474 2567 Cic.
487 2547 512 2568 2.
526 2538 561 2567 de
573 2538 666 2567 Divin.
680 2542 726 2574 63.

212 2576 294 2605 Nona
305 2575 384 2613 super
393 2575 513 2605 tremulo
523 2577 642 2613 genitrix
652 2576 782 2614 clangore
793 2576 919 2607 vocabat.

118 2612 275 2644 vincibilis.
316 2614 355 2643 Ex
371 2622 454 2652 poeta
470 2615 575 2649 veteri,

213 2651 436 2688 Vincibilemque
447 2653 517 2690 petit
527 2651 687 2689 clangorem
699 2652 804 2690 quippe
816 2662 865 2690 per
881 2652 995 2683 aethram

213 2690 277 2728 Qua
287 2691 400 2720 citimus
413 2690 492 2720 limes
504 2690 634 2728 dispescit
644 2690 754 2720 turbida
764 2692 838 2728 puris
1076 2724 1078 2726 q
1140 2725 1145 2728 ¹

209 2728 347 2758 inviolata
359 2734 441 2757 meat.
536 2728 683 2758 Vincibilis
692 2728 807 2765 clangor
817 2750 823 2760 .
847 2728 974 2758 Ululatus
983 2728 1022 2758 est
1031 2730 1057 2759 ἃ,
1067 2728 1194 2766 strepitus
1205 2734 1249 2760 tu.

137 2765 296 2802 multusrwe
316 2766 463 2795 hominum
478 2765 618 2796 laboranti
637 2766 710 2796 lunae
729 2766 858 2796 adversus
873 2767 1009 2797 veneficia
1026 2768 1226 2805 opitulandum
1237 2789 1247 2806 ‚

137 2804 310 2841 susurrosque
322 2805 442 2842 magicos
453 2803 650 2842 superantium.
674 2804 713 2833 Ex
725 2804 868 2834 Turnebo.
879 2804 989 2835 advers.
1004 2814 1046 2841 19.
1060 2814 1084 2843 3.

119 2842 191 2873 Dare
203 2842 371 2880 clangorem.
394 2842 442 2872 Sil.
454 2842 503 2872 lib.
514 2853 541 2878 4.
557 2848 618 2876 118.
632 2842 667 2871 de
679 2842 785 2880 Aquila.

80 2916 83 2917 ⁷
120 2877 388 2925 'increpuitclangor
402 2889 552 2910 murmure.
575 2880 623 2910 Sil.
638 2880 685 2909 lib.
701 2884 742 2910 16.
752 2890 798 2916 94.

121 2917 233 2963 Mugrre
247 2929 297 2957 per
309 2919 409 2948 aethera
419 2918 493 2949 tubae
504 2918 617 2956 clangor
627 2919 729 2948 dicitur
737 2941 746 2954 ‚
764 2919 813 2957 qui
823 2918 861 2948 est
871 2919 1023 2949 vehemens
1034 2919 1060 2948 ἃ
1070 2917 1124 2948 alte
1137 2919 1247 2950 sonans.

123 2957 550 3033 Qxiildtgergnffirg‘hisglangoribus
562 2994 634 3024 aias!
658 2994 692 3024 de
703 2993 800 3024 avibus
812 2994 929 3024 distum.
962 2993 1035 3032 Virg.
1051 3005 1074 3033 3.
1087 2995 1150 3026 ffin.
1162 2999 1227 3026 226.

315 3049 352 3053 —-
362 3034 389 3063 Sc
403 3034 509 3070 magnis
521 3033 651 3069 quatiunt
660 3032 837 3069 clangoribus
848 3032 912 3061 aias.

32 3087 33 3090 =
85 3070 277 3106 Cnamus,
299 3071 436 3107 [maim]
456 3070 571 3101 fluvius
589 3071 749 3109 Campaniae
766 3071 844 3106 juxta
862 3072 974 3100 Acerras
994 3070 1101 3101 urbem.
1134 3071 1205 3109 Virg.
1220 3081 1248 3103 τι.

123 3109 223 3147 Οεοῐὲ·
235 3117 315 3167 ²²5ss
325 3147 351 3176 ἃ
362 3146 457 3176 vacuis
471 3145 584 3176 Clanius
598 3156 657 3176 non
678 3156 772 3183 aequus
795 3146 909 3176 Acerris.
992 3146 1103 3176 Servius
1115 3169 1123 3182 ‚
1146 3147 1250 3177 Acerrae

122 3184 221 3214 civitas
234 3183 273 3214 est
281 3183 441 3222 Campaniae
451 3206 459 3219 ‚
480 3184 554 3214 haud
565 3184 650 3222 longe
665 3195 680 3214 a
693 3184 810 3222 Neapoli
823 3194 830 3214 ε
853 3194 935 3222 quarn
955 3183 1069 3214 Clanius
1089 3186 1251 3222 praeterfluit

122 3223 349 3296 ἷὶτιὶιᾶὲιὲῖέῃὲιίιὲιὲῖ
357 3223 487 3260 frequens
502 3223 649 3253 inundatio
660 3231 722 3252 eam
737 3223 872 3252 exhaurit.
915 3222 996 3252 Unde
1007 3223 1045 3252 ait
1059 3222 1170 3260 Vacuis‚
1191 3225 1209 3254 i.
1224 3233 1249 3254 e.

35 3315 49 3327 1.
89 3298 312 3334 ὒιᾸΚᾸΝυε,
333 3299 351 3329 i.
373 3307 412 3328 m.
434 3298 520 3329 Vetus
539 3298 743 3329 Grammaticus
763 3298 839 3337 apud
858 3297 957 3328 Auson.
975 3297 1059 3336 Epist
1073 3303 1115 3333 18.
1138 3300 1164 3330 δι
1177 3298 1253 3331 Mar.

125 3337 335 3404 ῃὸιὲεἱῗὸεἶὲἰε
346 3396 354 3410 ,
376 3383 436 3412 quae
447 3374 494 3403 vix
505 3374 642 3412 intelligat
652 3373 709 3412 ipse
721 3373 866 3404 Modestus
876 3396 885 3409 ‚

205 3412 239 3441 Et
249 3413 295 3442 vix
307 3412 440 3442 Claranus
449 3434 457 3448 ‚
477 3413 546 3447 quid
557 3423 624 3450 rogo
633 3435 641 3448 ,
662 3413 745 3443 Sexte
755 3435 763 3445 .
784 3413 881 3448 juvat?

90 3445 259 3486 emano,
280 3450 514 3486 Cznarsrco,
537 3451 729 3486 Ccaarco,
751 3450 968 3485 Cr.AkrTAs·‚
995 3449 1028 3480 In
1048 3459 1210 3484 cca-Rus.

43 3497 49 3506 ·
92 3487 264 3524 emma,

92 3563 284 3601 Cyrinus«,

47 3650 108 3667 *l

287 3486 448 3524 [manaim]
468 3488 594 3518 Thraciae
612 3488 733 3527 populi,
755 3490 800 3524 qui
822 3487 913 3518 Haemi
932 3489 1035 3518 montis
1048 3489 1154 3525 aversa,
1175 3491 1202 3520 δι
1220 3490 1251 3521 in

127 3525 223 3555 Istrum
231 3525 348 3556 fiuvium
359 3526 621 3562 devexaincolunt‚
645 3528 758 3556 austore
774 3526 839 3555 Plin.
855 3526 901 3555 lib.
914 3538 939 3560 4.
949 3536 1010 3564 cap.
1026 3536 1068 3555 11.

307 3565 457 3601 [Κλοίςιον]
478 3565 506 3594 in
519 3564 621 3594 finibus
633 3564 877 3603 Colophoniorum
885 3565 1023 3601 oppidum
1031 3563 1069 3593 est
1079 3586 1087 3600 ‚
1108 3563 1157 3594 ubi
1168 3565 1252 3604 Apol..

129 3601 157 3631 lo
168 3602 288 3638 colitur3
313 3602 388 3632 unde
401 3602 500 3640 Apollo
512 3602 627 3638 Clarius⁷
648 3603 739 3640 inquit
749 3603 857 3632 Servius
869 3602 977 3631 inillud
992 3603 1036 3631 Vir
1056 3625 1062 3631 .
1077 3612 1101 3638 3.
1118 3603 1249 3640 AEn 360„

209 3640 265 3676 Qui
275 3640 400 3678 tripodas
413 3662 421 3675 ‚
443 3640 526 3671 Clarii
538 3640 645 3672 lauros.
668 3641 713 3678 qui
725 3640 809 3670 sidera
823 3640 914 3675 sentis.
1030 3641 1038 3669 l
1064 3641 1157 3671 ienim
1169 3642 1252 3680 Apol.

74 3688 76 3691 ’
128 3676 193 3706 linis
204 3677 300 3715 specus
314 3678 367 3708 fuit
380 3678 515 3708 &lacuna
526 3700 534 3713 ⁷
552 3679 631 3714 cujus
643 3685 711 3710 notu
721 3679 790 3707 mira
799 3677 910 3707 oracula
919 3676 1028 3707 reddita
1038 3678 1100 3708 sunt
1110 3701 1118 3713 ,
1140 3680 1251 3709 brevio-z

127 3724 157 3744 γε
167 3716 328 3753 εειηεηγίῑᾶ
339 3715 495 3746 bibentium
505 3738 512 3750 ,
533 3716 599 3746 teste
613 3711 677 3745 plin.
691 3715 740 3745 lib.
754 3725 779 3744 2.
795 3726 857 3753 cap.
876 3725 934 3751 v«03.
968 3715 1057 3750 Hujus
1079 3718 1105 3746 ἃ
1122 3717 1247 3748 Macrob.

129 3752 177 3782 lib.
195 3762 217 3782 1.
237 3754 344 3782 Saturn.
359 3764 418 3792 cap.
432 3759 473 3788 ¹8.
489 3755 627 3783 meminit.
665 3754 745 3787 Apud
761 3753 883 3782 Clarium
896 3777 903 3787 ‚
925 3754 1030 3791 inquit,
1052 3764 1122 3791 aqua
1145 3762 1249 3793 potata,

128 3790 373 3820 effanturoracula.
412 3793 427 3828 [
440 3792 495 3822 Nifi
509 3792 579 3822 forte
591 3792 671 3830 Apud
687 3789 788 3821 Claron
799 3791 959 3829 legendum.
1000 3791 1101 3822 Verum
1110 3795 1187 3824 enim
1201 3803 1251 3823 no-

127 3836 194 3858 men
202 3829 285 3864 hujus
299 3829 396 3867 oppidi
406 3830 443 3859 est

93 3865 164 3895 cmi
175 3876 189 3894 a
199 3868 215 3896 ὅ
225 3876 237 3896 s
247 3888 255 3901 ‚
277 3867 431 3903 [RadeQQ
452 3867 537 3897 ionia:
551 3868 663 3902 civitas.
687 3866 822 3905 Apollinis
842 3867 955 3896 oraculo
969 3867 1087 3902 nobilis,
1108 3869 1186 3904 iuxta
1198 3868 1252 3898 co..

131 3904 284 3941 lophonem
295 3926 303 3938 ,
324 3912 384 3934 eam
397 3906 496 3935 Manto
505 3905 615 3936 Tiresiae
629 3906 683 3935 filia
696 3905 842 3940 condidit,
865 3905 974 3939 fugiens
990 3905 1191 3936 Thebanorum
1213 3908 1252 3936 vi-

130 3943 219 3971 <stores
235 3942 384 3979 Epigonos.
422 3943 492 3980 Quae
510 3954 595 3980 quum
620 3944 715 3980 patrie
732 3943 840 3973 cladem
860 3943 966 3980 lugeret
987 3945 1011 3973 Sc
1029 3944 1115 3979 suam,
1136 3943 1253 3975 manan-

129 3979 204 4011 tibus
220 3980 341 4011 ubertim
354 3980 483 4019 lacrymis
498 3981 607 4012 fontem
620 3982 707 4012 fecit:
738 3982 814 4012 unde
833 3981 929 4012 Claros
949 3979 994 4009 >mi
1016 3979 1035 4010 ἓ
1055 3977 1150 4019 δὶικςύε
1172 3983 1253 4015 locus

1629 140 1913 180 cLA
2385 166 2453 202 535

1324 223 1489 260 appellatus.
1529 224 1581 255 Alii
1595 235 1700 255 nomen
1719 231 1821 264 putant
1839 226 1943 257 facium
1958 238 2010 265 per
2027 231 2212 262 mutationem
2227 238 2241 258 λ
2255 234 2283 263 in
2304 247 2323 268 e.
2346 240 2455 270 :en-52&-

1326 261 1403 304 emm
1415 263 1564 299 lacrymam
1577 263 1717 300 significat.
1761 264 1904 294 Nearchus
1914 267 2021 303 dicitid
2033 278 2136 298 nomen
2149 270 2245 299 datum
2255 294 2264 308 ,
2285 275 2360 310 quod
2373 277 2457 315 Apol-

1327 298 1376 341 lini
1390 310 1437 335 per
1449 301 1548 329 sortem
1560 302 1655 330 Claros
1667 301 1768 338 obtigit
1779 324 1787 336 ‚
1809 312 1892 339 quam
1904 310 1986 340 nmen
2003 306 2089 335 Graeci
2101 309 2257 339 nominant.

1328 335 1611 368 &melai-osium..
1624 350 1651 367 m
1664 341 1731 368 mari
1745 339 1858 377 Myrtoo
1872 363 1879 375 ‚
1902 343 1927 371 &
1939 342 1996 380 ipsa
2006 344 2128 381 Apollini
2148 345 2236 376 sacra:
2258 347 2295 378 de
2314 359 2367 386 qua
2386 361 2458 382 non.

1330 373 1401 403 nulli
1412 375 1573 413 intelligunt
1585 377 1655 406 illud
1669 377 1753 407 Ovid.
1770 388 1793 406 1.
1808 377 1876 407 Met.
1893 389 1956 414 ςις.

1624 430 1661 435 -
1672 415 1740 444 mihi
1750 415 1887 453 Delphica
1901 417 1985 447 tellus

1411 448 1444 478 Et
1455 449 1550 480 Claros
1562 453 1587 481 ἃ
1600 451 1733 482 Tenedos
1743 474 1750 486 ‚
1772 454 1944 492 Pataraeaque
1955 457 2027 493 regia
2038 457 2131 488 servit.
2215 459 2291 491 Hinc

1292 485 1315 514 C
1326 488 1365 515 cx
1375 496 1438 515 R1U
1448 497 1459 516 s
1471 510 1479 522 ‚
1501 490 1664 524 [maere]
1687 491 1746 526 Adj.
1772 499 1802 520 ut
1812 492 1919 522 Clarius
1929 494 2008 529 deus,
2018 496 2128 538 Apollo.
2145 496 2233 527 Valet.
2249 507 2272 535 3.
2287 499 2458 538 Argon.299.

1293 523 1316 552 C
1326 534 1394 590 rinxsta
1405 528 1514 599 {garga}
1524 535 1610 556 arum.
1633 537 1670 557 m.
1693 528 1770 558 Servi
1781 529 1952 560 Cretensium
1962 553 1970 568 ,
1991 542 2038 569 qur
2048 533 2077 562 in
2089 535 2160 572 agris
2169 535 2316 573 degebant.
2340 538 2458 571 V..Voss‘.

1294 597 1316 627 C
1325 609 1340 626 Ι.
1350 603 1366 627 X
1378 609 1391 626 R
1402 609 1420 627 U
1430 609 1441 629 S
1451 623 1459 635 .,
1481 600 1641 636 [hasflangiam
1659 601 1760 638 onum}
1769 625 1778 639 ‚
1794 603 1889 641 Φοαές,
1910 603 2039 642 ὀνομρεςές,
2051 606 2240 647 τωτὲξφριιτῶ]
2263 612 2323 648 Adj,
2347 616 2460 652 proprie

1332 637 1434 665 dicitur
1444 638 1574 668 Luci-dus.
1594 639 1656 683 ’Etsi
1668 640 1740 670 Scal.
1755 642 1790 670 de
1805 643 1879 673 Poet.
1893 656 1920 680 4.
1937 655 1958 673 1.
1974 645 2079 680 Clarus,
2090 648 2192 685 inquit,
2203 649 2232 677 in
2241 650 2461 683 Celebritatibus

1331 682 1398 703 nota
1408 685 1481 721 vox¹⁷
1499 686 1563 705 curn
1575 679 1692 707 vidtores
1703 689 1751 715 per
1762 690 1920 716 praeconem
1930 682 2106 719 caiabantur,
2129 694 2259 724 exempta
2271 689 2376 725 vocali,
2398 691 2460 721 Cla.

1332 722 1378 741 rus
1388 722 1436 748 pro
1448 713 1570 744 Lalarus.
1613 715 1694 744 Unde
1704 718 1729 745 ἃ
1739 718 1852 747 verbum
1864 720 2049 750 Horatianum
2063 743 2070 757 ‚
2093 722 2215 753 Clarabit
2230 726 2363 763 pugilem.

1331 750 1431 785 Aquilo
1441 751 1539 794 clarus.
1580 751 1651 789 Virg.
1670 763 1692 782 1.
1709 755 1809 793 Georg.
1823 760 1888 792 460.
1916 759 1934 787 i.
1947 767 1972 788 c.
1993 759 2178 791 Serenificus:
2204 772 2270 794 nam
2288 765 2326 794 est
2339 767 2366 795 δε
2379 765 2460 797 nubi·

1352 787 1412 821 lus,
1435 790 1566 819 {rcutiere
1579 799 1677 819 omnes
1692 794 1775 821 venti.
1806 794 1927 825 Servius.

1332 824 1436 855 Colore
1449 826 1522 856 claro
1533 826 1686 864 splendere.
1710 828 1820 860 Lucret.
1836 831 1885 861 lib.
1900 844 1924 867 ς.
1942 842 2022 871 ¹257·

1331 862 1391 906 Dea
1402 863 1472 893 clara
1481 866 1579 894 mundi
1591 865 1716 909 obscuri,
1739 867 1817 897 Luna
1830 870 1958 906 praefed'ta
1969 873 2054 902 nocti.
2075 872 2140 903 Sen.
2150 873 2266 913 Hippol.
2278 885 2304 914 3.

1332 900 1401 930 Dies
1414 902 1512 932 clarus.
1536 903 1602 932 Hor.
1617 913 1645 932 in
1655 904 1745 934 Carm.
1758 905 1848 936 saecul.
1866 917 1910 944 ²3·

1332 938 1400 968 Dies
1409 939 1490 969 clara.
1514 940 1584 977 Virg.
1600 953 1623 975 ς.
1638 942 1698 971 AEn.
1711 952 1756 978 43-

1333 976 1469 1007 Incendia
1480 977 1552 1007 clara
1562 979 1629 1008 dant
1640 980 1741 1010 lucem.
1765 980 1838 1019 Virg.
1851 990 1875 1012 2.
1893 983 1956 1013 AEn.
1970 988 2032 1018 56⁹·

1334 1012 1454 1082 Lgpirciipg
1463 1015 1538 1083 ςίἰῶῑῑῑ.
1572 1016 1639 1047 Hor.
1651 1029 1677 1054 4.
1690 1019 1781 1048 Carm.
1798 1029 1841 1056 ις.
1859 1030 1902 1056 14.
1923 1021 2056 1061 intelligit
2077 1023 2219 1057 Gemmas.
2258 1027 2343 1065 [Sed
2356 1030 2461 1063 rectius

1333 1090 1443 1126 Locus,
1457 1064 1554 1122 gclarus
1576 1094 1602 1122 ἃ
1617 1092 1734 1123 illustris.
1775 1094 1835 1124 Cic.
1853 1096 1882 1125 in
1898 1096 1993 1127 Somn.
2015 1098 2090 1138 Scip.
2107 1109 2133 1130 2.
2168 1102 2342 1134 Ostendebat
2366 1112 2462 1137 autem

1352 1128 1548 1197 fijagghaginem
1561 1131 1596 1160 de
1609 1130 1718 1161 excelso
1729 1154 1737 1168 ‚
1760 1133 1786 1163 ἀ
1797 1132 1883 1171 pleno
1898 1135 2037 1166 stellarum
2048 1159 2057 1174 ,
2072 1137 2168 1169 illustri
2179 1161 2188 1176 ‚
2209 1144 2235 1171 ά
2248 1141 2322 1172 claro
2338 1145 2462 1181 quodam

1333 1203 1459 1234 Lucerna
1470 1205 1549 1236 clara.
1573 1206 1642 1236 Hor.
1652 1216 1678 1237 2.
1694 1208 1782 1239 Serm.
1795 1215 1820 1245 7.
1833 1215 1879 1245 48.

1333 1241 1452 1272 Lumina
1463 1244 1609 1274 oculorum
1619 1244 1701 1275 clara.
1725 1246 1833 1276 Lucret.
1849 1248 1899 1279 lib.
1911 1259 1938 1286 4.
1951 1253 2016 1286 823.

1334 1279 1443 1310 Lumen
1455 1282 1633 1312 clariffimum
1648 1284 1775 1321 praeferre
1789 1287 1887 1316 menti.
1929 1287 1987 1317 Cic.
2003 1289 2131 1326 prosull.
2143 1298 2189 1326 4ο.
2215 1290 2271 1323 'Vos
2292 1294 2414 1332 denique
2434 1297 2465 1326 in

1354 1320 1438 1386 plantis
1449 1320 1573 1351 tenebris
1583 1322 1680 1351 erroris
1692 1324 1718 1352 ἂ
1729 1322 1882 1354 inscientiae
1893 1324 2072 1357 clarissimum
2080 1329 2181 1360 lumen
2196 1331 2353 1368 praetulistis
2376 1334 2467 1364 menti

1386 1366 1434 1387 eae.

1334 1393 1454 1426 Lumina
1467 1395 1567 1426 mundi
1578 1396 1735 1428 clarissima.
1757 1398 1831 1436 Virg.
1844 1409 1867 1429 1.
1882 1399 1982 1439 Georg.
1998 1412 2023 1439 ς.

1623 1450 1660 1455 -
1672 1446 1722 1465 vos
1736 1436 1754 1465 ’ὁ
1772 1436 1917 1467 clariffima
1928 1440 2028 1469 mundi

1427 1470 1546 1501 Lumina
1557 1494 1564 1507 ,
1586 1471 1729 1504 labentem
1740 1475 1809 1504 caelo
1819 1485 1879 1513 quae
1895 1477 1996 1507 ducitis
2008 1488 2123 1510 annum.

1335 1506 1414 1553 1⁴⁰3:
1427 1510 1478 1546 fic,
1502 1509 1651 1553 Refulgere
1661 1513 1690 1541 in
1700 1512 1763 1542 luce
1773 1513 1846 1543 clara
1857 1514 1943 1543 homo
1955 1516 2058 1546 dicitur
2068 1539 2076 1553 ‚
2097 1517 2144 1555 qui
2155 1517 2195 1548 est
2208 1519 2302 1550 nimiae
2314 1521 2468 1559 pulchritua

1355 1548 1448 1617 ἕως,
1469 1558 1516 1578 cul
1538 1558 1592 1579 nec
1608 1549 1679 1580 lucis
1706 1550 1814 1581 claritas
1836 1552 1969 1590 derogat,
1989 1554 2102 1591 qualem
2122 1556 2194 1586 dicit
2210 1557 2327 1589 AEneam
2347 1560 2420 1598 Virg.
2441 1571 2466 1591 1.

1392 1596 1419 1615 n.
1447 1595 1493 1621 92.

1443 1624 1540 1654 testitit
1552 1625 1654 1656 AEneas
1665 1647 1674 1660 ‚
1696 1625 1825 1664 claraque
1844 1628 1873 1656 in
1894 1626 1957 1658 luce
1974 1628 2088 1660 refulsit.
2184 1632 2254 1662 Haec
2271 1633 2330 1664 fere
2348 1635 2468 1667 Servius.

1357 1662 1441 1698 [Nifi
1454 1663 1546 1700 potius
1558 1662 1690 1701 inteiligit
1699 1664 1887 1703 Splendorem
1898 1666 2027 1698 divinum
2041 1668 2093 1707 ipfi
2109 1679 2125 1700 a
2136 1669 2227 1700 Matre
2238 1672 2447 1704 circumfusum.

1337 1700 1486 1738 Olympus.
1511 1699 1584 1738 Virg.
1599 1713 1624 1737 4.
1639 1702 1698 1732 ffin.
1711 1708 1775 1738 268.

1337 1738 1605 1808 PateIrEomnipoteSns
1617 1739 1706 1783 clarus
1715 1741 1839 1772 intonuit
1850 1742 1884 1772 ab
1894 1741 1951 1772 alto
1965 1741 2043 1774 caeLo.
2083 1744 2103 1774 i.
2116 1754 2141 1776 e.
2161 1744 2194 1776 In
2208 1746 2368 1779 serenitate.
2391 1748 2465 1788 Virg.

1358 1786 1384 1813 7.
1431 1787 1458 1807 n.
1477 1787 1537 1813 14¹·
1580 1787 1680 1808 ervius.

1338 1812 1436 1845 Pectus
1446 1814 1560 1845 ciarum.
1583 1816 1641 1846 Cic.
1654 1816 1683 1845 in
1697 1817 1776 1848 Arato
1786 1839 1794 1853 ‚
1808 1828 1835 1853 4.

1420 1853 1453 1882 Et
1466 1864 1555 1891 prope
1567 1854 1723 1891 conspicies
1732 1864 1848 1893 parvum
1862 1854 1910 1885 sub
1920 1854 2035 1893 pectore
2046 1857 2124 1888 claro

1418 1892 1603 1922 Andromedae
1616 1892 1631 1921 si
1653 1902 1731 1923 num.
1814 1893 1928 1924 Clarum
1939 1896 2045 1932 pectus,
2062 1896 2152 1933 Quod
2162 1898 2192 1927 in
2204 1907 2238 1928 eo
2250 1898 2333 1930 stella:
2343 1899 2398 1930 fitae
2408 1901 2468 1931 fint.

1337 1928 1419 1959 Piscis
1429 1929 1519 1959 rutilis
1531 1929 1620 1960 clarus
1644 1932 1759 1968 quamis.
1783 1931 1855 1969 Virg.
1869 1943 1895 1967 4.
1908 1932 2008 1970 Georg.
2021 1942 2066 1970 93.

1338 1967 1387 1997 Sol
1399 1967 1572 1998 clarissimus.
1614 1969 1735 2005 Quintil.
1747 1969 1796 2000 lib.
1810 1981 1834 2006 ς.
1846 1979 1907 2007 cap.
1922 1980 1965 2000 12.
1989 1972 2020 2001 ln
2031 1971 2114 2002 rebus
2125 1982 2190 2003 vero
2204 1975 2307 2012 apertis
2323 1986 2472 2013 argumen-

1356 2006 1411 2073 fari
1431 2013 1487 2036 tam
1500 2006 1530 2036 fit
1547 2006 1660 2037 stultum
1672 2029 1681 2044 ,
1702 2017 1785 2045 quam
1804 2008 1833 2037 in
1853 2008 2036 2039 clarissimum
2061 2010 2157 2042 Solem
2178 2012 2299 2044 mortale
2314 2013 2413 2045 lumen
2428 2015 2472 2045 in-

1369 2053 1436 2074 erre.

1338 2081 1432 2113 Stenae
1442 2082 1550 2112 lumine
1560 2082 1649 2112 clarae.
1672 2082 1731 2113 Cic.
1745 2083 1774 2112 in
1791 2084 1873 2113 Arato
1886 2106 1893 2119 ‚
1916 2093 1978 2121 179.

1434 2121 1467 2150 Et
1475 2127 1574 2150 tenues
1588 2120 1672 2150 stellae
1682 2121 1866 2159 perhibentur
1875 2123 1992 2152 nomine
2005 2122 2114 2161 Aquari.

1433 2158 1488 2188 Hic
1499 2158 1559 2188 aliae
1572 2159 1691 2188 volitant
1701 2170 1787 2197 parvo
1799 2170 1863 2189 cum
1874 2159 1982 2190 lumine
1993 2161 2084 2192 clarae.

1337 2193 1422 2227 Sidus
1431 2197 1537 2227 clarum
1549 2218 1557 2232 ‚
1579 2196 1727 2226 Lucidum.
1749 2197 1814 2227 Sen.
1830 2198 1945 2236 Hippol.
1958 2209 1987 2233 4.

1338 2235 1433 2265 Taedze
1444 2234 1524 2264 clarae
1535 2235 1655 2265 coruscis
1667 2234 1830 2272 fulgoribus.
1854 2236 1963 2266 Lucret.
1973 2236 2023 2267 lib.
2057 2260 2063 2266 .
2079 2239 2145 2274 29²6.

1339 2273 1449 2302 Vitrum
1461 2273 1577 2303 clarum.
1616 2274 1634 2303 i.
1650 2283 1675 2303 e.
1697 2273 1880 2304 Pellucidum.
1902 2274 1987 2305 Ovid.
1998 2286 2024 2311 4.
2064 2279 2113 2306 let.
2129 2282 2193 2314 35‘5.
2245 2309 2249 2312 ξ

1339 2311 1461 2357 clariora
1471 2310 1535 2378 sple.
1575 2311 1634 2342 Cic.
1648 2321 1672 2341 1.
1689 2312 1725 2342 de
1735 2312 1849 2349 Fin.71.
1870 2312 1900 2343 Si
1911 2321 1944 2343 ea
1957 2323 2018 2351 quae
2030 2314 2090 2344 dixi
2105 2336 2113 2351 ,
2134 2314 2191 2345 sole
2207 2313 2268 2354 ipso
2280 2313 2428 2348 illustriora
2445 2318 2475 2349 ὣ

1360 2358 1476 2379 clariora
1493 2355 1557 2379 unt.

1340 2387 1428 2425 Quod
1439 2388 1476 2418 est
1490 2388 1553 2418 luce
1565 2387 1674 2418 clarius.
1714 2387 1773 2418 Cic.
1789 2398 1812 2418 1.
1826 2387 1909 2419 Tusc.
1925 2392 1987 2420 116.
2021 2388 2097 2420 Luce
2117 2389 2180 2422 sunt
2197 2390 2314 2424 clariora
2333 2393 2417 2424 nobis
2425 2400 2475 2426 tua

1359 2426 1471 2456 consilia
1482 2427 1585 2456 onmia.
1614 2426 1672 2456 Cic.
1693 2436 1716 2455 1.
1732 2427 1762 2455 in
1774 2426 1886 2456 Catil.6.

1339 2464 1436 2494 Sidere
1448 2464 1556 2494 clarior.
1580 2464 1646 2495 Hor.
1663 2474 1688 2498 z.
1707 2463 1799 2494 Carm.
1819 2474 1844 2494 1.
1856 2473 1902 2501 42.

1340 2502 1396 2533 Res
1408 2502 1480 2532 clara
1501 2504 1516 2538 [
1526 2502 1628 2538 σαφὴς]
1651 2502 1710 2532 Cic.
1725 2511 1750 2539 7.
1766 2502 1838 2532 Verr.
1849 2513 1894 2538 99.
1918 2502 1973 2533 Res
1989 2509 2047 2534 erat
2064 2504 2157 2541 clara,
2178 2515 2271 2544 neque
2290 2507 2379 2539 solum
2397 2519 2476 2548 argus

1362 2541 1465 2570 mentis
1475 2563 1483 2576 ‚
1503 2540 1549 2569 sed
1561 2541 1645 2570 etiam
1656 2541 1738 2570 certis
1749 2540 1862 2571 testibus
1872 2541 1948 2571 istius
1959 2542 2076 2572 audacia
2088 2544 2243 2575 tenebatur.
2266 2545 2345 2576 Idem
2358 2558 2384 2584 4.
2398 2547 2476 2578 Verr.

1361 2578 1398 2608 Ut
1407 2579 1434 2608 in
1446 2588 1473 2608 re
1482 2585 1539 2608 tam
1548 2578 1621 2608 clara
1630 2601 1637 2613 ,
1659 2585 1717 2608 tam
1727 2579 1830 2609 testata.

1342 2611 1398 2647 Res
1419 2617 1511 2651 clara,
1533 2616 1716 2647 celeberrima
1732 2618 1758 2646 &
1778 2616 1927 2647 notiffima.
1967 2617 2028 2648 Cic.
2045 2629 2069 2655 5.
2092 2618 2168 2650 Ve'rr.
2181 2623 2226 2650 61.
2258 2621 2338 2652 Clara
2358 2633 2400 2653 res
2418 2623 2477 2659 est,

1362 2664 1446 2691 quam
1459 2655 1582 2684 dicturus
1596 2654 1669 2684 sum:
1692 2660 1752 2684 tota
1763 2655 1857 2685 Sicilia
1872 2655 2054 2686 celeberrima
2065 2679 2073 2691 ‚
2095 2663 2179 2694 atque
2189 2660 2337 2689 notissima.

1341 2693 1553 2723 'Consuetudine
1572 2692 1678 2722 clarum
1698 2692 1815 2729 aliquid,
1856 2693 1912 2723 cic.
1929 2704 1981 2731 pro
1997 2694 2078 2725 Roso.
2091 2695 2172 2726 Com.
2185 2701 2212 2731 8.
2244 2697 2302 2735 Ego
2322 2707 2382 2736 quae
2403 2698 2478 2729 clara

1362 2730 1565 2760 consuetudine
1576 2753 1583 2764 ‚
1604 2730 1711 2760 diutius
1725 2731 1818 2761 dicere
1830 2741 1886 2760 non
1903 2732 2004 2762 debeo.

1342 2768 1483 2799 Litterulae
1492 2768 1643 2798 clarissimae
1654 2770 1680 2799 Sc
1691 2769 1933 2808 compofitiffirnae.
1958 2770 2017 2800 Cic.
2030 2773 2056 2800 6.
2074 2771 2125 2800 A'tt.
2141 2781 2168 2808 9.

1344 2807 1440 2837 Clarus
1453 2829 1460 2841 ,
1481 2807 1560 2837 Clare
1575 2806 1684 2837 sonans.
1707 2813 1757 2843 ut,
1778 2807 1859 2837 Clara
1874 2807 2005 2838 lamenta.
2028 2808 2092 2838 Sen.
2106 2809 2220 2847 Hippoi.
2237 2820 2280 2840 12.

1344 2846 1458 2875 Clamor
1469 2845 1568 2874 clarus.
1609 2845 1694 2874 Plaut.
1707 2845 1785 2875 Poen.
1802 2856 1826 2882 5.
1841 2855 1865 2882 3.
1879 2854 1924 2883 27.
1945 2847 1964 2877 i.
1978 2856 2004 2876 e.
2027 2846 2178 2883 Quifacile
2187 2849 2345 2879 exauditur.

1345 2883 1469 2913 Latratus
1480 2883 1556 2912 clari.
1579 2882 1664 2912 ovid.
1680 2892 1720 2920 13.
1739 2884 1807 2914 Met.
1819 2887 1884 2919 806.

1344 2921 1462 2959 Plangor
1471 2921 1570 2950 clarus.
1592 2921 1677 2951 Ovid.
1691 2932 1718 2959 4.
1737 2921 1806 2952 Met.
1821 2927 1883 2959 138.

1427 2959 1548 2988 Percutit
1557 2959 1687 2996 indignos
1700 2959 1775 2989 claro
1786 2958 1921 2998 plangore
1938 2960 2066 2992 lacertos.

1345 2996 1457 3028 Plausus
1469 2993 1567 3026 clarus.
1590 2996 1675 3026 Plaut.
1690 2997 1758 3027 Asin.
1772 3005 1842 3028 extr.

1346 3070 1347 3073 Ἰ
1440 3034 1545 3064 Remur
1555 3035 1698 3073 impetrari
1708 3035 1785 3074 poss‘e
1797 3059 1804 3071 ‚
1827 3037 1845 3066 si
1860 3035 1987 3073 plausum
2002 3036 2038 3067 sic
2048 3035 2156 3066 clarum
2169 3036 2249 3067 datis.

1346 3073 1465 3109 Signum
1478 3072 1583 3102 clarum
1595 3073 1669 3103 dare.
1713 3073 1798 3104 Plaut.
1811 3075 1899 3104 Calin.
1913 3075 1984 3112 prol.
2001 3083 2025 3112 3.
2048 3076 2099 3104 ie.
2123 3074 2276 3105 Plaudere:
2295 3077 2482 3108 ‘utincomoe-

1366 3112 1419 3141 diis
1430 3111 1541 3140 solitum
1552 3111 1590 3141 est
1599 3111 1666 3141 fieri.
1688 3111 1761 3150 Virg.
1776 3122 1800 3149 3.
1814 3113 1876 3143 AEn.
1894 3123 1956 3148 5¹9·

1440 3147 1495 3178 Dat
1505 3149 1610 3179 clarum
1623 3159 1638 3179 e
1650 3151 1740 3188 puppi
1755 3150 1877 3188 iignum:
1901 3159 1952 3180 nos
1963 3150 2048 3180 castra
2055 3155 2212 3180 movemus.

1366 3186 1498 3218 Faculam
1509 3187 1627 3217 elevavit
1643 3196 1650 3217 ε
1674 3194 1705 3217 uc
1717 3210 1725 3225 ,

1541 3241 1578 3246 ——
1588 3225 1713 3256 flammas
1724 3235 1812 3263 quum
1824 3226 1899 3263 regia
1912 3225 2016 3264 puppis

1427 3262 1579 3293 Extulerat.

1345 3300 1464 3340 Syllabae
1479 3301 1567 3331 clarae.

2293 3150 2348 3181 Ubi
2357 3152 2479 3191 Servius,

1604 3301 1728 3339 Quintil.
1741 3302 1789 3331 lib.
1801 3307 1827 3336 8.
1841 3310 1902 3338 cap.
1915 3309 1945 3335 3:
1965 3300 2001 3330 Ut
2013 3299 2120 3338 syllabae
2134 3305 2150 3331 e
2164 3300 2374 3334 litterismelius
2384 3303 2484 3335 sonana

1366 3340 1441 3370 tibus
1454 3339 1587 3369 clariores
1599 3340 1661 3369 sunt
1674 3350 1681 3370 :
1704 3341 1742 3369 ita
1752 3339 1833 3369 verba
1848 3349 1863 3368 e
1878 3338 1988 3368 sillabis
1998 3339 2087 3376 magis
2101 3338 2217 3369 vocalia.

1346 3378 1458 3413 Sonus,
1479 3378 1525 3407 vel
1537 3378 1650 3415 antique
1662 3379 1751 3407 Sonor
1763 3377 1859 3406 clarus.
1905 3383 1991 3406 ucret.
2008 3376 2058 3405 lib.
2070 3386 2097 3411 4.
2110 3386 2174 3414 57¹-

1441 3415 1597 3454 Obsrgnans
1610 3416 1728 3445 formam
1739 3415 1829 3445 verbis
1839 3435 1846 3449 ,
1868 3414 2031 3452 clarumque
2042 3414 2181 3445 sonorem.

1348 3453 1431 3485 Tuba
1440 3453 1531 3490 clara,
1552 3453 1613 3483 Alte
1624 3454 1733 3483 sonans.
1757 3453 1829 3489 Virg.
1848 3462 1872 3488 ς.
1890 3452 1951 3482 AEn.
1966 3461 2027 3489 139.

1348 3491 1426 3522 Voce
1441 3491 1521 3522 clara.
1562 3492 1621 3522 Cic.
1632 3502 1682 3530 pro
1696 3492 1798 3521 Caecin.
1810 3500 1854 3520 22.
1876 3490 2048 3527 Servumque
2066 3489 2147 3520 suum
2172 3491 2289 3522 nomine
2309 3491 2483 3523 Antiochum

1366 3531 1402 3560 ad
1415 3530 1440 3559 se
1450 3530 1574 3564 vocavit,
1597 3532 1622 3559 ἃ
1635 3530 1706 3559 clara
1720 3529 1942 3566 voceimperavit
1952 3551 1960 3564 ‚
1982 3536 2014 3559 ut
2023 3534 2106 3565 eum,
2124 3530 2177 3559 &c.

1348 3566 1425 3598 Voce
1435 3567 1580 3596 clariffima
1593 3568 1694 3596 dicere.
1718 3567 1776 3595 Cic.
1788 3573 1839 3604 pro
1850 3565 1934 3596 Sulla.

1348 3605 1425 3636 Voce
1437 3605 1583 3635 clarissima
1594 3605 1724 3642 profiteri.
1748 3605 1806 3634 Cic.
1823 3615 1846 3638 ς.
1859 3603 1940 3633 Tufe.
1958 3613 2019 3640 ¹¹9·
2229 3635 2231 3639 ,

1349 3644 1466 3679 Clarus,
1486 3641 1652 3679 [ὲπὶσκμΘν.
1670 3642 1830 3678 γνάᾶψιίῲ]
1851 3651 1901 3679 pro
1921 3641 2022 3678 insigni
2040 3644 2123 3678 atque
2150 3641 2303 3672 excellenti
2325 3644 2482 3682 accipitur,

1368 3684 1395 3712 ἃ
1406 3691 1439 3711 eo
1451 3681 1499 3717 qui
1511 3680 1595 3709 veluti
1610 3681 1717 3717 fulgore
1727 3679 1848 3716 quodam
1858 3680 1938 3710 famae
1952 3679 2120 3717 resplendet.
2158 3679 2221 3711 Cic.
2236 3690 2260 3711 1.
2277 3681 2315 3711 de
2327 3682 2387 3713 Fin.
2418 3682 2483 3712 Cla.

1369 3721 1405 3749 ris
1419 3721 1445 3749 δι
1461 3718 1577 3747 fortibus
1592 3719 1657 3746 viris
1672 3718 1935 3748 commemorandis.

1350 3757 1441 3788 Causrs
1453 3756 1567 3793 agendis
1576 3755 1673 3784 clarus.
1697 3756 1763 3785 Hor.
1781 3764 1804 3783 1.
1819 3754 1901 3792 Epist.
1920 3765 1945 3792 7.
1959 3758 2004 3790 46.

1430 3795 1565 3861 {tirenuus
1577 3795 1602 3823 ἃ
1614 3793 1692 3822 fortis
1702 3813 1710 3829 7
1733 3792 1873 3830 causisque
1884 3793 2031 3831 Phiiippus
2044 3793 2161 3831 agendis

1466 3841 1536 3860 arus.

1349 3868 1458 3901 Decore
1472 3868 1570 3898 clarus.
1592 3867 1676 3897 Ovid.
1693 3877 1734 3896 12.
1751 3867 1819 3897 Met.
1836 3873 1898 3903 189.
1998 3899 2000 3901 ,
2040 3900 2043 3904 .

1350 3909 1397 3938 Vir
1405 3906 1508 3936 nobilis
1522 3908 1548 3936 δι
1560 3905 1649 3935 clarus
1660 3915 1696 3935 ex
1706 3906 1842 3936 doctrina.
1865 3907 1924 3936 Cic.
1936 3916 1987 3945 pro
1998 3906 2092 3938 Rabir.
2104 3905 2192 3936 Posth.
2205 3910 2251 3943 ὰς.

1349 3944 1449 3976 Forma
1459 3944 1629 3974 clariffimus.
1652 3944 1670 3974 i.
1682 3953 1706 3973 e.
1729 3943 1900 3975 Clarissimus
1912 3945 1949 3975 ob
1964 3945 2092 3975 formam.
2113 3944 2199 3974 Ovid.
2210 3956 2237 3981 4.
2250 3939 2321 3975 Met.
2333 3952 2395 3981 793.

1349 3984 1457 4016 Genere
1471 3982 1586 4013 &faCUs
1597 3982 1696 4012 clarus.
1719 3981 1777 4013 Liv.
1796 3992 1822 4017 9.
2385 4017 2420 4049 Gl
2456 4017 2461 4024 .

2422 4027 2480 4049 ona
