2604 4222
161 65 231 100 140
584 48 614 82 A
710 45 737 79 L
835 42 859 76 Β

220 134 320 164 eadem
343 131 415 161 Dea:
459 130 535 168 quod
555 126 721 158 confirmant
748 123 809 154 aliae
838 120 935 165 Glossge
967 118 1124 148 Philoxeni.
1185 111 1333 148 Aaon99z'x,

228 172 351 200 Albunea
361 169 472 203 Mater,
494 168 611 197 Matuta.
653 164 682 192 V.
705 162 825 192 Taubm.
846 161 880 188 ad
903 159 973 193 X‘irg.
987 167 1014 193 p.
1031 159 1095 191 764.
1243 193 1244 196 Ἴ
1301 187 1306 193 .

207 210 332 240 Albunea
343 207 479 236 resonans.
504 205 568 234 Hor.
585 214 607 232 1.
630 202 719 231 Carni.
733 209 813 234 7.12.
836 197 1002 226 UbiAcron:
1025 192 1149 221 Albunea
1170 186 1336 231 delectabile

228 256 327 276 nemus
336 245 390 279 est,
413 243 604 274 consecratum
622 240 754 269 Albuneae
765 235 895 272 nympha·
905 254 912 267 ,
934 242 949 259 a
961 240 1014 267 qua
1024 232 1049 258 ἃ
1061 237 1166 271 nomen
1180 232 1298 263 accepit.

173 286 406 315 ALBL'RNUM,
436 282 453 310 i.
483 276 565 316 [ςέκς
590 274 695 311 Midias]
726 275 793 311 quid
822 274 852 300 lit
878 268 1000 298 declarat
1029 265 1101 309 ,le’
1135 264 1184 307 lib.
1210 268 1250 292 16.
1274 272 1336 306 cap.

216 328 260 360 38,
280 322 322 350 liis
344 319 452 354 verbis,
474 318 582 347 Humor
601 317 628 345 ὅ(
647 313 745 343 cortici
764 311 891 340 arborum
913 306 966 334 est:
988 314 1037 341 qui
1056 303 1166 345 sanguis
1186 310 1338 330 6311111110-

214 360 303 394 telligi
315 358 418 391 debet,
437 365 496 385 non
518 355 595 383 idem
613 351 752 381 omnibus.
793 347 828 375 Et
850 344 937 386 paulo
952 343 1012 380 post
1026 363 1034 376 ,
1058 342 1146 384 Atque
1159 349 1189 368 in
1204 346 1265 368 toto
1280 348 1341 381 cor-

217 390 289 436 pore
299 396 427 425 arborum
438 416 446 429 ,
468 400 499 422 ut
515 391 686 427 reliquorum
700 384 864 415 animalium
881 388 969 415 cutis,
991 379 1100 422 sanguis
1111 400 1118 413 ,
1140 387 1203 421 6310
1216 400 1224 413 ,
1251 386 1339 411 nervi,

216 445 312 468 vena‘,
333 432 388 462 oll'a
401 454 409 468 ,
430 429 570 460 medulla’.
632 427 702 455 ltem
720 422 805 461 paulo
828 420 907 458 post,
930 418 1052 459 Promini
1077 416 1217 454 plerisque
1237 415 1346 451 adipes.

216 474 239 503 Ii
260 478 393 502 vocantur
411 479 426 497 a
445 468 538 498 colore
560 465 722 494 alburnum:
762 459 856 488 mollis
880 466 912 486 36
935 455 1049 493 1161111113
1065 464 1128 492 pars
1147 454 1235 490 ligni,
1257 453 1341 482 etiam

216 512 246 540 in
273 510 372 538 robore
389 506 470 536 facile
495 502 673 542 putrescens,
694 497 814 527 teredini
833 496 976 525 obnoxia:
1015 502 1099 530 quare
1120 491 1228 529 semper
1247 499 1345 528 ampu—

178 549 382 616 Arlizbilitiilixius
397 604 405 617 ,
444 579 573 610 Lucaniae
599 584 681 605 mons
708 583 725 602 a
753 571 875 601 candore
913 569 1026 600 verticis
1059 568 1159 597 distas.

218 624 318 654 Georw.
346 631 355 649 1
381 624 407 649 6.

294 642 338 689 ⁸13]st
352 631 431 687 liicos
448 654 527 684 Silari
542 652 615 681 circa
626 672 635 685 ,
659 648 839 684 illicibusque
861 647 999 676 virentem

293 697 428 725 Plurimus
451 692 604 721 Alburnum
627 687 762 720 volitans,
792 685 838 714 cui
859 693 965 713 nomen
985 682 1064 712 Asilo.
1143 680 1277 710 Similiter
1287 678 1345 708 loci

218 736 300 770 huius
319 734 393 762 Deus
404 731 538 760 Alburnus
553 728 644 756 dietus
657 726 704 754 est.
745 722 864 753 Tertull.
885 728 982 752 contra
994 721 1079 750 Marc.
1095 730 1118 749 1.
1135 724 1179 753 18.
1287 716 1292 722 '

217 774 355 803 Alburnus
365 792 374 805 ,
396 770 506 798 Nomen
515 764 681 803 piscisapud
692 762 789 792 Auson.
803 762 832 790 in
848 759 964 790 Mosella
975 781 983 795 ,
1003 769 1029 788 V.
1048 762 1110 788 126.

323 809 364 837 uis
379 816 437 836 non
455 807 481 835 Sc
501 804 604 833 virides
619 802 696 839 vulgi
712 800 808 829 solatia
826 799 851 828 T
853 800 929 828 incas

293 845 398 876 Norit‘?
419 845 446 873 8(
465 842 599 872 Α11101003
620 837 907 880 01360310100611111103
925 833 1037 864 hamis?
1166 869 1172 874 ¹
1252 867 1258 872 .
1325 867 1331 872 ¹

181 888 299 917 Atrius
309 905 316 918 ,
338 883 397 918 Adj.
429 883 443 917 [
457 877 560 911 λόυύς,
582 880 692 911 agyam
703 899 712 912 ‚
737 875 877 911 &ng&]
910 874 1024 903 Nomen
1038 870 1077 899 est
1086 869 1187 898 coloris
1198 865 1342 896 notiffimi.

219 923 289 952 Sunt
300 922 346 958 qui
358 920 457 949 Album
466 929 481 948 a
493 917 623 947 Candido
635 915 670 945 sic
692 913 875 950 distinguant,
896 918 929 941 ut
940 910 1033 939 album
1044 907 1142 945 pallori
1161 906 1345 941 conjunctum

219 960 252 989 sit
265 982 273 993 ,
296 958 376 996 quale
394 957 437 987 est
450 957 585 986 linteum:
612 953 764 983 candidum
783 950 923 989 splendori
938 971 945 983 ,
968 948 1132 976 utvidemus
1149 945 1179 973 in
1196 944 1268 972 nive.
1309 942 1345 971 Et

220 1006 293 1026 certe
303 998 362 1026 haee
371 997 408 1025 est
419 995 562 1031 utriusque
577 992 690 1030 propria
700 988 861 1027 significatio
873 998 879 1016 :
917 986 964 1015 sed
974 985 1007 1014 ab
1024 982 1186 1012 authoribus
1196 981 1267 1018 saepe
1278 989 1345 1008 con-

218 1036 352 1064 funditur.
397 1032 465 1062 Albo
485 1031 639 1070 opponitur
661 1030 771 1058 Atrum:
795 1025 924 1055 Candido
940 1023 1066 1060 Nigrum.
1109 1018 1343 1062 Festus·,·Album

219 1074 296 1110 quod
306 1082 357 1102 nos
367 1072 502 1106 dicimus,
527 1079 542 1097 a
554 1069 649 1098 Graeco
659 1067 734 1104 quod
744 1065 781 1093 est
791 1065 867 1091 hemer
879 1063 918 1091 est
924 1060 1106 1098 appellatum.
1146 1057 1240 1087 Sabini
1248 1064 1344 1085 tamen

216 1111 320 1149 Alpum
330 1111 468 1139 dixeruntv
507 1107 590 1136 Unde
612 1106 688 1135 credi
703 1102 792 1142 potest
810 1110 916 1130 nomen
935 1099 1045 1136 Alpium
1062 1108 1077 1126 a
1093 1097 1215 1126 candore
1233 1095 1344 1124 nivium.

217 1150 381 1180 vocitatum.
423 1148 494 1184 [Ap.
515 1145 582 1175 fest.
610 1143 690 1175 Α’λφόν
711 1140 896 1171 scribendum.
933 1137 965 1166 V.
988 1135 1104 1173 Hesych.
1118 1133 1228 1177 &Suict
1279 1170 1284 1175 ,

300 1186 384 1215 Color
398 1183 562 1214 deterrimus
577 1181 655 1211 albis.
746 1178 818 1214 Virg.
833 1186 857 1214 3.
880 1176 980 1213 Georg.
993 1180 1037 1207 8¹·
1066 1173 1108 1202 De
1121 1181 1198 1209 equis
1210 1171 1342 1212 loquitur.

219 1223 251 1253 V.
272 1224 347 1253 Serv.
372 1223 406 1252 ad
415 1222 470 1252 loe.
492 1221 577 1251 Plaut.
600 1219 677 1257 Capt.
691 1226 753 1253 3.4.
768 1226 828 1250 115.
876 1213 947 1243 Albo
966 1221 1083 1248 corpore
1097 1212 1123 1240 &
1139 1209 1228 1238 oculis
1247 1209 1343 1244 nigris.

219 1262 306 1298 Quod
318 1271 368 1291 nos
379 1260 479 1290 Album
494 1281 502 1295 ,
523 1257 633 1288 Hebraei
653 1256 735 1283 Labon
752 1254 858 1282 dicunt.
901 1251 981 1280 Unde
996 1250 1053 1278 fieri
1074 1248 1165 1286 potest
1183 1256 1213 1275 ut
1232 1255 1268 1275 ex
1288 1245 1344 1275 He-

218 1299 292 1329 briea
303 1310 372 1328 voce
387 1309 436 1337 pei·
448 1299 597 1336 primarum
611 1295 753 1324 literarum
762 1289 1003 1328 transpositionem
1016 1287 1087 1316 fasta
1096 1286 1128 1315 sit
1140 1284 1246 1319 Latina.

215 1338 320 1368 ,Album
335 1338 440 1366 vinum.
464 1336 548 1365 Plaut.
560 1333 678 1366 Album,
699 1340 734 1359 an
746 1336 836 1358 atrum
845 1328 941 1357 vinum
952 1325 1054 1364 potas?

217 1376 303 1405 Albus
314 1397 321 1409 ,
343 1385 393 1412 pro
408 1374 529 1408 Pallido,
550 1371 691 1400 interdum
706 1367 848 1404 accipitur.
859 1365 927 1395 Pers.
937 1367 992 1394 Sat.
1008 1372 1032 1399 3.

298 1413 439 1450 Turgidus
454 1413 499 1440 hie
514 1409 603 1448 epulis
615 1432 622 1445 ,
641 1415 724 1444 atque
744 1405 807 1434 albo
827 1410 922 1433 ventre
943 1402 1069 1432 lavatur:

237 1451 334 1481 Hoiat.
354 1461 379 1480 2.
403 1450 492 1479 031111.
516 1459 541 1477 2.
566 1458 606 1483 15.

376 1505 414 1508 —
434 1491 460 1517 ὅ(
478 1484 593 1524 aquosus
610 1483 674 1513 albo
749 1482 872 1519 Corpore
891 1479 1018 1516 languor.

216 1526 303 1557 Albus
313 1549 320 1560 .
341 1536 392 1564 pro
403 1536 436 1555 eo
449 1525 525 1563 quod
535 1523 618 1560 vulgo
629 1522 772 1549 Beretinum
781 1524 886 1549 vocant
895 1539 904 1553 ,
926 1523 957 1546 ut
967 1515 1006 1545 est
1015 1513 1089 1544 Pilus
1102 1511 1249 1543 afinorum.
1269 1510 1341 1541 Pers.

238 1575 262 1594 Ι·
275 1566 472 1632 sclxledqnianus
485 1598 619 1630 auriculas
631 1597 739 1626 imitata
755 1595 794 1625 est
808 1592 922 1624 mobilis
939 1591 1023 1622 albas.

237 1640 303 1670 asini
328 1640 355 1669 lo
379 1640 460 1669 uitur.

216 1678 301 1708 Albus
316 1688 350 1707 311
359 1651 427 1706 qater
446 1677 478 1706 fis
490 1699 498 1711 ,
518 1673 620 1704 nescio.
677 1671 755 1701 Solet
775 1670 832 1700 dici
856 1669 892 1698 de
904 1667 1019 1697 homine
1039 1665 1222 1696 vehementer
1233 1664 1342 1701 ignoto.

237 1716 296 1745 Cic.
318 1726 344 1745 2.
370 1715 489 1752 Philipp.
514 1719 555 1742 16.
597 1712 632 1742 Et
647 1710 762 1747 quidem
774 1709 859 1743 vide,
880 1716 963 1744 quam
979 1711 1008 1734 te
1028 1705 1126 1734 amarit
1142 1704 1182 1739 is,
1204 1702 1251 1740 qui
1263 1700 1342 1731 albus

236 1762 328 1783 aterve
339 1754 421 1782 fueris
431 1754 559 1791 ignorans
569 1772 577 1785 ,
596 1749 686 1779 fratris
695 1748 786 1777 filium
800 1745 939 1784 praeteriit.
980 1742 1114 1773 Erasmus.

216 1792 302 1827 Alba,
323 1792 442 1820 dicimus
460 1790 578 1820 Felicia:
599 1787 668 1816 sicut
682 1785 821 1819 infames,
843 1784 961 1820 Nigros:
1004 1787 1132 1818 ropterea
1147 1778 1224 1816 quod
1243 1777 1341 1815 Pytha-

237 1840 314 1868 goras
331 1830 421 1858 aiebat
437 1829 467 1857 id
486 1827 561 1865 quod
575 1825 642 1855 effet
654 1824 749 1854 colore
761 1821 882 1852 candido
894 1843 902 1855 ,
933 1819 968 1849 ad
1008 1819 1056 1848 oni
1072 1824 1199 1847 naturam
1217 1817 1342 1854 pertine-

235 1878 283 1903 re;
307 1868 382 1904 quod
404 1873 478 1902 atro,
508 1864 583 1894 mali.
623 1861 784 1893 Plutarchus
797 1861 826 1889 in
843 1859 904 1888 Vita
920 1857 1015 1887 Pericl.
1034 1854 1194 1885 Universam
1214 1853 1342 1883 multitu-

238 1906 333 1934 dinem
351 1906 466 1943 partitus
492 1904 519 1932 in
535 1904 598 1931 octo
620 1908 730 1939 partes,
767 1897 886 1927 sortibus
902 1895 1048 1925 utebatur:
1077 1895 1103 1924 &
1125 1893 1171 1922 cui
1184 1891 1341 1929 contigisset

236 1944 300 1972 alba
315 1944 395 1978 faba,
429 1943 494 1972 huic
512 1940 617 1970 caetei-is
634 1936 823 1977 pugnantibus
843 1933 1021 1974 permittebat
1045 1932 1075 1961 in
1101 1931 1238 1960 conviviis
1257 1936 1340 1966 atque

237 1982 298 2010 otio
315 1991 410 2019 agere:
450 1985 618 2017 quapropter
643 1978 727 2006 etiam
752 1975 831 2004 aiunt
854 1983 903 2002 eos
927 1972 1028 2009 quibus
1046 1980 1088 1999 res
1107 1968 1206 2005 aliquae
1224 1967 1341 1997 suaviter

233 2019 405 2054 succedunt,
426 2028 491 2048 eum
508 2017 584 2046 diem
601 2015 697 2045 album
717 2022 833 2047 vocare,
853 2011 988 2040 nimirum
1006 2008 1040 2038 ab
1058 2007 1121 2037 alba
1142 2006 1212 2036 faba.
1236 2005 1339 2035 Erasm.

237 2058 267 2086 in
285 2057 404 2086 Chiliad.
429 2067 453 2085 1.
482 2067 505 2091 ς.
531 2066 574 2091 ς4.
613 2053 689 2083 Ρ1ον.
713 2052 793 2080 Creta
812 2056 908 2079 notare
927 2050 979 2078 δίο.

215 2095 299 2125 Albas
326 2105 376 2133 pro
403 2093 559 2123 Unionibus
585 2090 760 2128 Lampridius
784 2090 811 2119 &
836 2086 990 2116 Venantius
1013 2085 1039 2114 &
1062 2082 1109 2112 alii
1142 2081 1243 2111 mediae
1268 2080 1341 2110 Lati-

234 2134 328 2162 nitatis
346 2133 489 2169 scriptores
507 2129 631 2160 absolute
644 2130 782 2158 dixerunt.
835 2125 867 2154 V.
895 2124 992 2162 Lamp.
1014 2120 1124 2159 Elagab.
1150 2130 1211 2157 cap.
1233 2129 1278 2162 21.
1312 2121 1340 2148 Sc

235 2172 275 2200 ibi
297 2171 405 2200 Salmas.
452 2170 522 2199 ltem
543 2178 593 2206 pro
612 2166 787 2196 Vestimentis
808 2163 918 2193 talibus.
978 2161 1059 2190 Unde
1086 2160 1112 2188 &
1133 2159 1162 2187 in
1183 2164 1269 2186 veteri
1289 2156 1340 2186 Ec-

236 2209 522 2246 cleiiaSeptimanam
539 2208 569 2235 in
589 2205 657 2235 albis
670 2203 864 2242 appellarunt,
901 2209 963 2237 quae
976 2198 1104 2237 proxime
1123 2195 1281 2239 Paschalem
1301 2194 1341 2224 se-

236 2248 338 2284 quitur.
360 2256 425 2275 nam
437 2245 613 2283 baptizandis
629 2241 844 2272 Catechumenis
862 2238 960 2268 Pascha
980 2236 1049 2265 olim
1071 2234 1205 2263 destinata
1221 2233 1290 2267 fuit,
1312 2234 1340 2262 &

235 2285 371 2323 Baptizati
387 2284 459 2313 veste
476 2282 596 2312 candida
613 2280 809 2310 induebantur.
858 2277 900 2306 De
920 2276 1110 2304 Diaconorum
1135 2271 1202 2300 Alba
1220 2271 1341 2299 admini-

236 2323 365 2390 igiiatiione
389 2322 484 2351 Coenae
511 2321 542 2350 V.
563 2320 664 2357 Pignor
683 2318 719 2347 de
739 2316 839 2347 Servis.
869 2324 932 2352 pag.
955 2323 998 2349 50.
1020 2311 1076 2349 seq.
1119 2309 1164 2339 Du
1184 2308 1283 2339 Fresne
1310 2309 1341 2337 in

252 2362 257 2367 ‘
274 2364 299 2389 01
312 2360 321 2390 2

217 2399 318 2428 Album
339 2399 364 2428 ὃς
381 2398 490 2434 nigrum
503 2396 590 2425 novit.
632 2393 784 2432 Duplicem
796 2392 827 2420 in
841 2389 1007 2420 sententiam
1022 2386 1112 2424 accipi
1136 2385 1234 2424 potest.
1275 2385 1339 2419 Aut,

235 2437 323 2466 Novit
334 2436 479 2464 discrimen
498 2435 583 2469 rec'ti,
600 2433 749 2470 pravique:
770 2436 835 2463 aut⁷
850 2427 947 2457 ‘Novit
966 2426 996 2455 id
1017 2426 1092 2462 quod
1103 2434 1187 2453 nemo
1205 2422 1250 2452 vel
1259 2422 1341 2451 indo-

237 2476 297 2504 etus
318 2475 433 2511 ignorat.
471 2473 543 2501 Nam
566 2470 725 2501 evidentius
741 2469 779 2498 est
798 2467 852 2496 albi
871 2465 998 2503 nigrique
1016 2462 1183 2495 discrimen,
1205 2470 1287 2498 quain
1307 2467 1340 2489 ut

237 2514 382 2550 quisquam
393 2521 451 2539 non
460 2511 559 2539 videat.
600 2508 715 2537 Videtur
735 2505 789 2536 effe
802 2506 920 2534 tractum
940 2513 955 2531 a
970 2502 1064 2539 priscis
1080 2500 1134 2529 illis
1153 2498 1316 2528 mortalibus
1329 2521 1338 2534 ,

237 2551 284 2587 qui
306 2551 375 2579 duos
386 2556 494 2578 tantum
504 2544 641 2577 naturales
655 2545 762 2575 colores
777 2548 929 2577 noverant,
950 2540 1052 2570 Album
1065 2540 1091 2568 &
1105 2538 1241 2575 Nigrum,
1263 2536 1332 2565 teste

235 2588 378 2626 PompeiO.
400 2585 499 2616 Erasm.
523 2587 552 2615 in
571 2584 691 2614 Chiliad.

216 2626 285 2656 Alba
299 2627 356 2655 avis
367 2648 374 2659 ,
396 2635 446 2662 pro
458 2624 498 2655 Re
509 2633 580 2652 nova
589 2630 670 2659 atque
680 2620 819 2658 auspicata
835 2618 907 2647 dixit
923 2616 980 2646 Cic.
998 2625 1024 2652 7.
1048 2614 1122 2643 Fam.
1140 2619 1185 2647 28.
1229 2612 1272 2642 Fit
1284 2612 1339 2641 hoc

236 2665 320 2693 etiam
336 2663 509 2699 frequentius
519 2671 600 2698 quam
615 2659 736 2695 solebat,
756 2657 831 2695 quod
842 2654 915 2694 quasi
924 2654 1015 2684 albam
1031 2662 1111 2682 avem
1122 2652 1252 2682 videntur
1264 2673 1272 2686 ,
1294 2650 1340 2680 116..

237 2712 272 2731 ne
285 2702 451 2730 sentientem
467 2700 556 2729 civem
573 2699 676 2727 videre.

218 2740 318 2770 Album
329 2738 469 2768 calculum
486 2737 595 2766 addere.
615 2736 633 2764 i.
650 2745 674 2764 e.
707 2733 872 2771 Approbare.
910 2729 979 2760 Inde
996 2728 1153 2766 sumptum,
1175 2726 1255 2764 quod
1268 2726 1339 2755 anti-

239 2779 330 2815 quitus
347 2776 431 2806 millis
449 2776 476 2804 in
498 2784 595 2803 urnam
611 2771 724 2802 calculis
736 2793 744 2806 ,
766 2771 804 2799 ita
821 2768 978 2798 ferebantur
995 2777 1010 2795 a
1025 2766 1166 2802 judicibus
1184 2765 1337 2800 senrenfflae,

236 2824 268 2845 ut
281 2815 350 2844 albis
364 2813 553 2844 absolverent,
574 2812 657 2849 nigris
670 2810 842 2839 damnarent.
902 2805 959 2841 Qui
977 2804 995 2833 si
1018 2805 1087 2833 forte
1113 2802 1224 2832 fuiffent
1250 2812 1339 2839 aequa-

236 2854 277 2883 les
287 2876 295 2887 ,
317 2850 584 2882 tamenliberabatur
595 2859 672 2884 reus,
697 2848 811 2883 ejusque
822 2845 862 2873 rei
871 2843 978 2873 causam
992 2841 1146 2871 Aristoteles
1154 2840 1339 2878 copiosissime

236 2891 328 2921 reddit
344 2891 374 2919 in
399 2887 626 2918 Problematibus.
675 2885 716 2915 De
731 2883 903 2913 calculorum
922 2890 999 2910 more
1020 2880 1149 2909 meminit
1175 2878 1260 2908 Ovid.
1294 2888 1336 2913 ις.

110 2942 157 2967 ’ῃ
235 2930 306 2960 Met.
328 2940 372 2964 44.
394 2927 460 2956 Plin.
476 2937 498 2955 1.
517 2926 599 2963 Epist.
612 2935 637 2953 2.
673 2919 969 2956 Confireborffipsum
985 2928 1029 2947 me
1041 2915 1293 2947 &contubernales
1304 2916 1338 2944 ab

236 2968 362 2997 editione
376 2976 433 2994 non
451 2964 597 2994 abhorrere
607 2985 614 2997 ,
634 2961 652 2990 si
664 2961 749 2990 modo
768 2966 797 2988 tu
815 2958 923 2987 fortalse
939 2956 1022 2985 errori
1037 2955 1128 2984 nostro
1140 2954 1235 2983 album
1249 2954 1341 2983 calcu-

236 3006 295 3034 lum
313 3004 454 3039 adjeceris.
476 3003 493 3031 i.
515 3012 539 3031 e.
571 3001 598 3030 Si
610 3000 733 3029 nostrum
741 2998 817 3027 hunc
831 3004 951 3026 errorem
959 3002 1007 3023 tuo
1017 2994 1125 3029 judicio
1138 2991 1337 3030 comprobaris.

235 3043 336 3073 Erasm.
355 3043 383 3070 in
402 3040 521 3071 Chiliad.

217 3081 292 3111 Aibae
304 3080 412 3119 gallinae
428 3078 509 3108 filius.
532 3077 559 3106 h.
581 3086 605 3105 6.
631 3072 760 3104 Feliciter
769 3080 858 3102 natus.
886 3070 985 3106 Juven.
1001 3078 1042 3105 13.
1063 3069 1118 3098 Sat.
1138 3078 1200 3105 141.

377 3134 414 3138 ——
434 3117 498 3154 quia
509 3122 541 3144 tu
555 3114 663 3152 gallinae
676 3111 748 3141 filius
763 3110 840 3139 albae.
908 3107 959 3137 Vel
975 3107 1052 3144 quod
1060 3106 1133 3136 Laeta
1153 3114 1235 3143 atque
1249 3105 1339 3143 auspi-

237 3162 297 3185 cata
310 3156 398 3185 Latini
408 3154 476 3184 Alba
487 3160 605 3183 vocant:
627 3150 672 3180 vel
689 3149 764 3186 quod
795 3146 954 3177 roverbiuui
969 3145 1068 3174 alludit
1079 3145 1113 3173 ad
1124 3144 1244 3173 fatalem
1260 3143 1340 3172 illam

237 3194 366 3232 gallinam
381 3215 388 3227 ,
420 3194 456 3222 ue
474 3201 528 3228 qua
547 3189 696 3220 Suetonius
714 3188 744 3216 in
764 3159 851 3216 (131113
864 3207 872 3219 ,
903 3184 946 3212 1113
970 3183 1085 3220 quidem
1103 3182 1209 3211 verbis:
1254 3181 1338 3210 Liviae

237 3232 304 3261 olim
327 3232 417 3260 statim
437 3230 497 3268 post
525 3230 565 3259 Au
587 3228 636 3257 usti
657 3226 768 3263 nuptias
796 3222 982 3252 Veientanum
1002 3220 1080 3249 suuni
1100 3219 1244 3254 revisenti,
1270 3229 1339 3256 11116-

237 3269 376 3298 tervolans
395 3267 506 3306 aquila,
534 3239 665 3304 gaslinam
685 3263 793 3297 albam,
825 3259 962 3290 ramulum
992 3257 1059 3287 lauri
1090 3257 1174 3286 rostro
1193 3263 1338 3285 tenentem

238 3307 347 3336 demilit
369 3307 397 3335 in
417 3306 562 3343 gremium.
610 3303 760 3340 Quumque
783 3298 881 3329 nutriri
901 3297 1015 3331 alitem,
1037 3305 1069 3324 36
1089 3296 1172 3332 pangi
1199 3294 1337 3323 ramulum

237 3344 398 3383 placuisset,
424 3349 501 3373 tanta
530 3341 672 3380 pullorum
691 3338 801 3368 soboles
825 3335 975 3374 provenit,
1007 3340 1038 3376 ut
1069 3332 1153 3361 hodie
1174 3342 1284 3369 quoque
1305 3342 1338 3360 ea

235 3383 300 3412 villa
322 3382 361 3410 Ad
381 3381 495 3418 gallinas
514 3387 638 3409 vocetur.
676 3375 815 3407 Convenit
835 3374 917 3411 igitur
936 3372 1064 3408 adagium
1085 3371 1115 3398 in
1135 3379 1183 3398 eos
1212 3371 1258 3406 qui
1279 3379 1338 3398 rara

237 3422 264 3450 &
284 3419 359 3448 fatali
379 3419 497 3456 quadam
519 3418 653 3447 felicitate
676 3413 852 3450 successuque
871 3419 961 3440 reruni
982 3415 1105 3438 utuntur.
1156 3407 1230 3436 Huic
1250 3407 1339 3435 diver-

235 3458 294 3487 sum
314 3458 353 3486 est
375 3457 445 3485 illud
464 3456 538 3494 apud
558 3455 680 3485 eundem
698 3451 879 3489 Juvenalem,
900 3448 967 3477 Nati
985 3445 1146 3475 infelicibus
1166 3445 1234 3474 ovis.
1263 3445 1339 3474 Eras-

236 3505 297 3524 mus
318 3496 347 3523 in
367 3494 485 3523 Chiliad.

217 3533 302 3563 Albus
316 3532 430 3561 Lucifer.
466 3530 547 3559 Ovid.
563 3541 587 3567 3.
609 3529 690 3559 Trist.
707 3539 730 3565 5.
746 3537 789 3564 17.

216 3571 314 3602 Ρ31101.
337 3570 403 3599 Hor.
431 3568 517 3606 Epod.
530 3577 555 3605 7.
571 3579 610 3604 ις.
1061 3596 1066 3601 Π
1094 3594 1123 3601 Η
1162 3594 1168 3600 ·

217 3608 372 3646 Qiadrigae.
404 3606 531 3635 l’lin.lib.
545 3615 570 3643 7.
593 3615 652 3642 cap.
671 3614 714 3638 30-
746 3601 852 3632 Platoni
862 3598 1001 3637 sapientiae
1011 3595 1124 3626 antistiti
1134 3594 1281 3632 Dionysius
1294 3600 1338 3631 ty.

236 3655 337 3676 rannus
348 3666 356 3679 ,
376 3644 441 3673 alias
450 3643 555 3672 saevitiae
565 3642 752 3680 superbiaeque
760 3648 841 3669 natus
851 3661 860 3673 ,
879 3638 1004 3666 vittatam
1014 3643 1115 3664 navem
1126 3632 1197 3662 misit
1208 3632 1336 3661 obviam:

235 3684 292 3722 ipse
308 3682 447 3719 quadrigis
460 3681 527 3710 albis
543 3681 734 3717 egredientem
744 3678 873 3707 inlittore
884 3674 1003 3713 excepit.

216 3724 341 3753 Senectai.
366 3720 484 3756 Propert.
505 3718 550 3746 lib.
569 3727 591 3753 3.
610 3728 632 3750 ς.
647 3727 692 3751 24.

296 3757 426 3794 Sparserit
450 3757 568 3791 integras
585 3755 646 3783 alba
664 3753 772 3782 senecta
788 3761 890 3781 comas.

215 3797 291 3829 Alba:
316 3795 474 3828 sententiae,
495 3793 570 3829 3111111
584 3794 718 3821 Senecam
736 3791 883 3823 dicuntur,
905 3797 965 3824 111136
978 3787 1082 3852 Apertae
1104 3789 1202 3818 erant,
1222 3781 1334 3817 faciles,

234 3845 290 3865 non
304 3832 423 3861 obscurae
436 3853 444 3864 ,
466 3841 522 3859 11011
537 3828 733 3862 tenebricosae,
755 3828 830 3863 quod
845 3836 904 3863 qna:
916 3825 978 3854 alba
1009 3831 1058 3853 unt
1077 3822 1146 3851 nihil
1164 3828 1253 3850 atrum
1264 3842 1272 3854 ,
1294 3820 1338 3848 ni-

1210 567 1284 604 Virg.
1317 574 1342 602 3.

1081 1589 1126 1620 De
1138 1588 1250 1619 auribus
1266 1587 1344 1618 enim

232 3873 273 3903 hil
290 3869 471 3907 caliginosum
486 3867 624 3900 habeant,
659 3865 704 3894 sed
724 3864 795 3893 clara
819 3864 937 3900 quadam
956 3862 1019 3891 luce
1041 3859 1140 3889 suffusa
1164 3859 1333 3898 pelluceant.

229 3912 297 3948 Ejus
317 3907 399 3939 verba
418 3906 504 3942 sunt,
524 3903 690 3939 Sententiae,
711 3911 778 3940 quas
799 3902 905 3939 optime
925 3898 1015 3929 Pollio
1034 3898 1140 3928 Asinius
1160 3896 1235 3927 albas
1251 3904 1338 3927 voca-

1808 27 1835 62 A
1927 25 1955 61 L
2049 26 2073 61 B
2332 49 2333 54 =
2556 23 2570 43 ‘²

1449 107 1506 149 bat.
1541 107 1588 149 ‘Id
1617 109 1714 138 Giaeco
1735 119 1813 138 more
1837 109 1941 138 saelum
1971 106 2025 136 else
2045 106 2188 145 suspicor,
2217 112 2282 135 cuni
2307 103 2454 142 prae‘sertim
2480 102 2555 143 apud

1447 143 1596 212 Euieb†um
1616 146 1804 211 sffipenumero
1830 147 1952 184 legamus
1973 144 2137 180 λώιιρταπν,
2170 154 2222 182 pro
2244 142 2389 172 clarissimo
2413 144 2439 172 &
2458 142 2557 172 facilli-

1449 192 1506 211 mo.
1558 193 1626 212 urne
1649 207 1655 213 .

1433 220 1521 250 Stella
1540 221 1658 250 Castoris
1669 221 1833 251 &Pollucis
1857 221 1925 250 Hor.
1941 229 1964 249 1.
1987 220 2075 249 Carni.
2091 229 2134 249 12.
2150 228 2196 256 27.

1510 258 1609 288 Dicam
1632 261 1658 288 ὁὶ
1678 259 1793 288 Alciden
1808 282 1817 295 ,
1839 268 1994 295 puerosque
2014 257 2111 293 Ledae,

1510 297 1594 339 Hune
1613 297 1691 333 equis
1705 319 1712 331 ,
1735 296 1815 325 illum
1835 297 1962 334 superare
1981 295 2083 333 pugnis

1511 334 1644 363 Nobilem
1660 356 1668 368 ,
1689 344 1807 371 quorum
1823 334 1902 363 simul
1922 334 1985 362 alba
2005 333 2096 361 nautis

1542 409 1546 413 ⁶
1719 372 1804 401 Stella
1818 371 1930 401 refulsit.
2026 372 2130 404 Acron:
2153 367 2221 397 Alba
2239 390 2247 403 ,
2269 367 2379 397 Serena.
2419 366 2492 397 Nam
2507 367 2557 399 fre.

1452 416 1581 446 quentius
1607 408 1675 438 dum
1694 410 1797 444 oritur,
1823 410 1997 446 tempestates
2018 407 2100 441 facit,
2128 405 2174 435 sed
2199 406 2246 434 1116
2268 405 2432 443 prosperum
2457 405 2555 443 posuit.

1452 446 1617 484 Porphyrius
1627 469 1635 482 ,
1657 447 1724 475 Alba
1735 448 1824 477 nautis
1846 447 1921 476 stella
1936 469 1943 481 ,
1964 454 2040 474 nunc
2052 444 2171 473 candida
2181 445 2207 473 8(
2218 443 2347 481 benigna.

1396 485 1450 550 Ati
1453 494 1498 529 1110
1510 495 1531 512 M
1554 485 1585 551 ig
1605 494 1631 514 n.
1652 484 1775 514 absolute
1790 485 1910 523 positum
1927 493 1977 522 pro
2000 482 2094 511 colore
2108 481 2181 511 albo.
2206 481 2278 519 Virg.
2298 490 2324 511 2.
2343 480 2401 510 Ecl.
2421 491 2467 517 41.
2488 483 2514 512 ὅ(
2530 490 2557 520 3.
2575 479 2577 482 ’

1450 531 1563 558 76013(
1589 545 1594 550 .
2542 529 2547 538 1
2569 535 2572 538 «

1434 559 1535 626 Alblum
1548 559 1634 625 10ἓο11.
1658 559 1726 589 Cels.
1740 559 1787 590 lib.
1800 571 1825 598 7.
1847 570 1909 598 cap.
1919 568 1945 596 7.
1983 557 2040 587 Ubi
2049 557 2113 587 albo
2123 556 2207 595 ipsius
2218 549 2292 585 oculi
2302 555 2433 594 palbebra
2442 556 2555 588 inhaefit.

1469 607 1534 625 (em
1561 608 1565 625 l
1590 607 1633 626 .2.
1655 608 1716 627 cii).
1749 621 1755 627 .

1435 634 1537 664 Album
1554 636 1599 678 ovi
1620 645 1670 671 pro
1688 603 1855 670 1111181ιωί116,
1884 633 2008 664 absolute
2026 632 2137 661 dicitur.
2173 626 2244 662 Plin.
2265 630 2314 660 lib.
2333 640 2379 660 20.
2399 640 2459 668 cap.
2474 640 2515 661 11.
2530 640 2554 669 3.

1456 673 1527 701 Cum
1542 683 1587 701 ovi
1601 673 1665 702 albo
1683 674 1795 703 illitum.
1839 674 1886 703 Sic
1901 673 1975 701 idem
1993 671 2063 708 saepe
2083 670 2157 699 alibi.
2188 669 2257 699 Cels.
2270 669 2318 698 lib.
2331 672 2357 698 6.
2380 678 2441 706 cap.
2455 672 2480 698 6.
2504 669 2558 700 Ovi

1455 713 1481 740 &
1501 710 1595 739 album
1610 733 1618 745 ,
1650 713 1675 741 &
1694 712 1814 741 vitellus.
1855 711 1888 740 V.
1912 710 1993 747 supra
2013 716 2194 737 ALBUMEN
2217 708 2243 737 &
2263 715 2536 738 ALEUMENTUM.

1434 748 1553 791 Album,
1575 748 1659 778 absol.
1677 759 1708 778 ac
1721 749 1886 779 substantive
1905 748 1962 786 pos.
1981 756 2031 784 pro
2050 745 2118 775 Alba
2134 744 2227 775 tabula
2245 766 2253 780 ‚
2283 745 2313 773 in
2335 754 2389 781 qua
2406 750 2557 775 atramento

1452 786 1642 829 sctribebatuiw
1677 789 1752 824 quod
1769 798 1803 817 ex
1819 787 1877 816 Cic.
1900 796 1925 815 2.
1947 786 1982 814 de
2007 784 2084 813 Orat.
2109 793 2151 812 12.
2174 782 2354 820 intelligitur,
2385 782 2440 811 Res
2463 792 2559 813 omnes

1455 825 1592 861 (1111111111
1613 824 1782 862 singulorum
1802 833 1939 854 annorum
1956 821 2105 851 mandabat
2119 821 2206 850 literis
2222 820 2350 849 Pontifex
2370 820 2446 849 MaX.
2461 820 2561 851 refere-

1454 861 1556 898 batque
1579 863 1607 891 10
1628 862 1741 897 album,
1772 864 1798 893 &
1817 861 1994 900 proponebat
2022 859 2145 888 tabulam
2165 859 2264 892 domi,
2296 857 2416 896 potestas
2436 864 2468 886 ut
2493 858 2559 889 effet
2576 849 2589 862 Α

1451 899 1560 937 populo
1576 900 1771 937 cognoscendi.
1833 900 1869 929 Ex
1889 910 1944 936 quo
1964 898 2028 927 1060
2053 899 2079 927 8(
2110 897 2181 926 illud
2206 895 2287 925 facile
2315 895 2490 925 intellectum
2503 896 2541 925 est
2578 890 2600 930 ,ἶ

1452 947 1512 966 non
1531 937 1624 967 literas
1639 943 1692 974 (ut
1712 938 1887 976 Theophilus
1907 936 2097 966 existimavit)
2118 934 2165 963 sed
2181 933 2288 963 tabulas
2305 932 2376 971 ipsas
2395 932 2470 963 albas
2498 917 2601 964 fuis}

1453 975 1498 1005 se:
1521 976 1597 1012 quod
1616 977 1699 1005 etiam
1714 976 1841 1014 suspicari
1855 976 1921 1005 licet
1937 985 1970 1003 ex
1992 973 2077 1002 Plauti
2089 972 2156 1003 Pers.
2175 982 2198 1001 1.
2216 982 2243 1001 2.
2265 981 2310 1001 22.
2570 972 2581 996 Γ

1513 1013 1542 1042 Si
1568 1014 1598 1042 id
1620 1014 1685 1048 fias,
1708 1024 1744 1043 ne
1760 1015 1801 1043 isti
1824 1014 1910 1042 faxim
1930 1022 2045 1049 usquam
2064 1018 2232 1049 appareant,

1514 1051 1573 1088 Qui
1588 1052 1634 1081 hic
1656 1052 1719 1081 albo
1735 1060 1791 1081 rete
1810 1051 1899 1081 aliena
1915 1056 2080 1088 oppugnant
2094 1049 2176 1077 bona.
2285 1047 2323 1077 Ut
2340 1053 2434 1076 autem
2448 1044 2560 1085 pontifi-
2593 1072 2604 1079 .

1454 1099 1500 1118 663
1517 1100 1559 1119 163
1577 1090 1662 1127 gestas
1674 1113 1681 1124 ,
1704 1090 1738 1119 sic
1765 1098 1896 1128 praetores
1912 1089 2003 1118 edicta
2018 1087 2064 1116 sua
2085 1088 2115 1115 10
2134 1086 2229 1115 album
2254 1085 2427 1121 referebant,
2456 1086 2483 1119 ἃ
2497 1087 2570 1123 pro-1¹
2598 1100 2599 1105 =

1452 1128 1598 1165 ponebant
1614 1128 1738 1157 tabulam
1758 1129 1786 1157 in
1803 1128 1918 1166 publico
1931 1149 1938 1161 ,
1960 1128 2077 1164 potestas
2094 1131 2126 1153 ut
2145 1123 2211 1153 ess'et
2229 1124 2336 1161 populo
2355 1122 2540 1161 cognoscendi
2548 1123 2583 1161 ‚H

1454 1166 1694 1209 quemadmodum
1714 1176 1787 1195 anno
1806 1167 1923 1204 quisque
1944 1164 1991 1193 suo
2008 1164 2053 1200 jus
2070 1163 2195 1192 dicturus
2211 1161 2286 1190 effet.
2308 1161 2382 1190 Paul.
2410 1160 2458 1190 lib.
2477 1171 2502 1196 9.
2522 1161 2558 1192 D.
2569 1162 2594 1194 3.

1454 1203 1587 1247 ded-uris,
1643 1204 1671 1234 Si
1688 1204 1793 1233 familia
1809 1204 1927 1237 alicuius
1953 1202 2049 1231 31110111
2072 1201 2247 1237 corruperit,
2293 1209 2352 1228 non
2372 1198 2497 1228 similiter
2513 1198 2583 1230 hies

1452 1241 1574 1271 edicitur
1589 1247 1619 1271 ut
1640 1243 1669 1271 in
1687 1242 1768 1271 furto.
1809 1242 1908 1270 Album
1919 1248 2013 1269 autem
2031 1239 2119 1268 Latini
2136 1238 2268 1267 dixerunt
2286 1244 2318 1266 ut
2327 1237 2415 1266 Graeci
2433 1240 2559 1271 λεύκωμφ,
2573 1249 2585 1262 ι.

1453 1279 1526 1322 Nam
1543 1281 1569 1309 St.
1587 1280 1673 1309 Graeci
1699 1281 1728 1309 in
1745 1280 1808 1308 albo
1828 1279 1902 1317 leges
1925 1278 2100 1311 scribebant,
2130 1282 2162 1305 ut
2181 1285 2216 1305 ex
2232 1275 2419 1304 Demosthene
2446 1281 2560 1312 contra,
2578 1267 2579 1274 ¹

1453 1316 1647 1361 Timocratem
1673 1318 1843 1354 intelligitur.
1902 1317 2015 1346 Hotom.
2053 1315 2095 1344 De
2114 1314 2240 1344 Plautino
2262 1313 2326 1342 loco
2355 1322 2413 1342 non
2438 1311 2560 1345 multum
2572 1308 2598 1349 sa

1453 1355 1511 1399 abit
1525 1356 1624 1385 Erasm.
1646 1356 1674 1385 in
1694 1355 1765 1385 01111.
1795 1366 1818 1389 3.
1839 1365 1865 1392 7.
1890 1362 1930 1387 18.
1974 1354 2005 1383 V.
2022 1352 2085 1382 adl.
2107 1352 2128 1382 1.
2151 1352 2179 1381 F.
2203 1351 2326 1381 Gronov.
2364 1350 2560 1389 AliterScalig.
2595 1351 2598 1356 ⁴

1453 1393 1522 1422 ibid.
1544 1394 1606 1430 Jan.
1626 1394 1700 1423 Guil.
1729 1393 1810 1423 Veris.
1825 1402 1849 1429 3.
1874 1403 1914 1428 11.
1937 1392 2008 1421 Voss.
2030 1391 2094 1420 Inst.
2117 1390 2166 1420 Or.
2187 1401 2214 1425 4.
2236 1399 2264 1427 p.
2286 1400 2347 1425 194.
2552 1384 2555 1387 ’

1434 1430 1478 1462 Ad
1502 1431 1596 1461 album
1617 1431 1799 1461 adversarium
1822 1432 1986 1469 producere.
2009 1429 2054 1458 lib.
2091 1438 2111 1457 1.
2134 1428 2168 1457 D.
2187 1428 2223 1456 de
2240 1427 2322 1457 eden.
2364 1426 2436 1456 Eum
2449 1421 2579 1464 quoquest
2601 1449 2604 1464 ,

1455 1470 1538 1514 edere
1555 1469 1648 1511 Labeo
1671 1471 1728 1505 ait,
1756 1470 1803 1507 qui
1826 1470 1963 1506 producat
1979 1466 2163 1496 adversarium
2187 1465 2269 1494 suum
2302 1465 2339 1495 ad
2358 1463 2462 1495 album.
2492 1465 2513 1495 i.
2532 1474 2559 1495 e.
2573 1463 2577 1489 J
2592 1463 2604 1471 '⁴

1456 1508 1514 1544 Qui
1536 1508 1653 1537 adducit
1673 1518 1737 1537 eum
1755 1508 1789 1537 ad
1808 1508 1902 1537 album
1921 1506 2054 1543 praetoris.

1434 1545 1477 1576 Ad
1491 1546 1585 1575 album
1601 1545 1628 1575 se
1646 1546 1799 1575 transferre.
1833 1544 1953 1582 Quintil.
1976 1544 2035 1572 inst.
2056 1542 2104 1571 lib.
2126 1552 2168 1571 12.
2201 1541 2233 1570 C.
2257 1551 2281 1576 3.
2323 1540 2453 1580 Quorum
2472 1540 2520 1570 alii
2533 1534 2575 1572 se«

1452 1583 1490 1627 ad
1512 1583 1607 1613 album
1637 1594 1670 1613 ac
1690 1583 1812 1613 rubricas
1835 1582 2050 1616 transtulerunt,
2081 1582 2106 1610 ἃ
2123 1579 2295 1611 formularii,
2327 1588 2360 1607 36
2386 1585 2443 1615 (ut
2464 1578 2573 1608 Cicero'

1453 1622 1514 1655 ait)
1534 1621 1637 1659 legulei
1657 1621 1710 1651 effe
1730 1621 1897 1651 maluerunt.
1936 1620 1989 1650 Hic
2004 1619 2102 1648 Album
2124 1619 2196 1647 uixit
2212 1628 2263 1655 pro
2280 1617 2345 1652 ι1016
2365 1617 2514 1654 praetorio,
2533 1618 2571 1650 δε,

1453 1659 1589 1690 Rubricas
1600 1669 1650 1697 pro
1663 1660 1728 1695 Jure
1744 1659 1848 1689 Civili:
1884 1665 1914 1688 ut
1931 1661 1956 1688 ὅ(
1973 1657 2157 1687 Formularios
2177 1656 2212 1685 ad
2231 1656 2372 1693 praetorias
2394 1654 2490 1684 retulit
2508 1654 2574 1684 fox.'

1456 1698 1563 1742 mulas:
1585 1697 1730 1735 Leguleios
1750 1698 1784 1727 ad
1804 1697 1853 1733 Jus
1875 1696 1964 1726 Civile
1988 1697 2013 1725 6<
2033 1704 2099 1724 xii.
2124 1694 2211 1723 tabul.
2234 1695 2308 1730 leges
2328 1693 2487 1722 Turnebus.
2571 1690 2580 1717 '.

1436 1735 1481 1766 Est
1500 1743 1584 1765 etiam
1600 1736 1700 1765 Album
1717 1735 1924 1769 Decurionum,
1946 1735 2022 1763 unde
2041 1734 2084 1762 tit.
2100 1733 2128 1760 in
2150 1732 2184 1761 D.
2205 1731 2248 1761 De
2262 1730 2325 1760 albo
2343 1730 2489 1760 scribendo
2501 1752 2510 1766 ,
2530 1730 2561 1760 in
2596 1748 2597 1751 =

1453 1768 2471 1842 11011)ζῗεὲρέἳὶθΰέζῗὲἓὲ.ξῖῖίῗιᾷἳῖῗςὲξ.Ἶὲξὲῑίἓιὲεὸὸ...ῗῴῑῆἓ1
2493 1768 2512 1798 ¹·
2533 1773 2574 1812 ¹‘7

1454 1835 1746 1918 Eicpipael‘istgrfficipithr.
1786 1849 1961 1915 Ibidemzni3ri
1977 1819 2253 1914 {en-tgnticiquuoqule
2269 1817 2399 1875 dicendi}
2417 1815 2577 1879 sdemxzss·

1522 1900 1539 1926 p
1604 1899 1610 1916 1
1645 1898 1703 1917 use
1736 1910 1744 1923 ,
1764 1897 1846 1925 quem
1858 1897 1916 1915 103
1948 1896 1964 1914 o
1990 1895 2027 1914 cri
2050 1895 2085 1914 en
2108 1894 2124 1913 o
2166 1893 2278 1913 iximus.
2598 1906 2600 1915 ,

1434 1926 1536 1956 Album
1550 1926 1776 1956 citharoedorum.
1808 1925 1884 1957 Suet.
1903 1925 1933 1953 in
1944 1924 2057 1954 Nerone
2069 1945 2077 1958 ,
2099 1932 2159 1960 cap.
2185 1932 2230 1951 21.
2271 1921 2337 1951 Sine
2357 1929 2436 1950 mora
2455 1929 2562 1951 nomen

1453 1964 1573 1994 suumin
1585 1964 1648 1993 albo
1660 1963 1852 2002 profitentium
1870 1962 2089 1992 citharoedorum
2099 1959 2173 1996 juffit
2181 1959 2307 1989 adscribi.
2569 1990 2572 1993 .

1434 2003 1537 2033 Album
1555 2003 1700 2039 judicum,
1721 2002 1797 2031 Suet.
1824 2002 1853 2030 in
1874 2000 2012 2035 Claudio,
2032 2009 2092 2036 cap.
2118 2002 2161 2027 16.
2205 1998 2304 2027 Album
2322 1996 2450 2032 judicum
2465 1994 2560 2034 appel·
2596 2006 2599 2015 ¹

1454 2041 1509 2076 lat,
1529 2041 1557 2069 in
1573 2050 1628 2078 quo
1643 2050 1741 2069 eorum
1750 2039 1865 2068 nomina
1885 2038 2022 2075 descripta
2042 2044 2138 2072 erant,
2158 2035 2205 2073 qui
2222 2045 2317 2065 earum
2334 2042 2413 2064 erant
2429 2034 2560 2066 136611113-

1454 2089 1516 2108 rum
1529 2101 1536 2113 ,
1556 2089 1617 2121 quac
1626 2087 1796 2115 unoquoque
1806 2084 1932 2115 tempore
1943 2075 2113 2112 judicabant.
2156 2074 2223 2103 l-iaec
2239 2073 2365 2103 Budaeus.
2555 2097 2557 2100 .

1438 2117 1540 2147 Aibvm
1559 2117 1702 2151 1011160111,
1724 2125 1775 2153 per
1801 2115 1993 2153 metaphoram
2017 2113 2125 2142 dicium
2141 2121 2157 2141 a
2175 2111 2265 2140 Plinio
2281 2112 2311 2140 in
2332 2110 2495 2148 praefatione
2510 2106 2558 2139 lib.

1458 2165 1482 2184 1.
1504 2155 1600 2191 Quum
1617 2159 1689 2183 hanc
1712 2163 1825 2191 operam
1843 2153 2041 2186 condicerem,
2068 2160 2126 2179 non
2150 2159 2209 2179 eras
2229 2150 2258 2179 in
2278 2149 2333 2179 hoc
2354 2148 2427 2177 albo.
2467 2145 2560 2178 allusit

1454 2194 1531 2223 enim
1546 2193 1581 2221 ad
1596 2201 1704 2221 morem
1725 2201 1822 2220 eorum
1836 2213 1844 2226 ,
1866 2191 1913 2228 qui
1935 2189 2027 2219 causas
2047 2188 2133 2217 361011
2149 2187 2178 2217 10
2191 2188 2271 2223 forn,
2303 2192 2350 2216 aut
2371 2185 2567 2221 declamaturi,¹

1453 2229 1820 2298 guditoffsdcorrogabant,
1850 2228 1923 2266 quasi
1943 2228 2050 2257 futuros
2074 2226 2183 2262 judices
2207 2225 2374 2263 eloquentia:
2391 2229 2439 2254 aut
2466 2223 2560 2254 facun-

1474 2279 1514 2298 136.
1572 2279 1592 2297 u
1616 2278 1680 2297 zeus.
2328 2281 2339 2287 α

1434 2308 1548 2338 Mittere
1558 2307 1588 2335 in
1598 2306 1692 2336 album
1704 2305 1840 2341 judicum.
1877 2304 1942 2334 Sen.
1964 2303 1999 2332 de
2015 2302 2110 2333 Benef.
2129 2299 2178 2331 lib.
2198 2311 2220 2338 3.
2240 2311 2301 2339 cap.
2341 2323 2347 2329 .
2559 2332 2561 2334 ,

1434 2345 1535 2385 Album
1549 2345 1742 2378 Senatorium,
1776 2343 1805 2371 iri
1824 2352 1880 2380 quo
1900 2342 2066 2371 Senatorum
2087 2341 2202 2369 nomina
2222 2350 2236 2368 a
2259 2339 2319 2368 Cen
2332 2336 2426 2368 oribus
2445 2336 2557 2375 perscri-

1456 2383 1599 2412 bebantur.
1678 2381 1749 2411 Albo
1765 2380 1901 2410 senatorio
1921 2380 2033 2408 eradere
2051 2379 2180 2416 aliquem.
2201 2376 2291 2407 Tacit.
2306 2388 2332 2412 4.
2355 2377 2427 2405 Arm.
2437 2385 2482 2411 42.
2496 2385 2519 2410 5.
2558 2386 2560 2391 ·

1435 2421 1485 2452 Per
1505 2420 1577 2450 istud
1596 2419 1778 2457 Philosophiaz
1792 2418 1854 2447 sunt
1875 2419 1959 2455 nigrae
1978 2419 2004 2446 &
2024 2424 2138 2454 turpes,
2159 2415 2332 2452 infamesque
2347 2436 2355 2450 ,
2376 2414 2462 2443 etiam
2475 2413 2509 2443 ad
2520 2410 2560 2442 al-

1456 2459 1525 2488 bum
1552 2458 1712 2487 sedentibus
1734 2457 1925 2494 exceptiones.
1978 2457 2084 2484 Seneca
2111 2454 2161 2491 Ep.
2190 2459 2233 2489 48.
2263 2460 2331 2482 extr.
2355 2452 2390 2481 H.
2421 2452 2460 2481 St.

1397 2497 1590 2531 11030103,
1621 2496 1719 2525 dimin.
1741 2495 1802 2531 Adj.
1825 2494 1914 2523 Catul.
1937 2502 1982 2530 27.
2003 2503 2030 2522 v.
2044 2498 2070 2527 8.
2091 2492 2120 2520 in
2144 2490 2250 2527 julium
2269 2490 2412 2520 Caesarem.

1440 2571 1480 2601 Ad
1515 2535 1552 2564 Ut
1575 2533 1684 2563 albulus
1714 2531 1892 2562 columbulus
1912 2531 2053 2561 Dionaeus.
2097 2529 2182 2567 vulgo
2205 2528 2321 2559 Albulus
2340 2526 2494 2557 Columbus
2513 2530 2565 2556 aut·

1483 2582 1578 2601 oneus.

1395 2611 1620 2645 ili-sanium,
1640 2609 1694 2638 sive
1713 2608 1793 2652 qus
1813 2607 1948 2636 albarium
1969 2603 2124 2642 [winewic]
2145 2605 2248 2634 dicitur

2306 2603 2364 2632 uod
2383 2602 2501 2632 illinitur
2521 2607 2559 2631 te-

1435 2648 1539 2683 ctorio,
1573 2658 1661 2685 quum
1681 2656 1770 2685 paries
1789 2644 1947 2683 pingendus
1971 2654 2028 2673 non
2051 2644 2108 2673 est:
2139 2645 2165 2673 ὃ(
2185 2652 2219 2672 ex
2239 2603 2311 2680 pul}
2332 2639 2409 2670 calce
2428 2641 2467 2670 fit.
2489 2636 2573 2669 Plin.⁴

1434 2686 1484 2715 lib.
1507 2696 1550 2722 35.
1573 2696 1634 2723 cap.
1658 2689 1700 2714 16.
1740 2685 1899 2720 Eademque
1918 2682 1989 2711 lacte
2010 2682 2116 2717 diluta,
2153 2682 2179 2710 &
2199 2680 2380 2709 tectoriorum
2400 2678 2502 2708 albaria
2518 2677 2573 2707 in·=

1434 2724 1616 2764 terpolantur.
1651 2723 1678 2752 h.
1710 2732 1734 2751 e.
1773 2722 1902 2751 Teetoria
1929 2720 2029 2757 quibus
2049 2726 2164 2758 propter
2192 2717 2355 2748 vetustatem
2386 2716 2463 2745 color
2482 2714 2559 2744 albus

1434 2762 1533 2791 induci
1557 2761 1653 2790 solitus
1673 2759 1853 2794 exoleviffet,
1894 2758 2058 2788 exalbantur
2077 2763 2309 2793 renovanturque.
2350 2754 2382 2784 V.
2405 2754 2509 2784 Vitruv.
2530 2758 2556 2790 7.

1434 2810 1461 2829 2.
1493 2802 1519 2829 ὁὶ
1541 2799 1640 2828 Pallad.
1673 2809 1695 2827 1.
1720 2808 1761 2832 14.

1433 2834 1573 2868 Albarium
1591 2847 1669 2874 opus.
1690 2835 1757 2865 Plin.
1769 2832 1816 2864 lib.
1832 2837 1875 2869 36.
1891 2844 1952 2871 cap.
1965 2843 2010 2869 23.
2049 2832 2152 2862 Contra
2163 2832 2194 2861 in
2211 2831 2316 2862 albario
2337 2839 2440 2868 opere,
2460 2834 2492 2859 ut
2504 2837 2558 2858 ma-

1453 2883 1543 2905 cerata
1554 2874 1616 2904 calx
1630 2884 1682 2903 ceu
1699 2874 1837 2911 glutinum
1848 2871 1956 2901 haereat.
1979 2871 2052 2900 conf.
2065 2881 2107 2905 ξς.
2130 2874 2171 2899 16.

1395 2914 1610 2948 Ammius,
1632 2913 1660 2941 ii.
1682 2922 1718 2941 m.
1741 2911 1799 2947 Qui
1821 2909 1957 2939 albarium
1974 2910 2048 2938 facit.
2071 2908 2174 2946 Leg.2.
2197 2907 2268 2937 Cod.
2284 2906 2396 2936 Theod.
2418 2905 2453 2934 de
2466 2901 2554 2935 excuss

1435 2952 1505 2981 artis.
1546 2951 1578 2980 V.
1602 2959 1779 2979 ALBiNUS.

1395 2992 1594 3023 Arsi-irus,
1616 2989 1675 3023 Adj.
1698 2985 1883 3023 [λάχέμων]
1902 2985 1936 3013 ab
1952 2983 2030 3013 Albo.
2065 2983 2139 3013 Varr.
2162 2983 2197 3012 de
2218 2982 2247 3012 L.
2270 2980 2299 3013 L.
2322 2992 2348 3017 4.
2373 2992 2414 3016 14.
2438 2986 2469 3010 ut
2487 3001 2495 3015 ,
2515 2977 2557 3008 Al-

1434 3028 1514 3057 batus
1530 3027 1632 3060 1101110,
1653 3026 1671 3054 i.
1685 3035 1708 3054 e.
1732 3023 1856 3053 Vestibus
1877 3022 1947 3052 albis
1967 3028 2096 3051 ornatus:
2120 3021 2166 3051 cui
2184 3020 2353 3050 contraiium
2372 3019 2420 3055 est,
2440 3019 2562 3048 Atratus-v

1432 3066 1500 3096 Hor.
1511 3075 1537 3094 2.
1569 3066 1656 3094 Serm.
1676 3073 1701 3092 2.
1717 3067 1761 3092 60.

1506 3102 1555 3132 1116
1576 3102 1702 3140 repotia,
1732 3098 1855 3133 natales,
1876 3097 1980 3127 aliosve
2004 3095 2112 3126 dierum

1507 3140 1598 3170 Festos
1617 3139 1723 3168 albatus
1742 3137 1872 3166 celebret.
1971 3135 2081 3164 Veteres
2102 3134 2185 3163 albati
2212 3133 2342 3163 convivia
2369 3131 2482 3170 publica
2506 3126 2559 3160 ini·.

1431 3179 1518 3214 bant,
1551 3185 1582 3207 ut
1602 3177 1722 3206 declarat
1741 3176 1819 3204 locus
1847 3174 1905 3202 Cic.
1928 3171 1957 3202 in
1988 3173 2078 3202 Vatin.
2105 3182 2148 3207 30.
2189 3172 2277 3208 Atque
2301 3171 2383 3200 etiam
2403 3168 2473 3198 illud
2490 3166 2556 3197 scire

1433 3218 1537 3255 cupio,
1565 3226 1620 3253 quo
1652 3212 1786 3248 consiliu,
1813 3219 1859 3241 aut
1887 3221 1941 3248 (1οῑ1
1960 3219 2055 3239 mente
2075 3210 2195 3244 feceris,
2229 3215 2260 3238 ut
2287 3210 2316 3237 in
2335 3207 2421 3245 epulo
2442 3206 2476 3242 Q.
2502 3202 2555 3234 Arii

1431 3255 1572 3284 familiaris
1592 3253 1649 3282 mei
1668 3261 1732 3281 cuin
1752 3258 1816 3287 toga
1837 3249 1912 3286 pulla
1953 3249 2148 3277 accumberes:
2191 3257 2274 3284 quem
2297 3255 2419 3282 unquam
2437 3242 2565 3278 videris,

1432 3303 1515 3330 quem
1535 3291 1673 3324 audieris,
1701 3299 1755 3326 (1110
1777 3287 1927 3324 exemplo,
1949 3296 2004 3323 quo
2025 3296 2101 3314 more
2119 3285 2235 3318 feceris,
2258 3286 2308 3313 &c
2335 3283 2405 3320 Quis
2434 3285 2554 3318 unquam

1433 3331 1557 3360 coenavit
1577 3328 1703 3358 atratus‘?
1729 3328 1780 3356 &12.
1813 3335 1876 3354 611111
1899 3324 1956 3361 ipse
1974 3323 2050 3361 epuli
2072 3324 2202 3352 dominus
2228 3322 2265 3359 Q.
2299 3322 2376 3350 Arius
2397 3319 2502 3349 albatus
2517 3315 2560 3347 es-‘

1431 3369 1488 3403 set,
1521 3376 1550 3397 tu
1571 3368 1600 3396 in
1620 3364 1757 3400 templum
1779 3363 1894 3403 Castoris
1915 3370 1943 3390 te
1965 3371 2028 3390 cum
2056 3362 2086 3390 C.
2110 3360 2208 3390 Fidulo
2229 3365 2315 3389 atrato
2336 3359 2496 3394 creterisque
2514 3354 2554 3384 fii-

1432 3408 1478 3435 riis
1505 3407 1560 3435 tuis
1585 3403 1722 3434 funestum
1743 3400 1874 3430 intulisti:
1906 3399 1967 3436 quis
1988 3406 2047 3428 tum
2067 3409 2124 3427 non
2147 3396 2311 3435 ingemuit?
2344 3397 2395 3425 ἃς.
2430 3395 2504 3424 1111116
2523 3398 2552 3421 tu

1430 3454 1537 3473 rnorem
1558 3441 1729 3481 ignorabas?
1757 3447 1900 3476 nunquam
1929 3437 2045 3476 epulum
2077 3436 2207 3466 videras?
2248 3435 2281 3465 Et
2307 3441 2405 3464 ecetera
2433 3441 2493 3471 quae
2516 3429 2552 3460 se-

1453 3488 1563 3511 uuntur.
2582 3480 2584 3482 ’

1393 3492 1544 3549 Arqmoo
1563 3540 1571 3554 ,
1599 3517 1664 3546 inis.
1693 3515 1712 3545 f.
1733 3513 1859 3544 Boetliius
1887 3512 1934 3541 lib.
1966 3522 1990 3540 2.
2022 3512 2057 3541 de
2072 3510 2242 3541 Differentiis
2264 3510 2375 3547 topicis.
2413 3507 2554 3544 Quaeratur

1430 3558 1505 3586 enim
1521 3567 1555 3586 30
1573 3554 1675 3585 albedo
1693 3552 1840 3582 substantia
1860 3549 1907 3579 sit:
1932 3549 1976 3578 hic
2003 3550 2132 3587 quaeritur
2148 3559 2182 3577 an
2200 3548 2300 3577 albedo
2317 3545 2469 3576 substantiae
2479 3542 2552 3573 velut

1430 3595 1523 3632 generi
1544 3594 1733 3631 supponatur,
1759 3592 1810 3619 &e
1852 3588 1933 3625 Apud
1951 3594 2056 3616 veteres
2075 3609 2083 3622 ,
2116 3587 2280 3616 Ciceronem
2300 3586 2325 3614 &
2348 3581 2464 3620 aequales
2478 3604 2486 3617 ,
2507 3585 2551 3610 aut

1430 3632 1515 3669 paulo
1534 3626 1677 3664 minores,
1704 3629 1764 3657 liaec
1786 3636 1838 3656 vox
1862 3635 1917 3654 non
1946 3623 2091 3654 1616111111.
2132 3624 2222 3653 Sever.
2247 3624 2361 3652 demum
2382 3621 2458 3658 Sulp.
2484 3617 2548 3648 Hist-

1429 3670 1502 3699 Sues.
1522 3680 1544 3698 1.
1560 3673 1601 3698 16.
1625 3668 1660 3696 de
1678 3666 1803 3700 Manna3
1826 3662 1941 3693 01361311
1952 3636 2080 3692 albedine
2091 3669 2156 3692 erat.
2195 3660 2339 3691 Onomast.
2363 3666 2417 3689 vet.
2436 3655 2549 3691 Aibedo‚

1430 3704 1547 3738 λώηέτης
1559 3729 1566 3741 ,
1588 3701 1684 3737 λόῐυών.
1774 3729 1778 3732 .
2578 3700 2579 3706 ’

1388 3744 1647 3777 Armatam,
1687 3741 1721 3770 V.
1749 3747 1992 3768 ABLEGMiNA.

1389 3782 1437 3810 111.
1449 3791 1556 3809 atrio
1573 3803 1581 3815 ,
1615 3780 1685 3808 onis.
1708 3778 1726 3807 f.
1747 3777 1954 3812 Tegumentum
1975 3776 2074 3812 capitis
2092 3774 2166 3813 apud
2183 3771 2283 3808 Juven.
2301 3769 2392 3801 Schol.
2417 3775 2448 3799 ut
2465 3767 2549 3798 visum

1428 3818 1570 3853 Rutgcrlio
1582 3818 1640 3846 Var.
1654 3817 1728 3845 Leet.
1746 3819 1771 3844 6.
1788 3811 1828 3847 18.
1851 3815 1877 3843 8(
1893 3813 1984 3841 Vollio
1999 3814 2034 3842 de
2047 3813 2098 3841 Vit.
2111 3812 2196 3840 Serm.
2215 3820 2236 3839 1.
2253 3813 2293 3839 16.
2335 3807 2477 3844 [Adducit
2493 3803 2549 3843 qui·
2576 3826 2578 3833 ,

1426 3856 1492 3887 dem
1503 3855 1606 3886 Vollius
1623 3852 1869 3889 Scholiastae,unde
1884 3851 1956 3882 hanc
1968 3851 2117 3882 lectionem
2125 3848 2280 3889 exsculplit,
2299 3846 2357 3877 haec
2376 3844 2550 3912 verlaiizgdiilgg
