2600 4177
469 73 500 108 C
598 72 632 109 O
727 71 757 106 R

89 157 253 190 nominibus
262 180 270 193 ,
290 167 351 195 qua:
360 165 403 186 res
412 165 462 194 pei·
475 164 540 185 eum
551 154 629 191 gestae
644 153 707 182 sunt
718 175 726 188 ‚
747 161 833 191 quum
850 153 900 182 iste
911 152 1069 183 civitatibus
1079 151 1203 181 frumen-

93 206 152 227 tum
164 220 171 231 ,
194 198 271 226 coria
285 218 292 229 ,
311 196 405 224 cilicia
416 216 423 229 ,
444 192 537 222 saccos
549 193 709 228 imperaret.

71 235 221 264 Corinium
231 233 413 263 confectores.
436 231 546 260 Firmic.
560 229 607 258 lib.
622 238 646 262 ι.
660 238 721 266 cap.
735 238 761 261 9.
777 229 804 258 8(
818 237 860 258 12.

72 272 157 301 Canis
169 270 287 300 assuetus
298 271 393 305 corio3
418 267 596 298 Proverbium
607 267 645 295 est
655 288 662 300 ,
686 267 721 295 de
739 265 794 295 illis
811 266 858 302 qui
869 275 954 303 quum
966 265 1050 294 semel
1060 264 1206 294 illecebras

93 311 225 338 vitiorum
242 308 437 346 degustarunt,
470 304 549 334 nullo
571 304 657 333 modo
677 304 789 334 avocari
811 304 930 341 amplius
949 302 1068 341 possunt.
1100 302 1168 331 Hor.
1179 311 1207 331 2.

93 348 172 377 Serm
194 357 217 381 5.
231 352 277 380 81.

157 384 193 413 Ut
204 385 279 413 canis
288 393 302 412 a
312 382 389 412 corio
403 389 460 408 non
471 378 667 409 absterrebitur
682 380 777 408 undio.
856 379 889 409 V.
911 379 941 407 in
962 388 980 408 c
991 388 1009 407 A
1018 387 1040 406 N
1050 388 1058 406 i
1068 387 1090 407 s.

74 422 216 452 Castaneae
231 421 347 450 corium.
387 417 457 447 Plin.
470 416 519 447 lib.
535 426 577 454 ις.
598 427 661 456 cap.
674 423 719 452 28.
751 417 894 447 Putamine
916 416 1084 446 clauduntur
1103 423 1210 451 nuces,

95 461 173 489 corio
190 460 330 488 castaneae.

75 497 217 528 Hominis.
240 495 327 525 Plaut.
342 493 433 523 Cistel.
445 503 472 529 4.
485 501 512 523 2.
525 496 568 528 3⁶-
583 492 667 522 Periit
678 501 773 522 meum
782 493 901 522 corium.

76 536 206 566 Nubium
217 534 335 563 corium.
376 531 408 560 In
428 541 448 560 N
459 541 477 560 u
487 542 502 560 B
513 540 558 560 ns.

76 572 198 603 Piscium
211 571 330 600 corium.
355 569 424 598 Plin.
437 569 485 598 lib.
501 572 528 598 6.
543 578 604 606 cap.
617 577 663 604 ²⁴·

77 610 211 641 Perficere
221 609 304 638 coria.
346 607 413 637 Plin.
426 606 474 636 lib.
490 616 532 641 13.
544 616 605 644 cap.
618 617 645 642 9.
666 605 770 635 Semen
781 604 810 633 in
822 603 944 642 siliquis,
964 614 1021 642 quo
1037 603 1113 634 coria
1135 603 1216 642 perfi-

98 650 226 680 ciuntur,
245 645 325 683 gallae
339 645 409 674 vice.
448 644 551 674 Siclib.
568 647 609 673 16.
625 653 685 680 cap.
697 647 723 672 6.
736 643 771 672 ad
783 642 886 680 finem,
907 643 963 673 Sed
983 642 1084 681 gallam
1093 642 1214 672 hemeris

95 686 235 723 optimam
246 706 254 719 ,
272 686 298 714 &
312 684 394 713 coriis
405 682 582 721 perficiendis
591 680 767 719 aptissimam.

79 723 194 754 corius.
216 732 253 752 m.
278 731 340 759 gen.
363 721 438 759 apud
450 721 533 750 Plaut.
549 720 625 749 Poen.
640 728 664 748 ι.
682 728 704 748 i.
722 728 765 748 11.

173 760 243 790 Tres
258 759 338 789 facile
350 759 441 788 corios
450 758 601 788 contrivisti
609 756 740 787 bubulos.
822 755 902 786 Idem
913 755 978 787 alibi
990 778 998 792 ,
1018 756 1079 792 ,Iam
1096 755 1147 785 tibi
1159 756 1216 786 tuis

100 799 204 828 meritis
214 797 313 827 crassus
324 799 417 827 corius
429 797 555 826 redditus
566 796 612 825 est.
636 795 702 823 teste
714 793 793 824 Festo
803 815 811 828 ,
833 803 859 830 q.
874 794 904 823 V.

81 836 365 867 Coriainstructuris.
407 834 544 868 Budaeus,
566 833 649 863 Coria
670 831 732 861 sunt
752 831 782 860 in
800 832 986 861 architectura
1001 831 1098 869 singuli
1113 832 1215 861 duetus

101 875 242 904 structurae
252 896 260 910 ,
282 874 329 910 qui
343 882 400 902 uno
415 879 512 902 tenore
523 872 665 901 ducuntur
677 876 725 899 aut
740 869 770 898 in
789 868 968 898 altitudinem
984 891 992 904 ‚
1017 876 1064 899 aut
1082 872 1111 900 in
1128 869 1217 899 crassi-

101 913 241 942 tudinem.
282 911 386 940 Vitruv.
396 920 422 947 7.
437 919 461 946 3.
483 910 578 946 ltaque
599 915 653 938 tres
671 907 833 937 suscitantur
850 908 880 936 in
895 917 928 937 ea
946 908 1078 937 structura
1101 908 1216 943 crustae,

101 951 165 980 tiu-„a
178 950 330 985 frontium,
351 950 441 978 &una
455 948 548 977 media
560 947 697 976 farcturae.
735 945 823 974 Giaeci
843 954 901 974 non
913 946 969 975 ita:
992 945 1037 974 sed
1058 945 1141 983 plana
1160 945 1218 975 col-

102 988 229 1018 locantes
241 988 324 1017 coriis
340 987 455 1016 alternis
464 987 492 1014 in
502 984 710 1015 crassitudinem
721 983 898 1018 instruentes,
910 993 969 1012 non
982 983 1075 1012 media
1087 984 1217 1019 farciunt,

102 1025 151 1055 sed
167 1035 181 1054 e
196 1025 250 1055 suis
265 1025 392 1054 frontatis
402 1029 585 1062 perpetuam,
602 1024 629 1053 8(
640 1023 671 1051 in
687 1030 771 1050 unani
784 1020 991 1051 crassitudinem
1002 1022 1140 1058 parietum
1152 1031 1218 1051 con.

103 1063 308 1092 solidant.Cato
319 1072 380 1099 cap.
388 1061 702 1096 18.extr.Fundamenta
711 1059 832 1096 primum
850 1059 984 1095 fistucam,
997 1060 1090 1097 postea
1101 1069 1220 1088 caemen-

106 1102 139 1131 tis
147 1101 264 1130 minutis
276 1123 284 1136 ,
308 1102 333 1130 8(
344 1099 422 1129 calce
434 1106 549 1129 arenato
559 1097 731 1136 semipedem
742 1097 964 1134 unumquodque
972 1098 1080 1127 corium
1093 1097 1199 1127 struito.

45 1140 73 1172 C
83 1150 100 1169 o
111 1150 127 1168 R
136 1150 145 1168 i
158 1150 177 1167 A
186 1149 201 1167 R
211 1150 220 1168 i
231 1149 247 1167 u
259 1148 282 1173 s,
294 1148 319 1171 a,
329 1147 387 1167 um.
411 1138 471 1174 Adj.
493 1137 581 1174 Quod
588 1136 622 1166 ad
635 1136 711 1165 coria
722 1135 853 1172 pertinet,
866 1142 898 1164 ut
908 1135 1049 1164 Coriarius
1062 1135 1166 1170 frutex,
1182 1135 1221 1165 est

86 1178 164 1207 rliuis
175 1176 276 1206 herbae.
298 1175 368 1205 Plin.
380 1175 428 1205 lib.
441 1185 486 1211 ²4·
497 1184 559 1212 cap.
571 1184 582 1203 1
590 1184 613 1203 1.
635 1174 708 1203 Nam
722 1174 748 1202 &
759 1172 846 1202 herba
857 1173 896 1202 est
903 1172 1026 1203 silvestris
1035 1194 1042 1207 ,
1066 1172 1139 1202 foliis
1149 1183 1222 1211 myr-

85 1216 125 1249 ti,
146 1214 289 1244 cauliculis
301 1214 448 1248 brevibus,
468 1222 529 1250 quae
542 1221 650 1241 venena
669 1212 695 1240 8(
715 1211 804 1240 tineas
820 1210 918 1248 pellit:
941 1212 969 1241 8(
985 1211 1077 1240 frutex
1089 1212 1222 1241 coriarius

85 1252 244 1291 appellatur
255 1274 263 1287 ,
284 1251 434 1281 subrutilus
448 1273 457 1286 ,
478 1249 625 1285 cubitalis,
647 1247 827 1279 crassitudine
841 1247 967 1287 digitali:
989 1249 1070 1285 cujus
1081 1249 1165 1279 aridis
1182 1250 1223 1279 fo-

88 1291 133 1321 liis
147 1313 156 1326 ,
177 1299 208 1321 ut
217 1290 363 1320 malicorio
373 1290 447 1319 coria
459 1288 650 1326 perficiuntur.

48 1329 73 1359 C
83 1340 142 1396 orlzi
152 1340 171 1358 A
182 1339 219 1397 Rs}
228 1339 249 1395 Al
259 1350 268 1363 ,
290 1338 320 1358 τε.
340 1327 359 1357 f.
382 1325 504 1357 Officina
516 1326 636 1356 coriarii.
658 1324 767 1355 Petron.
782 1333 845 1363 cap.
860 1333 887 1354 2.
910 1324 942 1355 ln
956 1324 1074 1355 coriaria
1087 1324 1222 1355 habitare.

93 1369 111 1397 A
125 1391 131 1397 .
153 1368 182 1396 in
221 1377 238 1396 u
252 1367 307 1396 ina.

50 1405 125 1435 Coi<
135 1417 144 1434 i
154 1415 200 1435 AR
210 1416 219 1434 i
229 1414 269 1434 us
279 1426 287 1439 ,
308 1404 328 1434 i.
349 1412 387 1432 m.
409 1397 611 1438 [βυςπδὲψης]
631 1401 690 1438 Qui
701 1400 776 1431 coria
785 1400 947 1430 concinnat.
970 1399 1039 1430 Plin.
1048 1399 1095 1430 lib.
1108 1409 1149 1435 17.
1159 1409 1222 1439 cap.

92 1454 118 1479 9.
141 1444 174 1473 In
185 1443 365 1473 coriariorum
378 1439 498 1470 officinis
506 1439 564 1478 pilo
574 1440 741 1469 madefacto.
763 1439 811 1468 Sic
822 1438 841 1468 F
843 1439 932 1468 irmic.
945 1438 994 1468 lib.
1007 1449 1032 1473 4.
1044 1447 1105 1477 cap.
1119 1448 1145 1475 7.

51 1481 75 1512 C
85 1491 127 1510 oa
138 1486 200 1510 istc
211 1491 228 1510 o
239 1503 247 1515 ,
267 1480 332 1509 inis.
354 1478 374 1508 f.
397 1475 588 1514 ἱμωιρρισμές]
610 1477 700 1507 Boum
710 1477 834 1506 morbus.
875 1475 1014 1506 Columel.
1029 1479 1056 1505 6.
1074 1485 1116 1512 13.
1139 1476 1182 1505 Est
1196 1477 1223 1506 8(

89 1520 187 1549 infesta
207 1518 288 1557 pestis
299 1516 406 1546 bubulo
418 1516 531 1553 pecori:
554 1516 726 1554 coriaginem
743 1515 834 1544 rustici
849 1514 1011 1553 appellant:
1034 1524 1120 1552 quum
1163 1514 1226 1544 ellis

89 1557 236 1594 itatergori
247 1556 386 1589 adhaeret,
407 1561 438 1583 ut
448 1553 619 1592 apprehensa
631 1553 761 1584 manibus
771 1552 874 1582 deduci
889 1562 904 1582 a
915 1553 996 1582 costis
1011 1562 1068 1581 non
1082 1562 1119 1590 po
1144 1559 1172 1582 it.
1192 1561 1226 1581 ea

88 1605 132 1625 res
143 1605 201 1624 non
209 1594 289 1624 aliter
299 1593 414 1627 accidit,
436 1602 519 1630 quam
529 1592 546 1621 fi
559 1591 610 1621 bos
623 1598 672 1621 aut
681 1601 716 1621 ex
728 1589 863 1627 languore
879 1590 973 1628 aliquo
983 1591 1018 1619 ad
1030 1591 1150 1620 maciem
1163 1600 1227 1634 per-

90 1634 193 1663 du6tus
207 1633 262 1662 est:
284 1638 332 1661 aut
340 1631 440 1661 sudans
453 1630 482 1659 in
492 1640 579 1669 opere
593 1629 724 1661 faciendo
734 1629 858 1659 refrixit:
884 1634 933 1659 aut
943 1628 961 1657 si
971 1628 1021 1658 sub
1032 1638 1117 1659 onere
1126 1628 1226 1667 pluvia

90 1671 266 1701 madefactus
281 1670 329 1699 est.

51 1709 249 1740 Cosmum
260 1711 368 1743 osus,
389 1716 423 1742 a,
445 1715 502 1736 um.
524 1706 586 1742 Adj.
608 1705 703 1743 Veget.
714 1705 836 1735 Mulom.
854 1714 879 1735 1.
897 1709 942 1740 38.

53 1748 282 1782 CORUSTUM,
304 1746 388 1782 Cruq.
409 1746 440 1774 in
454 1744 520 1774 Hor.
531 1744 588 1774 Sat.
602 1744 701 1780 3.libri
718 1753 741 1772 1.
759 1754 786 1781 p.
801 1752 864 1780 ³4¹·
887 1743 927 1772 Ab
944 1743 1004 1779 ejus
1021 1747 1116 1772 autem
1134 1742 1227 1779 corii,

92 1787 147 1816 {ive
160 1785 268 1816 Corusti
281 1784 392 1814 duritie.
432 1782 467 1812 Et
477 1781 563 1820 paulo
576 1782 637 1820 post
648 1803 656 1817 ‚
678 1781 883 1817 Hujuscemodi
892 1781 1008 1811 corustis
1022 1803 1030 1816 ,
1052 1783 1063 1816 (
1075 1788 1105 1810 ut
1114 1787 1175 1810 utar
1186 1782 1228 1810 in-

91 1825 194 1862 tegro)
217 1825 268 1853 &c
293 1822 353 1851 Hos
364 1821 442 1850 locos
453 1821 586 1858 praecedit
595 1820 645 1849 iste
657 1829 663 1849 :
687 1821 764 1849 Adeo
778 1826 808 1849 ut
818 1819 947 1849 Crustum
962 1829 1012 1857 per
1023 1819 1108 1848 crasin
1120 1819 1228 1849 dictum

91 1863 124 1892 sit
133 1884 142 1897 ,
163 1861 236 1899 quasi
253 1860 398 1890 Corustum
409 1881 417 1895 ,
439 1859 572 1888 nimirum
589 1858 624 1888 ab
647 1857 712 1888 Usto
730 1858 818 1888 corio.
841 1857 877 1887 H.
890 1857 930 1887 St.
971 1857 1038 1887 Non
1062 1866 1141 1895 aeque
1156 1857 1228 1886 mihi

94 1901 234 1938 Cruquius
246 1898 400 1937 persuadet.

55 1939 79 1970 C
87 1950 103 1968 o
113 1949 158 1967 an
169 1948 188 1967 A
196 1949 212 1966 L
221 1947 238 1966 o
249 1947 261 1967 s
272 1959 280 1972 ,
302 1936 417 1966 Fluvios
428 1934 560 1970 Troadis,
580 1934 610 1964 in
621 1939 763 1964 conventu
776 1932 976 1971 Adramytteno
985 1954 993 1968 ,
1015 1932 1082 1962 teste
1097 1932 1167 1962 Plin.
1177 1931 1228 1963 lib.

97 1987 121 2012 ς,
133 1986 165 2006 ca
188 1999 194 2005 .
222 1986 250 2004 0.

54 2014 78 2046 C
89 2025 106 2044 0
115 2025 130 2043 R
140 1986 186 2044 uli
197 1985 217 2050 ,³
227 2012 314 2043 Collis
325 2013 363 2042 est
374 2010 547 2042 suburbanus
562 2011 620 2047 agri
629 2009 791 2043 Tusculani,
813 2009 841 2038 in
854 2019 910 2046 quo
921 2009 1002 2038 lucus
1014 2008 1108 2038 vifitur
1117 2008 1230 2045 antiqua

94 2053 232 2090 religione
244 2051 341 2081 Dianae
352 2050 472 2080 sacratus
483 2059 499 2078 a
512 2048 609 2085 Latio,
629 2048 705 2078 velut
723 2054 781 2077 arte
799 2047 890 2077 tonsili
911 2056 993 2077 coma
1011 2047 1082 2085 fagei
1095 2047 1229 2077 nemoris.

99 2092 202 2120 Auc‘tor
212 2090 281 2120 Plin.
298 2088 346 2118 lib.
359 2091 402 2117 16.
413 2097 476 2125 cap.
487 2086 539 2116 ult.

55 2131 81 2159 C
90 2139 106 2159 o
116 2139 132 2158 ir
141 2138 161 2158 N
170 2139 185 2158 a
193 2138 213 2157 A
223 2138 243 2157 τ
251 2138 265 2157 iz
275 2137 287 2157 s
298 2149 307 2162 ,
328 2127 476 2156 Pannoniae
487 2123 604 2163 populi,
626 2123 661 2153 de
673 2123 772 2161 quibus
786 2123 854 2153 Plin.
871 2122 920 2152 lib.
935 2131 960 2158 ι.
975 2132 1036 2161 cap.
1049 2132 1095 2158 25.

58 2169 83 2198 C
93 2177 110 2197 o
120 2176 166 2195 RN
177 2176 234 2195 sci
245 2176 266 2194 A
287 2165 362 2195 Gens
373 2186 381 2199 ,
405 2164 501 2193 Romae
518 2162 647 2192 omnium
667 2163 793 2199 gentium
820 2160 985 2199 amplissima
1006 2160 1232 2197 nobilissimaque

96 2205 132 2236 ab
149 2205 269 2241 antiquis
284 2203 323 2233 est
342 2202 437 2232 habita
446 2224 453 2237 ‚
476 2202 511 2230 de
536 2200 615 2236 cuius
636 2200 743 2237 origine
759 2198 831 2228 nihil
854 2200 911 2235 jam
932 2199 1064 2229 occurrit.
1104 2199 1233 2229 Familias

96 2243 253 2282 praecipuas
262 2247 380 2279 quatuor
389 2240 516 2278 reperio:
540 2247 656 2276 quarum
668 2248 724 2268 una
736 2237 969 2275 Maluginensium
991 2237 1047 2272 est,
1068 2236 1155 2267 altera
1174 2237 1232 2267 Sci.

96 2282 218 2319 pionum
230 2302 238 2316 ‚
261 2278 429 2309 Rufinorum
446 2278 527 2307 tertia
538 2299 546 2311 ,
567 2276 706 2315 postrema
721 2276 911 2305 Lentulorum.
952 2274 1112 2304 Dolabellas
1134 2276 1210 2305 enim
1223 2297 1232 2311 ,

96 2319 221 2353 Cinnas,
244 2317 377 2353 merulas,
398 2319 424 2346 8(
437 2316 455 2345 si
470 2316 518 2353 qui
532 2315 595 2344 sunt
607 2313 670 2349 alii,
696 2314 822 2352 plebeios
834 2314 927 2351 potius
939 2323 1022 2350 quam
1032 2313 1165 2351 patricios
1175 2323 1234 2343 cre-

97 2357 232 2387 diderim.
274 2355 340 2392 Qua
355 2354 487 2391 equidem
504 2354 534 2382 in
547 2363 576 2382 re
588 2359 714 2382 veterum
736 2354 881 2382 auctorum
898 2351 1042 2388 diligentia
1064 2352 1234 2388 requirenda

98 2396 138 2425 est
152 2417 160 2430 ,
181 2395 306 2431 quicum
323 2395 352 2422 in
364 2393 424 2422 aliis
442 2414 450 2427 ,
470 2398 530 2421 turn
544 2392 574 2420 in
584 2390 722 2420 Corneliis
733 2390 814 2419 nobis
829 2389 1021 2419 describendis
1041 2389 1122 2418 valde
1138 2390 1236 2419 viden.

98 2440 144 2464 tur
157 2442 246 2462 errare
256 2454 264 2467 ,
286 2431 363 2468 quod
376 2431 464 2460 cuivis
475 2430 608 2460 attentius
619 2428 735 2467 paulum
746 2428 932 2458 consideranti
949 2427 1031 2457 facile
1049 2426 1097 2456 fiet
1109 2428 1231 2458 obviam.

98 2472 232 2501 Ceterum
246 2469 341 2499 scribit
357 2468 482 2498 Valerius
495 2468 638 2498 Maximus
653 2466 702 2496 lib.
714 2472 741 2501 8.
756 2476 817 2504 cap.
839 2469 878 2496 1⁶.
901 2466 1052 2502 imaginem
1069 2466 1189 2496 Africani
1205 2467 1235 2495 iri

97 2509 172 2540 cella
182 2509 261 2545 Jovis
276 2508 345 2545 Opt.
358 2507 435 2537 Max.
457 2506 573 2544 politam
584 2504 700 2535 honoris
711 2511 794 2542 atque
817 2504 960 2541 dignitatis
974 2503 1054 2533 causa
1065 2526 1073 2539 ‚
1095 2514 1156 2541 quae
1166 2514 1237 2541 quo-

81 2550 83 2555 ⁴
98 2548 261 2584 tiescunque
272 2554 375 2575 munus
385 2545 502 2582 aliquod
511 2543 648 2574 Corneliae
658 2544 751 2581 gentis
763 2542 964 2572 celebrandum
973 2541 1040 2571 effet
1049 2563 1057 2577 ,
1079 2542 1146 2571 inde
1156 2549 1236 2580 pete-

99 2592 185 2616 retur.
228 2583 375 2621 Proprium
387 2593 453 2621 ergo
462 2582 518 2612 hoc
528 2583 554 2612 &
563 2582 705 2619 peculiare
716 2581 908 2610 Africanorum
919 2586 978 2609 erat
987 2602 996 2614 ,
1018 2586 1049 2609 ut
1061 2579 1132 2610 illud
1143 2581 1236 2618 Popii.

99 2624 227 2654 colatum
238 2624 264 2652 8(
277 2621 482 2657 Tubertorum,
503 2629 575 2658 quos
589 2620 620 2649 in
631 2619 698 2649 urbe
708 2619 822 2658 sepeliri
839 2617 1011 2649 consuevisse
1024 2618 1124 2649 Cicero
1134 2620 1162 2649 &
1174 2619 1236 2649 Plu.

102 2662 217 2692 tarchus
230 2660 395 2689 ostendunt.
1158 2666 1159 2672 ¹

64 2699 89 2729 C
98 2710 116 2729 o
125 2711 141 2729 a
150 2709 171 2728 N
182 2709 196 2728 s
205 2710 221 2727 L
232 2709 241 2727 i
252 2709 261 2727 i
281 2698 362 2727 multi
374 2696 491 2726 illustres
503 2696 627 2726 fuerunt.

101 2737 248 2768 Cornelius
259 2736 345 2766 Asina.
370 2734 498 2765 Macrob.
513 2744 536 2764 1.
549 2734 658 2764 Saturn-
670 2735 697 2763 6.

100 2775 250 2806 Cornelius
260 2773 373 2809 Cossus,
394 2773 521 2803 tribunus
530 2772 662 2802 militum.
686 2771 743 2801 Liv.
757 2781 784 2806 4.
800 2780 843 2804 ro.

101 2813 252 2845 Cornelius
265 2812 364 2849 Nepos
376 2833 384 2847 ‚
405 2811 550 2841 Ciceronis
559 2817 707 2847 tempore,
727 2810 770 2838 vir
787 2808 904 2838 disertus
916 2828 924 2843 ‚
946 2807 1017 2838 vitas
1035 2807 1179 2838 illustrium
1196 2809 1237 2839 vi-

120 2861 218 2882 rorum
227 2850 331 2888 scripsit
342 2872 350 2884 ‚
370 2859 487 2887 quarum
499 2855 608 2879 tantum
621 2848 793 2886 Pomponius
808 2847 916 2876 Atticus
930 2854 1014 2876 extat.
1036 2846 1140 2884 scripsit
1151 2848 1236 2877 etiam

118 2889 323 2920 excellentium
340 2888 545 2926 Imperatorum
563 2887 633 2917 vitas
646 2908 655 2922 ‚
677 2895 737 2924 quae
755 2885 841 2915 hodie
860 2884 975 2915 exstant.
1015 2884 1090 2914 Huic
1112 2885 1238 2916 Catullus

124 2937 195 2966 opus
203 2926 284 2956 suum
295 2926 416 2955 dedicat.

103 2965 219 2997 Coi-nel.
240 2964 390 3002 Epicadius
401 2985 409 2999 ‚
431 2962 460 2992 L.
477 2962 601 2992 Cornelii
612 2961 696 2992 Sullae
712 2960 862 2991 metatoris
879 2959 1012 2995 libertus,
1031 2959 1134 2990 librum
1152 2971 1238 2999 quem

123 3004 202 3070 Sullal
217 3003 253 3071 (ἐξ
263 3002 318 3032 suis
327 3001 409 3031 rebus
419 3001 707 3039 gestisimperfedtum
722 2998 848 3034 reliquit,
869 2997 1017 3036 supplevit.
1057 2998 1238 3037 Tranquillus

122 3042 212 3072 dell.
248 3050 315 3069 ram.
330 3049 361 3070 ca
384 3049 448 3069 .12.

104 3079 219 3110 Cornel.
241 3050 439 3113 Gallus‚¹iinte
451 3085 550 3106 omnes
570 3075 683 3113 (inquit
698 3075 823 3110 Servius)
844 3074 951 3112 primus
960 3074 1070 3113 AEgypti
1082 3075 1238 3113 praefec‘tus,

121 3119 175 3148 fuit
186 3123 272 3155 poeta
282 3115 412 3146 eximius.
453 3115 526 3144 Nam
539 3115 564 3145 8(
578 3114 788 3152 Euphorionem
800 3112 936 3142 transtulit
947 3113 977 3142 in
996 3114 1127 3142 Latinum
1138 3112 1240 3143 serr'no.

122 3165 190 3186 nem
201 3177 210 3192 ‚
231 3156 258 3185 &
268 3164 395 3184 amorum
405 3153 517 3183 suorum
530 3153 566 3181 de
578 3152 728 3189 Cytheride
741 3150 844 3188 scripsit
855 3150 941 3180 libros
960 3158 1085 3188 quatuor.
1127 3152 1169 3181 De
1183 3162 1239 3189 quo

121 3193 212 3224 multa
220 3193 330 3223 Servius
343 3192 373 3220 in
381 3190 520 3221 Bucolicis
531 3190 657 3228 Virgilii:
680 3190 716 3219 de
726 3199 782 3227 quo
794 3192 819 3219 &
830 3188 902 3218 illud
914 3189 1055 3219 distichon
1065 3196 1163 3226 extat,
1184 3190 1242 3221 Na.

122 3232 198 3262 sonis
212 3242 232 3260 i.
248 3231 339 3260 Amor.
355 3239 396 3265 ῖς.
409 3238 454 3265 29.

198 3268 294 3300 Gallus
308 3269 334 3299 &
345 3267 503 3306 Hesperiis,
525 3267 551 3296 &
561 3264 656 3296 Gallus
669 3271 752 3295 notus
764 3265 829 3295 Eois
839 3287 847 3301 ,

238 3308 270 3337 Et
279 3306 325 3336 sua
333 3315 398 3336 cum
408 3304 491 3335 Gallo
504 3311 571 3333 nota
581 3303 694 3342 Lycoris
704 3304 764 3333 erit.

106 3346 256 3378 Cornelius
267 3345 384 3374 Severus
395 3345 468 3373 inter
488 3349 585 3380 poetas
602 3343 700 3379 epicos
711 3342 744 3372 ab
764 3340 886 3378 antiquis
900 3340 1061 3371 auctoribus
1077 3341 1179 3372 relatus
1191 3342 1238 3373 est.

124 3384 244 3422 Ingenio
262 3383 316 3412 suit
327 3391 446 3419 magno,
469 3382 495 3411 8(
511 3381 540 3410 in
555 3379 707 3410 scribendis
725 3379 845 3409 versibus
855 3378 939 3408 facili.
982 3379 1095 3409 Constat
1115 3381 1241 3411 eundem

125 3422 207 3453 fuisse
217 3421 352 3451 versatum
363 3421 391 3449 in
401 3418 653 3449 declamationibus
665 3441 674 3454 ,
696 3417 789 3454 quain
800 3427 829 3446 re
838 3417 982 3452 ingenium
993 3417 1072 3447 suum
1085 3426 1167 3455 atque
1180 3428 1242 3448 eru-

125 3461 267 3491 ditionem
277 3459 398 3488 maxime
409 3457 538 3495 probavit
552 3466 560 3486 z
582 3466 667 3493 quum
684 3456 713 3485 in
730 3455 832 3485 eodem
844 3454 939 3484 officio
953 3455 1041 3484 essent
1057 3455 1103 3484 alii
1115 3455 1243 3494 complu-

126 3508 171 3529 res
183 3521 189 3528 .
211 3505 242 3528 ut
253 3497 359 3527 Asinius
370 3496 460 3525 Pollio
471 3517 479 3531 ,
501 3494 651 3532 Pompeius
662 3493 719 3524 Silo
731 3516 739 3527 ,
762 3494 873 3523 Porcius
885 3492 965 3522 Latro
979 3515 986 3528 ‚
1007 3495 1034 3523 &
1047 3494 1171 3524 Aufidius
1183 3495 1244 3525 Bas-

127 3537 182 3566 sus.
223 3536 244 3565 A
256 3535 340 3565 Fabio
352 3533 532 3571 Quintiliano
542 3533 580 3562 ita
588 3532 803 3562 commendatur
815 3553 822 3566 ,
843 3537 875 3560 ut
886 3530 1051 3560 versificator
1065 3542 1148 3569 quam
1156 3540 1243 3570 poeta

127 3573 228 3604 melior
237 3573 347 3602 habitus
357 3572 397 3602 sit.
438 3571 634 3609 Scripsitintet
642 3570 695 3600 alia
705 3569 794 3599 multa
808 3578 880 3607 opus
894 3568 930 3598 de
946 3569 1021 3599 bello
1031 3569 1144 3605 Siculo,
1166 3572 1243 3608 quod

129 3613 164 3641 ab
175 3621 210 3641 eo
219 3611 376 3641 absolutum
388 3620 447 3639 non
459 3609 496 3639 est
505 3618 555 3647 pro
578 3616 620 3638 ter
631 3608 807 3638 immaturam
819 3613 948 3636 mortem.
990 3607 1077 3644 Quod
1087 3617 1158 3646 opus
1168 3610 1186 3638 si
1198 3609 1244 3639 ab.

128 3649 234 3680 solvere
252 3648 385 3687 potuisset
399 3670 407 3683 ,
429 3648 530 3677 merito
549 3619 599 3676 {sbi
618 3646 772 3677 secundum
793 3645 889 3675 locum
906 3644 1093 3681 vendicaffet,
1115 3652 1147 3675 ut
1166 3647 1245 3677 idem

128 3686 252 3725 Quintil.
268 3688 363 3718 auctor
375 3686 413 3716 est
424 3686 472 3715 lib.
486 3696 527 3715 io.
539 3694 600 3722 cap.
616 3695 639 3714 i.
660 3685 743 3714 Extat
753 3684 813 3719 ejus
825 3682 1026 3719 carmenillud,
1039 3693 1094 3721 quo
1105 3684 1247 3723 eleganter

128 3726 250 3757 deflevit
266 3724 354 3754 Marci
365 3724 509 3754 Ciceronis
522 3723 669 3753 interitum
679 3745 687 3758 ,
711 3723 788 3759 quod
801 3721 887 3751 etiam
898 3721 934 3751 ab
949 3722 1054 3752 Annaeo
1065 3723 1172 3753 Seneca
1188 3732 1247 3754 ma-

130 3773 256 3804 gnopere
270 3764 500 3792 commendatum
513 3761 552 3790 est
561 3783 569 3795 ,
719 3778 725 3779 ν

206 3801 319 3838 Oraque
329 3801 541 3839 magnanimum
550 3797 680 3837 spirantia
691 3807 772 3835 paene
785 3797 909 3827 virorum

206 3839 239 3871 ln
252 3838 352 3868 Rostris
362 3839 470 3874 jacuere
478 3837 547 3873 suis,
569 3836 616 3866 sed
625 3837 702 3866 enim
719 3835 939 3865 abstulitomnes
950 3855 959 3870 ,

206 3878 355 3915 Tanquam
366 3876 423 3906 sola
436 3877 509 3906 foret
518 3898 525 3909 ,
547 3875 619 3912 rapti
631 3874 776 3903 Ciceronis
788 3874 896 3911 imago,
908 3874 962 3903 διε.

78 3923 100 3955 c
109 3925 204 3986 oaNVu
213 3927 229 3944 L
238 3926 248 3944 i
257 3925 278 3945 A
289 3924 353 3983 ,1ae.
374 3915 394 3946 f.
414 3916 498 3946 Soror
507 3912 649 3949 Africani,
671 3919 757 3942 mater
767 3912 956 3943 Gracchorum
967 3932 977 3947 ,
997 3908 1125 3949 epistolas
1137 3911 1249 3950 reliquit

207 3964 258 3985 oi..
312 3974 320 3983 .

1635 67 1929 105 COR
2368 88 2439 131 ⁶97

1299 147 1500 193 elegantissime
1517 148 1639 187 scriptas.
1680 150 1738 180 Cic.
1753 151 1782 179 in
1802 151 1875 182 Brut.
1893 161 1958 182 πυ.
1990 153 2121 193 Legimus
2145 160 2274 197 epistolas
2299 163 2436 195 Corneliae

1301 197 1396 230 rint-ris
1408 188 1618 232 Gracchorum:
1640 196 1757 233 apparet
1775 189 1848 232 filios
1860 199 1987 220 nontam
2007 195 2034 222 in
2049 198 2154 231 gremio
2173 200 2309 230 educatos
2350 213 2436 240 quani

1302 235 1331 253 in
1347 227 1473 256 sermone
1486 234 1590 256 matris.
1632 227 1752 262 Quintil.
1776 235 1843 257 item
1862 230 2002 259 Corneliae
2021 232 2210 268 eloquentiam
2232 224 2435 276 comin'endiit,

1302 262 1352 291 lib.
1371 274 1393 307 i.
1408 274 1469 302 cap.
1485 275 1508 293 i.
1532 264 1706 308 Eloquentiae
1717 265 1909 297 Gracchorum
1920 275 2007 298 mater
2020 270 2152 301 Cornelia
2169 283 2221 310 pro
2245 275 2294 305 illo
2310 284 2365 306 tem
2391 289 2440 309 ore

1304 300 1457 338 plurimum
1471 303 1602 332 contulit.
2369 289 2387 316 p

1303 338 1441 382 CO‘.¹³C.¹i³³
1455 362 1464 374 ,
1487 341 1512 369 P.
1527 340 1604 384 ‚Sestfi
1618 341 1712 369 uxoris
1723 342 1853 371 meminit
1874 342 1932 373 Cic.
1945 354 1969 379 ς.
1983 344 2060 374 Fam.
2072 349 2098 375 6.
2120 346 2187 377 Non
2197 347 2259 378 satis
2271 353 2377 381 credidi
2389 355 2441 384 ho.

1325 386 1394 405 mini
1406 378 1536 423 prudenti
1549 385 1604 421 tam
1618 379 1699 408 valde
1710 379 1769 424 eise·
1779 387 1914 410 mutatam
1936 382 2109 425 voluntatem
2131 391 2208 414 tuam
2225 396 2231 415 :
2265 388 2311 417 sed
2335 392 2441 427 postea,

1325 424 1407 451 quam
1421 416 1445 445 8(
1459 416 1587 444 Cornelia
1599 423 1645 445 tua
1655 416 1816 447 Terentiam
1831 427 1982 455 convenit,
2004 423 2030 451 &
2046 432 2098 459 ego
2114 433 2181 453 cum
2202 424 2237 461 Q
2249 425 2380 456 Cornelio
2400 429 2440 458 lo-

1326 461 1428 488 quutus
1438 453 1508 487 suni,
1518 453 1634 497 adhibui
1645 455 1819 492 diligentiam
1831 457 2051 498 quotiescunque
2062 461 2181 491 Senatus
2190 462 2254 498 fuit,
2267 470 2298 493 ut
2307 466 2427 497 adessem

1270 488 1473 520 CORNRLiA
1493 491 1605 521 Tribus.
1646 493 1676 522 ln
1698 503 1844 524 TRIBUS.
2429 489 2439 498 ⁹

1270 527 1293 557 C
1302 538 1319 555 o
1330 537 1345 555 R
1357 538 1376 556 N
1386 538 1399 556 ii
1409 539 1425 557 o
1437 540 1453 558 L
1463 540 1487 558 Ε
1497 552 1505 564 ,
1528 529 1653 559 Gemma:
1677 531 1740 560 sunt
1749 554 1758 567 ,
1788 542 1847 569 quae
1874 533 1911 562 ita
1931 537 2089 574 nuncupari
2109 537 2241 568 videntur
2252 561 2261 575 ,
2282 540 2347 577 quia
2370 541 2443 572 inter

1308 566 1433 631 ‹cinychas
1449 577 1551 597 cornea
1567 577 1680 606 quoque
1699 569 1799 600 visatur
1824 571 1948 601 varietas.
1985 573 2016 603 V.
2049 574 2166 605 Caelium
2186 577 2309 615 Rhodig.
2333 578 2382 610 lib.
2398 590 2441 617 ¹7·

1328 613 1370 640 ap.
1387 614 1427 634 io.
2074 628 2077 630 ·

1271 640 1522 679 Coniunctus,
1544 643 1768 680 Conunsco,
1791 644 1974 677 CORNBTA
1987 670 1996 685 ,
2017 648 2204 682 eotenus.
2238 652 2271 683 V.
2292 662 2430 685 couno*

1311 680 1337 708 &
1357 689 1506 711 conisus
1525 681 1614 710 arbor.
2424 677 2441 695 '⁹

1272 716 1295 746 C
1306 726 1375 745 osu
1388 720 1424 746 ic
1436 729 1449 746 iz
1461 728 1481 748 N
1495 741 1503 755 ,
1524 719 1772 756 Voxappellativa.
1795 720 1826 750 V.
1848 731 1987 753 consu.

1272 754 1294 784 C
1303 765 1321 783 o
1333 764 1348 782 R
1358 756 1396 784 Νἵ
1407 766 1424 785 c
1434 766 1447 784 a.
1456 766 1477 785 N
1489 779 1498 793 ‚
1519 757 1584 786 inis.
1606 766 1644 786 m.
1666 758 1832 795 Cognomen
1844 760 2012 798 Oppiorum.
2035 762 2094 794 Liv.
2104 773 2129 801 3.
2142 773 2187 803 35.
2227 766 2311 797 Unde
2321 769 2351 799 8(

1274 792 1540 830 CoRNiciNus‚
1561 805 1596 830 a,
1617 804 1675 824 um.
1700 796 1758 831 Adj.
1783 797 1841 826 Cic.
1856 810 1883 832 4.
1897 800 1988 829 Arna.

1273 831 1492 869 Corumcon,
1518 833 1620 862 CoaN
1633 842 1761 863 ICULA.
1804 835 1835 865 V.
1858 845 2013 868 couNix.

1274 868 1616 906 CORNICULARIUS‚
1639 870 1911 903 Communia.
1935 875 1965 904 V.
1985 886 2117 907 coatus.

1274 905 1297 936 C
1307 916 1323 935 o
1334 915 1379 950 R'N
1390 917 1398 935 i
1408 918 1420 935 i-
1432 918 1441 935 i
1452 918 1469 937 c
1480 918 1538 952 ius
1549 930 1560 952 ,-
1578 909 1597 937 i.
1619 917 1657 938 m.
1680 908 1779 953 lisdem
1792 911 1969 949 temporibus
1986 915 2014 942 in
2029 916 2141 952 poetica
2161 917 2256 948 floruit
2267 941 2277 954 ,
2298 919 2400 955 quibus
2413 922 2444 953 in

1312 943 1456 987 scribenda
1466 946 1726 990 historiaSallustius
1736 969 1744 982 ,
1765 947 1901 979 Lucceius
1912 972 1920 985 ‚
1942 952 1968 980 8(
1980 952 2129 983 Cornelius
2143 955 2238 993 Nepos
2249 958 2278 986 in
2289 958 2362 988 Urbe
2376 970 2444 997 pra:-

1313 982 1450 1026 stiterunt.
1474 984 1658 1022 buitingenio
1671 985 1808 1022 eleganti,
1834 988 1860 1016 8(
1871 987 1968 1025 lepido
1981 1012 1988 1024 ‚
2010 997 2094 1028 atque
2106 992 2134 1020 iri
2145 992 2298 1025 scribendis
2309 998 2446 1034 epigram.

1313 1027 1395 1063 ruatis
1403 1021 1522 1066 versatus
1530 1022 1578 1052 est.
1618 1023 1748 1053 Sororem
1763 1024 1860 1054 habuit
1870 1025 2065 1065 Cornificiam,
2085 1036 2117 1059 ut
2129 1029 2221 1062 scribit
2233 1032 2365 1065 Eusebius
2398 1046 2447 1065 cu-

1313 1068 1364 1102 3us·
1370 1068 1482 1088 carmen
1492 1070 1523 1089 in
1536 1070 1639 1098 magno
1650 1062 1742 1099 pretio
1756 1061 1885 1092 habetur.
2369 1059 2376 1071 ’

1314 1096 1379 1126 Fuit
1396 1098 1421 1127 8(
1438 1097 1604 1141 Cornificius
1615 1098 1760 1129 Ciceronis
1769 1107 1901 1138 paternus
1915 1103 2022 1133 amicus
2033 1105 2059 1135 8(
2070 1104 2188 1145 collega,
2209 1108 2245 1136 ad
2257 1118 2339 1146 quem
2351 1111 2447 1142 multae

1331 1141 1430 1164 extant
1440 1135 1523 1173 ipsius
1537 1137 1659 1174 epistolae
1671 1137 1718 1166 lib.
1742 1148 1783 1168 ια.
1795 1139 1831 1168 ad
1849 1139 1925 1169 Fam.

1274 1171 1548 1209 CORNlGRNus‚
1572 1174 1795 1213 Commta,
1817 1177 2018 1208 Conuirrs.
2058 1179 2091 1209 In
2111 1191 2248 1212 conatu.

1276 1210 1300 1241 C
1308 1221 1325 1240 o
1336 1221 1351 1239 a
1361 1221 1381 1239 N
1391 1221 1422 1255 ιβ
1433 1221 1450 1240 c
1460 1222 1484 1241 rs
1495 1234 1503 1243 .
1524 1221 1612 1256 arum.
1634 1212 1652 1242 f.
1677 1213 1715 1251 pl.
1737 1213 1828 1258 Locus
1836 1222 1911 1245 trans
1921 1216 2048 1247 Tiberim
2058 1225 2136 1254 erat,
2157 1222 2316 1252 cornicibus
2327 1224 2435 1256 dicatus

1315 1250 1393 1286 quod
1404 1259 1432 1278 in
1441 1250 1562 1294 ,Iun-onis
1572 1250 1801 1296 tutela'cornices
1812 1253 1867 1283 effe
1877 1254 2056 1291 putabantur.
2080 1257 2183 1286 Auctor
2200 1258 2301 1290 Fert-ie.
2437 1247 2447 1262 ’

1277 1286 1326 1317 Co
1336 1297 1377 1316 RN
1388 1297 1440 1321 ix,
1464 1290 1525 1333 icis.
1547 1289 1566 1319 f.
1590 1290 1720 1331 [sogam]
1740 1292 1804 1321 Avis
1818 1292 1976 1328 injucunde
1990 1294 2139 1329 crocitanS,
2151 1306 2212 1333 quae
2224 1297 2337 1328 ali-trum
2353 1301 2448 1332 avium

1315 1325 1374 1394 gpx
1385 1325 1560 1393 ‹teisAesdicitun
1580 1327 1667 1363 Cuius
1683 1335 1810 1359 naturam
1827 1329 1940 1360 abunde
1957 1331 2089 1362 describit
2109 1333 2178 1363 Plin.
2193 1334 2239 1364 lib.
2255 1345 2297 1366 ro.
2319 1347 2380 1376 cap.
2403 1349 2448 1370 η.

1348 1372 1404 1393 au.
1449 1375 1485 1394 m.
1498 1375 1524 1394 2.
1541 1375 1564 1395 i.
1581 1375 1624 1401 13.

1397 1402 1476 1432 Picus
1495 1405 1521 1432 8(
1530 1405 1630 1432 cornix
1644 1403 1682 1433 est
1693 1403 1726 1433 ab
1736 1402 1819 1440 Iaeva,
1841 1414 1952 1442 corvus,
1973 1408 2074 1445 parrha
2082 1408 2118 1439 ab
2129 1409 2253 1441 dextera..

1317 1440 1426 1469 Annoia
1436 1442 1543 1470 cornix.
1566 1441 1633 1471 Hor.
1648 1451 1673 1478 3.
1687 1442 1778 1473 Carm.
1796 1453 1838 1481 17·
1854 1453 1899 1482 ις.

1316 1477 1442 1507 Garrula.
1464 1478 1549 1509 Ovid.
1560 1489 1585 1508 2.
1600 1480 1670 1509 Met.
1685 1490 1748 1517 547.

1317 1515 1457 1554 Improba.
1480 1517 1552 1554 Virg.
1571 1528 1593 1546 i.
1608 1517 1708 1555 Georg.
1724 1524 1788 1556 389.

1317 1553 1503 1592 Inauspicata.
1529 1555 1597 1584 Ptin.
1611 1565 1653 1586 ιο.
1671 1565 1715 1586 12.

1318 1592 1428 1622 Raucae.
1450 1593 1677 1631 Lucret.6.751.

1315 1630 1440 1675 Siniitra.
1482 1631 1553 1669 Virg.
1568 1642 1593 1668 9.
1612 1632 1668 1676 E.⁰¹·
1683 1642 1726 1676 15.
1747 1632 1945 1673 SicaVirgilio
1955 1635 2133 1674 appellatur,
2152 1638 2230 1676 quod
2249 1645 2346 1671 cantus
2361 1643 2454 1674 corni-

1337 1678 1376 1699 cis
1393 1670 1546 1705 injucunde
1559 1677 1741 1708 crocitantis,
1762 1672 1869 1702 malum
1891 1673 2047 1711 auspicium
2065 1675 2131 1705 effet
2150 1676 2258 1715 aliquid
2278 1680 2452 1718 incipienti,

1336 1706 1499 1775 ἓεέἃυυῐῖἰὲξῗ
1512 1709 1702 1775 pligrtenderet.
1742 1709 1806 1740 Erat
1816 1717 1911 1743 tamen
1923 1713 2074 1750 aliquando
2090 1721 2188 1745 cantus
2204 1716 2264 1752 ejus
2276 1718 2432 1756 auspicatus
2443 1741 2454 1756 ,

1489 1769 1494 1775 ·
1556 1768 1565 1782 τ

1412 1784 1535 1822 Tarpeio
1546 1784 1688 1821 quondam
1698 1795 1760 1822 quae
1771 1785 1842 1816 sedit
1855 1787 1983 1818 culmine
1999 1790 2097 1820 cornix
2105 1811 2114 1827 ‚

1451 1822 1495 1852 Est
1505 1822 1577 1852 bene
1589 1832 1646 1852 non
1657 1824 1751 1860 potuit
1769 1824 1883 1862 dicere,
1903 1826 1975 1856 dixit
1991 1827 2054 1858 erit.

1338 1869 1365 1889 c.
1379 1869 1424 1896 23.
1446 1860 1597 1890 Turnebus
1613 1871 1638 1896 9.
1652 1871 1698 1897 ²9-

1321 1898 1404 1934 vaga.
1428 1898 1495 1928 Hor.
1512 1907 1537 1935 3.
1554 1899 1758 1936 Carm.27.16.

1321 1936 1431 1966 Vetula.
1454 1937 1520 1967 Hor.
1533 1948 1559 1973 4.
1572 1937 1662 1967 Carm.
1677 1946 1721 1974 13·
1735 1947 1782 1974 252.

1320 1974 1476 2004 Cornicum
1487 1975 1585 2004 oculos
1595 1975 1752 2013 configere3
1775 1976 1956 2007 Proverbium
1965 1978 2012 2014 est,
2030 1979 2124 2018 inquit
2137 1979 2214 2010 Valla
2224 1981 2253 2011 in
2264 1981 2440 2015 Raudensem

1342 2013 1415 2050 quasi
1428 2012 1574 2057 Contigere
1586 2013 1684 2043 oculos
1697 2023 1793 2044 eorum
1804 2015 1851 2051 qui
1864 2015 1890 2044 se
1900 2015 2080 2054 sapientiores
2087 2019 2177 2048 videri
2186 2019 2294 2056 volunt,
2311 2025 2337 2052 8(
2347 2007 2453 2053 duces}

1341 2060 1521 2095 nam-cprnnr
1535 2052 1594 2081 dux
1609 2052 1702 2096 avium
1717 2051 1772 2082 effe
1792 2052 1905 2083 dicitur.
1944 2054 2004 2085 Cic.
2015 2065 2068 2094 pro
2079 2057 2167 2087 Flacc.
2181 2061 2225 2092 4⁶-
2257 2059 2311 2089 Hic
2337 2061 2460 2091 Hercule

1338 2098 1449 2134 >cprnici
1461 2089 1587 2125 oculum,
1604 2096 1639 2134 ,ut
1648 2090 1764 2120 dicitur:
1785 2101 1851 2120 narn
1862 2091 1937 2121 hunc
1945 2093 2133 2132 Hermippum
2145 2095 2290 2126 hominem
2300 2099 2442 2128 eruditum

1343 2136 1436 2171 civem
1449 2127 1528 2157 suum
1537 2150 1544 2162 ,
1565 2137 1611 2157 cm
1627 2128 1749 2158 debebat
1758 2129 1814 2158 effe
1825 2129 1982 2160 notissimus
1991 2154 1998 2167 ,
2019 2133 2159 2170 percussit.
2181 2134 2241 2169 ejus
2253 2136 2330 2165 enim
2341 2136 2397 2166 side
2409 2121 2460 2175 pe:

1342 2174 1456 2195 cuniam
1465 2165 1523 2195 sum
1547 2165 1601 2210 sita
1613 2165 1706 2210 Fusiis.
1746 2166 1827 2196 Idem
1839 2177 1890 2205 pro
1901 2168 2012 2199 Muren.
2026 2179 2073 2205 25.
2093 2171 2228 2201 Inventus
2240 2173 2278 2202 est
2295 2173 2381 2204 scriba
2399 2176 2461 2211 qui-

1344 2204 1409 2248 dam
1432 2204 1483 2233 Cn.
1497 2203 1517 2233 F
1530 2213 1625 2239 avius,
1648 2214 1694 2241 qui
1716 2206 1863 2234 cornicum
1879 2206 1977 2236 oculos
2001 2208 2169 2244 confixerit,
2190 2210 2341 2248 &singulis
2360 2214 2459 2243 diebus

1344 2241 1510 2286 ediscendus
1521 2242 1603 2286 fastos
1612 2241 1719 2286 populo
1731 2242 1922 2281 proposuerit,
1943 2246 1970 2274 &
1979 2246 2013 2275 ab
2023 2246 2087 2284 ipiis
2102 2247 2190 2277 cautis
2203 2247 2404 2283 Jureconsultis
2413 2261 2463 2281 eo-

1343 2290 1406 2310 rum
1424 2279 1588 2318 sapientiam
1601 2280 1770 2325 compilarit..
1811 2281 1901 2318 Quod
1921 2284 2103 2320 proverbium
2124 2286 2238 2322 (inquit
2257 2287 2402 2321 Erasmus)
2422 2300 2460 2319 an

1341 2325 1441 2348 natum
1455 2318 1487 2347 sit
1498 2328 1533 2347 ex
1544 2318 1666 2362 apologo
1681 2328 1814 2356 quopiam
1826 2341 1834 2355 ‚
1856 2329 1892 2349 an
1904 2329 1941 2350 ex
1958 2330 2077 2357 eventu,
2098 2333 2136 2353 an
2155 2333 2191 2352 ex
2209 2326 2373 2363 metaphora
2389 2327 2463 2357 sum-

1343 2363 1444 2400 ptumq,
1466 2366 1524 2385 non
1536 2356 1598 2386 satis
1610 2356 1706 2394 liquet.
1748 2356 1944 2394 Undecunque
1955 2359 2085 2396 fluxerit,
2107 2362 2225 2399 perinde
2237 2363 2327 2393 valere
2338 2365 2462 2401 videtur,

1347 2395 1501 2438 Cornicum
1512 2394 1778 2438 peulosconfigerc,
1799 2395 1872 2432 quasi
1886 2396 1961 2426 dicas
1973 2419 1980 2432 ,
2002 2398 2086 2428 Novo
2105 2399 2229 2434 quodam
2251 2402 2367 2431 invento
2385 2411 2463 2433 vete.

1347 2443 1409 2477 rum
1418 2432 1607 2476 eruditionem
1617 2432 1764 2462 obscurare
1774 2454 1782 2469 ,
1802 2433 1986 2471 efficereque‚
2007 2443 2039 2466 ut
2056 2436 2212 2475 superiores
2224 2439 2397 2477 nihilsciffe,
2419 2442 2462 2471 ni-

1345 2471 1388 2500 hil
1398 2471 1495 2500 vidisse
1503 2471 1658 2500 videantur.
1698 2470 1817 2500 Effertur
1825 2478 1919 2502 autem
1939 2483 1989 2509 per
2004 2474 2133 2505 ironiam.
2175 2476 2293 2507 Budaeus
2310 2486 2404 2509 autem
2426 2480 2464 2510 iic

1347 2510 1563 2546 interpretatur,
1585 2509 1738 2552 Cuornicum
1759 2509 1858 2539 oculos
1872 2511 2014 2548 configere
2025 2535 2034 2548 ,
2055 2523 2105 2551 pro
2117 2523 2152 2544 eo
2165 2516 2241 2552 quod
2257 2516 2296 2545 est
2307 2538 2315 2551 ‚
2337 2517 2464 2548 Callidos

1348 2550 1375 2578 &
1389 2547 1514 2592 versutos
1533 2547 1662 2576 homines
1680 2546 1798 2576 versutia
1821 2549 1848 2577 8(
1869 2548 2024 2580 calliditate
2039 2551 2218 2589 supplantare
2232 2555 2257 2583 8(
2277 2554 2408 2585 eluctari:
2432 2562 2465 2586 ut

1349 2595 1426 2615 enim
1439 2585 1533 2615 clavus
1544 2584 1623 2614 clavo
1631 2585 1754 2614 truditur
1764 2607 1773 2620 ,
1794 2585 1831 2615 sic
1842 2586 1954 2616 vafritia
1963 2589 2038 2618 vafer
2046 2612 2054 2624 ,
2077 2591 2104 2619 &
2115 2600 2158 2620 ars
2173 2590 2295 2621 eluditur
2303 2599 2370 2623 arte.
2391 2594 2465 2624 Sunt

1349 2624 1440 2661 quide
1450 2623 1544 2667 haere
1556 2623 1592 2652 sic
1602 2623 1716 2653 tradant
1727 2646 1736 2658 ,
1758 2623 1912 2668 Cornicum
1923 2625 2022 2657 oculos
2032 2627 2172 2666 configere
2184 2629 2317 2660 dicuntur
2334 2631 2382 2668 hi,
2405 2632 2464 2669 Qui

1347 2671 1476 2691 arcanam
1487 2661 1608 2691 aliorum
1619 2668 1716 2696 artem,
1726 2661 1762 2691 ob
1775 2662 1862 2699 idque
1871 2664 1968 2701 magis,
1987 2673 2034 2695 aut
2048 2667 2236 2703 quaestuosam,
2250 2676 2298 2698 aut
2316 2669 2465 2699 admirabi-

1349 2700 1417 2744 lem,
1429 2699 1595 2743 pervulgant
1606 2709 1620 2743 :¹
1636 2709 1689 2743 qua
1698 2699 1861 2744 pervulgata
1874 2701 1981 2731 tollitur
1991 2710 2038 2734 aut
2045 2705 2173 2742 quaestus,
2186 2713 2235 2735 aut
2243 2707 2401 2738 admiratio.
2413 2708 2464 2738 Vel

1347 2738 1483 2782 dicuntur
1492 2738 1540 2773 hi,
1564 2737 1621 2781 Qui
1631 2737 1736 2775 alioqui
1747 2745 1844 2768 cautos
1855 2740 1880 2769 8(
1891 2741 2045 2778 prudentes
2055 2764 2062 2778 ,
2084 2743 2139 2772 tale
2159 2743 2228 2772 nihil
2242 2743 2409 2782 suspicantes
2418 2747 2471 2775 de-

1351 2782 1468 2814 cipiant.
1510 2775 1648 2819 ild-agium
1657 2777 1775 2806 trad'tum
1786 2782 1886 2814 putarit
1894 2787 1930 2808 ex
1939 2785 2036 2809 natura
2045 2781 2174 2811 animalis
2185 2792 2192 2811 :
2215 2780 2322 2812 Cornix
2339 2785 2415 2813 enim
2427 2785 2465 2814 ad

1351 2815 1468 2857 cadaver
1478 2813 1603 2843 hominis
1612 2815 1640 2843 in
1653 2814 1780 2851 patibulo
1790 2821 1838 2844 aut
1848 2822 1909 2845 rota
1924 2818 2040 2856 expoliti
2051 2819 2195 2852 advolans.
2213 2819 2255 2848 illi
2268 2822 2389 2857 primum
2399 2832 2468 2852 ocu.

1351 2853 1394 2882 los
1404 2858 1494 2896 eruit,
1535 2858 1547 2881 t
1566 2851 1697 2881 causidici
1714 2853 1841 2891 populo,
1862 2854 2017 2885 auferendo
2038 2856 2078 2885 illi
2094 2858 2289 2895 cognitionem
2314 2859 2466 2897 fastorum,

1351 2900 1423 2928 quos
1433 2890 1483 2920 scri
1543 2889 1706 2934 nvulgando
1717 2891 1791 2920 eruit
1809 2892 1971 2923 cornicibus
1984 2894 2101 2931 oculos,
2121 2895 2140 2925 i.
2153 2905 2177 2925 e.
2202 2895 2319 2926 Abstulit
2340 2898 2369 2927 id
2382 2898 2468 2929 lumi.

1352 2930 1397 2958 nis
1412 2951 1420 2964 ‚
1441 2938 1498 2972 quo
1511 2935 1612 2957 ceteris
1623 2929 1748 2966 praestare
1760 2929 1938 2970 videbantur.

1332 2967 1500 2998 'Cornicibus
1515 2965 1666 3003 superstes,
1687 2968 1714 2997 &
1727 2966 1894 2998 Cornicibus
1912 2970 2052 3006 vivacior3
2075 2970 2111 3000 de
2131 2970 2316 3003 Vehementer
2336 2974 2466 3011 annosis,

1352 3003 1534 3073 ἓὲεἰῗτῗῖἓίεἰῐζε.
1544 3004 1718 3079 Ῑὲζξοεώοὶεε
1739 3005 1774 3035 ab
1785 3006 1844 3036 avis
1853 3007 1914 3042 ejus
1923 3007 2082 3046 prodigiosa
2088 3009 2238 3040 vivacitate
2249 3010 2365 3050 sumpta.
2390 3012 2465 3042 Mar-

1415 3081 1448 3110 Et
1456 3080 1618 3111 cornicibus
1632 3080 1765 3111 omnibus
1775 3081 1919 3120 superstes.

1354 3131 1382 3156 4.
1397 3119 1488 3149 Carm.
1504 3128 1547 3154 13.
1560 3128 1604 3154 ας.

1334 3158 1441 3188 Cornix
1452 3158 1537 3187 etiam
1548 3156 1674 3186 Annulus
1683 3156 1721 3186 est
1730 3156 1852 3193 ferreus,
1875 3167 1930 3195 quo
1941 3158 2042 3188 ostium
2053 3159 2195 3198 pulsatur,
2216 3171 2231 3191 a
2240 3160 2339 3200 figura,
2358 3170 2407 3193 aut
2418 3174 2469 3202 po-

1353 3197 1409 3225 tius
1419 3205 1435 3225 a
1442 3195 1600 3233 garrulitate
1607 3194 1644 3224 sic
1654 3194 1754 3225 dietus.
1793 3197 1809 3231 [
1818 3196 1915 3232 Miror,
1937 3206 1992 3233 quo
2000 3199 2114 3228 auctore
2124 3199 2184 3228 haec
2192 3199 2328 3230 dicantur.
2366 3202 2470 3232 Graecis

1357 3234 1471 3272 quidem
1481 3234 1511 3262 id
1530 3242 1619 3269 genus
1635 3233 1799 3270 crepitaculi
1816 3235 1902 3271 zegeivn
1915 3234 2036 3272 dicitur,
2058 3245 2154 3266 verum
2178 3238 2208 3267 id
2229 3237 2326 3269 Latine
2342 3239 2472 3270 {imiliter

1354 3272 1474 3311 positum
1489 3271 1622 3308 nusquam
1632 3271 1696 3308 legi.

1298 3313 1323 3344 C
1332 3323 1350 3342 o
1359 3322 1376 3341 a
1387 3311 1476 3340 Νῐεῠ
1485 3321 1501 3338 L
1510 3319 1528 3338 A
1539 3331 1547 3344 ,
1566 3319 1597 3338 ae.
1619 3309 1638 3339 f.
1661 3308 1801 3345 [κορωνὶς]
1821 3309 1912 3338 dimin
1941 3310 2008 3340 Hor.
2024 3320 2048 3341 1.
2069 3311 2152 3350 Epist.
2162 3320 2190 3349 3.
2203 3322 2247 3350 19.

1418 3348 1462 3378 Ne
1478 3347 1497 3376 si
1509 3348 1581 3377 forte
1587 3346 1649 3376 suas
1658 3347 1792 3384 repetitus
1802 3348 1912 3377 venerit
1921 3348 1989 3378 olim

1419 3386 1495 3416 Grex
1505 3386 1597 3414 avium
1607 3385 1716 3422 plumas
1726 3406 1734 3420 ‚
1756 3392 1867 3415 moveat
1882 3386 2025 3416 cornicula
2034 3386 2120 3417 risum

1419 3423 1539 3454 Furtivis
1549 3424 1653 3452 nudata
1660 3422 1811 3452 coloribus.
1896 3424 1937 3454 Ex
1950 3424 2071 3463 apologo
2080 3425 2183 3463 AEsopi.

1301 3464 1324 3494 C
1334 3473 1351 3494 o
1360 3473 1376 3492 R
1387 3472 1408 3492 Ν
1417 3466 1481 3491 ico
1490 3471 1523 3497 a,
1544 3460 1674 3498 [κξάζω]
1694 3461 1742 3490 ari.
1764 3460 1865 3499 Inepte
1877 3463 1987 3499 garrire.
2009 3463 2078 3493 i'ers.
2091 3474 2116 3500 ς.
2128 3464 2184 3494 Sat.
2198 3472 2242 3494 12.

1420 3499 1521 3530 Nescio
1531 3499 1599 3536 quid
1607 3507 1701 3528 tecum
1711 3508 1791 3535 grave
1802 3500 1951 3530 cornicaris
1961 3501 2066 3538 inepte.

1302 3539 1326 3570 C
1334 3549 1351 3569 0
1362 3548 1379 3568 R
1387 3548 1407 3582 ,N
1417 3547 1436 3565 υ
1445 3560 1454 3573 ,
1476 3547 1504 3567 ri.
1527 3537 1630 3566 indecl.
1654 3537 1768 3572 [κέρας]
1789 3537 1858 3566 Plin.
1872 3538 1920 3567 lib.
1937 3548 1947 3567 1
1957 3548 1979 3568 1.
1989 3548 2050 3577 cap.
2066 3548 2109 3575 37.
2131 3538 2272 3569 Omnibus
2281 3545 2375 3571 autem
2386 3550 2471 3578 cava„

1342 3578 1369 3608 8(
1386 3586 1415 3605 ιη
1429 3584 1565 3604 mucrone
1580 3576 1694 3603 demum
1710 3584 1842 3605 concreta
1859 3575 1922 3605 sunt
1942 3586 2062 3606 cornua:
2082 3578 2171 3607 cervis
2190 3584 2301 3608 tanturn
2317 3579 2422 3616 solida,
2443 3583 2472 3611 ὅ(

1341 3615 1475 3644 omnibus
1484 3613 1565 3642 annis
1574 3612 1702 3641 decidua.
1724 3612 1793 3642 Hor.
1807 3623 1829 3642 i.
1842 3612 1928 3643 Serm.
1941 3626 1967 3650 4.
1979 3624 2022 3651 34.

1435 3649 1554 3680 Foenum
1569 3650 1653 3679 habet
1664 3651 1693 3679 in
1705 3659 1793 3680 cornu
1804 3672 1813 3685 ‚
1834 3651 1917 3689 longe
1924 3652 1999 3689 fuge.
2083 3651 2116 3682 V.
2140 3652 2364 3691 AdagiaErasnri.

1342 3691 1455 3721 Cornua
1465 3699 1480 3718 a
1491 3689 1612 3717 Curvore
1624 3688 1698 3717 ditfta
1708 3710 1716 3724 ‚
1737 3688 1813 3725 quod
1819 3689 1951 3727 pleraque
1961 3699 2116 3721 curvamus.
2140 3691 2216 3721 Varr.
2227 3692 2263 3722 de
2274 3692 2304 3722 L.
2315 3693 2345 3723 L.
2358 3696 2384 3723 6.
2397 3701 2421 3728 3.
2429 3702 2472 3730 pr..

1363 3730 1427 3764 [An
1438 3727 1528 3756 Curva
1539 3727 1666 3755 videmus
1676 3727 1689 3753 t?

1343 3767 1453 3797 Armata
1463 3763 1596 3793 cornibus
1612 3763 1704 3792 bestia.
1746 3763 1804 3794 Cic.
1814 3772 1841 3794 a.
1853 3764 1890 3794 de
1903 3764 1968 3795 Nat.
1979 3765 2062 3795 Deor.
2076 3775 2137 3796 iar.
2164 3766 2294 3803 Quarum
2313 3768 2373 3797 alife
2391 3768 2476 3797 coriis

1362 3805 1442 3833 tectae
1452 3802 1533 3836 sunt,
1555 3801 1615 3831 aliae
1633 3801 1706 3830 villis
1724 3802 1843 3837 vestitae,
1865 3803 1925 3832 aliae
1940 3803 2025 3841 spinis
2041 3804 2164 3834 hirsutae:
2178 3804 2283 3842 'pluma
2297 3806 2363 3835 alias
2375 3826 2382 3840 ‚
2407 3805 2476 3834 alias

1364 3842 1476 3909 {quama
1488 3840 1616 3869 videmus
1623 3839 1759 3869 obductas
1769 3861 1777 3875 ‚
1798 3839 1865 3870 alias
1874 3840 1928 3870 effe
1937 3842 2071 3871 cornibus
2089 3848 2207 3872 armatas
2215 3864 2223 3878 ,
2244 3843 2310 3872 alias
2325 3842 2426 3872 babere
2436 3843 2478 3872 ef-

1378 3889 1441 3914 ugia
1457 3887 1621 3916 pennarum.

1345 3912 1466 3948 Raihosa
1476 3925 1582 3946 cornua
1593 3915 1673 3945 dedit
1682 3920 1780 3945 natura
1787 3916 1896 3983 caprejls
1904 3937 1913 3951 ‚
1936 3916 1982 3946 sed
1991 3927 2083 3956 parva,
2096 3926 2149 3948 nec
2159 3916 2295 3947 decidua:
2317 3917 2477 3947 Convoluta

1906 3961 1917 3983 t
1927 3960 1958 3984 tt
2407 3957 2433 3985 &
2448 3956 2479 3985 in

2136 1830 2214 1868 apud
2231 1829 2308 1862 Suet.
2324 1832 2354 1862 in
2367 1831 2454 1863 Doni.

2001 3083 2044 3113 De
2055 3084 2116 3115 Anu
2128 3085 2249 3116 nimium
2262 3088 2366 3118 vivace.
2394 3088 2467 3119 Hor..
