2604 4222
139 154 206 192 628
563 144 592 177 C
691 140 726 174 O
820 136 852 171 N

182 229 320 260 comitate
333 226 446 257 condita
459 225 585 263 gravitas.
608 222 666 252 Cic.
681 222 716 250 de
725 220 832 250 Senect.
848 226 891 246 ro.

185 259 796 340 {eteritiociiffriiiaticnfflbgiiiliasittseefnrlginglgpbie
803 257 917 329 :ltriesnoo
925 288 1057 319 suavitate
1071 284 1220 316 conditior.
1235 283 1295 314 Cic.

251 340 321 371 Clar.
334 341 408 370 Orat.
427 348 436 366 r
478 360 484 367 .
873 366 879 372 ι
957 364 963 370 1

186 343 302 412 Ἑξὲἰιιηῑ
315 347 578 408 conditior⁷a7cibaria
589 370 739 410 aucupium
749 370 775 399 &
790 373 916 410 venatm..
931 364 990 393 Cic.
1005 361 1039 391 de
1050 361 1160 405 Ser-rest.
1176 368 1218 396 57.

151 419 364 450 ῦοΝοιτιο,
385 414 456 443 onis.
477 413 495 442 f.
518 410 655 448 [ἄρτυσις]
674 414 723 442 ut,
746 405 877 436 Conditio
892 401 1027 446 ciborum.
1070 399 1127 427 Cic.
1141 407 1168 427 2.
1184 398 1219 426 de
1229 397 1293 427 Nat.

188 456 271 486 Deor.
285 457 344 488 146.
368 450 539 488 Perspicuum
554 448 591 477 cst
605 447 680 476 enim
695 454 749 482 quo
763 441 976 485 compositiones
990 442 1196 481 unguentorum
1207 455 1216 469 ‚
1239 444 1295 472 quo

188 493 316 523 ciborum
330 489 506 520 conditiones
515 509 522 521 ,
545 495 600 523 quo
611 491 761 521 corporum
771 481 911 510 lenoc1n1a
922 476 1109 516 processerint.

188 531 252 560 Vini
262 528 445 559 conditiones.
468 522 606 554 Columel.
621 521 668 551 lib.
685 530 724 549 ¹2.
739 529 798 556 cap.
813 527 855 561 μ’.
1175 548 1180 554 ¹

152 569 176 599 C
183 571 372 599 oNniTus,
392 565 432 593 ris.
454 572 491 592 m.
513 559 655 598 [ibe-ivm]
676 556 813 588 Columel.
831 554 879 584 hb.
889 563 916 584 2.
933 561 993 590 cap.
1005 559 1049 581 22.
1080 550 1154 580 Uvas
1172 554 1296 586 itemque

152 600 653 674 Cdlrlrvrisi&rillizmiiissileiiillffitffvvvip
664 655 673 669 ‚
692 628 852 669 ὀψαρτυτὴς]
874 628 932 658 Cic.
951 627 1012 657 Post
1026 625 1105 655 redit.
1127 624 1157 653 in
1172 624 1236 654 Sen.
1251 633 1293 658 14.

190 681 226 711 Hi
239 680 298 709 sunt
307 677 464 707 conditores
474 673 700 710 instructoresque
709 669 842 704 convivii,
862 666 950 696 iidem
960 663 1125 703 expendunt
1136 668 1220 699 atque
1230 661 1296 690 aestr-

401 724 415 743 e
431 736 438 743 .
1150 737 1156 744 ⁵

152 755 176 786 C
184 716 430 788 ciliibtrlss'burffiztaes.
451 751 470 780 f.
493 747 633 786 [ωισὺασὶα
644 747 659 782 ]
679 746 757 776 Idem
765 744 839 782 quod
850 742 992 785 Conditiq,
1002 739 1056 769 sive
1066 737 1295 780 Condrmentum.

189 790 324 822 Columel.
334 790 382 820 lib.
399 799 439 820 12.
452 798 512 825 cap.
525 798 552 822 4.
585 785 651 815 Vasa
675 791 767 813 autem
788 781 882 811 fictilia
901 780 944 809 vel
960 785 1062 812 vitrea,
1083 776 1163 814 plura
1183 781 1295 813 potius,

188 840 269 867 quam
279 827 369 866 ampla
381 849 388 862 ‚
409 829 434 857 ἃ
448 833 545 855 eorum
559 823 611 852 alia
623 824 696 852 recte
713 821 804 859 picata
814 841 822 854 ,
844 817 978 848 nonnulla
996 824 1088 859 tamen
1108 823 1191 857 pura,
1213 818 1296 850 prout

188 868 313 898 conditio
325 865 476 895 conditurae
487 862 616 899 exegerit.
649 861 713 891 Sen.
728 868 751 895 3.
766 859 800 888 de
810 858 851 887 lra
864 866 923 893 cap.
939 865 980 890 15.
1002 853 1113 896 Liberos
1126 850 1167 880 illi
1182 849 1296 888 epulan-

188 906 238 934 dos
255 903 383 942 apposnit
395 925 402 938 ,
423 903 448 932 ὃς
459 900 575 929 subinde
586 897 782 935 interrogavit,
804 905 839 924 an
850 893 971 932 placeret
987 889 1142 933 conditura.

151 942 174 974 C
183 953 199 972 o
211 953 230 972 N
242 953 259 971 n
271 953 308 970 ιΜ
317 951 331 970 1².
339 950 358 969 N
366 949 386 969 τ
396 950 414 969 υ
422 950 452 974 M,
474 939 491 967 i.
513 947 539 966 n.
563 935 685 973 [22qu
693 957 702 971 ,
719 931 886 970 παςόψηκφ]
909 931 994 968 Quod
1004 929 1038 958 ad
1050 926 1208 957 condienda
1216 923 1294 954 obso-

186 982 232 1011 nia
243 980 281 1010 fit.
303 978 388 1008 Plaut.
403 977 489 1006 Casin.
501 984 526 1004 2.
541 984 565 1010 3.
581 983 605 1010 3.
735 1009 741 1015 ⁸
864 1007 870 1013 ι
1147 1001 1152 1008 ·
1235 1000 1241 1006 .
1266 1008 1273 1015 .

276 1033 311 1038 --
322 1024 425 1053 coquos
436 1013 566 1050 equidem
575 1011 658 1040 nimis
667 1010 788 1039 demiror
796 1031 803 1043 ‚
824 1016 870 1044 qur
883 1011 925 1034 tot
937 1010 1051 1034 utuntur
1069 1001 1256 1032 condimentis
1266 1022 1273 1028 .

274 1054 329 1083 Eos
340 1063 373 1083 eo
383 1052 563 1082 condimento
575 1058 631 1078 uno
644 1057 700 1077 non
710 1046 789 1081 utier,
801 1044 929 1074 omnibus
948 1042 1021 1080 quod
1033 1041 1145 1077 praestat.
1232 1038 1291 1081 C-rc.

184 1101 211 1124 2.
224 1093 259 1122 de
272 1091 330 1121 Fin.
344 1100 389 1126 90.
415 1089 503 1120 Audio
513 1088 653 1117 dicentem
667 1107 675 1121 ,
696 1084 757 1114 Cibi
768 1083 979 1113 condimentum
998 1080 1051 1108 effe
1060 1079 1177 1108 famem:
1200 1084 1293 1114 potro-

184 1130 404 1198 Cffddilriigii¹tum
412 1163 572 1201 voluptatis.
609 1161 667 1191 Cic.
679 1168 702 1194 ι.
715 1157 770 1188 Off.
788 1166 846 1186 ¹20.
874 1154 948 1185 Nam
961 1161 992 1184 ut
1010 1153 1162 1197 tribuamus
1184 1150 1290 1194 aliquid

202 1205 266 1234 volu
290 1204 358 1238 tati,
379 1201 551 1232 condimenti
566 1198 672 1228 fortaffe
683 1195 811 1226 nonnihil
826 1216 834 1229 ,
855 1193 982 1236 utilitatis
992 1199 1067 1222 certe
1086 1190 1157 1220 nihil
1167 1188 1289 1218 habebit.

184 1243 372 1273 Condrmento
391 1238 567 1270 humanitatis
586 1237 712 1271 mitigare
733 1233 911 1276 severitatem.
926 1269 932 1274 Ι
952 1230 1009 1259 Cic.
1028 1240 1050 1273 r..
1075 1229 1110 1265 Q.
1129 1228 1191 1271 frat.
1207 1236 1229 1256 r.
1246 1235 1286 1270 17.

203 1281 269 1310 Haec
283 1279 357 1309 illius
370 1279 495 1307 severitas
509 1275 604 1305 acerba
620 1274 775 1306 videretur,
795 1270 842 1299 nisi
853 1267 948 1298 multis
962 1268 1149 1296 condimentis
1165 1265 1291 1293 humani·

203 1319 268 1348 tatis
281 1317 459 1354 mitigaretur.
1120 1341 1125 1347 Ο
1270 1339 1278 1346 ·

183 1355 402 1385 condimentum
419 1351 559 1386 amicitiae,
578 1349 692 1379 suavitas
712 1354 819 1376 morum
840 1345 866 1374 &
885 1342 1053 1373 sermonum.
1094 1340 1152 1370 Cic.
1168 1340 1203 1369 de
1216 1340 1290 1370 Amr-

202 1394 248 1422 cit.
265 1397 309 1425 68.
779 1421 785 1427 .
920 1419 926 1425 ι
963 1418 969 1424 1
1269 1415 1275 1421 ι

181 1430 328 1469 Sapientiae
348 1435 411 1458 aetas
426 1426 637 1457 condimentum
654 1422 709 1458 est,
730 1420 837 1459 sapiens
855 1423 927 1449 aetatr
944 1417 1024 1447 cibus
1050 1416 1097 1446 est.
1120 1415 1206 1445 Plaut.
1227 1415 1289 1445 Tn-

201 1478 276 1498 num.
292 1477 316 1497 2.
330 1476 356 1496 2.
371 1472 415 1500 82.
718 1497 724 1503 ι
875 1494 881 1500 ’

181 1505 314 1540 Facetias,
335 1504 459 1534 omnium
473 1500 630 1530 sermonum
641 1496 828 1526 condimenta.
850 1493 907 1523 Cic.
919 1503 945 1523 2.
966 1493 1001 1522 de
1013 1491 1090 1521 Orat.
1104 1500 1166 1529 171.

181 1543 361 1580 Interponere
371 1539 556 1570 condimentis
565 1535 716 1578 quippiam.
758 1534 786 1562 V.
808 1542 844 1576 [Ν
855 1541 874 1560 T
883 1541 897 1560 a
906 1541 946 1574 ar
954 1540 971 1559 o
980 1540 1001 1559 N
1010 1540 1035 1559 o.
1112 1567 1117 1573 ¹
1230 1567 1236 1573 1

145 1580 168 1612 C
177 1591 194 1610 o
203 1591 222 1610 N
231 1591 266 1609 nr
277 1591 298 1610 M
307 1588 349 1609 EN
359 1588 378 1607 τ
387 1589 405 1607 n
414 1588 430 1606 R
439 1588 448 1605 1
459 1587 475 1605 u
484 1586 506 1611 s,
527 1586 542 1604 a
551 1597 560 1609 ‚
579 1584 636 1604 um.
659 1570 863 1608 [ὶξπμμπνφς]
885 1569 941 1604 Adi.
964 1575 1005 1602 ut,
1026 1567 1287 1610 Condrmentarium

199 1627 275 1647 enus.
317 1617 383 1646 Plin.
400 1615 446 1645 lib.
461 1624 502 1650 ¹9-
517 1623 577 1650 cap.
589 1617 614 1646 8.
637 1610 703 1640 Haec
712 1608 785 1647 apud
795 1617 846 1637 nos
854 1606 937 1637 habet
951 1605 1118 1635 vocabulum
1137 1606 1162 1634 ἃ
1184 1604 1261 1634 aliud
1276 1626 1285 1641 ,

192 1654 295 1685 atureia
305 1655 378 1683 dic‘ta
388 1675 396 1688 ,
416 1653 445 1682 in
454 1649 673 1681 condimentario
685 1655 794 1690 genere.
998 1681 1004 1687 .
1167 1680 1173 1687 ·

143 1692 167 1723 C
175 1703 192 1723 o
201 1703 221 1723 N
232 1703 249 1722 n
258 1703 268 1721 r
278 1703 299 1722 M
310 1702 324 1721 n
335 1702 354 1720 N
364 1700 383 1719 τ
394 1700 412 1719 Α
422 1700 438 1718 a
446 1701 455 1718 1
465 1699 483 1718 υ
493 1699 504 1717 s
514 1711 523 1723 ,
542 1688 561 1717 i.
583 1697 620 1716 m.
642 1686 697 1722 Qui
712 1684 891 1713 condimenta
904 1681 1018 1711 conficlt
1030 1686 1077 1710 aut
1089 1681 1195 1711 vendit.
1217 1680 1285 1724 Ter.

179 1730 239 1760 tull.
258 1731 294 1759 de
305 1730 402 1760 Anima
409 1738 470 1765 cap.
480 1736 524 1764 23.
545 1725 687 1755 Platonem
698 1722 824 1752 omnium
833 1721 1024 1750 haereticorum
1033 1719 1286 1749 condimentarium

142 1769 295 1836 (3ξᾶξέΤῶ
306 1814 354 1833 ΑΝ
365 1813 405 1832 au
415 1811 427 1832 s
437 1824 445 1838 ,
466 1796 608 1838 [ξεπτὲς]
625 1797 701 1828 aliud
714 1796 773 1833 Adj.
794 1797 904 1826 auclore
921 1795 1016 1825 Nonio
1028 1816 1037 1830 ‚
1056 1795 1094 1824 est
1113 1794 1199 1832 Quod
1219 1803 1287 1823 con-

178 1844 225 1875 di.
246 1843 288 1872 vel
298 1841 405 1871 condiri
418 1841 489 1869 reete
499 1838 595 1876 potest.
636 1836 720 1866 Varro
733 1845 755 1864 ι.
767 1835 803 1864 de
815 1834 846 1863 R.
860 1834 894 1863 R.
906 1843 967 1871 cap.
979 1842 1024 1869 24.
1045 1832 1077 1863 In
1087 1842 1152 1871 agro
1160 1833 1246 1863 crasso
1256 1833 1283 1862 ἃς

177 1881 267 1911 calido
278 1879 368 1909 oleam
379 1878 574 1908 conditaneam
586 1897 594 1910 ‚
614 1874 723 1903 radium
731 1873 864 1915 majorem
874 1893 881 1906 ‚
894 1872 945 1901 διε.
970 1909 976 1915 .
1021 1908 1028 1914 ·
1246 1908 1252 1914 ¹

140 1918 430 1951 Commi-Axius,
451 1925 485 1950 a,
510 1923 567 1943 um.
589 1913 649 1948 Adj.
671 1917 721 1947 ut,
747 1910 872 1947 Coquma
891 1908 1055 1939 conditarra.
1085 1908 1195 1946 August.
1221 1907 1281 1938 Crv.

203 1965 228 1985 er
265 1965 308 1984 22.
342 1977 348 1983 .

138 1993 161 2023 c
169 1955 201 2023 <P
195 2003 215 2023 N
225 1977 244 2022 ἐ
253 2004 262 2022 ι
270 2003 288 2021 >r
298 2004 307 2021 1
316 1960 339 2020 ξ
343 2002 352 2021 1
359 2001 379 2020 u
387 2000 399 2021 s
410 2012 418 2026 ‚
438 1999 471 2025 a,
491 1998 548 2018 um.
570 1987 631 2023 Adi.
652 1986 761 2017 Cibaria
772 1985 928 2015 condititia.
949 1983 1085 2014 Columel.
1099 1988 1124 2017 3.
1142 1988 1168 2018 8.

139 2031 163 2060 C
172 2040 188 2060 ο
196 2041 215 2060 Ν
223 2041 241 2059 u
249 2041 257 2059 r
266 2039 284 2058 τ
293 2041 302 2058 1
311 2039 329 2058 v
338 2039 356 2058 u
367 2038 388 2063 s,
398 2037 483 2063 a,um.
496 2026 556 2062 Adi.
568 2025 629 2055 Cibi
641 2021 1075 2058 conditivi.Columel.7.9.Varr0
1086 2020 1278 2065 R.R.1.59.pr.

139 2068 215 2098 CoN
226 2077 348 2102 Disco,
368 2065 472 2101 didici,
493 2063 703 2100 [wpaepeszim]
723 2062 778 2092 ὅτε.
805 2061 885 2091 Idem
912 2060 989 2097 quod
1009 2059 1118 2090 Discere
1135 2059 1279 2097 significat.

257 2127 262 2134 .
296 2104 370 2134 send.
402 2125 408 2132 .
423 2113 446 2132 r.
502 2124 508 2131 .

178 2105 361 2180 Plaggopistuc
379 2114 439 2170 {iliis
457 2111 522 2169 daie
542 2137 699 2172 condidici,
720 2136 789 2165 mihi
810 2135 962 2165 obtrudere
979 2143 1038 2163 non
1058 2141 1139 2172 potes
1152 2134 1277 2172 palpum.

175 2180 244 2210 Plin.
258 2189 284 2217 7.
302 2179 323 2208 E
345 2179 383 2208 ist.
397 2187 442 2207 20.
471 2176 602 2207 Paulatim
619 2175 710 2205 lucem
727 2174 797 2204 ferre
822 2173 961 2203 condisco.
1000 2172 1071 2202 [tem
1082 2173 1277 2203 Consuescere.

175 2217 259 2249 Ovid.
293 2239 298 2246 .
358 2215 396 2245 ist.
410 2225 455 2250 25.
907 2247 914 2254 ·

229 2227 290 2285 Ars4
288 2254 319 2283 fit
327 2226 401 2290 ‚pubi
410 2263 425 2282 a
439 2251 539 2282 teneris
553 2251 658 2280 crimen
669 2248 836 2279 condiscitur
849 2256 938 2277 annis.

263 2291 409 2330 Angustam
421 2312 428 2325 ‚
449 2289 531 2319 amici
547 2311 555 2323 ‚
576 2287 738 2326 pauperiem
747 2287 805 2325 pati

263 2329 400 2360 Robustus
409 2329 465 2358 acri
476 2326 575 2356 militia
584 2335 654 2363 puer

304 2365 451 2396 Condiscat
462 2387 470 2401 ‚
489 2366 540 2394 &c.

134 2405 157 2435 C
165 2415 183 2434 ο
190 2414 209 2434 N
218 2415 236 2434 n
244 2415 254 2432 1
263 2413 275 2434 s
286 2414 303 2433 c
312 2414 325 2433 iz
334 2413 353 2433 N
362 2413 374 2433 s
382 2425 390 2438 ‚
411 2400 631 2439 [συμμοωθιίνων]
651 2399 745 2430 Partic.
768 2398 836 2428 Plin.
849 2396 898 2428 lib.
908 2407 953 2429 21.
966 2407 1027 2437 cap.
1042 2408 1065 2434 ς.
1088 2398 1126 2428 Ac
1134 2397 1220 2429 veluti
1234 2408 1278 2430 ru.

171 2443 325 2472 dimentum
337 2448 438 2470 naturae
448 2440 504 2469 lilia
519 2440 608 2468 facere
620 2437 816 2467 condiscentis.

134 2479 157 2510 C
166 2489 183 2509 o
193 2489 213 2509 N
225 2490 242 2508 D
252 2490 260 2507 r
269 2488 344 2509 scri²
354 2481 371 2507 ῠ
381 2489 396 2507 ι
405 2487 443 2507 us
455 2499 463 2511 ,
483 2477 501 2506 i.
522 2485 559 2505 m.
591 2474 793 2512 [συμμαθητὴς]
822 2474 878 2511 Qui
898 2482 963 2502 cum
985 2473 1040 2502 alio
1058 2473 1146 2504 discit.
1177 2475 1236 2506 Cic.
1251 2485 1275 2506 1.

170 2516 251 2547 Tusc.
265 2526 309 2552 41.
330 2515 517 2545 Dicaearchum
528 2523 593 2543 vero
602 2523 666 2543 curn
682 2511 840 2542 Aristoxeno
852 2511 950 2549 aequali
968 2512 995 2541 &
1005 2512 1197 2551 condiscipulo
1207 2513 1256 2543 suo
1266 2535 1277 2550 ‚

171 2556 267 2585 doctos
277 2554 339 2583 sane
349 2553 477 2583 homines
488 2573 496 2588 ‚
518 2552 687 2580 omittamus.
970 2586 976 2592 .
1040 2587 1045 2593 .

135 2592 157 2621 C
167 2602 208 2621 οΝ
219 2602 237 2621 1>
247 2603 255 2621 r
266 2601 278 2621 s
289 2601 306 2620 c
316 2602 323 2619 1
333 2601 348 2619 Ρ
357 2594 374 2620 ῠ
384 2602 399 2620 ι
409 2600 427 2620 A
439 2612 446 2625 ‚
468 2600 497 2619 ae.
518 2589 537 2619 s.
559 2590 574 2625 [
584 2587 781 2624 vvpopm9nre1'ae]
801 2587 877 2625 apud
893 2585 1013 2618 Martial.
1027 2587 1076 2617 hb.
1090 2597 1132 2618 ιο.
1150 2597 1194 2626 35.

262 2629 321 2658 Hac
331 2626 519 2665 condiscipula
528 2649 537 2663 ‚
556 2626 600 2655 vel
608 2626 660 2654 hac
669 2625 802 2661 magistra,

259 2666 332 2696 Esses
340 2666 447 2696 doctior
455 2666 480 2695 δι
492 2664 594 2702 pudica
602 2685 611 2698 ‚
630 2663 751 2700 Sappho.
949 2700 954 2706 ⁵
1042 2700 1047 2706 ¹

134 2705 180 2734 Co
190 2714 209 2733 Ν
218 2715 236 2733 r>
246 2714 274 2734 rs
283 2714 300 2733 c
310 2715 318 2732 ι
328 2713 342 2733 P
351 2714 369 2733 υ
378 2706 417 2732 1AE
426 2713 446 2731 'r
456 2713 472 2731 υ
481 2711 493 2731 s
503 2724 511 2735 ,
532 2703 570 2731 us.
592 2710 629 2730 m.
651 2699 869 2736 [πμ-μαθητέα]
888 2699 1010 2735 Justmus
1028 2699 1076 2729 lib.
1092 2710 1133 2731 12.
1145 2703 1171 2731 6.
1202 2701 1279 2731 Mul.

170 2749 229 2772 tum
238 2741 363 2776 profuere
374 2743 399 2771 &
409 2738 581 2770 Callisthenis
590 2737 748 2776 philosophi
759 2747 853 2774 preces
862 2759 870 2772 ‚
891 2737 1111 2775 condiscipulatu
1130 2739 1205 2776 apud
1221 2740 1275 2768 Ari-

170 2779 291 2809 stotelem
306 2778 446 2808 familiaris
461 2777 510 2806 illi.
553 2777 594 2806 De
609 2775 774 2805 Alexandro.
812 2775 956 2804 Cornelius
975 2775 1072 2813 Nepos
1086 2777 1115 2805 in
1126 2778 1183 2807 vita
1193 2776 1275 2807 Attici

134 2855 155 2884 C
170 2827 229 2854 cap.
244 2828 266 2853 ς.
287 2817 358 2846 Cum
366 2826 420 2854 quo
431 2825 446 2845 a
456 2812 1030 2886 mndisssipusstuffffillifficonjunffiffime‘

163 2861 533 2886 οΝοιεειηιΝΑτυε,
574 2861 595 2881 s.
648 2872 654 2879 .
808 2873 814 2879 .

134 2892 279 2921 Commo
288 2913 296 2927 ,
317 2891 508 2924 Coumnvus,
530 2889 694 2922 Cosmron,
715 2887 901 2918 Couorrurm.
922 2887 953 2917 In
974 2897 1091 2924 comio,
1103 2888 1148 2918 vel
1165 2886 1272 2920 coNoo.

134 2929 155 2958 C
165 2939 180 2958 O
189 2940 207 2958 Ν
216 2940 232 2958 D
243 2939 259 2958 0
270 2951 278 2964 ‚
308 2928 423 2958 condidi
433 2950 441 2963 ‚
468 2928 613 2957 conditum
625 2947 634 2961 ‚
665 2923 824 2969 [λ’πῡκρῦᾔῖω
833 2946 841 2960 ‚
874 2923 999 2961 πιμιόόω,
1031 2924 1182 2994 &vifis-crs?
1217 2928 1272 2958 ὅτε.

170 2967 296 2996 Condere
306 2988 315 3001 ,
333 2966 442 3004 proprie
450 2965 487 2994 est
497 2964 527 2994 ln
537 2973 624 2993 unum
635 2964 660 2993 &
670 2972 699 2991 m
711 2963 871 2992 interrorem
882 2962 976 3006 locum
987 2964 1052 2992 dare
1068 2965 1103 2993 ad
1123 2973 1156 2994 cu
1181 2965 1275 2995 odiam

169 3004 317 3034 faciliorem
328 3012 335 3032 :
357 3004 431 3040 quod
439 3002 552 3032 verbum
563 3010 640 3031 nunc
649 3000 781 3037 fignificat
787 2999 976 3037 Conscrrbere,
987 3010 1063 3030 nunc
1072 3003 1185 3038 Facere,
1199 3012 1275 3033 nunc

172 3042 344 3078 Componere
354 3043 379 3071 &
391 3040 531 3070 instruere.
553 3039 654 3068 Festus.
757 3074 764 3081 .

170 3079 313 3114 Condere,
335 3078 505 3107 Abscondere
566 3076 618 3105 nasi
633 3075 665 3105 In
683 3075 843 3104 interrorem
861 3075 955 3105 locum
976 3075 1061 3110 dare,
1083 3077 1110 3107 ἃ
1129 3077 1187 3107 fere
1209 3086 1274 3108 cum

208 3116 376 3154 raepofitione
387 3115 418 3146 In
429 3137 437 3150 ,
457 3115 500 3144 vel
514 3099 549 3144 Su
579 3135 588 3147 ,
608 3113 774 3142 construitur
787 3122 793 3142 :
815 3113 955 3142 interdum
965 3120 1058 3142 tamen
1071 3124 1135 3144 cum
1152 3115 1273 3145 ablativo

187 3126 242 3182 Bne
250 3152 447 3191 praepositione.
468 3152 554 3182 Plaut.
565 3149 680 3181 Trucul.
694 3159 718 3187 3.
734 3160 756 3180 1.
770 3159 797 3187 9.
818 3150 918 3180 Condo
936 3151 964 3179 in
975 3160 1141 3182 crumenam.
1162 3153 1233 3192 Virg.
1244 3163 1271 3184 2.

188 3191 248 3221 ffin.
261 3201 323 3227 40¹·

995 2247 1275 2285 Horat.3.Carm.2.r.

390 3243 427 3249 —
435 3229 462 3258 δι
471 3234 536 3258 nota
545 3227 704 3257 conduntur
713 3225 742 3255 in
753 3224 824 3255 alvo.
936 3224 1004 3255 Plin.
1026 3226 1073 3256 lib.
1085 3236 1111 3264 7.
1123 3236 1185 3265 cap.
1195 3237 1220 3259 2.
1244 3228 1273 3259 Si

188 3265 272 3295 libeat
280 3265 390 3295 credere
401 3288 409 3301 ,
430 3273 461 3295 ut
474 3266 522 3295 sub
529 3275 584 3295 una
592 3265 646 3294 sicu
657 3271 753 3294 turmae
762 3263 918 3294 condantur
928 3264 1061 3300 equitum.

169 3303 305 3340 Seponere
316 3305 342 3333 ἃ
352 3303 482 3333 condere.
504 3303 561 3332 Cic.
571 3313 596 3333 2.
608 3303 643 3332 de
652 3302 745 3331 Divin.
762 3310 824 3331 112.

170 3342 235 3369 Arca
245 3341 365 3370 condere
376 3341 488 3377 aliquid.
510 3340 569 3370 Cic.
582 3350 607 3370 2.
620 3340 656 3368 de
668 3339 758 3368 Divin.
772 3341 818 3372 8⁶.

171 3378 252 3414 Aquis
262 3377 287 3406 se
297 3379 427 3407 condere.
450 3378 506 3407 Val.
518 3378 588 3407 Flac.
599 3387 624 3406 2.
638 3379 736 3413 Argon.
750 3385 812 3412 520.

171 3413 234 3444 AEre
246 3415 270 3444 «Sc
284 3414 353 3444 ferro
367 3415 394 3445 se
408 3416 535 3445 condere.
556 3415 678 3451 Propert.
690 3424 713 3450 3.
727 3419 768 3448 18.
780 3423 826 3449 ας.

171 3450 263 3480 Humo
275 3452 402 3482 condere.
424 3453 507 3482 Ovid.
523 3462 545 3482 ι.
562 3453 598 3482 de
608 3452 686 3482 Pont.
699 3462 722 3487 ς.
739 3461 783 3486 34.

170 3487 242 3517 Lacu
252 3488 380 3518 fluviusse
394 3489 594 3519 condiditalto.
616 3489 662 3518 Vir
682 3494 724 3521 .8.
737 3488 797 3518 AEn.
815 3490 861 3518 66.

170 3525 265 3554 Mente
274 3524 374 3563 aliquid
388 3528 531 3556 conditum
542 3535 646 3556 tenere.
663 3499 739 3563 Virg.
752 3536 775 3562 3.
787 3527 849 3556 ffin.
862 3529 925 3561 388.

173 3563 201 3591 ln
214 3563 296 3592 humo
309 3565 400 3593 condi.
423 3565 503 3594 Ovid.
516 3574 541 3599 3.
552 3565 587 3593 de
601 3564 676 3593 l’ont.
691 3574 711 3592 r.
725 3567 751 3592 6.

170 3599 255 3636 Plagis
267 3601 425 3630 Acherontis
434 3602 565 3637 condere,
586 3601 749 3638 lmprecatio
759 3601 797 3630 est
809 3602 834 3630 δι
845 3600 995 3636 execratio,
1007 3610 1060 3638 qua
1074 3601 1185 3632 Phaedra
1199 3603 1275 3634 The.

190 3637 262 3666 scum
275 3638 390 3667 devovet
399 3641 472 3676 apud
481 3641 577 3668 Senec.
589 3639 645 3676 Hip
667 3638 704 3667 ol.
717 3649 742 3673 o.
765 3639 910 3674 Condere,
931 3638 1056 3671 futurum
1074 3641 1113 3670 est
1123 3641 1274 3672 indicativi.

170 3673 251 3703 Portu
269 3673 294 3703 se
305 3676 499 3705 condiditalto.
525 3677 594 3713 Virg.
610 3687 620 3709 ς
647 3649 705 3705 Ean.
717 3685 779 3710 243.

170 3711 201 3740 ln
212 3711 235 3740 Γ».-
258 3712 332 3740 ulcro
343 3714 461 3742 condere
471 3714 597 3749 aliquem.
626 3712 683 3742 Cic.
694 3722 720 3742 2.
732 3714 767 3742 de
777 3712 869 3750 Legib.
884 3723 894 3742 r
903 3723 926 3742 ι.

170 3748 241 3786 Sepu
255 3759 300 3777 cro
315 3751 434 3779 animam
443 3752 571 3793 condere.
591 3750 662 3786 Virg.
680 3760 701 3783 ι,
723 3750 782 3780 AEri.
795 3755 839 3784 67.

248 3822 411 3852 Condimus.
477 3788 870 3867 amn‘ll'ii‘iiiqelbeussfpllileie‘ierum
879 3825 1013 3862 opinione
1023 3832 1106 3863 poeta
1118 3826 1204 3863 dixit.
1225 3827 1275 3865 qui

186 3858 213 3888 se
236 3861 339 3888 ulcrurn
349 3866 518 3888 mortuorum
528 3861 701 3890 domicilium
710 3863 871 3897 credebant,
892 3864 917 3892 ἃ
927 3871 1038 3900 portum
1049 3865 1173 3902 corporis
1180 3866 1276 3905 appel·

190 3896 214 3925 la
236 3905 290 3925 ant.
312 3897 369 3925 Cic.
387 3896 496 3925 r.Tusc.
513 3907 569 3932 ¹07-

249 3933 345 3968 Neque
353 3934 520 3970 sepulcrum,
542 3944 595 3970 quo
606 3935 737 3972 recipiat,
757 3935 856 3964 habeat
867 3958 875 3970 ,
895 3944 1006 3972 porrum
1017 3940 1141 3976 corporis
1151 3960 1161 3977 ‚

249 3969 303 3998 Ubi
313 3990 321 4004 ‚
342 3969 445 3999 remissa
455 3971 572 4000 humana
581 3972 638 4001 vita
648 3992 657 4007 ,
677 3981 775 4010 corpus
786 3973 934 4008 requiescat
943 3974 1033 4004 malim

1797 126 1828 160 C
1923 127 1958 161 O
2051 126 2085 161 N

1390 205 1527 237 Tonantis
1541 206 1598 235 slnu
1611 206 1705 236 condi.
1726 207 1882 237 Sen.Herc.
1893 208 1945 237 fur.
1963 217 2005 238 rr.

1389 244 1480 280 Quam
1493 243 1578 273 multa
1590 245 1617 272 in
1633 244 1703 273 silvis
1719 245 1810 274 avium
1822 244 1849 274 se
1859 245 1946 274 millia
1955 245 2091 275 condunt.
2113 245 2186 283 Virg.
2198 256 2224 282 4.
2238 246 2337 286 Georg.
2351 255 2414 285 473.

1388 282 1480 319 Rupta
1491 283 1575 312 condi
1586 281 1684 311 tellure
1695 283 1847 319 premique.
1871 283 1958 313 Valet.
1973 293 1998 320 7.
2016 285 2116 320 Argon.
2126 288 2190 318 298.

1387 319 1472 349 Terra
1483 319 1613 349 condere.
1654 319 1722 348 Plin.
1737 319 1783 348 lib.
1797 329 1822 357 7.
1837 330 1898 358 cap.
1913 331 1955 356 54.
1989 321 2080 359 ipsum
2104 330 2226 352 cremare
2238 344 2246 358 ,
2267 323 2343 360 apud
2367 323 2509 355 Romanos

1409 367 1467 385 non
1480 357 1534 387 fuit
1544 356 1643 386 veteris
1651 357 1786 386 instituti:
1807 365 1876 387 terra
1887 358 2089 389 condebantur.

1388 394 1479 424 Terrae
1494 394 1550 424 ossa
1562 394 1693 424 condere.
1716 394 1788 432 Virg.
1802 406 1826 430 5.
1840 396 1901 425 AEn.
1914 401 1961 431 48.

1387 432 1420 462 In
1432 433 1574 470 pistrinum
1585 433 1709 461 condere
1724 432 1853 469 aliquem.
1876 432 1961 463 Plaut.
1974 433 2069 462 Pseud.
2082 442 2105 463 r.
2121 443 2145 470 ς.
2161 443 2223 465 120.

1387 470 1420 500 In
1431 470 1581 536 cuitgdiam
1592 471 1716 507 captivos
1726 471 1857 500 condere.
1894 470 1952 500 Liv.
1967 479 2010 508 31.
2032 471 2104 501 Item
2114 493 2122 508 ,
2143 471 2175 502 In
2185 480 2324 503 carcerem
2335 494 2344 508 ,
2366 472 2410 503 vel
2418 482 2508 505 carce-

1408 517 1444 536 re.
1500 516 1545 536 em
1559 511 1603 536 26.
1621 511 1662 537 16.

1387 545 1419 574 In
1429 545 1549 581 aliquam
1562 546 1703 574 materiam
1715 544 1804 582 aliqua
1813 545 1945 575 condere.
1969 546 2089 582 Quintil.
2108 545 2156 576 lib.
2171 555 2195 583 3.
2208 555 2268 585 cap.
2281 557 2306 577 r.

1387 582 1583 650 liisv}sceribus
1606 584 1631 612 δι
1646 581 1776 613 medullis
1793 584 1921 614 condidit
1947 583 2054 613 bonum
2075 593 2160 614 omne
2182 584 2368 617 Metrodorus.
2401 586 2460 617 Cic.
2479 597 2505 624 ς.

1436 631 1450 649 u
1465 630 1489 649 c.
1503 630 1548 655 ²7·

1387 657 1419 688 In
1429 657 1566 687 cunabula
1582 657 1608 687 se
1620 659 1748 688 condunt
1757 668 1832 696 apes.
1856 658 1929 697 Virg.
1943 669 1969 695 4.
1987 658 2087 697 Georg.
2100 667 2166 697 473.

1387 695 1419 725 In
1431 695 1519 725 undas
1532 695 1558 724 se
1569 696 1667 725 condit
1677 696 1733 726 Sol.
1755 697 1828 735 Virg.
1840 707 1863 726 1.
1883 697 1983 734 Georg.
1996 702 2062 733 438.

1386 733 1418 763 ln
1430 734 1555 762 animum
1567 733 1673 769 aliquid
1684 734 1814 764 condere.
1840 735 1904 765 Sen.
1920 735 2004 773 Epist.
2015 744 2042 771 7.

1386 770 1472 800 Furto
1482 771 1587 807 aliquid
1597 772 1727 801 condere.
1751 772 1817 802 Hor.
1834 782 1856 801 ι.
1870 773 1961 802 Carm.
1977 782 2018 802 ro.
2035 777 2062 807 8.

1387 808 1492 838 Caelum
1506 809 1635 838 conditur
1648 809 1755 840 umbra.
1775 809 1850 848 Virg.
1862 813 1887 840 6.
1901 810 1963 840 AEn.
1975 819 2038 847 271.

1480 846 1522 875 Est
1533 847 1584 875 iter
1594 847 1623 875 in
1640 846 1722 883 silvis,
1734 847 1783 876 ubi
1798 848 1898 878 caelum
1913 848 2044 878 condidit
2055 846 2154 878 umbra

1477 883 1607 921 juppiter
1618 906 1626 920 ,
1648 886 1673 914 δι
1686 885 1766 914 rebus
1780 895 1838 915 nox
1850 885 1961 915 abstulit
1973 893 2030 916 atra
2039 886 2174 916 colorem.

1386 920 1477 958 Caput
1487 921 1568 951 Fama
1583 923 1655 951 inter
1670 922 1766 952 nubila
1778 923 1885 954 condit.
1907 924 1980 961 Virg.
1992 935 2018 960 4.
2031 924 2092 954 AEn.
2108 933 2170 960 177.

1464 958 1678 998 Ingrediturque
1689 960 1748 990 solo
1758 983 1766 996 ,
1788 963 1815 991 δι
1825 967 1910 999 caput
1925 963 1998 991 inter
2007 961 2103 990 nubila
2115 960 2223 991 condit.
2305 961 2369 992 Hoc
2388 963 2505 1002 (inquit

1404 996 1528 1033 Servius)
1549 997 1608 1027 vult
1618 999 1773 1034 ostendere,
1785 1009 1838 1028 nec
1848 999 1946 1030 humili
1956 1009 2018 1030 eam
2026 999 2145 1029 fortunae
2156 1008 2281 1037 parcere,
2295 1009 2349 1031 nec
2356 1000 2499 1040 superiori.

1384 1034 1476 1071 Caput
1487 1035 1575 1064 Orion
1589 1036 1661 1065 inter
1675 1035 1770 1066 nubila
1781 1037 1887 1067 condit.
1910 1037 1982 1075 Virg.
2002 1048 2044 1067 10.
2056 1037 2118 1068 AEn.
2131 1040 2196 1074 767.

1385 1072 1470 1102 Cibos
1480 1073 1608 1102 condunt
1618 1075 1742 1104 formicae
1752 1096 1761 1109 ,
1781 1075 1961 1105 Recondunt.
1984 1075 2053 1105 Plin.
2066 1074 2116 1104 lib.
2130 1084 2141 1104 1
2149 1084 2173 1104 1.
2190 1084 2249 1113 cap.
2261 1084 2304 1113 30.

1384 1110 1510 1147 Corpora
1520 1112 1548 1140 in
1559 1111 1729 1150 sarcophago
1750 1113 1881 1143 condere.
1922 1113 1991 1143 Plin.
2004 1112 2053 1142 lib.
2068 1116 2111 1149 36.
2127 1122 2188 1150 cap.
2207 1122 2248 1150 17.
2271 1113 2395 1152 Corpora
2406 1114 2507 1146 defun.

1402 1148 1510 1191 &orum
1527 1150 1641 1193 condita
1652 1151 1681 1179 in
1692 1159 1742 1186 eo,
1763 1150 1871 1180 absumi
1883 1152 1989 1181 constat
2002 1152 2074 1181 intra
2092 1151 2329 1189 quadragesimum
2345 1153 2438 1190 diem,
2457 1163 2506 1184 ex.

1382 1191 1490 1267 &222
1499 1186 1773 1263 {gffigffi'sepulcm
1796 1226 1882 1256 Ovid.
1895 1232 1921 1260 8.
1934 1226 2004 1257 Met.
2018 1235 2082 1262 234.

1380 1260 1463 1291 Diem
1475 1262 1605 1293 obduCtis
1614 1264 1717 1301 pennis
1727 1264 1936 1302 Stymphalides
1947 1265 2084 1294 condunt.
2106 1263 2173 1294 Sen.
2185 1264 2268 1295 Herc.
2279 1264 2331 1295 fur.
2342 1276 2371 1303 4.

1380 1298 1464 1366 DSIem
1482 1302 1761 1368 votarlcossdiderant.
1800 1302 1819 1333 i.
1831 1312 1856 1333 e.
1880 1302 2114 1341 consumpserant
2127 1302 2204 1333 diem
2218 1303 2291 1334 votis
2313 1305 2340 1334 ἃ
2359 1304 2502 1343 precibu&

1422 1344 1469 1367 tat.
1482 1347 1524 1368 10.
1573 1349 1600 1368 ie
1623 1351 1656 1373 ,ς
1680 1362 1686 1368 .

1379 1374 1464 1405 Diem
1473 1376 1574 1407 referre
1588 1379 1615 1407 ἃ
1623 1351 1743 1408 restitum
1753 1377 1874 1408 condere
1885 1400 1894 1414 ‚
1915 1377 1963 1408 Sol
1974 1378 2085 1408 dicitur.
2105 1378 2181 1416 Virg.
2195 1387 2219 1408 1.
2233 1378 2334 1418 Georg.
2345 1384 2412 1417 458.

1473 1415 1507 1443 At
1526 1414 1544 1444 fi
1554 1437 1563 1451 ‚
1585 1425 1671 1452 quum
1683 1416 1838 1454 reseretque
1846 1417 1922 1445 diem
1934 1438 1943 1452 ,
1965 1416 2124 1454 condetque
2140 1416 2274 1446 relatum,
2291 1444 2294 1449 ,

1472 1451 1593 1482 Lucidus
1602 1454 1676 1483 orbis
1687 1455 1749 1484 erit.
1843 1454 1861 1484 i.
1876 1464 1901 1484 e.
1924 1454 1956 1484 In
1967 1462 2030 1484 ortu
2044 1455 2070 1484 &
2087 1453 2195 1485 occasu.
2234 1454 2298 1485 Hoc
2308 1454 2344 1485 ad
2355 1454 2453 1485 futurae
2461 1453 2501 1486 se-

1398 1489 1523 1520 renitatis
1533 1492 1656 1529 pertinet
1665 1492 1779 1529 lignum.
1819 1492 1867 1522 Sic
1882 1492 2003 1523 Servius.

1378 1526 1487 1594 Dlivffitos
1499 1530 1621 1560 condere
1636 1529 1785 1560 inlumina
1800 1530 1918 1567 alicujus
1930 1553 1938 1568 ‚
1960 1530 1999 1560 est
2006 1529 2115 1560 Oculos
2128 1539 2225 1560 eruere
2237 1529 2331 1561 alicui.
2353 1530 2496 1569 Ovid.13.

1434 1572 1469 1595 et.
1488 1570 1550 1601 56¹·

1377 1602 1476 1633 Ensem
1487 1605 1516 1633 in
1528 1604 1643 1641 alicujus
1659 1615 1707 1635 ore
1717 1605 1830 1635 adverso
1845 1605 1978 1636 condere.
1998 1605 2072 1643 Virg.
2082 1615 2108 1641 9.
2129 1606 2191 1636 AEn.
2202 1611 2266 1642 348.

1377 1640 1490 1709 FpErrum
1505 1643 1628 1673 condere
1638 1643 1686 1673 sub
1700 1644 1814 1675 adverso
1822 1645 1936 1682 pectore
1947 1665 1956 1680 ,
1977 1643 2168 1674 Adversarium
2177 1643 2343 1674 interficere.
2364 1643 2438 1683 Virg.
2450 1654 2496 1676 ια.

1433 1690 1460 1709 n.
1474 1691 1490 1715 9
1511 1691 1538 1710 0.

1377 1691 1628 1749 Frudus5c0ndere
1639 1742 1647 1755 ‚
1670 1721 1696 1749 ἃ
1705 1718 1834 1750 Promere
1844 1741 1852 1756 ,
1873 1720 2018 1749 contraria.
2040 1719 2125 1749 Varro
2137 1719 2173 1750 de
2181 1719 2216 1750 R.
2226 1719 2260 1751 R.
2277 1719 2327 1750 lib.
2347 1731 2370 1750 r.
2382 1729 2443 1759 cap.
2449 1723 2496 1752 62.

1397 1754 1483 1791 Quod
1492 1766 1576 1786 nemo
1587 1758 1692 1787 fructus
1702 1758 1819 1793 condit,
1840 1757 1889 1787 nifi
1902 1763 1933 1787 ut
1944 1764 2065 1796 promat.

1376 1791 1491 1824 Fructus
1501 1795 1531 1823 in
1546 1795 1640 1825 cados.
1659 1795 1729 1826 Plin.
1746 1795 1796 1826 lib.
1811 1805 1854 1833 13.
1869 1805 1932 1834 cap.
1944 1806 1971 1832 4.

1376 1830 1499 1899 FNRUIS)
1505 1833 1628 1863 condere
1647 1835 1673 1864 ἃ.
1689 1843 1846 1873 reponere,
1866 1834 2015 1864 hominum
2035 1842 2094 1863 non
2113 1833 2256 1871 pecudum
2273 1833 2320 1864 est.
2342 1832 2400 1864 Cic.
2413 1842 2440 1864 2.
2460 1834 2498 1865 de

1427 1876 1461 1899 at.
1502 1880 1558 1900 eor.
1573 1881 1601 1906 ις
1627 1894 1632 1900 .

1376 1905 1559 1975 Ἑὲυιῗξηῐυηι
1576 1880 1724 1939 coiiditum
1742 1909 1861 1947 dicitur,
1881 1909 1970 1947 Quod
1989 1904 2020 1939 in
2039 1908 2146 1939 horreis
2156 1909 2306 1948 repositum
2319 1908 2366 1940 est.
2388 1909 2455 1941 Hor.
2467 1918 2494 1941 2.

1419 1956 1447 1983 pi
1473 1956 1517 1976 .1.
1530 1957 1592 1983 140.

1376 1981 1447 2012 Iram
1457 1984 1587 2014 condere.
1608 1984 1702 2015 Tacit.
1716 1994 1743 2015 2.
1762 1984 1833 2015 Ann.
1848 1989 1895 2019 28.

1376 2019 1502 2051 Lustrum
1517 2023 1647 2053 condere.
1671 2023 1729 2052 Cic.
1742 2032 1767 2053 2.
1780 2023 1816 2052 de
1830 2022 1907 2052 Orat.
1922 2025 1987 2057 268.
2009 2021 2041 2053 V.
2062 2031 2250 2054 LUSTRUM.

1376 2058 1504 2089 Mentem
1515 2061 1642 2090 condunt
1651 2061 1763 2090 oblivia.
1785 2061 1883 2090 Claud.
1895 2060 1978 2090 Cons-
1990 2060 2070 2091 Prob.
2082 2062 2109 2093 δι
2119 2061 2202 2098 Olyb.
2219 2062 2283 2092 166.

1376 2096 1582 2128 Scutalatentia
1590 2099 1720 2129 condere.
1747 2098 1821 2137 Virg.
1834 2107 1859 2135 3.
1875 2098 1938 2128 IEn.
1955 2107 2019 2136 237.

1659 2153 1696 2158 —
1704 2136 1847 2174 tectosque
1857 2146 1906 2174 per
1914 2137 2029 2166 herbam
2093 2160 2097 2165 .

1453 2173 1614 2211 Disponunt
1626 2174 1703 2204 enses
1714 2196 1721 2210 ‚
1741 2175 1769 2204 ’ἃ
1782 2174 1859 2205 scuta
1869 2174 1984 2204 latentia
2003 2174 2140 2205 condunt.
2220 2173 2240 2203 i.
2255 2183 2279 2204 e.
2301 2172 2494 2211 Disponunt&

1393 2212 1481 2241 tectos
1491 2211 1603 2242 faciunt.
1645 2213 1691 2242 Sic
1704 2214 1730 2242 ἃ
1743 2212 1818 2242 scuta
1828 2213 1979 2242 condendo
1990 2212 2074 2242 latere
2083 2211 2198 2242 faciunt.
2219 2212 2338 2242 Servius.

1374 2248 1474 2279 Secula
1487 2250 1573 2279 multa
1582 2250 1705 2279 condere
1716 2251 1847 2286 vivendo,
1859 2251 1897 2280 est
1909 2250 2006 2280 Vivere
2015 2250 2102 2280 multa
2110 2249 2491 2287 secula.Lucret.lib.3.1ro3.

1372 2286 1484 2316 Semina
1493 2287 1581 2317 arrosa
1590 2288 1719 2318 condunt
1727 2288 1860 2318 formicae.
1883 2288 1952 2318 Plin.
1966 2288 2015 2318 lib.
2027 2298 2070 2318 11.
2089 2298 2149 2327 cap.
2164 2296 2207 2325 30.

1372 2323 1452 2355 Soles
1461 2325 1560 2363 longos
1570 2326 1703 2356 condere.
1728 2326 1799 2364 Virg.
1813 2337 1839 2362 9.
1853 2326 1909 2356 Ecl.
1928 2335 1971 2362 5²-

1725 2379 1763 2385 -—
1772 2365 1843 2402 saepe
1851 2374 1904 2402 ego
1915 2364 2016 2402 longos

1464 2400 1612 2430 Cantando
1629 2411 1747 2439 puerum
1766 2403 1884 2432 memini
1900 2412 1946 2431 me
1966 2402 2090 2432 condere
2106 2401 2188 2432 soles.

1392 2437 1452 2467 dies
1463 2438 1559 2473 finire,
1581 2441 1606 2469 Sc
1618 2440 1701 2477 usque
1716 2440 1751 2469 ad
1759 2439 1889 2470 occasum
1903 2440 2013 2470 ducere.
2042 2440 2162 2469 Servius.

1371 2475 1504 2543 SRissmulos
1520 2475 1604 2506 alicui
1622 2478 1744 2507 condere
1766 2479 1796 2507 in
1814 2479 1947 2516 pectore,
1975 2479 1994 2509 i.
2007 2487 2032 2508 e.
2063 2477 2194 2516 Instigare
2208 2475 2340 2515 aliquem.
2366 2477 2451 2508 Ovid.
2465 2486 2491 2508 x.

1425 2521 1460 2543 et.
1471 2518 1533 2549 726.

1370 2550 1475 2581 succos
1485 2562 1545 2581 uvae
1556 2553 1686 2583 condere.
1709 2554 1728 2583 i.
1748 2563 1772 2583 e.
1793 2553 1906 2584 Vinum.
1927 2553 2023 2584 Tibul.
2041 2562 2064 2582 1.
2081 2562 2124 2583 10.
2139 2563 2187 2590 49.

1464 2589 1516 2618 Pax
1529 2590 1598 2619 aluit
1608 2592 1692 2626 vites,
1717 2592 1743 2621 &
1753 2591 1849 2621 succos
1864 2592 1992 2621 condidit
2008 2600 2078 2621 uvae.

1370 2625 1475 2656 Vocem
1487 2628 1607 2657 condere
1617 2629 1736 2659 auribus.
1759 2629 1845 2659 Ovid.
1858 2639 1904 2659 20.
1916 2629 1998 2668 Epist.
2012 2635 2057 2664 98.

1371 2663 1470 2694 Vultus
1482 2666 1601 2696 condere
1611 2666 1657 2696 Sol
1669 2667 1771 2696 dicitur
1782 2668 1924 2697 occidens.
1947 2668 2031 2697 Ovid.
2043 2676 2070 2697 2.
2080 2666 2147 2697 Fast.
2159 2668 2224 2704 786.

1370 2701 1470 2731 Vultus
1482 2704 1579 2732 condit
1593 2704 1678 2734 Luna.
1700 2704 1786 2734 Valet.
1803 2715 1828 2741 7.
1842 2707 1940 2742 Argon.
1952 2715 2015 2741 390.

1370 2739 1499 2769 Condere
1511 2763 1519 2776 ‚
1541 2738 1646 2778 [κῖέζω
1659 2764 1668 2778 ,
1687 2739 1849 2779 δὴμεκςγεῖν]
1870 2741 2034 2776 AEdificare‚
2057 2741 2236 2778 construere,
2255 2741 2328 2780 quast
2347 2741 2426 2772 simul
2443 2742 2492 2772 da-

1389 2787 1426 2806 re.
1467 2778 1525 2808 Cic.
1538 2789 1564 2808 2.
1580 2780 1615 2808 de
1630 2780 1721 2809 Divin.
1733 2786 1779 2816 84.
1811 2780 1921 2819 Nempe
1937 2791 1971 2811 eo
1989 2781 2129 2811 Romulus
2144 2780 2272 2818 regiones
2291 2780 2394 2810 direxit
2411 2788 2490 2816 tum,

1386 2825 1473 2852 quum
1484 2816 1581 2846 urbem
1593 2818 1731 2848 condidit.

1370 2853 1453 2883 Aroes
1465 2855 1594 2884 condidit
1603 2855 1698 2885 Pallas.
1720 2855 1793 2894 Virg.
1805 2865 1831 2885 2.
1842 2856 1900 2887 Ecl.
1915 2860 1961 2887 61.

1653 2908 1690 2913 —
1702 2893 1787 2923 Pallas
1798 2904 1864 2931 quas
1875 2894 2003 2924 condidit
2014 2903 2090 2924 arces
2100 2915 2109 2928 .

1448 2928 1507 2967 Ipsa
1519 2930 1612 2960 collat.
1706 2931 1761 2960 Ubi
1777 2932 1903 2968 Servius,
1937 2932 2003 2962 ldeo
2024 2932 2076 2961 dea
2097 2930 2198 2961 artium
2218 2930 2345 2961 Minerva
2367 2931 2489 2967 dicitur,

1388 2967 1453 3001 quia
1465 2968 1500 2996 de
1509 2969 1600 3006 capite
1609 2968 1687 3004 Jovis
1700 2976 1762 2999 nata
1772 2970 1828 2999 est:
1851 2970 1897 3000 sed
1908 2971 1974 3007 quia
1991 2969 2044 2999 dea
2056 2970 2155 2999 artium
2177 2970 2204 2999 &
2215 2970 2337 3007 ingenii,
2357 2970 2422 2998 ideo
2440 2969 2490 2998 ista

1387 3003 1537 3071 §inguntsun
1576 3006 1655 3036 Nihil
1671 3008 1748 3037 enim
1759 3008 1798 3037 est
1813 3008 1997 3038 excellentius
2008 3008 2142 3046 ingenio:
2163 3007 2269 3046 quippe
2288 3017 2343 3045 quo
2359 3013 2490 3045 reguntur

1389 3051 1487 3071 univer
1499 3053 1523 3072 a.

1368 3078 1503 3110 Examina
1517 3091 1583 3119 apes
1597 3082 1732 3112 condunt.
1755 3082 1829 3121 Virg.
1837 3091 1864 3113 2.
1883 3082 1984 3120 Georg.
2001 3091 2068 3119 452.

1369 3117 1434 3148 Fata
1447 3128 1528 3148 nova.
1552 3119 1624 3157 Virg.
1644 3131 1685 3150 ro.
1698 3120 1760 3150 AEn.
1776 3129 1820 3157 34.

1640 3173 1677 3179 —-
1691 3157 1729 3187 sin
1739 3164 1782 3188 tot
1793 3157 1921 3196 responsa
1931 3157 2041 3195 sequuti

1461 3192 1531 3229 Qua:
1542 3193 1631 3232 superi
1643 3195 1791 3233 manesque
1799 3196 1919 3232 dabant,
1940 3206 1989 3226 cur
2003 3198 2080 3225 nune
2090 3200 2135 3225 tua
2150 3194 2293 3233 quisquam

1462 3231 1585 3261 Flectere
1596 3233 1663 3268 joffa
1674 3234 1763 3271 potest
1772 3235 1786 3262 ‘2
1807 3240 1855 3263 aut
1867 3244 1916 3263 cur
1925 3243 1998 3264 nova
2009 3233 2135 3264 condere
2145 3233 2222 3263 fata?

1368 3268 1488 3298 Gentem
1502 3291 1509 3303 ,
1533 3269 1690 3307 Propagare.
1712 3271 1784 3309 Virg.
1798 3281 1821 3301 r.
1836 3272 1896 3302 AEn.
1914 3280 1958 3308 37.

1368 3305 1434 3341 Jura
1447 3307 1577 3337 condere.
1600 3309 1684 3338 Ovid.
1695 3309 1774 3339 Rem.
1791 3310 1881 3339 Amor.
1894 3313 1959 3344 465·

1368 3344 1506 3373 Mavortia
1519 3347 1622 3375 moenia
1632 3347 1753 3376 condere
1763 3368 1771 3381 ,
1794 3347 1943 3377 Civitatem
1951 3347 2067 3377 fortium
2077 3346 2212 3377 virorum.
2233 3346 2307 3384 Virg.
2322 3354 2346 3376 ι.
2357 3345 2489 3381 AEn.280.

1368 3381 1475 3411 Muros.
1498 3381 1600 3412 Lucan.
1615 3384 1649 3412 ad
1664 3384 1749 3413 Pison.
1764 3394 1809 3421 79.
2354 3389 2356 3392 ’

1367 3418 1480 3449 Nomen
1491 3422 1714 3452 memorandum.
1736 3422 1783 3452 Sil.
1794 3421 1843 3451 lib.
1853 3432 1879 3458 4.
1892 3431 1935 3459 37.

1402 3495 1407 3499 -
1460 3458 1501 3486 Ad
1515 3458 1616 3494 decus,
1639 3461 1665 3489 ἃ
1682 3460 1779 3491 dextra
1789 3459 2004 3490 memorandum
2016 3459 2140 3490 condere
2157 3468 2271 3489 nomen.

1386 3504 1454 3524 nam
1464 3504 1634 3533 comparare.

1367 3531 1582 3570 Rempublicam
1606 3534 1727 3564 conde-re
1739 3556 1747 3569 ,
1778 3534 1824 3563 cui
1844 3534 1998 3572 opponitur
2016 3534 2155 3564 occidere.
2195 3534 2252 3564 Cic.
2271 3543 2321 3571 pro
2336 3533 2428 3564 Domo
2439 3535 2485 3569 96.

1384 3570 1511 3608 Remque
1518 3571 1659 3608 publicam
1669 3572 1790 3601 condere
1801 3572 1883 3602 unius
1894 3570 2021 3601 discelsu.
2034 3582 2116 3607 quam
2126 3572 2241 3601 interitu
2251 3571 2379 3601 occidere
2388 3570 2483 3602 malui.

1366 3607 1465 3637 Secula
1477 3618 1557 3637 aurea
1568 3610 1689 3638 condere
1698 3631 1707 3644 ,
1729 3610 1797 3639 Orbi
1810 3609 1973 3639 felicitatem
1983 3609 2088 3639 afferre.
2112 3609 2184 3647 Virg.
2200 3615 2225 3639 ⁶·
2239 3609 2302 3640 IEn.
2312 3619 2375 3646 792.

1448 3646 1580 3712 [Singulstus
1595 3647 1681 3677 Caesar
1694 3647 1792 3677 divum
1803 3657 1891 3685 genus
1903 3657 1985 3678 aurea
1995 3647 2099 3677 condet

1468 3693 1518 3713 ccu
1534 3694 1557 3713 a.

1366 3718 1471 3749 Urbem
1482 3730 1591 3750 novam.
1614 3721 1685 3760 Virg.
1704 3731 1727 3751 1.
1739 3722 1801 3752 AEn.
1815 3725 1877 3759 526.

1368 3758 1498 3787 Condere
1509 3780 1517 3792 ³
1539 3756 1751 3795 [cursam-209...]
1772 3760 1957 3798 Componere.
1969 3765 2020 3795 ut,
2037 3757 2167 3789 Condere
2178 3768 2298 3790 carmen.
2313 3758 2370 3789 Liv.
2382 3766 2426 3796 27.
2440 3766 2483 3796 Π.

1387 3795 1455 3825 Hor.
1466 3795 1494 3824 in
1505 3796 1568 3825 Arte
1579 3796 1653 3826 Poet.
1665 3801 1728 3832 436.

1367 3832 1500 3862 Numeris
1511 3834 1757 3870 aliquid-condere.
1767 3835 1936 3865 estCarmine
1945 3834 2050 3872 aliquid
2058 3833 2482 3869 conscribere.0vid.⁶.Fast.n⁴.

1368 3869 1444 3900 Bella
1459 3871 1589 3900 condere.
1612 3871 1686 3906 Virg.
1699 3876 1724 3901 6.
1739 3872 1795 3902 Ecl.
1809 3877 1834 3903 6.

1561 3925 1597 3929 -
1607 3918 1727 3946 namque
1739 3910 1819 3949 super
1830 3910 1882 3940 tibi
1892 3915 1973 3940 erunt
1984 3931 1992 3943 ,
2010 3909 2056 3946 qui
2071 3909 2164 3940 dicere
2179 3909 2293 3946 laudes,

1460 3943 1530 3974 Vare
1541 3966 1551 3982 ,
1567 3952 1627 3977 tuas
1638 3947 1754 3987 cupiant
1769 3970 1777 3985 ‚
1798 3949 1825 3980 ἃ
1834 3948 1921 3979 tristia
1928 3947 2050 3978 condere
2063 3947 2146 3978 bella-

2295 2401 2314 2432 i.
2325 2410 2348 2431 e.
2377 2401 2494 2432 AEstivos

1991 3418 1994 3433 ¹
2096 3422 2218 3458 -juvat
2231 3414 2270 3451 ire
2283 3421 2395 3460 periclis

2347 3459 2367 3488 i.
2379 3469 2403 3488 e.
2422 3456 2487 3489 Glo-

2366 3982 2484 4013 'carrum
