2641 4187
34 1428 38 1433 .
84 1400 109 1415 “
133 1397 222 1434 seha.

627 116 665 166 P
701 117 746 165 R
778 116 839 166 AE
875 116 910 165 F
945 122 990 166 A
1027 119 1075 168 T
1110 118 1128 169 1
1166 122 1215 170 O
1286 124 1408 175 Edit.
1446 125 1643 178 [ondin.
1675 143 1845 199 1735.
2418 155 2447 208 3

76 225 100 242 ‘⁸
123 223 177 259 tis.
227 221 384 261 Necnon
409 230 490 255 cum
518 218 623 254 certis
644 218 935 256 annotationibus
959 227 1158 256 memoratu
1182 221 1233 257 di-

77 274 100 289 “
124 272 204 319 gnis
237 282 309 319 quo
339 268 471 305 facilius
504 279 543 303 ea
571 277 641 315 que
667 273 863 314 queruntur
884 270 1082 317 investigari
1106 269 1236 317 pollint

77 316 101 338 “
125 317 466 358 mcccccxx.ib1.

147 368 253 405 Suam
277 374 414 403 aetatem
443 362 566 412 prodit
583 362 699 400 Autor
725 362 769 399 ad
788 361 930 397 Catholici
947 364 1065 401 finem,
1120 369 1141 383 ‘<
1168 367 1234 403 Ca-

77 419 101 435 “
127 416 291 454 tliolicon
318 414 496 460 (dicitur)
521 424 565 449 ex
580 411 701 448 multis
731 413 768 448 δε
793 411 933 448 diver-fis
954 414 1142 450 doctorum
1162 422 1238 451 tex-

29 496 39 501 ..
78 468 104 484 '⁸
128 467 212 503 turis
231 464 451 502 elaboratum
475 468 580 509 atque
599 467 832 497 contextum:
863 462 898 496 ἃ
918 473 980 508 per
998 463 1108 498 multa
1126 476 1237 499 anuo-

77 518 103 533 ““
127 526 206 552 rum
220 511 393 550 curricula
408 513 445 548 in
464 508 672 551 millesimo,
694 508 937 546 ducentesimo
950 539 958 552 ,
986 512 1237 559 minag-elium,

81 567 104 582 “
129 563 227 600 sexto
251 571 346 598 anno
362 560 503 597 domini
524 561 630 595 nonis
654 560 770 595 martii
789 559 832 594 ad
852 557 959 595 linem
983 560 1089 608 usque
1111 562 1240 607 perdu-

80 616 104 631 '‘
130 613 232 649 Cium.
252 614 269 628 ’³
318 610 427 655 Cujus
442 610 526 645 item
540 609 647 644 aetatis
667 615 790 644 uotam
814 607 959 645 exhibet
981 609 1073 646 Cod.
1097 610 1239 643 Catholici

79 659 158 701 MS.
179 662 216 697 in
237 658 459 698 Bibliotheca
474 657 583 704 Regis
605 653 892 694 Cliristianiffimi.
944 657 1056 694 Autor
1072 666 1144 694 erat
1166 658 1240 707 Jo-

78 720 230 747 ANNES
253 708 426 746 Barrus
446 706 562 743 nobili
582 705 667 743 loco
689 713 789 742 natus
817 704 910 752 apud
935 706 1157 748 Genuenses‚
1185 708 1241 743 lit-

80 761 164 796 'teris
178 760 276 804 juxta
296 758 332 793 ὃς
351 759 479 804 pietate
498 754 607 802 longe
627 755 876 792 celeberrimus
890 782 898 795 ‚
928 758 986 803 qui
1000 756 1099 792 aliter
1114 758 1148 792 ἃ
1163 758 1241 804 qui-

79 807 164 844 dem
184 808 304 855 saepius
328 806 456 842 dicitur
477 804 684 853 JOANNES
706 813 761 841 Dr:
782 801 935 852 JANUA
960 805 1016 841 seu
1064 816 1242 841 ANUl-:N-

82 868 146 893 s1s
174 854 229 902 [aJ.
257 855 309 893 Ita
329 857 426 892 enim
441 853 607 888 catholicon
629 855 665 889 in
684 856 797 897 Janua.
845 855 867 869 “
891 852 981 890 Item
999 867 1017 890 a
1056 866 1143 890 anua
1157 865 1242 901 por-

82 910 106 924 “
130 913 165 942 ta
179 905 316 951 †dit‘tus
337 905 385 941 est
396 903 507 953 Janua
528 901 573 949 [h]
600 901 753 951 quedam
766 902 888 938 civitas
910 910 1037 950 potens
1052 932 1060 946 ,
1089 903 1240 944 nobilis,

74 959 106 1001 ,“
131 954 279 1002 pulchra
304 955 340 990 δε
358 953 456 990 dives
475 954 573 999 juxta
589 962 686 987 mare
709 949 768 987 sita
786 952 820 986 Sc
844 951 891 986 est
908 951 1001 1001 quasi
1021 954 1186 989 introitus
1205 953 1242 987 δε

80 1004 106 1022 ““
131 1010 235 1052 porta
252 1002 493 1043 Lombardie,
519 1000 667 1042 Tuscie,
701 999 901 1037 Provincie.
950 1000 1064 1048 Hujus
1092 1003 1242 1038 civitatis

84 1056 107 1072 “
131 1053 303 1090 oriundus
318 1053 382 1089 suit
398 1050 602 1098 conpilator
618 1049 786 1097 presentis
804 1048 916 1085 libelli
932 1053 993 1098 qui
1013 1051 1142 1088 dicitur
1159 1062 1245 1098 pro·
1301 1052 1324 1069 ‘⁵

82 1106 107 1121 “
131 1102 227 1139 sodia
247 1102 303 1139 vel
323 1099 550 1139 Catholicon.
603 1098 819 1149 Conpilator
839 1096 1011 1146 siquidem
1034 1100 1127 1136 istius
1156 1111 1245 1147 ope-

84 1155 109 1170 “
134 1153 180 1188 ris
199 1152 308 1188 dictus
333 1150 380 1186 est
403 1150 506 1185 frater
517 1147 700 1196 Johannes
719 1146 901 1196 =januensis
922 1148 966 1185 de
985 1148 1100 1186 Balbis
1122 1148 1166 1185 de
1186 1160 1245 1185 or-

84 1204 108 1220 “
134 1201 217 1238 dine
236 1201 379 1237 fratrum
400 1197 667 1246 predicatorum
685 1197 872 1239 modicus,
904 1199 965 1245 qui
983 1200 1097 1235 eciam
1117 1199 1245 1246 conpi-

83 1254 108 1271 “
135 1250 219 1286 lavit
237 1249 344 1285 alium
368 1247 529 1284 libellum
555 1248 592 1283 in
616 1246 802 1294 theologia
832 1248 893 1295 qui
916 1246 1045 1284 dicitur
1069 1247 1245 1296 dyalogus

85 1302 110 1317 “
134 1299 178 1335 de
203 1298 444 1347 questionibus
471 1298 588 1333 anime
606 1296 651 1332 ad
668 1295 852 1344 spiritum,
881 1298 942 1344 qui
966 1298 1071 1333 etiam
1091 1308 1246 1344 compo-

85 1351 109 1367 “
130 1347 195 1384 suit
214 1346 397 1396 quoddam
419 1357 509 1394 opus
527 1345 660 1393 pascale
672 1345 734 1382 ubi
753 1344 795 1381 sc.
817 1344 862 1381 de
882 1345 976 1382 iacili
997 1348 1171 1394 reperitur
1186 1357 1247 1394 pa-

84 1449 109 1465 “
130 1458 216 1483 nem
238 1447 392 1482 intraret.
413 1448 440 1481 ”.
493 1444 562 1482 Cui
583 1444 757 1480 consonat
774 1442 958 1491 Supplem.
982 1444 1155 1482 Chronic.
1175 1447 1243 1489 Jac.

84 1495 186 1540 Philip.
205 1495 396 1542 Bergomenfis
413 1493 456 1530 ad
478 1493 518 1531 A.
540 1493 582 1531 C.
605 1504 708 1537 1290.
756 1496 780 1510 “
805 1492 963 1541 Joannes
987 1493 1114 1531 Balbus
1130 1495 1248 1530 natio-

85 1549 112 1564 “
137 1557 182 1582 ne
202 1543 398 1582 Genuensis
418 1543 554 1580 ordinis
581 1542 852 1580 Predicatorum
876 1542 1070 1590 profeffor,
1106 1544 1159 1580 vir
1180 1544 1247 1579 bo·-

85 1598 111 1613 “
136 1606 262 1630 narum
297 1595 425 1630 artium
456 1593 491 1629 δε
517 1592 637 1629 studiis
665 1591 880 1633 adornatus,
908 1603 972 1639 per
1004 1592 1077 1629 hoc
1105 1599 1246 1640 tempus

86 1647 112 1662 “
141 1643 293 1692 plurima
311 1642 486 1679 vocabula
509 1641 545 1678 &
569 1642 680 1678 ferme
707 1642 830 1677 omnia
855 1649 1016 1678 accurate
1043 1641 1248 1689 diligenter-

84 1697 110 1713 “
135 1704 204 1742 que
230 1694 267 1730 in
286 1692 460 1729 volumen
480 1690 648 1739 collegit,
685 1690 787 1739 quod
815 1690 961 1738 quidem
991 1703 1082 1738 opus
1110 1690 1152 1737 [c]
1181 1690 1249 1728 Ca-

86 1746 113 1761 “
139 1742 327 1784 tholicon,
353 1744 375 1779 i.
392 1753 421 1778 e.
448 1740 651 1777 Univerlale
677 1741 889 1777 nominavit.
936 1740 1043 1777 Aliud
1079 1746 1249 1788 praeterea

87 1795 113 1810 “
139 1791 349 1839 opusculum
371 1792 409 1827 in
429 1790 580 1838 Dialogi
593 1789 746 1826 modum
765 1800 839 1837 quo
860 1790 1102 1837 questionibus
1121 1791 1248 1826 animae

84 1844 110 1859 ‘⁶
136 1842 179 1878 ad
190 1839 537 1889 spiritum††edidit.
587 1838 1182 1888 Scripseratque&antereligionis
1195 1840 1249 1875 in-

86 1894 113 1908 “
139 1890 292 1939 gressum
310 1889 354 1927 de
377 1890 516 1927 ratione
547 1889 667 1937 pasce,
696 1900 769 1936 quo
789 1888 978 1937 completo
998 1891 1069 1936 jam
1089 1888 1249 1936 grandae-
1305 1893 1328 1907 ‘⁵

86 1943 114 1958 “
137 1952 200 1978 vus
218 1940 261 1978 ad
283 1940 498 1988 religionem
517 1937 683 1975 transiens
703 1937 882 1975 facultates
908 1938 981 1975 suas
1008 1938 1085 1975 satis
1112 1937 1247 1986 amplas

86 1993 111 2007 “
135 1991 350 2039 pauperibus
372 1990 554 2037 erogavit.
891 2007 896 2011 -

157 2038 345 2078 BALBUM
376 2045 539 2075 autorem
558 2038 717 2075 nostrum
738 2036 857 2074 multis
880 2037 1068 2085 praeconiis
1084 2035 1248 2073 honesta-

84 2096 191 2131 runt,
219 2091 280 2138 qui
296 2088 470 2136 Ligurum
491 2100 545 2124 res
568 2088 603 2123 ἃ
621 2088 781 2124 historias
802 2086 965 2128 tradant,
993 2086 1050 2123 vel
1070 2087 1114 2123 de
1137 2085 1249 2123 Ordi-

85 2150 132 2176 ne
151 2138 427 2176 Praedicat01·uni
451 2136 649 2186 quidquam
665 2137 790 2173 litteris
811 2135 1024 2172 mandarunt
1049 2134 1108 2182 [ιη.
1158 2135 1249 2173 Prae-

87 2195 142 2225 ter
159 2188 279 2225 laudes
298 2199 383 2236 quas
404 2199 449 2224 ex
469 2187 602 2234 scriptis
616 2186 775 2234 undique
789 2188 1004 2234 reportavit,
1028 2197 1067 2221 ea
1086 2191 1159 2221 erat
1169 2196 1250 2221 rno-

86 2250 167 2275 rum
193 2238 390 2279 sanctitate,
415 2244 455 2274 ut
489 2238 525 2272 in
553 2247 744 2273 numerum
771 2235 979 2272 Sanctorum
1007 2246 1101 2282 pene
1129 2234 1250 2270 referri

86 2287 277 2325 videretur.
323 2286 539 2324 ERAsnrus
577 2287 638 2334 qui
657 2284 719 2321 libi
741 2286 778 2321 in
798 2284 836 2322 id
853 2285 966 2321 solum
988 2291 1088 2319 natus
1107 2283 1173 2320 effe
1199 2285 1250 2320 vi-

88 2337 236 2374 debatur
254 2343 294 2373 ut
311 2336 511 2375 Barbarieni
526 2334 739 2375 debellaret,
764 2336 897 2382 ubique
918 2334 989 2370 fere
1006 2340 1168 2369 autorem
1183 2345 1250 2369 no-

87 2387 196 2424 strum
226 2386 347 2423 misere
381 2384 587 2433 proscindit.
640 2387 663 2401 “
691 2383 814 2424 Deum
843 2382 1111 2421 Immortalem!
1148 2382 1248 2429 Quas

87 2439 112 2454 ‘'‘
138 2437 267 2473 naenias
291 2435 435 2472 adducit
462 2434 595 2473 Aut‘mr
623 2432 842 2471 Catholicon
869 2433 914 2470 de
940 2432 1006 2468 hac
1035 2443 1124 2468 voce
1148 2434 1250 2476 Triste.

87 2488 112 2503 “
132 2487 213 2532 gon!
238 2484 276 2525 O
296 2485 461 2522 miserum
476 2484 566 2521 illud
581 2482 763 2520 saeculum!
791 2494 900 2532 quum
924 2493 969 2519 ex
984 2481 1186 2527 hujusmodi
1208 2481 1251 2518 li-

90 2537 115 2553 “
142 2536 212 2573 bris
235 2535 333 2572 velut
356 2546 401 2571 ex
420 2533 533 2583 adytis
553 2534 763 2581 petebantur
785 2532 927 2570 oracula
951 2531 1143 2568 literarum.
1161 2534 1178 2547 '’
1205 2530 1250 2567 ad

87 2582 161 2624 Ac't.
182 2583 302 2633 Apost.
327 2595 383 2621 20.
402 2595 436 2627 9.
489 2587 511 2602 ‘⁶
535 2582 615 2631 Jarn
632 2590 767 2630 quanto
793 2582 968 2622 insulsius,
996 2581 1111 2617 immo
1134 2581 1251 2627 impu-

89 2637 113 2651 “
139 2634 278 2671 dentius
293 2633 419 2670 delirat
436 2633 537 2681 super
551 2632 617 2669 hac
637 2643 727 2668 voce
752 2631 909 2678 [Melota]
937 2629 1090 2679 quisquis
1108 2630 1172 2666 fuit
1191 2641 1250 2666 au-

89 2686 114 2701 “
136 2683 213 2721 &ror
237 2685 357 2732 operis
380 2685 546 2720 omnium
570 2679 796 2718 indotuffimi
818 2681 919 2730 quod
937 2686 1069 2717 vocant
1087 2679 1250 2718 Catholi-

89 2736 113 2751 “
137 2733 227 2770 conl
246 2736 265 2751 '³
291 2733 335 2769 ad
353 2731 456 2780 Epist.
477 2730 521 2768 ad
540 2731 649 2769 Hebr.
678 2743 732 2767 11.
758 2741 812 2777 37.

160 2779 655 2830 ComposuitJANUENsm
679 2788 805 2828 praeter
835 2791 944 2826 opera
974 2778 1129 2826 superius
1159 2778 1249 2814 reci-

89 2838 178 2874 tata,
205 2830 384 2869 Postillam
404 2833 439 2867 in
465 2838 618 2880 quatuor
635 2829 826 2877 Evangelia
849 2829 1042 2866 secundum
1062 2827 1249 2864 consuetu-

87 2881 210 2918 dinem
239 2880 510 2922 Scholasticam,
547 2879 659 2916 hodie
686 2879 865 2915 visendam
893 2878 1029 2916 Genuae
1056 2878 1092 2913 in
1117 2877 1250 2914 Biblio-

88 2930 191 2968 theca
206 2929 416 2969 Conventus
428 2928 590 2968 Fratrum
608 2928 885 2968 Praedicatoruni
911 2927 970 2976 [d].
1022 2926 1116 2964 Cum
1131 2933 1249 2964 autem

121 3050 170 3087 [a]
190 3049 326 3081 Confusus
344 3059 410 3080 cum
425 3049 537 3078 Antonio
552 3047 680 3087 sanuenfi
696 3048 764 3079 Ord.
777 3047 805 3079 S.
819 3045 959 3085 Augustini
970 3045 1017 3084 qui
1034 3044 1158 3077 interfuit
1171 3047 1247 3078 Con·

27 3121 40 3123 ,
86 3089 224 3120 stantiensi
241 3087 372 3119 Concilio
392 3093 472 3124 14¹8.
487 3098 502 3117 a
521 3088 564 3117 Cl.
583 3086 693 3125 Jamesto
704 3089 733 3116 in
752 3087 853 3124 Ecloga
866 3084 946 3116 MSS.
964 3085 1053 3114 Codd.
1067 3088 1164 3112 Oxonio
1178 3089 1246 3113 Can·
1303 3088 1323 3102 “

85 3125 236 3163 enbri'gimsi.
275 3126 347 3156 Cum
373 3125 462 3161 Iacobo
478 3124 605 3163 januensi
619 3126 672 3154 five
692 3126 721 3153 do
737 3131 856 3161 Voragme
875 3124 991 3153 Ordinis
1006 3123 1105 3152 itidem
1122 3123 1247 3153 Fratrum
1304 3126 1324 3140 “

85 3165 300 3195 Praedicatorum
311 3186 320 3199 ‚
340 3164 481 3194 Genuensi
497 3163 602 3193 deinde
621 3163 849 3202 Archiepiscopo,
869 3162 903 3191 ab
913 3162 1010 3189 oudino
1023 3162 1052 3190 in
1067 3160 1248 3199 supplemen-
1304 3164 1324 3178 “

84 3210 118 3234 to
140 3204 176 3233 de
189 3202 378 3240 Scriptoribus
390 3202 583 3232 Ecclesiasticis
603 3211 620 3230 a
641 3203 785 3228 Bellarmino
804 3200 909 3230 omissis
928 3211 956 3238 p.
980 3203 1042 3233 561.
1070 3209 1153 3236 quem
1173 3207 1247 3229 erro-
1304 3202 1325 3216 “

86 3250 147 3273 rem
168 3242 198 3270 in
215 3240 307 3279 plenis
323 3240 531 3270 commentariis
548 3240 585 3269 de
607 3238 703 3268 iisdem
724 3239 915 3277 Scriptoribus
935 3243 1048 3267 revocat
1068 3237 1151 3267 Tom.
1167 3247 1191 3273 3.
1215 3248 1244 3275 p.

89 3288 152 3316 577.
193 3278 281 3308 Caute
293 3279 362 3308 item
383 3277 595 3315 distinguendus
610 3287 627 3307 a
644 3279 738 3305 Simone
755 3275 882 3316 fanumst
897 3277 942 3314 qui
957 3275 1165 3306 vocabularium
1178 3284 1247 3313 quo..

85 3327 141 3356 que
152 3315 335 3355 compilavit,
358 3316 394 3346 de
413 3325 469 3354 quo
489 3325 542 3345 nos
560 3315 637 3344 alibi.

124 3354 227 3385 Contra
244 3354 318 3384 male
340 3354 483 3392 distinguit
500 3353 659 3392 januensem
681 3353 804 3383 nostrum
821 3363 837 3383 a
850 3350 969 3391 johanne
988 3352 1018 3378 de
1029 3355 1118 3378 Genua
1136 3349 1246 3377 Ambro-

82 3392 134 3431 sius
152 3393 180 3421 de
198 3393 262 3421 Alta
280 3397 360 3420 Mura
382 3392 515 3422 Biblioth.
540 3391 718 3422 Dominican.
742 3402 769 3428 ρ.
788 3400 849 3426 ¹52·
867 3390 894 3420 b.
917 3392 943 3419 &
963 3399 1024 3425 501.
1043 3399 1067 3418 a.
1113 3388 1245 3426 Imperite

89 3431 211 3461 distrahit
232 3431 261 3461 iri
278 3437 396 3468 quatuor
415 3429 589 3459 Bibliotheca
609 3429 877 3464 Simlero-Frisiana,
911 3428 948 3458 sc.
970 3429 999 3456 in
1022 3425 1165 3464 johannem
1189 3427 1246 3453 Bal-

87 3468 162 3505 bum,
181 3467 325 3507 johannem
344 3470 513 3505 Comensem,
534 3467 679 3506 johannem
694 3468 724 3494 de
741 3466 834 3505 janua
853 3468 879 3496 &
896 3464 1040 3503 johannem
1060 3463 1224 3501 januensem.

126 3506 168 3543 [b]
188 3507 228 3537 lta
243 3506 409 3544 posteriores
431 3515 543 3544 coepere
564 3505 643 3542 loqui
663 3515 714 3543 pro
735 3510 823 3534 Genua
845 3505 958 3534 civitate
983 3503 1115 3540 Ligurum
1139 3502 1245 3539 magni.

86 3544 139 3575 fica
158 3547 184 3575 &
202 3544 328 3583 superba.
372 3544 428 3574 Sed
449 3554 513 3574 cum
534 3544 610 3581 apud
634 3544 763 3580 antiquos
787 3542 895 3580 semper
923 3545 1011 3569 Genua
1031 3540 1241 3578 proferebatur,

85 3582 237 3613 futiliffima
256 3583 309 3612 erit
327 3582 437 3612 Autoris
457 3582 542 3611 nostri
566 3580 748 3618 Etymologia.
789 3580 957 3617 Quanquam
980 3588 1071 3615 neque
1088 3578 1163 3607 istius
1178 3588 1244 3615 gen-

85 3621 122 3651 tis
141 3620 275 3651 historicis
314 3621 387 3650 otior
411 3620 503 3649 adhuc
523 3620 578 3649 fuit
597 3627 752 3657 comperta.
807 3623 826 3633 *⁸
846 3616 926 3647 Unde
944 3617 998 3646 hoc
1016 3624 1121 3645 nomen
1141 3615 1245 3646 habeat

86 3659 107 3674 “
128 3659 242 3688 ἀυέὶυπι
262 3660 275 3725 ἓ
311 3658 356 3688 rbs
371 3659 481 3694 Genua)
502 3666 593 3695 neque
605 3663 784 3695 compertum
796 3655 983 3694 quaerentibus
995 3655 1033 3683 est
1043 3675 1050 3689 ,
1073 3663 1165 3691 neque
1176 3664 1243 3684 cum

83 3697 106 3713 “
125 3706 225 3734 magno
242 3707 260 3726 u
274 3696 301 3725 lo
321 3695 385 3726 sane
405 3705 496 3733 operae
522 3696 613 3733 pretio
635 3695 773 3732 quaeritur.
815 3694 886 3724 Nam
901 3703 960 3731 quae
983 3692 1018 3722 de
1033 3691 1105 3727 sano
1125 3694 1241 3727 Trojano,

83 3736 106 3750 “
127 3736 154 3764 &
172 3735 208 3764 de
228 3734 315 3764 altero
326 3734 399 3772 Jano
417 3735 496 3762 Genio
519 3734 596 3771 Rege
614 3732 718 3766 Italiae,
741 3742 773 3762 ac
786 3731 822 3761 de
841 3737 928 3760 Germe
946 3731 1068 3767 quodam
1084 3730 1111 3759 ὅ(
1129 3732 1243 3756 Genuam

83 3774 104 3788 “¹
125 3770 253 3802 nonnulli
270 3770 463 3807 somniarunt,
496 3780 528 3801 ea
555 3780 646 3809 neque
668 3770 733 3800 ullis
753 3769 834 3799 certis
853 3769 1027 3799 historiarum
1050 3768 1243 3797 monumentis

83 3812 104 3827 “
125 3811 226 3848 quibus
250 3809 351 3839 stemus
374 3810 540 3844 traduntur,
563 3819 595 3838 ac
617 3818 654 3837 ne
680 3819 694 3838 a
713 3817 841 3837 veterum
859 3808 974 3844 quidem
997 3807 1140 3836 Poetarum
1162 3804 1242 3835 fabu-

83 3850 104 3864 ‘⁴
123 3848 157 3879 lis
178 3856 408 3878 narrantur.———
416 3848 492 3878 Inter
510 3853 610 3876 caetera
629 3847 713 3884 igitur
724 3847 859 3875 vetustate
869 3846 1064 3882 incomperta,
1086 3842 1164 3872 causa
1175 3853 1241 3880 quo-

83 3889 102 3903 “
122 3897 176 3924 que
195 3886 318 3916 nominis
343 3886 440 3915 nostrae
464 3885 585 3915 civitatis
611 3886 681 3913 erit:
705 3893 863 3922 quanquam
876 3893 929 3922 ego
939 3883 1031 3912 facere
1042 3889 1100 3909 non
1112 3880 1240 3918 possum,

66 3930 711 3941 ---—-————--—--———
1101 3930 1109 3932 ,

110 3950 128 3985 †
147 3947 216 3979 Puto
228 3947 310 3979 Dieta
317 3948 364 3978 est.

114 3987 152 4023 fi*
170 3986 239 4018 Puto
256 3986 299 4018 De
315 3986 480 4025 questionib.
493 3985 539 4017 vel
552 3986 628 4017 deest
638 3984 852 4025 Respondetut,
872 3990 922 4016 aut
933 3981 1020 4013 simile
1037 3979 1163 4012 verbum.

274 1396 344 1433 Sed
365 1396 437 1432 hoc
460 1406 551 1443 opus
573 1394 709 1442 pascale
730 1394 922 1441 conposuit
942 1402 1131 1444 antequam
1147 1395 1246 1431 ordi-
1303 1400 1327 1414 “

1295 226 1353 263 CA
1367 241 1456 265 Tiro
1471 243 1613 267 1.1CON
1634 244 1707 268 non
1736 241 1806 269 tani
1833 234 1877 270 de
1903 239 2053 283 proprio
2080 240 2234 277 confecit
2251 241 2449 290 JANUEN-

1295 287 1359 310 sis
1380 290 1482 324 quam
1500 291 1542 315 cx
1571 279 1712 320 diverlis
1729 285 1908 319 autoribus
1932 287 2199 330 confirmavit,
2226 293 2380 327 maxime
2392 304 2450 328 au-

1296 330 1367 359 tem
1392 338 1434 362 ex
1455 327 1507 382 Psi
1520 340 1557 363 1²1
1576 341 1591 364 *x
1626 333 1658 365 ἀ
1681 330 1996 377 Nucerinum
2025 339 2133 373 viluiu
2156 339 2202 374 est
2224 337 2450 377 necessarium

1295 383 1408 428 pauca⁴
1424 375 1466 410 de
1482 389 1520 430 iis
1543 376 1627 423 ἱῙΛΝ
1641 391 1662 414 u
1680 391 1779 415 sissi
1802 381 1982 419 adnectere
1999 411 2006 424 ‚
2036 397 2078 421 ne
2099 385 2153 422 vel
2167 387 2365 423 videremur
2376 388 2451 425 Vo-

1296 421 1485 479 cabul'iltais¹
1498 425 1640 462 istorum
1665 437 1868 475 temporum
1888 432 2026 478 prorsus
2045 434 2225 481 negligere
2239 463 2247 475 ,
2272 436 2327 472 vel
2345 449 2450 475 cova-

1297 480 1376 505 mur
1396 483 1431 506 in
1454 474 1549 506 iltam
1565 475 1833 520 quaint-utinam
1846 477 2050 518 Bai-barii‘mi
2063 486 2214 530 penitius
2232 468 2453 524 descendtfie.

1516 567 1680 607 Parias
1705 577 1850 613 natione
1871 575 2118 621 Lonibardus,
2154 592 2261 629 quem
2289 594 2371 619 cum
2395 584 2453 621 alii

1341 662 1345 667 ⁵
1438 663 1442 668 ⁵
1474 616 1516 671 ad
1543 616 1793 664 JANUENsis
1829 633 1965 662 aetatem
1999 632 2256 677 compingunt,
2292 630 2347 667 alii
2377 645 2454 669 non

1299 672 1417 718 minus
1436 667 1554 719 iiilcite
1582 678 1654 702 uno
1677 677 1811 707 tantum
1831 674 1956 711 seculo
1977 679 2149 723 majorem
2173 680 2326 721 iaciunt,
2363 682 2454 718 inter

1299 721 1389 756 quos
1420 709 1724 768 liti'riiannus
1747 719 1789 755 de
1815 722 1982 769 Scriptor.
2017 725 2145 763 Ecclcs.
2175 739 2205 764 c.
2223 739 2305 773 413.
2354 727 2454 767 PLA-

1299 770 1322 813 γ
1335 770 1345 793 1
1360 770 1382 794 N
1396 772 1414 794 A
1435 773 1469 814 in
1495 771 1564 797 vita
1579 762 1785 802 Innocentis
1800 773 1890 805 tertii
1911 772 1945 808 P.
1958 774 2009 811 M.
2031 775 2062 812 C
2074 787 2096 812 ο
2110 788 2131 812 a
2145 787 2166 811 Ν
2180 789 2236 812 aL.
2255 776 2310 813 ΑΒ
2322 790 2340 814 r.
2354 791 2374 814 u
2386 793 2406 815 ω
2419 793 2441 816 ii

1299 819 1335 842 m
1355 810 1527 854 opulculo
1551 811 1593 847 de
1622 814 1842 853 incunabulis
1864 817 2126 870 Typogrziphiae
2153 826 2188 861 &
2208 824 2300 874 JAC-
2329 826 2354 863 P
2365 811 2454 866 niti

1298 855 1633 922 Eizaoomausis
1652 863 1695 897 ad
1722 863 1821 919 A3C.
1850 879 1953 910 1¹99·
2003 870 2053 907 Ita
2072 876 2166 910 enim
2190 875 2268 915 ille,
2294 878 2315 891 “
2335 875 2455 924 Papias

1301 957 1324 971 κ
1346 913 1492 957 natione
1523 909 1746 948 Lonibardus
1769 926 1805 949 in
1823 913 1947 952 Latina
1969 930 2006 954 ac
2024 919 2144 958 Graeca
2158 922 2295 971 Lingua
2314 930 2458 974 egregie

1300 1006 1324 1021 (ς
1351 955 1473 1012 doctus
1493 969 1555 1004 per
1576 957 1651 996 haec
1673 968 1836 1008 tempora
1861 963 1999 1007 floruit,
2038 969 2072 1003 δε
2104 971 2212 1007 multa
2243 975 2454 1021 composuit.

1349 1002 1391 1060 let
1412 1013 1502 1062 inter
1527 1013 1640 1044 cetera
1670 1018 1795 1056 praeter
1822 1011 1946 1049 Latina
1972 1018 2143 1054 vocabula
2169 1032 2244 1067 qua:
2268 1021 2457 1070 diligenter

1354 1066 1391 1089 in
1409 1055 1585 1110 'ordinem
1602 1057 1760 1106 redegit,
1791 1062 1896 1097 etiam
1927 1062 1972 1099 de
2005 1065 2130 1102 ordine
2157 1068 2297 1106 dicendi
2319 1075 2458 1120 optime

1301 1104 1326 1167 Ξῖ
1352 1102 1503 1159 scrip-lit,
1533 1112 1637 1152 atque
1655 1107 1772 1154 plures
1784 1110 1946 1156 epistolas
1968 1112 2144 1160 elegantes
2164 1115 2345 1166 dociaique
2359 1133 2459 1159 coni-

1349 1154 1475 1199 poluit.
1494 1157 1512 1209 ’J
1562 1153 1616 1210 EX.
1638 1168 1711 1203 quo
1740 1158 1839 1195 fonte
1868 1159 2061 1198 dimanavit
2091 1164 2127 1200 &
2159 1166 2304 1203 invaluit
2339 1182 2436 1207 error

1301 1211 1346 1236 an
1370 1213 1414 1237 ex
1439 1200 1631 1240 Trithemii
1649 1207 1833 1250 οἰνιςοςησίᾳ,
1860 1219 1904 1244 an
1929 1209 2091 1254 aliunde,
2118 1214 2292 1251 incertum
2311 1219 2374 1254 est·
2402 1201 2460 1258 ve:

1301 1261 1383 1304 ram*
1395 1258 1515 1288 tamen
1534 1258 1670 1307 aetatem
1694 1254 1754 1291 diu
1773 1256 1820 1292 est
1845 1257 1945 1305 quod
1971 1259 2171 1307 exploravit
2196 1262 2248 1301 Cl.
2267 1249 2375 1300 Bartl2.'
2390 1270 2460 1306 Ad.

1301 1301 1385 1335 verl.
1408 1310 1436 1344 3.
1454 1312 1495 1356 3.-
1517 1301 1570 1336 his
1594 1304 1728 1355 verbis,
1781 1309 1804 1322 “
1821 1305 1972 1344 Videtur
1997 1320 2072 1345 non
2099 1310 2159 1347 diu
2190 1313 2269 1359 post
2299 1322 2461 1364 tempora

1303 1350 1325 1365 “
1347 1346 1497 1386 Henrici
1523 1349 1565 1387 ΙΙ.
1591 1351 1764 1400 icripsilse.
1811 1354 1905 1392 Nam
1934 1358 1972 1393 in
2008 1359 2187 1396 vocabulo
2221 1364 2306 1395 AEtas
2336 1367 2462 1404 ordine

1352 1409 1479 1435 omnes
1502 1406 1596 1436 retro
1616 1400 1798 1450 Principes
1814 1416 2017 1443 memorans
2040 1409 2077 1443 in
2095 1408 2167 1446 hoc
2190 1408 2333 1447 desinit·
2362 1414 2463 1453 Vixit

1303 1450 1327 1464 “
1353 1459 1439 1503 vero
1467 1446 1645 1506 Henricus
1670 1451 1841 1489 secundus
1866 1455 1965 1502 (quo
1997 1457 2230 1504 posteriorem
2255 1442 2464 1506 ejus'nomi-

1303 1498 1328 1513 ‘⁶
1352 1508 1406 1533 nis
1437 1496 1666 1553 'sitnovilseh
1706 1513 1783 1537 non
1813 1503 1994 1540 minorem
2023 1506 2118 1544 hunc
2147 1507 2306 1553 diceret)
2331 1523 2464 1552 annum

1305 1548 1329 1562 “
1355 1545 1484 1602 Christi
1506 1547 1586 1594 post
1609 1548 1858 1593 millefimun1,
1881 1564 1959 1590 non
1981 1562 2099 1592 tamen
2121 1556 2240 1593 multis
2260 1562 2367 1596 annis.
2415 1562 2465 1600 Ut

1304 1597 1328 1612 “
1355 1597 1535 1651 antiquior
1559 1596 1600 1632 sit
1622 1597 1685 1654 ‘hic
1723 1598 1874 1648 lcriptor
1909 1612 2016 1650 quam
2049 1604 2196 1642 censeas.
2210 1609 2228 1623 ⁷¹
2280 1607 2465 1649 Consentit

1303 1643 1478 1703 Chromc.
1509 1644 1665 1683 Alberici
1698 1646 1777 1686 MS.
1840 1649 1987 1689 “Anno
2016 1664 2143 1690 ML111
2185 1656 2288 1697 (male
2323 1660 2465 1704 exscripfic

1303 1696 1358 1728 Du
1376 1697 1497 1751 ¹szgms
1519 1705 1548 1731 M
1564 1707 1583 1731 L
1596 1707 1621 1732 X
1634 1706 1689 1732 111
1710 1699 1788 1745 †††.
1816 1711 1904 1746 quem
1922 1705 2010 1735 etiam
2027 1715 2152 1738 errorem
2164 1710 2333 1750 propagavit
2352 1709 2468 1746 szric.

1305 1745 1328 1759 ‘⁶
1354 1742 1428 1799 eibl.
1450 1745 1515 1778 Lat.
1531 1744 1546 1788 )
1565 1756 1668 1800 ’anno
1695 1746 1839 1784 decimo
1867 1751 1972 1786 tertio
1994 1749 2222 1800 Imperatoris
2250 1752 2399 1794 Henrici
2427 1760 2467 1795 fi-

1305 1794 1328 1809 “
1353 1792 1392 1848 lii
1413 1791 1593 1848 Conradi,
1617 1793 1739 1842 Papias
1764 1797 1897 1834 librum
1927 1799 2044 1842 suurn,
2084 1800 2251 1839 videlicet
2270 1802 2468 1845 Elementa-

1307 1844 1331 1859 “
1358 1853 1450 1878 rium
1479 1841 1646 1879 doctrinae
1661 1845 1925 1884 erudimentum
1943 1848 2073 1892 edidit,
2103 1850 2203 1899 quod
2213 1854 2383 1900 probatur
2402 1869 2467 1904 pei·

1353 1902 1545 1946 numerum
1564 1903 1741 1930 annorum
1760 1896 1822 1932 ubi
1841 1898 1913 1944 agit
1934 1897 1977 1934 de
1997 1900 2153 1936 aetatibus
2167 1900 2279 1938 saeculi
2298 1905 2334 1940 in
2353 1907 2468 1953 prima

1305 1942 1329 1957 “
1353 1940 1454 1996 litera
1473 1941 1508 1976 ὃς
1530 1943 1753 1980 numerando
1773 1948 1946 1993 pertingit
1963 1947 2007 1983 ad
2028 1948 2124 1986 hunc
2146 1960 2289 1988 annum.
2302 1956 2319 1969 ”

1377 1988 1521 2037 Scripiit
1534 1988 1720 2034 Primis,
1749 2001 1873 2040 praeter
1887 1995 2119 2043 Epistola-um
2139 1998 2269 2037 librum
2292 2002 2335 2038 ad
2352 2003 2464 2042 diver-

1305 2038 1359 2075 sos
1380 2050 1488 2086 quem
1505 2049 1709 2078 memorant
1726 2041 2041 2082 TRITHEMIUS
2069 2048 2103 2084 Sc
2129 2047 2414 2090 Beaoomeus
2429 2067 2465 2091 is

1305 2088 1405 2135 supra
1427 2088 1581 2144 laudati,
1608 2089 1907 2145 Vocabularium,
1948 2093 2038 2138 sive,
2073 2104 2113 2133 ut
2139 2099 2210 2145 ipse
2238 2108 2362 2144 vocat,
2388 2102 2466 2140 Ele-

1306 2143 1521 2193 mentarium
1541 2138 1708 2176 dotumae
1735 2142 1998 2180 erudimentum
2014 2172 2022 2186 ,
2051 2146 2148 2194 quod
2169 2148 2261 2191 fhtile
2277 2161 2337 2194 opus
2361 2161 2467 2189 vocat

1306 2187 1410 2232 Scalig.
1434 2200 1470 2222 in
1489 2186 1653 2244 Excerpt.
1676 2188 1859 2233 Puteanus,
1888 2194 1931 2229 ab
1960 2194 2036 2231 aliis
2060 2194 2205 2233 vicissim
2229 2202 2370 2247 egregie
2395 2202 2467 2238 lau-

1308 2235 1429 2292 datum
1453 2237 1500 2274 ob
1525 2238 1763 2275 eruditionem
1784 2240 1918 2278 summa
1934 2253 2019 2279 cum
2039 2256 2123 2281 cura
2144 2247 2369 2292 conjunctam
2382 2279 2390 2292 ,
2429 2254 2466 2288 &z

1307 2285 1496 2340 vetustiora
1518 2289 1641 2324 omnia
1664 2289 1823 2325 melioris
1853 2299 1947 2327 notae
1974 2291 2146 2330 Glossaria
2171 2294 2240 2332 iive
2264 2308 2467 2345 comparata

1305 2335 1374 2371 live
1394 2342 1570 2390 excerpta.
1620 2336 1722 2374 Adeo
1753 2340 1844 2375 inter
1872 2347 2010 2378 ceteros
2037 2344 2162 2391 quibus
2192 2345 2308 2390 palam
2331 2351 2467 2394 profuit

1306 2384 1409 2440 labor
1434 2385 1493 2421 iste
1516 2384 1689 2428 Pariis,
1718 2387 1871 2434 plurima
1896 2401 1941 2426 ex
1963 2403 2007 2427 eo
2033 2404 2108 2428 non
2134 2392 2302 2431 diffitetur
2323 2400 2468 2435 transtu-

1306 2432 1379 2470 lisse
1398 2445 1436 2469 m
1456 2435 1724 2473 vocabularium
1743 2437 1842 2474 suum
1870 2441 2028 2473 Vincentius
2055 2441 2251 2485 Bellovaci-infir
2274 2444 2295 2480 1.
2318 2458 2345 2481 i.
2380 2448 2466 2496 Spe-

1307 2482 1378 2519 culi
1402 2483 1605 2539 do&r·inal'is
1625 2496 1700 2532 cap.
1718 2486 1780 2523 ult.
1808 2485 1896 2524 Non
1926 2490 2127 2536 gravabitur
2150 2490 2259 2528 leftor
2275 2521 2284 2535 ,
2323 2494 2346 2530 si
2374 2509 2466 2533 uon-

1306 2532 1463 2588 nulla-ad
1488 2533 1585 2589 istm?
1599 2533 1741 2570 laudem
1763 2538 1976 2583 pertinentia
2000 2540 2036 2574 in
2057 2539 2215 2577 mediUm
2234 2543 2464 2590 proferamus,

1306 2589 1603 2665 Juaessmpefflwt
1619 2581 1880 2622 ‘Gloffariorum
1900 2598 1976 2623 non
2004 2588 2194 2637 indiligens
2216 2591 2441 2640 investigator

1333 2630 1520 2668 octissimus
1544 2631 1785 2670 BARTirius
1815 2636 1853 2670 in
1885 2634 2107 2674 Adversariis.
2157 2641 2180 2655 “
2207 2625 2463 2683 Gloss‘arioruni

1308 2682 1332 2696 ‘⁶
1360 2686 1520 2717 veterum
1543 2681 1722 2730 quendam
1743 2685 1888 2720 cinnum
1916 2684 1999 2721 fecit
2021 2687 2126 2724 nobis
2152 2695 2231 2725 ante
2253 2701 2365 2728 annos
2392 2695 2462 2740 jam

1305 2731 1332 2746 ‘⁵
1357 2729 1639 2778 quadringentos
1669 2730 1792 2779 Papias
1818 2733 1996 2781 Magister.
2057 2734 2097 2772 Iu
2131 2748 2175 2773 eo
2201 2745 2461 2780 commentario

1308 2781 1330 2796 “
1355 2779 1466 2815 multa
1487 2780 1581 2816 bona
1597 2781 1764 2828 leguntur
1790 2794 1866 2830 quse
1881 2795 2105 2832 nequaquam
2123 2796 2167 2822 ex
2189 2787 2262 2824 aliis
2282 2801 2384 2836 quam
2397 2804 2462 2841 op-

1307 2830 1330 2848 “
1356 2829 1451 2864 timis
1475 2829 1670 2878 quibusque
1694 2831 1892 2868 auctoribus
1923 2832 2040 2870 hausta
2069 2834 2164 2876 sunt,
2193 2836 2235 2872 ab
2262 2837 2325 2876 illo
2351 2852 2392 2876 an
2416 2842 2461 2878 ab

1306 2880 1329 2894 “
1354 2876 1425 2913 alio
1445 2890 1521 2914 non
1537 2879 1687 2916 interest.
1737 2880 1843 2917 Certe
1868 2888 1985 2918 vetera
2014 2895 2120 2920 manu
2148 2893 2283 2922 exarata
2301 2888 2462 2935 glossaria

1307 2929 1332 2944 ‘⁶
1356 2937 1450 2975 pene
1478 2939 1496 2964 a
1521 2929 1653 2971 verbo,
1680 2936 1720 2965 ut
1752 2929 1899 2973 dicitur,
1927 2931 1971 2967 ad
1998 2933 2146 2970 verbum
2165 2935 2202 2970 in
2228 2935 2292 2971 illo
2317 2941 2460 2985 reperio

1758 2991 1777 3015 a
1802 2991 1825 3019 2
2332 2990 2354 3003 ‘s

1345 3048 1412 3088 quin
1435 3057 1496 3089 quae
1515 3051 1601 3082 tacita
1621 3053 1759 3097 cogitatio
1781 3053 1852 3093 saepe
1873 3054 2011 3086 volutavit
2034 3058 2176 3094 animum,
2209 3069 2268 3088 eam
2287 3061 2316 3090 in
2334 3064 2461 3095 medium

1343 3089 1506 3137 proferam..
1539 3091 1613 3120 Illud
1641 3100 1714 3121 inter
1733 3103 1833 3122 omnes
1856 3097 1982 3124 auctores
2008 3096 2130 3131 constat,
2162 3100 2286 3132 Apennini
2310 3100 2422 3132 initium
2441 3113 2460 3133 a

1343 3131 1432 3168 ⁶²⁷?“a
1446 3130 1527 3172 heri,
1549 3129 1584 3172 ad
1603 3139 1722 3167 eamque
1741 3131 1839 3160 urbem
1854 3132 1936 3170 Alpes
1957 3142 2022 3162 curn
2038 3134 2183 3171 Apennino
2202 3137 2340 3166 committi
2383 3148 2413 3168 ut
2426 3150 2459 3170 ea

1345 3164 1427 3200 hujus
1454 3175 1575 3204 regionis
1596 3177 1658 3211 pars
1679 3178 1739 3205 quae
1761 3169 1800 3198 est
1823 3169 1893 3199 ultra
1921 3170 2018 3199 urbem
2041 3176 2171 3205 Genuam,
2204 3169 2316 3210 Ligures
2337 3161 2458 3213 inalpini

1345 3210 1489 3233 vocentur.
1531 3204 1603 3248 Cum
1624 3207 1706 3242 igitur
1726 3207 1783 3235 duo
1808 3205 1836 3235 hi
1860 3207 2034 3237 celeberrimi
2055 3208 2129 3237 orbis
2148 3218 2257 3239 montes
2278 3212 2305 3240 in
2324 3216 2458 3251 angulum

1306 3241 1324 3254 ‘³
1343 3240 1378 3268 ad
1397 3245 1512 3284 Genuam
1534 3242 1672 3280 oppidum
1691 3245 1915 3281 conjungantur,
1947 3255 1979 3274 ac
1999 3246 2114 3274 formam
2135 3256 2207 3283 genu
2220 3248 2360 3285 efficiant,
2380 3253 2458 3283 haud.

1303 3278 1324 3292 “
1343 3287 1461 3307 omnino
1483 3290 1498 3308 a
1520 3290 1586 3309 vero
1603 3281 1727 3310 absimile
1747 3282 1804 3317 est,
1826 3282 1880 3312 hoc
1899 3283 2033 3320 oppidum
2056 3293 2070 3311 a
2091 3283 2179 3314 forma
2201 3295 2275 3323 genu
2296 3292 2382 3316 Genua
2405 3301 2458 3320 no.

1303 3316 1323 3329 “
1343 3325 1409 3345 men
1433 3317 1576 3355 accepiffe.
1598 3318 1611 3328 ¹¹
1652 3319 1739 3348 Ubert.
1760 3320 1844 3347 Foliet.
1860 3322 1978 3357 Gemens}
2002 3320 2088 3355 Hister.
2109 3320 2157 3351 lib.
2176 3333 2199 3352 ι.

1316 3391 1321 3396 ¹
1340 3354 1378 3389 [c]
1398 3355 1545 3382 Catholrcon
1567 3356 1651 3384 credo
1671 3357 1779 3386 ratione
1800 3357 2053 3386 Grammaticalium
2072 3360 2125 3387 &eu
2159 3370 2219 3396 quae
2235 3362 2263 3390 in
2283 3373 2366 3401 opere
2388 3375 2456 3395 oon.

1302 3397 1436 3420 timentur.
1488 3392 1528 3422 Ita
1546 3393 1650 3430 scripfit
1674 3394 1763 3421 Probus
1783 3394 1983 3424 Grammaticus
2007 3396 2137 3432 antiquus
2162 3399 2293 3427 Catholica
2324 3402 2367 3430 seu
2389 3414 2457 3441 ρης.

1301 3436 1382 3501 εἶρίςει
1399 3429 1621 3460 Grammaticalia
1644 3431 1743 3469 quibus
1767 3431 1860 3462 lucem
1888 3433 2025 3462 dederunt
2052 3438 2085 3461 G.
2109 3437 2210 3462 Merula
2233 3439 2259 3466 ἃ
2282 3437 2368 3477 Janus
2395 3446 2456 3469 ear.

1298 3476 1311 3493 Υ
1331 3477 1401 3495 alus.

1312 3542 1318 3547 .
1333 3506 1380 3540 [d]
1404 3505 1479 3533 Mich.
1499 3505 1651 3541 Giustiniam'
1661 3506 1735 3545 degli
1754 3507 1878 3536 scrittori
1899 3506 1988 3543 Liguri
2000 3528 2008 3541 ‚
2028 3518 2057 3545 p.
2073 3516 2135 3543 ³¹²-
2157 3509 2190 3546 J.
2211 3514 2341 3540 amemus
2352 3515 2387 3545 de
2401 3516 2456 3546 cla-

1298 3552 1333 3571 ris
1354 3542 1544 3572 Genuensibus
1570 3544 1645 3580 apud
1665 3547 1792 3572 Gavium
1817 3546 1845 3573 in
1873 3544 2013 3574 Thesauro
2037 3546 2119 3575 ltaliae
2137 3547 2218 3577 Tom.
2239 3559 2264 3579 2.
2282 3554 2358 3578 σίου.
2386 3556 2442 3581 meli

1299 3583 1341 3606 Pto
1366 3581 1440 3610 nella
1462 3582 1596 3618 progenie
1626 3582 1656 3610 di
1682 3584 1735 3611 San
1758 3582 1913 3611 Domenico
1935 3583 1964 3611 in
1987 3583 2082 3618 Italia,
2105 3584 2121 3613 l.
2138 3594 2163 3613 2.
2179 3594 2203 3615 c.
2220 3597 2261 3621 59-
2296 3592 2386 3618 Leand.
2407 3576 2455 3618 Al:

1296 3616 1380 3684 gemas
1403 3619 1438 3647 de
1463 3620 1527 3648 viris
1550 3619 1698 3649 illustribus
1719 3620 1833 3649 Ordinis
1859 3619 2081 3652 Praedicatorurn.
2111 3625 2174 3649 sixt.
2196 3624 2298 3661 senenfis
2320 3627 2452 3659 Biblioth,

1318 3664 1367 3684 ane
1382 3665 1405 3685 a.

1328 3694 1378 3736 [e]
1398 3692 1507 3723 Tabula
1528 3693 1577 3723 ista
1594 3692 1640 3723 seu
1663 3693 1790 3730 Syllabus
1812 3691 1965 3730 santienffi,
1987 3695 2016 3724 in
2031 3696 2058 3725 S.
2075 3695 2102 3725 S.
2125 3696 2153 3725 in
2175 3699 2386 3736 quamplurimis
2401 3704 2454 3732 Λη-

1296 3730 1358 3767 gliae
1395 3731 1576 3761 Bibliothecis
1607 3731 1772 3760 delitescens
1794 3729 1830 3759 sc.
1857 3731 1972 3761 Cantab.
1997 3734 2078 3762 Aeaci.
2106 3734 2181 3771 publ..
2208 3736 2270 3765 Coll
2308 3739 2337 3767 C.
2362 3740 2390 3769 C.
2426 3743 2453 3771 ἀ

1296 3768 1352 3797 Pet.
1369 3769 1439 3798 Coll.
1467 3770 1588 3798 illerton.
1616 3769 1708 3798 Oxon.
1730 3778 1787 3796 non
1808 3769 1846 3797 est
1864 3771 1946 3798 nostri
1966 3770 2102 3807 sanuenfis
2142 3780 2172 3800 ut
2193 3774 2274 3803 nimis
2297 3784 2400 3807 temere
2415 3780 2452 3808 as-

1297 3805 1360 3849 serir
1380 3809 1493 3849 (Ducimur
1518 3807 1535 3835 l.
1553 3816 1577 3835 c.
1605 3805 1650 3834 sed
1670 3811 1772 3832 Simonis
1794 3816 1878 3843 quem
1900 3816 1966 3836 eum
1989 3809 2082 3837 mitro
2099 3793 2218 3847 johanne
2234 3814 2315 3842 toties
2335 3817 2452 3845 consun-

1298 3844 1326 3873 ἀι
1348 3846 1378 3873 in
1398 3843 1584 3882 superioribus
1606 3844 1738 3873 diximus„

1297 586 1447 619 Parus.

2366 3005 2461 3015 ἣ..

1303 3049 1323 3064 ίῖ

1337 3942 1390 3980 †††
1410 3931 1499 3973 Immo
1513 3944 1541 3973 in
1552 3945 1619 3974 edit.
1635 3942 1759 3975 Gloffarii
1774 3946 1815 3975 Du
1828 3946 1923 3990 Cangii
1936 3946 2012 3990 Paris.
2025 3949 2098 3985 apud
2113 3950 2212 3976 Billaine
2224 3956 2294 3986 1678
2311 3954 2451 3989 perspicue

1299 3981 1457 4020 expressum
1470 3983 1517 4016 est,
1531 3984 1610 4013 Anno
1624 3995 1644 4012 u
1654 3995 1670 4012 L
1679 3995 1688 4013 1
1697 3995 1706 4012 r
1716 3995 1734 4014 r.
1766 3984 1847 4014 Euo:
1859 3992 1941 4020 igitur
1953 3984 2059 4016 videtur
2070 3986 2218 4024 typothetae
2230 3988 2450 4026 Haniburgenlis.
