2641 4187
656 128 1240 180 PRAEFATIO

89 238 146 267 ma
164 228 289 267 Lexici
311 231 552 278 Calepiniani‚
581 229 615 266 δε
634 230 668 265 in
683 241 811 276 magna
831 230 1016 266 autoritate
1038 230 1240 268 habebatur.
1298 239 1320 253 ‘⁶

40 290 43 294 ’
89 278 134 317 At
156 279 387 316 nasutioribus
415 281 546 315 interea
569 278 705 314 sumum
728 289 803 313 non
829 278 998 314 vendidit.
1050 283 1071 296 “
1094 279 1162 315 Sed
1183 283 1242 316 ubi

91 331 114 346 “
139 328 186 364 est
207 330 346 365 interim
369 327 468 376 quod
486 335 558 363 tam
579 325 766 373 magnifice
789 328 949 373 praecipit
968 327 1159 374 Calepinus
1176 332 1244 375 qui-

91 379 114 395 “
138 375 375 418 dam,-—-Et
393 383 513 412 tamen
535 376 612 412 sunt
636 377 696 422 qui
716 374 805 410 mihi
828 375 1057 421 indignantur
1077 376 1176 423 quod
1201 377 1242 413 ab

91 427 117 444 ‘⁰
137 424 210 462 hoc
229 424 336 463 ausim
357 425 542 462 dissentire.
554 428 572 441 ”
621 424 730 467 Erafin.
757 423 799 459 ad
815 422 943 459 Matth.
964 432 1018 460 26.
1037 431 1092 468 63.
1118 424 1170 461 Ex
1192 437 1245 461 re-

89 477 114 493 “
139 475 356 511 centioribus
372 473 514 511 Nicolai
537 473 671 510 Perotti
689 471 813 508 Cornu
827 472 972 518 Copiae,
992 473 1132 514 Nestor,
1152 473 1246 509 Tor-

89 525 114 542 “
140 522 265 560 tellius.
313 522 366 561 Ex
387 523 513 569 quibus
535 522 783 558 dictionarium
802 521 900 556 suuni
923 521 1125 557 Ambrosius
1145 522 1246 559 Cale-

89 575 115 591 “
140 573 243 620 pinus
270 571 461 618 congeiiit,
489 571 604 608 homo
635 570 872 617 congerendis
902 570 1047 617 quidem
1075 570 1142 606 illis
1169 570 1248 606 ido-

90 624 115 639 “
140 631 247 661 neus,
275 621 460 668 explendis
481 632 567 656 vero
592 631 668 667 quae
686 619 831 655 deerant
847 629 921 653 non
942 618 1091 655 idoneus
1166 619 1246 653 Lud.

93 671 162 703 riv.
179 668 202 706 l.
225 680 255 713 3.
275 669 318 706 de
337 669 494 706 tradend.
520 669 653 717 discipl.
705 667 817 705 Autor
847 668 932 702 item
961 667 1150 715 Apologiae
1179 679 1246 714 pro

89 717 208 757 Poetis
224 717 358 755 Latinis
377 718 470 765 apud
492 719 592 764 Gifan.
615 729 648 765 p.
672 729 751 761 505.
816 714 976 752 Lexicon
999 716 1071 752 hoc
1095 715 1250 763 appellat

90 766 254 804 insulsum
281 768 317 803 &
344 767 530 807 foetidum,
562 766 730 813 additque
753 765 1032 802 CALEPINUM
1060 767 1182 801 omnia
1205 775 1250 800 ex

89 818 203 850 Perotto
226 819 372 860 sipontino
392 816 564 864 sumpsisse
579 843 587 856 ‚
612 817 657 851 ita
678 822 715 851 ut
741 826 758 850 a
780 814 812 850 se
838 826 883 849 ne
916 815 969 857 ’γεῦ
997 814 1142 862 quidem
1163 824 1248 860 pro-

89 863 219 902 tulerit.
269 864 451 903 Sententia
469 865 493 902 fi
519 876 595 901 non
618 863 808 904 verissima,
837 869 992 898 attamen
1021 874 1111 899 verae
1128 864 1250 908 proxi-

90 923 168 955 ma,
193 925 275 951 nam
296 917 357 963 qui
378 915 656 954 CALEPINUM
677 924 759 949 curn
782 915 898 945 Perotto
914 912 1078 948 conferre
1100 911 1249 958 sataget,

89 964 152 1000 vix
172 963 215 1000 ab
235 975 279 1000 eo
299 964 410 1001 latum
434 974 591 1012 unguem
615 961 791 998 discedere
816 960 1061 1008 investigando
1086 962 1249 1007 reperiet.

89 1011 170 1051 lmo
193 1024 233 1049 ea
258 1013 305 1049 est
325 1015 505 1060 jejunitate
524 1011 687 1049 Lexicon
709 1009 969 1050 CALEP1N1‚
996 1017 1035 1046 ut
1051 1010 1132 1045 licet
1144 1010 1251 1045 toties

90 1061 213 1098 incudi
234 1061 459 1104 redderetur,
486 1062 523 1098 &
552 1071 766 1109 magnorum
804 1060 996 1095 nominum
1025 1060 1252 1095 autoritatem

91 1112 130 1148 in
146 1111 353 1148 recudendo
371 1111 521 1158 jactitet,
547 1110 740 1147 hominum
768 1115 887 1144 tamen
909 1107 1157 1154 exspeitationi
1184 1106 1253 1143 ho-

91 1159 149 1196 die
168 1160 374 1197 satisfaceret
389 1171 524 1208 parum.
575 1157 731 1196 Plurima
759 1158 796 1193 in
822 1168 866 1193 eo
895 1155 1007 1192 deesse
1038 1158 1143 1193 etiam
1173 1156 1253 1202 post

91 1209 255 1246 ultimam
275 1210 421 1251 limam,
448 1209 610 1257 plurimis
640 1209 745 1244 etiam
772 1206 926 1242 barbaris
953 1207 1102 1242 vocibus
1123 1206 1253 1242 seduna

90 1258 195 1300 dare,
224 1257 325 1295 nullo
345 1266 518 1295 monente
541 1264 580 1295 ut
600 1257 643 1294 ab
675 1257 716 1292 iis
740 1261 928 1296 caverent,
967 1255 1121 1301 plurima
1145 1255 1252 1290 etiam

88 1305 259 1355 superesse
280 1308 318 1343 in
345 1307 553 1356 syllabarum
575 1306 826 1355 quantitatibus
842 1311 951 1340 errata
965 1312 1089 1351 praeter
1104 1302 1140 1340 id
1153 1301 1253 1351 quod

91 1357 129 1393 in
149 1356 275 1392 limine
300 1359 419 1404 operis
439 1356 647 1405 profitetur,
678 1355 911 1402 conqueritur
938 1353 1103 1387 Borrichius.
1148 1351 1253 1389 Adeo

91 1407 129 1442 in
147 1416 231 1442 eum
255 1405 382 1443 incidit
407 1406 507 1455 quod
538 1417 616 1442 non
642 1403 713 1440 fine
743 1403 809 1439 sale
833 1401 1078 1438 observaverat
1102 1401 1155 1437 vir
1187 1400 1255 1437 do-

92 1453 276 1496 ffissimus,
317 1458 339 1473 “
357 1454 477 1493 Bonus
501 1455 562 1492 ille
597 1453 789 1500 Calepinus
815 1453 920 1487 toties
952 1451 1073 1487 coftus
1095 1451 1131 1487 &
1152 1460 1254 1486 reco-

96 1507 119 1522 “
144 1503 215 1540 dtus
234 1514 359 1552 parum
375 1505 469 1553 sapit.
485 1508 502 1522 '³
528 1504 580 1543 Ita
598 1505 670 1540 sere
691 1501 758 1538 Vir
777 1498 1024 1538 eruditiffimus
1040 1500 1124 1543 Gasp.
1145 1501 1252 1542 Sciopp.

89 1553 129 1590 in
145 1552 493 1597 Consultationibus,
547 1556 571 1571 “
597 1549 775 1591 Ambrosii
799 1549 963 1596 Calepini
986 1548 1150 1586 Lexicon
1165 1557 1256 1595 quo-

94 1605 119 1620 “
142 1603 195 1639 vis
215 1602 436 1650 superiorum
460 1603 508 1640 est
525 1602 699 1643 deterius,
725 1601 830 1637 etiam
845 1597 932 1635 illud
951 1600 1007 1635 cui
1026 1598 1169 1635 avaritia
1181 1596 1257 1644 Ty-

42 1678 45 1682 s
92 1654 118 1671 “
140 1651 319 1700 pographi
338 1663 475 1690 nomen
494 1652 551 1702 J0.
573 1651 746 1689 Pafferatii
775 1659 859 1686 cum
892 1650 1047 1684 maxima
1069 1644 1255 1683 aotuffimi

94 1704 117 1719 “
143 1703 209 1738 viri
227 1702 351 1748 iniuria
368 1702 589 1750 praescribere
610 1699 700 1737 nihil
723 1697 906 1735 dubitavit.
921 1699 938 1713 ’³
989 1700 1109 1731 Hieron.
1135 1701 1256 1732 tamen

91 1753 229 1796 Magius,
259 1762 461 1800 quanquam
480 1752 525 1789 de
543 1750 757 1789 CALEPIN
770 1759 793 1784 ο
816 1746 853 1783 id
884 1745 981 1794 quod
1009 1757 1064 1782 res
1084 1745 1132 1781 est
1153 1744 1257 1780 senti-

92 1807 132 1866 ,¹5
141 1799 336 1887 Kidfftif’
363 1801 579 1889 dis-⁰³³?
594 1810 681 1886 ¹15¹-
700 1794 1088 1883 Ῥὲῗῗεᾞὲἶὲῗιιῗὲῖἒξι
1105 1795 1254 1889 {fies}

175 1860 208 1886 m
237 1861 368 1888 roium
433 1863 480 1887 ivi
530 1862 551 1887 u
580 1862 601 1886 u
633 1859 683 1885 im
720 1859 737 1883 r
1241 1863 1257 1872 -

93 1900 116 1917 “
139 1897 229 1947 pido
253 1900 292 1936 in
315 1911 390 1949 quo
414 1908 515 1938 natus
535 1861 603 1941 eigt,
632 1897 846 1944 Calepinum
870 1900 1134 1948 nuncupatum,
1160 1890 1257 1948 Grato

94 1950 118 1965 “
144 1959 265 1985 carum
289 1948 470 1987 literarum
496 1950 650 1987 omnino
676 1952 887 1993 expertem,
927 1944 962 1979 &
984 1945 1257 1995 humanioribus

96 1999 121 2014 “
136 1996 256 2034 ‘literis
275 2001 335 2035 vix
346 2000 514 2041 tinctum,
542 1998 708 2035 omnIum
721 1994 935 2042 scriptorum
944 1989 1256 2043 fortunatissnnum

95 2048 119 2064 “
143 2046 263 2084 dicere
280 2047 399 2090 soleo,
428 2047 529 2097 quod
554 2058 637 2084 cnm
662 2044 829 2082 Latinum
848 2043 1021 2080 Lexicum
1044 2040 1256 2095 Grae-corum

96 2098 119 2113 '‘
144 2097 315 2145 exemplo
339 2097 499 2134 edidisset
513 2125 523 2140 ,
550 2108 627 2134 non
648 2094 685 2131 id
707 2092 854 2142 quidem
877 2091 977 2140 quod
997 2103 1014 2127 a
1036 2089 1259 2145 01οὲ1131030-

96 2147 120 2163 ⁸‘
143 2154 257 2188 retur,
298 2146 356 2184 sed
378 2148 421 2184 ab
447 2147 503 2184 his
527 2148 588 2195 qui
615 2147 652 2181 in
681 2141 1009 2181 Grammaticorum
1036 2139 1165 2176 scholis
1198 2138 1259 2191 ad-

97 2197 120 2213 “
144 2195 215 2233 huc
233 2195 472 2238 versarentur,
499 2197 725 2235 inornatum,
751 2191 890 2228 aridum
915 2191 950 2227 &
975 2188 1150 2236 exemplis
1175 2190 1259 2224 013-

94 2246 121 2262 “
145 2251 212 2282 crae
229 2244 405 2293 scripturae
423 2245 674 2293 interpretibus
699 2242 819 2289 saepius
839 2252 945 2288 quam
964 2251 983 2276 e
1003 2239 1180 2295 (ficerone
1198 2237 1259 2273 de-

99 2295 122 2311 “
145 2297 324 2343 promptis
347 2296 532 2337 refertum,
559 2290 839 2330 doftifflmorum
860 2290 978 2337 postea
993 2299 1153 2341 virorum
1174 2298 1258 2322 cura

97 2345 121 2360 “
144 2351 249 2392 atque
270 2356 380 2392 opera
400 2344 528 2382 fastum
547 2343 613 2385 est,
640 2348 680 2378 ut
697 2341 769 2376 hoc
785 2351 876 2386 opus
899 2339 942 2375 ad
959 2340 1168 2374 immenlam
1183 2347 1258 2372 ma-

97 2395 121 2410 “
142 2393 371 2442 gnitudinem
396 2394 615 2434 excreverit,
641 2397 681 2428 ut
707 2392 781 2436 jure
800 2388 1008 2435 Chalepon,
1036 2386 1073 2422 id
1099 2386 1165 2427 est,
1184 2398 1259 2441 gra-

51 2468 55 2470 -
97 2443 121 2460 “
145 2455 182 2476 ve
204 2443 413 2491 dicipossit‚
440 2445 476 2480 ἅς
496 2443 601 2490 copia
626 2440 820 2477 verborum
849 2448 1054 2484 vocumque
1083 2446 1161 2471 non
1186 2435 1258 2489 ime

97 2494 121 2509 “
147 2491 320 2541 elegantia
339 2493 415 2529 satis
439 2492 644 2540 expletum,
670 2492 741 2537 jam
770 2499 848 2524 non
867 2498 887 2523 a
907 2490 1024 2535 pueris
1045 2484 1173 2540 modo,
1200 2483 1259 2520 {ed

99 2543 123 2560 “
148 2541 191 2578 ab
210 2542 379 2579 omnibus
398 2542 536 2591 legatur
550 2568 560 2583 ‚
589 2547 628 2577 ut
641 2538 758 2576 nullus
774 2536 816 2573 fit
834 2538 895 2585 qui
910 2547 987 2572 non
1006 2534 1183 2582 Calepmo
1197 2539 1259 2589 aut

98 2591 123 2608 ‘⁶
148 2590 265 2638 palam
284 2599 342 2628 aut
359 2591 447 2628 tecte
464 2590 575 2628 hodie
587 2595 712 2626 utatur.
765 2586 931 2624 Tandem
943 2586 1041 2622 enim
1057 2582 1204 2621 Gesneri
1221 2583 1257 2618 δε

99 2641 124 2658 “
146 2639 304 2677 Manutii
329 2640 578 2678 additamentis
609 2639 645 2675 ὃς
670 2636 954 2685 castigationibus
980 2635 1028 2669 ita
1048 2632 1187 2670 auctum
1209 2639 1260 2668 at-

99 2691 123 2706 “
147 2700 216 2738 que
242 2697 455 2727 exornatum
478 2688 616 2738 prodiit
635 2689 673 2724 in
692 2686 829 2727 lucem,
854 2692 894 2721 ut
914 2683 1005 2720 nihil
1035 2684 1071 2718 in
1102 2693 1147 2718 eo
1172 2680 1259 2718 defi-

95 2739 124 2756 '‘
149 2739 262 2776 derari
277 2738 375 2788 poffe
393 2739 562 2776 videatur.
573 2741 591 2755 ’¹
636 2736 723 2775 Haec
746 2734 806 2771 ille
825 2734 885 2771 lib.
906 2734 949 2769 de
965 2731 1129 2780 Equuleo
1142 2758 1152 2772 ,
1166 2742 1256 2787 cap,

99 2792 135 2824 6·
161 2790 341 2833 Calepiniani
361 2791 458 2826 enim
481 2789 601 2836 operis
623 2785 692 2822 five
713 2785 804 2821 fama
827 2783 897 2819 five
916 2785 1057 2837 fortuna
1081 2779 1258 2836 plurimos

98 2835 144 2873 ad
161 2835 291 2874 laboris
312 2836 579 2875 similitudinem
598 2835 743 2875 allexit,
782 2834 844 2882 qui
865 2833 908 2869 ab
932 2832 985 2868 his
1007 2832 1116 2884 initiis
1143 2835 1258 2866 exoru

98 2892 237 2924 tantum
252 2885 393 2924 aliunde
415 2887 552 2932 Calepino
567 2883 794 2933 ingesserint,
821 2888 861 2920 ut
874 2881 898 2918 fi
916 2883 986 2929 jam
1006 2882 1076 2928 ipse
1096 2881 1134 2915 in
1149 2887 1257 2916 terras

96 2935 273 2972 rediturus
305 2942 394 2978 erat,
422 2936 522 2973 suum
550 2946 642 2983 opus
670 2936 880 2981 neutiquam
907 2931 1149 2984 agnolceret3
1175 2927 1259 2965 “ld

96 2986 121 3002 “
170 2985 251 3022 uod*
273 2982 461 3023 Ambrosio
487 2985 663 3033 Calepino
689 2979 875 3030 contigisse
900 2980 1061 3017 videmus
1089 2989 1151 3026 qur
1173 2989 1258 3031 cum

99 3037 124 3052 “
144 2997 313 3073 {exicon
326 3035 508 3083 quoddam
519 3034 724 3072 Latinarum
740 3043 894 3072 vocum,
921 3029 1171 3084 plerarumque
1185 3029 1259 3063 sor-

99 3086 123 3102 “
147 3083 229 3120 tasse
245 3096 321 3121 non
338 3086 428 3121 bene
443 3084 698 3122 intellectarum
716 3080 875 3118 edidiffet
887 3107 896 3122 ,
924 3079 1057 3126 placuit
1069 3083 1258 3113 inventum

97 3135 122 3151 “
146 3133 355 3170 hominibus
376 3133 507 3175 doctis,
535 3133 572 3170 δε
594 3133 766 3182 quoniam
784 3141 861 3166 non
879 3129 1151 3175 eisetintegrum
1166 3127 1203 3161 in
1218 3124 1259 3161 il-

99 3184 122 3200 “
146 3182 210 3220 lud
223 3182 410 3224 invadere,
438 3184 519 3231 quia
538 3183 638 3230 prior
656 3180 716 3217 ille
731 3178 951 3227 occupasset,
978 3177 1099 3213 relicto
1117 3174 1258 3222 Calepi-

99 3235 122 3251 “
147 3234 186 3269 ui
209 3233 377 3273 nomine,
403 3238 542 3269 tantum
560 3229 793 3279 unusquisque
812 3231 850 3265 in
866 3227 972 3269 illud,
1001 3231 1173 3276 quantum
1187 3235 1260 3271 po-

99 3284 123 3300 “
148 3288 254 3318 terat,
280 3279 444 3318 contulit.
496 3281 618 3330 ltaque
636 3281 707 3326 jam
730 3279 822 3315 liber
846 3277 906 3314 ille
929 3282 1023 3313 tanta
1050 3285 1169 3310 rerum
1195 3284 1258 3309 co-

100 3334 124 3350 “
146 3332 205 3380 pia
223 3330 396 3372 abundat,
424 3337 464 3368 ut
482 3333 587 3378 copia
608 3329 678 3377 ipsa
704 3340 779 3365 non
803 3338 902 3375 aeque
923 3326 963 3363 fit
985 3325 1089 3372 copia
1106 3329 1147 3378 ut
1169 3321 1257 3377 liber

101 3383 125 3399 “
146 3375 208 3417 me
231 3380 279 3417 est
298 3381 423 3427 copia,
450 3391 567 3428 neque
592 3378 789 3428 quidquam
807 3376 848 3414 fit
863 3375 1026 3423 Calepini
1048 3383 1197 3429 nomme
1216 3370 1258 3406 ll-

100 3432 124 3448 “
147 3429 294 3467 lustrius.
341 3426 426 3466 Hoc
447 3429 594 3478 quidem
609 3428 726 3465 nostra
744 3433 863 3468 aetate,
892 3432 931 3462 ut
948 3425 992 3461 de
1012 3422 1086 3459 alus
1103 3428 1257 3476 taceam,

99 3481 124 3498 ‘⁶
147 3479 208 3517 usu
229 3479 330 3517 venit
353 3477 506 3517 Octavio
533 3477 728 3515 Pancirolae
749 3474 933 3524 Regienfi,
972 3474 1009 3510 δε
1035 3469 1255 3509 Cathedralis

100 3615 187 3646 atatis
210 3615 248 3646 est
277 3614 382 3653 qarobus
408 3613 532 3649 Philippus
546 3611 673 3643 Forestus
694 3610 906 3649 Bergomensis,
937 3608 985 3646 qui
1014 3604 1259 3652 Cannnmnurf

99 3660 274 3684 coaetaneum
294 3653 374 3683 suum
394 3651 527 3690 appellat.
567 3650 724 3681 Perfectum
743 3650 782 3679 est
799 3650 875 3679 enim
889 3657 960 3686 opus
975 3645 1181 3689 chronicorum
1196 3644 1258 3686 ⁸(uti

98 3691 245 3730 profitetur
265 3691 322 3730 ipse
341 3690 464 3726 Philippus
492 3690 521 3718 in
538 3687 627 3719 'calce
650 3688 723 3719 Edit.
753 3689 856 3724 149²·)
877 3695 951 3716 anno
970 3694 992 3728 a
1004 3684 1089 3713 natali
1105 3681 1258 3712 Christiano

100 3733 183 3766 148⁶·
204 3729 255 3759 fibi
276 3738 344 3759 vero
365 3737 382 3757 a
404 3727 550 3756 nativitate
574 3735 618 3762 5²·
657 3726 746 3756 Natus
769 3726 808 3756 est
839 3734 905 3763 ergo
929 3722 1051 3758 Phtlxppm
1073 3723 1101 3750 Α,
1127 3728 1208 3754 1⁴³5·
1230 3719 1258 3761 ᾃι

97 3767 175 3807 apud
189 3766 252 3797 suos
269 3764 467 3805 Bergomenses
486 3764 647 3802 supremum
669 3765 746 3794 diem
770 3764 872 3793 obiens
895 3764 924 3792 A.
944 3766 1024 3803 ιςιῖζ,ι
1050 3759 1085 3788 ad
1109 3759 1258 3801 octuagen-

98 3814 176 3836 mum
193 3811 323 3843 quartum
341 3813 445 3834 annum
464 3803 550 3832 vitam
594 3803 749 3839 rorogavir:
779 3801 853 3831 male
873 3799 1103 3841 septuagehmum
1125 3803 1256 3833 quintum

95 3844 190 3875 Frater
207 3842 330 3881 josephus
352 3842 494 3877 Pamphilus
511 3841 542 3870 in
576 3840 692 3872 'hronic.
715 3839 786 3870 Ord.
808 3839 933 3869 Fratrum
951 3837 1133 3867 Eremitarum
1152 3834 1180 3864 S.
1200 3837 1258 3860 Au—

86 3882 186 3919 gustim‘.

85 3926 1360 3944 „mn—*w

168 3960 188 3997 τ
207 3959 290 3990 Forte
308 3958 407 3989 referta
426 3959 474 3989 est.

1308 138 1431 191 Edit.
1468 141 1659 194 Londin.
1703 160 1726 198 Ι
1740 161 1775 212 7
1789 160 1820 213 3
1832 158 1872 212 ς·
2411 168 2450 217 9

1302 286 1310 301 κ
1348 242 1496 295 eiusdem
1527 243 1685 283 Ecclesiae
1717 247 1926 290 Canon-ico,
1954 261 2152 298 quanquam
2183 252 2247 290 fuit
2274 252 2447 299 Calepino

1315 290 1323 303 ‘
1351 289 1529 336 aliquanto
1555 296 1700 331 felicior.
1752 296 1815 332 llle
1837 299 1931 332 enim
1955 300 2015 334 suo
2043 303 2207 343 inventu,
2235 302 2293 337 hic
2316 303 2362 337 est
2381 303 2449 337 cla·

1305 336 1327 351 “
1353 348 1409 390 rus
1428 339 1581 376 alieno*
1627 347 1696 387 Jan.
1718 347 1789 378 Nic.
1808 345 1920 390 Erythr.
1949 346 2171 385 l'inacothec.
2199 362 2227 394 3.
2254 362 2306 394 53.
2332 349 2450 387 Editio

1305 392 1428 429 pslmii,
1457 399 1559 443 quam
1580 395 1695 437 paucis
1713 393 1831 429 videre
1850 396 2018 441 contigit,
2044 406 2228 442 procurata
2242 401 2366 435 eratab
2382 399 2452 434 Au-

1307 437 1407 485 tore,
1436 436 1471 471 δέ
1501 441 1657 483 impressa
1689 441 1817 489 Rliegii
1846 441 2094 489 Lingobardiae
2126 458 2227 491 1502.
2253 447 2312 483 sol.
2345 459 2452 495 quam

1306 479 1448 535 benatui
1471 485 1677 534 Populoque
1697 489 1922 537 Bergomenfi
1943 491 2117 539 inscripsit.
2169 495 2220 532 Ibi
2244 508 2324 532 cum
2345 496 2452 542 profi-

1308 533 1399 582 tetur
1418 532 1449 567 ie
1471 533 1578 588 multa
1595 544 1716 573 contra
1744 542 1936 575 waremiam
1968 543 2094 583 Vallum,
2119 553 2241 579 contra
2272 545 2454 588 Prisciauum

1307 576 1462 626 aliosque
1485 582 1640 618 auctores
1669 588 1840 630 proferre,
1896 590 2144 626 raestantiorum
2175 592 2375 628 auam-itate
2400 595 2453 628 ni-

1309 635 1416 680 xum,
1431 631 1695 685 praestantiores
1715 635 1793 670 illos
1816 637 1850 671 Sc
1901 640 2065 674 atinitatis
2085 639 2176 686 quasi
2197 640 2322 684 κριτέςηα
2341 640 2453 677 infeli-

1310 682 1397 740 ‘citer
1418 678 1602 732 subjungit.
1655 684 1679 699 “
1698 680 1776 717 Plus
1798 687 1891 720 enim
1914 688 2005 733 apud
2027 699 2085 723 me
2104 688 2300 730 Ambrosii,
2328 689 2455 726 Hiero-

1326 725 1335 741 ‘
1363 735 1483 769 nynn,
1511 728 1565 762 vel
1586 727 1766 774 Augustini
1785 736 1976 777 gravitas&
1991 736 2149 773 dot'trina
2165 737 2273 779 valet,
2301 738 2334 773 ἃ
2359 737 2454 774 Grae·

1362 783 1507 816 corum,
1541 787 1645 822 quam
1678 776 1855 815 Laurentii
1878 780 1986 819 Valla:
2017 785 2163 822 studiosa
2194 786 2454 833 reprehenlio.”

1309 817 1351 855 ln
1370 823 1487 858 tronte
1514 823 1604 860 hanc
1628 825 1883 864 allocutionem
1903 831 1946 865 ad
1971 831 2098 870 librum
2130 834 2277 882 praefixit
2307 833 2456 872 versibus

1311 879 1387 904 non
1412 871 1609 910 admodum
1637 878 1792 923 comptis
1816 876 2002 921 inclusam,

1309 772 1336 789 (ί

1506 948 1576 981 Mos
1594 948 1631 993 est
1649 946 1783 991 putidus.-
1811 947 1848 989 ὠ*
1872 962 1957 984 novus
1974 961 2113 995 repertus:

1505 997 1609 1040 Ingens
1626 999 1747 1030 materia
1771 1006 1806 1030 ut
1823 1007 1911 1045 queat
1936 999 2048 1033 videri:

1506 1043 1721 1091 Praeclarufilue
1741 1044 1831 1079 liber.-
1858 1045 2002 1095 bonufique
2016 1057 2108 1082 totus:

1511 1093 1608 1136 Versus
1630 1092 1736 1127 addere
1756 1097 1874 1129 nominis
1890 1095 2022 1140 probati.—

1506 1141 1646 1174 Mentitis
1664 1141 1777 1176 titulia:
1801 1142 1905 1178 rubore
1922 1145 2015 1178 nullo.-

1509 1189 1685 1237 Obfturique
1709 1194 1787 1226 viri:
1810 1192 1950 1241 rudifilue
1964 1194 2059 1228 vatis.-

1509 1238 1622 1272 AuHor
1631 1237 1675 1281 fic
1691 1239 1774 1286 quasi
1790 1248 1878 1275 tunc.-
1907 1241 2052 1289 bonufique
2062 1244 2140 1289 fiat.-

1508 1287 1607 1321 Nullis
1624 1286 1726 1322 mobile
1740 1292 1872 1323 veritas.-
1889 1289 2020 1338 fidesque
2041 1294 2086 1337 est.

1508 1336 1548 1369 lis
1564 1334 1682 1379 demptis
1705 1335 1777 1372 liber
1797 1351 1879 1372 exeas
1904 1348 2002 1383 aperta

1507 1386 1545 1418 In
1561 1384 1664 1430 vulgus
1678 1384 1776 1431 facie:
1794 1385 1901 1431 favore
1922 1387 2018 1422 nullo.-

1508 1435 1545 1466 Et
1557 1434 1648 1479 graiis
1660 1434 1808 1476 galeatus.-
1834 1434 1870 1476 ἐς·
1894 1435 2002 1471 latinis.

1508 1483 1616 1516 Nam.-
1641 1482 1760 1517 credas.-
1786 1483 1838 1517 alii
1853 1485 1958 1530 magn.-
1984 1496 2073 1532 quam
2092 1486 2147 1530 ipse

1512 1533 1654 1577 Qaerent
1670 1532 1835 1566 auxilium:
1857 1543 1938 1577 petas
1961 1534 1998 1567 ab
2016 1535 2077 1569 illis.

1509 1580 1568 1633 {ed
1579 1579 1705 1625 fiflatus
1720 1580 1794 1615 olet:
1820 1581 1924 1626 proba:
1949 1582 2089 1630 legasque.

1318 1646 1393 1694 Qui
1414 1650 1548 1688 nobilia
1569 1651 1645 1690 haec
1669 1652 1869 1692 Trochaica
1883 1655 1996 1704 leget,
2025 1656 2061 1693 Sc
2077 1655 2258 1705 epistolam
2278 1657 2319 1695 ad
2332 1655 2362 1697 S.
2373 1658 2407 1698 P.
2421 1660 2467 1707 Q.

1317 1697 1612 1747 Bergomensem,
1640 1706 1824 1740 mirabitur
1845 1716 1921 1753 quae
1939 1705 1982 1742 de
2000 1705 2149 1742 homine
2168 1707 2255 1743 dieta
2272 1709 2347 1744 lunt
2371 1722 2387 1745 a
2404 1715 2470 1754 με.

1318 1748 1442 1793 thlzppo
1460 1753 1567 1786 toties
1590 1752 1743 1789 laudato.
1796 1757 1821 1773 “
1843 1753 2048 1791 Ambrosius
2076 1754 2268 1803 Calepinus
2295 1766 2472 1795 conterra-

1319 1800 1346 1817 “
1373 1810 1452 1854 reus
1470 1798 1554 1845 (fic)
1579 1801 1615 1837 &
1639 1809 1829 1839 coetaneus
1852 1815 1951 1839 meus
1972 1806 2114 1852 meique
2129 1806 2273 1841 instituti
2290 1807 2471 1853 professor,

1319 1849 1346 1867 “
1371 1859 1468 1894 cujus
1484 1850 1748 1887 consuetudinis
1763 1852 1926 1888 suavitate
1943 1854 2068 1901 jugiter
2087 1855 2202 1895 fruor,
2229 1853 2284 1890 his
2302 1858 2472 1903 tempori-

1319 1899 1345 1916 “
1372 1898 1435 1934 bus
1448 1899 1631 1935 nobiscum
1643 1899 1793 1936 dulciter
1811 1901 2037 1943 cohabitans,
2065 1904 2336 1940 innumerorum
2351 1904 2471 1941 dotto-

1319 1948 1344 1965 “
1371 1958 1449 1983 rum
1473 1947 1758 1985 elucubrationes
1793 1949 1847 1985 sua
1877 1950 2042 1987 industria
2068 1963 2201 1999 magno
2231 1952 2351 1989 labore
2382 1965 2472 2001 opus

1319 1996 1346 2015 “
1370 1998 1569 2044 pergrande
1587 1997 1965 2047 atqueinfigniffimum
1982 2000 2025 2036 de
2038 2000 2296 2038 vocabulorum
2309 2005 2473 2039 omnium

1319 2046 1344 2063 “
1372 2048 1500 2083 notitia
1520 2046 1638 2084 solerti
1671 2047 1900 2095 indagatione
1935 2049 2092 2097 collegit.
2143 2049 2305 2098 Illudque
2331 2052 2474 2088 tandem

1317 2095 1345 2113 “
1371 2093 1523 2138 dietum,
1550 2103 1589 2133 ut
1610 2099 1646 2133 in
1671 2097 1830 2144 pluribus
1846 2096 2062 2145 spargeretur
2083 2105 2187 2147 atque
2208 2099 2473 2142 diffunderetur,

1319 2145 1345 2162 “
1371 2144 1476 2181 etiam
1491 2147 1650 2193 imprimi
1669 2147 1822 2187 curavit,
1847 2146 1882 2182 id
1912 2159 1955 2183 ue
1976 2147 2078 2184 dotia
2099 2147 2135 2184 &
2157 2147 2309 2196 eleganti
2331 2150 2475 2197 epistola

1318 2194 1344 2212 “
1369 2193 1412 2229 ad
1432 2194 1600 2231 Senatum
1625 2194 1877 2243 Populumque
1929 2197 2174 2243 ergomensem
2203 2197 2301 2234 misit.
2318 2201 2335 2216 ’'
2384 2199 2473 2246 Sup-

1316 2241 1425 2289 plem.
1452 2243 1622 2282 Chronic.
1650 2243 1765 2281 Prima
1789 2244 1864 2280 haec
1890 2244 2009 2283 Editio
2033 2245 2134 2282 nullo
2160 2248 2366 2294 paginarum
2384 2248 2474 2284 indi-

1318 2293 1376 2328 cio
1394 2291 1550 2330 distincta
1570 2293 1704 2330 constat
1723 2295 2014 2341 quaternionibus
2033 2296 2288 2343 quinquaginta
2307 2299 2472 2346 quinque,

1317 2341 1526 2379 nitidissimo
1555 2342 1750 2379 charactere
1782 2342 1962 2389 expressa,
1992 2343 2133 2389 industria
2159 2344 2320 2390 Presbyteri
2345 2346 2472 2392 Dionyfii

1321 2390 1471 2426 Berthocbi
1496 2391 1671 2439 impreffiris.
1721 2391 1921 2438 Referturi*
1952 2392 2059 2441 usque
2083 2392 2126 2429 ad
2151 2393 2339 2430 satietatem
2356 2396 2474 2431 nomi-

1318 2440 1422 2476 nibus
1441 2442 1596 2488 propriis
1611 2441 1678 2477 &o
1706 2452 1783 2489 quae
1816 2440 1870 2478 Cl.
1892 2443 1947 2475 Du
1968 2445 2090 2487 cangius
2112 2442 2312 2479 editionum
2345 2446 2473 2490 princi-

1317 2500 1405 2536 pum
1437 2502 1456 2526 a
1479 2490 1722 2528 CALEPINO
1750 2489 2008 2527 elaboratarum
2038 2502 2221 2538 nunquam
2249 2503 2400 2540 compos
2427 2494 2473 2529 sa-

1317 2538 1411 2581 etus,
1432 2539 1616 2576 addubitat
1642 2551 1686 2575 an
1708 2539 1750 2574 ab
1769 2538 1844 2586 ipso
1868 2550 1911 2575 an
1939 2551 1958 2575 a
1985 2540 2130 2587 posteris
2157 2541 2286 2577 suerint
2309 2542 2470 2588 profetia.

1318 2588 1444 2625 Iterata
1465 2588 1599 2630 editio,
1628 2590 1664 2625 &
1681 2587 1825 2625 Audiori
1838 2587 1901 2636 ipsi
1917 2587 2075 2636 suprema
2085 2589 2222 2636 prodiit
2237 2589 2359 2626 Venet
2371 2603 2472 2634 1509.

1316 2637 1378 2674 fol.
1402 2639 1439 2674 in
1458 2636 1601 2675 officina
1625 2641 1703 2672 Petri
1720 2636 1940 2682 Liechtenstein:
1968 2649 2073 2685 quam
2093 2638 2207 2683 AEgidio
2230 2639 2399 2682 Viterbtenfi
2416 2647 2471 2676 to-

1317 2688 1385 2722 tius
1414 2686 1657 2735 Augustiniani
1682 2687 1800 2734 gregis
1825 2685 2058 2723 Eremitarum
2087 2685 2217 2724 Pastori
2245 2691 2468 2734 nuncupavit.

1317 2735 1433 2773 Prima
1468 2736 1544 2772 haec
1574 2736 1685 2773 editio
1710 2747 1817 2783 quarn
1846 2735 1968 2778 Gesnero
1994 2737 2151 2784 contigit
2178 2736 2313 2773 videre:
2356 2737 2470 2774 Prima

1316 2787 1402 2822 item
1421 2797 1528 2833 quam
1550 2784 1689 2820 Borrichio
1709 2783 1831 2821 sedulo
1850 2783 1935 2820 licet
1958 2785 2218 2833 investigatori,
2257 2787 2292 2822 &
2318 2785 2471 2823 Lexico-

1316 2846 1397 2871 rum
1416 2836 1583 2871 notitiam
1607 2832 1801 2882 profitenti.
1851 2832 2104 2871 Eruditiffimus
2126 2837 2179 2868 Du
2206 2837 2325 2878 cangius
2352 2843 2471 2872 tamen

1315 2884 1513 2921 editionem
1524 2884 1724 2932 principem
1737 2894 1916 2931 nunquam
1929 2885 2083 2930 propriis
2097 2882 2209 2919 oculis
2221 2885 2257 2929 ἡ
2269 2883 2470 2921 illustratam

1315 2945 1392 2969 non
1412 2932 1532 2970 inscita
1552 2932 1753 2979 conjeetura
1771 2933 1864 2969 circa
1879 2931 1919 2968 A.
1943 2943 2046 2974 1500.
2065 2932 2179 2968 statuit
2191 2931 2361 2979 prodiiffe.
2388 2933 2470 2971 Edi-

1316 2984 1368 3019 tio
1390 2983 1536 3019 uberior
1554 2981 1670 3018 multo
1696 2982 1732 3018 &
1754 2981 1951 3029 castigatior
1972 2981 2029 3028 Μ.
2082 2981 2268 3028 Epistolam
2288 2993 2470 3029 nuncupa-

1316 3032 1464 3073 toriam,
1492 3033 1664 3080 quoniam
1684 3042 1800 3079 neque
1818 3031 1950 3078 ubique
1975 3031 2135 3071 obviam,
2166 3030 2200 3065 &
2216 3030 2388 3067 nonnulla
2407 3031 2469 3067 sci-

1316 3088 1355 3118 tu
1373 3092 1450 3117 non
1474 3080 1667 3128 injucunda
1691 3081 1893 3121 contineat,
1918 3078 2027 3115 visum
2049 3079 2097 3115 est
2116 3078 2335 3115 subnectere:

1316 3179 1372 3214 Ad
1388 3177 1580 3222 clarzffi'mum
1601 3177 1639 3218 ό·
1652 3177 1891 3222 fhpientffmum
1906 3175 2094 3223 Theologum,
2119 3177 2281 3210 Dominum
2297 3177 2466 3223 magistrum

1364 3226 1500 3274 Egidiam
1523 3226 1725 3271 Viterbiensem
1748 3230 1831 3260 totius
1859 3227 2063 3272 Augustiniani
2085 3224 2176 3269 gregis
2195 3227 2390 3259 Eremitarum
2412 3229 2468 3259 Pa-

1352 3278 1460 3322 storem
1474 3274 1693 3322 digniffimum‚
1716 3273 1880 3318 Ambrosius
1910 3274 2052 3317 calepinus
2074 3275 2226 3318 Bergomas
2251 3274 2376 3317 ejusdem
2400 3273 2468 3308 reli-

1362 3326 1452 3372 gionis
1469 3324 1504 3359 de
1524 3323 1714 3369 Obseruantia
1729 3332 1902 3368 nuncupata
1918 3325 2048 3357 minimus
2064 3319 2109 3368 [b]
2120 3346 2130 3363 ‚
2159 3323 2188 3356 S.
2209 3325 2241 3356 Ρ.
2255 3325 2296 3357 D.

1389 3425 1415 3442 “
1441 3421 1566 3468 Quum
1591 3422 1779 3458 hominem
1798 3421 1913 3457 senem
1930 3418 2117 3466 praesertim
2130 3447 2140 3461 ,
2168 3419 2298 3456 bullam
2320 3432 2396 3469 quae
2415 3421 2468 3458 di-

1319 3474 1346 3494 “
1372 3473 1462 3509 citur
1484 3471 1549 3509 esse
1559 3483 1636 3508 non
1645 3472 1848 3519 ignorarem
1863 3495 1873 3511 ,
1900 3479 2028 3518 meque
2045 3468 2286 3516 ingravescens
2299 3479 2377 3554 aetals
2391 3471 2466 3507 col-

1789 3529 1810 3555 c
2319 3522 2341 3539 “
2370 3531 2466 3567 igen-

1355 3605 1399 3643 [α]
1420 3603 1522 3642 Vedonfi
1533 3613 1593 3632 anco
1615 3604 1655 3632 del
1667 3604 1714 3641 suo
1734 3600 1888 3641 infaticabt'le
1902 3602 2005 3638 ingegno
2027 3602 2048 3628 le
2063 3601 2238 3629 dichiaratimi
2252 3604 2309 3630 delle
2324 3605 2381 3630 voci
2395 3603 2408 3630 ὸ
2420 3610 2467 3639 pa-

1316 3645 1366 3672 role
1381 3645 1424 3671 che
1445 3648 1478 3671 da
1496 3644 1531 3670 lui
1552 3643 1642 3680 furano
1657 3640 1694 3668 ne’
1716 3639 1838 3677 nganili
1862 3641 1923 3666 anni
1935 3639 2058 3675 publicare
2069 3659 2076 3670 ,
2103 3650 2116 3666 e
2133 3639 2213 3676 post-ua
2228 3650 2269 3667 con
2288 3650 2395 3676 maggior
2410 3642 2468 3668 dili.

1316 3692 1397 3719 genzo
1414 3689 1536 3715 carane,
1556 3680 1590 3712 (9·
1613 3679 1729 3715 ampliare
1747 3677 1834 3704 manda
1860 3685 2028 3704 nuovamente
2051 3677 2100 3703 alla
2117 3678 2214 3713 stampa
2226 3699 2234 3712 ‚
2255 3688 2268 3704 e
2288 3680 2310 3704 le
2332 3679 2429 3705 marola
2441 3679 2470 3705 al

1317 3722 1395 3748 Padre
1418 3720 1502 3755 Egidio
1517 3723 1549 3744 da
1574 3716 1670 3743 viterbo
1686 3717 1767 3743 Priore
1782 3715 1901 3742 Generale
1920 3714 1980 3742 aella
1996 3714 2047 3751 sua
2072 3715 2199 3751 Religione.
2233 3715 2339 3744 Ghilini
2362 3715 2465 3745 Teatm

1316 3756 1475 3788 d'huomini
1488 3754 1616 3785 letterati.

1355 3831 1397 3868 [b]
1420 3831 1481 3861 Hoc
1500 3829 1538 3859 ‘³st
1555 3825 1665 3869 f⁰¹²³ff5²
1683 3826 1760 3864 quod
1777 3826 1868 3857 ‘'01⁰st
1884 3824 1941 3864 3⁰5²·
1961 3826 1989 3854 d?
2005 3825 2090 3863 ‘sunu‘
2100 3847 2108 3861 2
2137 3826 2157 3841 “
2174 3825 2215 3856 De
2233 3826 2332 3857 ordine
2351 3827 2464 3859 fratrum

1320 3871 1341 3886 “
1363 3870 1576 3900 Praedicatorum
1589 3865 1708 3892 modtcus.
1719 3864 1736 3876 ''

1541 3922 1545 3923 ⁷
1599 3922 1603 3924 ’
1634 3913 2468 3930 ..W

1361 3927 1400 3983 ri
1420 3920 1681 3975 Fons‘imfiafam.
