2604 4222
168 171 239 206 :34
601 158 627 189 A
723 154 745 187 Ρ
841 150 873 185 Y

206 240 414 275 Nonnunquam
435 247 483 275 per
494 237 583 269 Inter,
601 235 647 265 vel
659 234 745 273 periri
786 232 843 261 Cic.
854 241 904 269 pro
916 230 992 259 sont.
1007 235 1050 262 32.
1073 222 1181 254 Studiis
1192 222 1325 267 *militari-

228 278 278 306 bus
296 277 370 315 apud
380 277 552 312 juventutem
564 274 703 303 obsoletis.
726 272 752 300 h.
771 280 795 299 e.
828 269 1048 302 Interjuvenes:
1079 270 1127 292 aut
1148 262 1178 290 ln
1189 268 1324 304 Juvenum

226 315 358 344 moribus.
398 313 466 342 Tale
477 314 514 342 eit
526 322 610 349 quum
621 311 739 340 dicimus
749 331 756 343 ,
777 307 841 337 Mos
852 303 987 342 fuitapud
1001 302 1149 331 Romanos.
1188 299 1237 328 Sic
1249 298 1283 326 dc
1292 298 1325 326 {1-

227 353 339 382 milibus
355 351 513 380 dicendum.
540 351 598 378 Cic.
609 360 634 384 4.
659 348 731 376 Verr.
745 351 790 381 48.
1131 359 1137 365 -

210 392 290 428 Apud
301 391 417 422 maiores
435 389 477 416 ve]
489 395 578 425 patres
594 386 698 415 nostros
711 406 718 418 ,
741 393 791 420 pro
805 378 992 417 Temporibus
1009 377 1145 412 majorum
1159 372 1326 417 yelpat'rum

228 429 391 458 nostrorum.
415 427 472 455 Cic.
488 435 512 454 2.
524 424 580 454 Off.
594 430 640 457 ὃς.
664 421 742 459 Apud
753 420 868 454 majores
882 417 985 445 nostros
995 414 1124 443 factitata.
1161 422 1179 440 1.
1197 421 1221 440 e.
1243 411 1261 439 A
1276 419 1329 438 no-

229 468 286 495 stris
297 464 453 501 majoribus,
494 461 682 491 ldenri111.ael.
695 464 720 488 6.
738 458 846 487 Scimus
858 455 888 484 L.
904 453 1023 483 Acilium
1032 447 1108 489 apud
1115 456 1210 488 patres
1220 448 1326 477 nostros

229 503 398 541 appellatum
408 501 461 530 esse
476 500 635 537 sapientem.

211 542 291 579 Apud
312 540 441 577 posteros.
471 538 558 567 Tacit.
576 547 598 565 1.
621 537 691 564 Ann.
707 542 749 569 32.
785 529 951 560 Memoriam
970 527 1046 565 apud
1063 525 1185 565 posteros
1200 523 1329 561 adeptus.

211 579 292 616 Apud
304 578 454 607 Platonem.
475 573 653 612 Agathoclem
665 574 715 601 Sec.
737 570 868 606 scriptum
882 566 936 596 effe
948 564 1077 599 dicimus,
1099 563 1186 600 Quod
1197 561 1269 591 Plato
1285 560 1330 589 vel

230 615 392 653 Agathocles
410 612 540 650 scriptum
558 611 677 647 reliquit.
701 609 759 637 Cic.
774 618 797 642 5.
817 605 899 635 Tusc.
915 614 958 640 34.
986 603 1074 635 Huius
1093 601 1236 631 sententiae
1246 599 1333 636 gravi-

231 660 272 684 tas
284 664 298 682 a
312 653 430 682 Platonis
441 651 605 679 authoritate
615 647 758 685 repetitur,
780 644 855 681 apud
866 653 949 679 quem
958 642 1028 679 saepe
1039 641 1098 669 haec
1108 640 1196 668 oratio
1205 637 1333 674 usurpata

230 692 275 720 est.
304 691 379 720 ldem
396 699 416 717 1.
431 689 465 717 dc
478 688 570 717 Divin.
585 697 640 721 50..
658 684 738 722 Apud
752 681 931 720 Agathoclem
945 679 1077 717 scriptum
1087 678 1134 706 el’t.

213 729 292 766 Apud
304 735 340 756 re.
360 737 409 764 pro
420 726 494 754 Tibi.
516 724 598 753 Plaut.
610 723 686 752 Peon.
704 732 727 750 1.
743 731 764 750 1.
782 730 827 754 24.
851 719 907 748 Cur
920 728 972 754 ego
985 717 1058 754 apud
1071 724 1098 745 te
1111 713 1250 744 mentiar‘?
1272 711 1332 740 Cic.

232 768 261 795 in
274 766 335 795 Larl.
350 770 394 799 89.
416 763 495 801 Apud
507 772 588 799 quem
599 767 709 790 evomat
719 760 794 788 virus
809 757 968 786 acerbitatis
979 755 1041 784 suae.

212 804 293 841 Apud
305 825 313 837 ,
334 812 383 840 pro
403 801 434 830 In
446 823 454 835 ,
475 810 538 829 cum
552 798 706 828 accusativo
723 796 855 834 personre.
888 794 974 823 Plaut.
993 791 1052 823 Mil.
1073 801 1097 828 3.
1112 801 1134 820 1.
1149 798 1194 826 43.
1235 788 1333 824 Qrum

231 841 306 878 apud
318 848 344 869 te
355 838 516 875 exemplum
529 836 696 874 experiundi
708 835 815 864 habeas.
837 834 854 862 i.
873 842 896 861 e·
921 832 953 861 In
964 839 991 860 te
1004 830 1070 868 ipso.

214 879 294 915 Apud
305 877 384 906 illum
395 877 447 905 fuit
462 876 523 905 usus
537 875 602 911 juris
612 896 619 909 ,
639 873 683 903 vel
694 874 722 902 in
733 872 791 901 illo.
814 872 871 900 Cic.
885 873 915 899 in
929 870 1013 899 Bruto
1029 873 1089 901 158-
1127 865 1173 895 Sic
1184 865 1260 894 enim
1276 862 1334 891 exi-

230 917 310 945 stimo
326 915 392 951 juris
406 914 494 943 civilis
512 922 643 949 magnum
658 911 737 941 usum
756 911 781 940 Sc
800 909 875 947 apud
888 908 1058 941 Scaevolam,
1090 906 1115 934 Sc
1136 903 1211 940 apud
1228 901 1333 931 multos

231 953 309 983 fuiss'e
320 974 329 987 ,
358 960 442 981 artem
455 953 482 980 in
495 951 547 980 hoc
558 960 624 979 uno.

215 991 295 1028 Apud
307 990 374 1019 duas
389 990 513 1018 civitates
524 988 687 1025 relinquam.
717 986 774 1015 Cic.
786 988 812 1014 6.
828 985 879 1013 Att.
893 992 918 1020 7.
943 982 981 1012 Ut
989 980 1128 1010 confedtas
1143 978 1265 1007 rationes
1273 976 1334 1013 lege

231 1028 303 1065 julia
315 1027 390 1065 apud
403 1027 470 1057 duas
490 1027 615 1056 civitates
628 1024 727 1063 postim
744 1023 909 1060 relinquere.

214 1067 294 1105 Apud
309 1066 453 1100 Achaiam,
477 1065 556 1102 Apud
574 1064 670 1093 Aliam.
691 1062 781 1092 Tacit.
793 1072 819 1096 4.
843 1061 911 1088 Ann.
935 1067 976 1093 13.
999 1056 1037 1084 Ut
1055 1054 1159 1084 civitati
1171 1052 1335 1090 Cibyraticae

232 1104 306 1142 apud
321 1103 408 1132 Afiam
420 1125 427 1137 ,
449 1102 571 1140 Egicensr
583 1102 657 1139 apud
668 1100 796 1130 Achaiam
807 1104 885 1127 motu
894 1104 971 1125 tei-rte
980 1092 1122 1123 labefactis
1133 1091 1333 1120 subveniretur.

215 1142 295 1180 Apud
306 1149 421 1170 matrem
429 1142 502 1170 reete
512 1141 558 1175 est,
568 1149 655 1177 eaque
667 1138 747 1167 nobis
755 1146 827 1166 curae
841 1135 887 1164 est.
911 1133 970 1163 Cic.
986 1143 1008 1161 1.
1021 1133 1105 1166 Att.4.
1125 1131 1151 1159 δι
1162 1138 1185 1166 3.
1197 1128 1233 1165 Q.
1244 1128 1333 1165 frat.7.

234 1181 252 1209 i.
268 1190 292 1209 e.
315 1179 401 1208 Recte
418 1179 516 1212 habet,
536 1179 610 1207 recte
627 1176 708 1206 valet.

212 1218 294 1256 Apud
312 1227 357 1246 me
379 1217 525 1246 minimum
545 1215 626 1245 valet.
669 1214 728 1243 Cic.
753 1222 774 1241 1.
797 1211 871 1240 Fam.
892 1219 917 1245 9.
960 1208 1026 1237 Non
1042 1206 1128 1235 modo
1146 1214 1203 1233 non
1216 1204 1336 1242 praemiis

231 1266 291 1322 (353ae
307 1255 382 1293 apud
400 1264 445 1284 me
463 1254 612 1284 minimum
628 1251 736 1285 valent,
770 1249 816 1279 sed
836 1258 872 1277 ne
892 1245 1025 1285 periculis
1045 1244 1160 1282 quidem
1176 1240 1336 1280 compulsus

230 1304 249 1323 u
272 1303 303 1323 rs.

212 1332 358 1398 ApudRmse
370 1330 416 1397 qpi
429 1330 551 1361 amicitia
570 1330 597 1359 Sc
614 1326 791 1357 beneficiis&
805 1323 943 1361 dignitate
961 1321 1114 1360 plurimum
1133 1317 1254 1356 possunt.
1275 1317 1333 1346 Cic.

252 1379 281 1398 ro
317 1379 333 1397 o
347 1379 370 1398 c.
407 1378 473 1397 mer.
506 1390 512 1396 .

215 1380 296 1445 Alpud
305 1407 426 1444 aliquem
437 1379 543 1439 diesim,
564 1402 697 1434 Accusare
709 1422 718 1437 ,
738 1399 821 1430 verba
831 1399 920 1428 facere
931 1420 939 1433 ,
961 1397 1038 1426 idem
1048 1394 1123 1433 quod
1143 1393 1252 1423 Coram.
1275 1392 1334 1422 Cic.

237 1457 261 1480 ς.
278 1444 396 1482 Philipp.
420 1453 460 1472 12.
507 1444 590 1472 Pavet
609 1441 718 1470 animus
742 1438 816 1476 apud
842 1435 988 1466 consilium
1007 1434 1077 1463 illud
1093 1442 1143 1470 pro
1167 1441 1214 1460 reo
1232 1431 1334 1460 dicere.

232 1484 322 1550 SicAz.
344 1482 379 1511 de
396 1481 502 1511 Invent.
528 1484 574 1516 69.
612 1477 741 1509 Thebani
759 1475 920 1506 accusantur
940 1473 1016 1511 apud
1038 1470 1265 1508 Amphictyones.
1303 1468 1337 1498 Et

234 1532 261 1557 4.
303 1526 333 1550 tt.
345 1529 369 1549 2.
1063 1520 1064 1523 ¹
1250 1512 1252 1515 ’

215 1560 296 1597 Apud
305 1558 425 1595 aliquem
435 1557 531 1593 gratias
539 1554 660 1592 cuipiam
671 1563 759 1590 agere.
781 1551 838 1581 Cic.
850 1558 901 1588 pro
911 1550 985 1579 Sext.
995 1557 1021 1584 9.
1043 1547 1205 1576 Conventus
1218 1544 1264 1574 ille
1271 1544 1338 1574 huic

235 1597 309 1634 apud
321 1606 367 1625 me
385 1595 412 1624 Ρ.
428 1595 524 1624 Sextio
534 1593 668 1623 maximas
678 1591 774 1628 gratias
786 1589 850 1626 egit.

216 1635 313 1671 Quum
323 1634 443 1670 aliquem
451 1632 526 1670 apud
535 1637 562 1661 te
576 1629 691 1660 laudaro
699 1636 811 1658 tuorum
818 1624 1005 1657 familiarium.
1027 1622 1085 1652 Cic.
1102 1631 1127 1650 2.
1142 1621 1194 1650 Art.
1208 1630 1253 1657 25·

217 1673 320 1739 Qssuum⁹
332 1672 368 1701 de
385 1680 430 1700 me
450 1670 524 1709 apud
545 1676 572 1698 te
587 1668 694 1704 loquor.
719 1666 778 1695 Cic.
799 1675 823 1694 1.
846 1667 899 1693 Att.
922 1672 946 1701 3.
969 1662 998 1691 h.
1015 1671 1039 1691 e.
1061 1660 1093 1690 In
1110 1659 1198 1689 literis
1218 1668 1284 1696 quas
1303 1656 1337 1687 ti.

256 1721 262 1739 1
283 1716 373 1739 mitto.

217 1749 349 1785 Queritur
368 1746 442 1784 apud
461 1755 506 1774 me
524 1754 572 1783 per
584 1743 685 1773 literas.
707 1742 765 1773 Cic.
785 1751 809 1776 ς.
832 1742 886 1769 Att.
899 1748 945 1768 21.

215 1786 297 1824 Apud
319 1795 370 1814 nos
390 1784 538 1821 imperium
557 1788 638 1811 tuum
657 1780 712 1815 est,
742 1778 852 1809 Poetice
871 1777 978 1806 dietum
990 1797 998 1810 ,
1019 1782 1070 1812 pro
1088 1772 1121 1802 In
1141 1772 1236 1802 animo
1260 1780 1336 1806 meo,

234 1824 288 1893 {felll
299 1824 328 1852 in
347 1823 490 1852 memoria.
529 1821 556 1850 h.
574 1830 599 1849 e.
630 1818 770 1849 Memoria
797 1824 882 1846 teneo
904 1815 934 1843 id
961 1811 1037 1850 quod
1057 1811 1205 1850 imperasti.
1247 1809 1333 1839 Plaut.

269 1863 278 1891 i
291 1885 296 1891 .
315 1873 340 1897 4.
353 1873 379 1897 4.
394 1864 438 1889 60.

215 1900 297 1939 Apud
307 1900 431 1928 animum
439 1906 540 1926 meum.
561 1896 579 1925 i.
596 1905 620 1925 e.
642 1894 758 1924 Mecum
771 1891 817 1921 vel
825 1890 858 1920 In
867 1890 962 1920 animo
974 1897 1048 1918 mec.
1071 1886 1179 1917 Sallust.
1199 1885 1337 1923 Equidem

236 1948 288 1975 ego
302 1937 338 1966 fic
350 1936 424 1974 apud
442 1936 565 1964 animum
578 1942 671 1962 meum
689 1932 785 1961 statuO.

217 1976 287 2006 Cum
300 1975 393 2004 animo
405 1974 535 2002 statutum
553 1970 779 2002 &deliberatum
818 1967 851 1996 V.
873 1974 1031 1995 Aburius.
1053 1963 1088 1993 H.
1109 1964 1149 1993 St.

216 2014 298 2052 Apud
312 2013 338 2042 se
358 2011 411 2041 effe
422 2033 430 2047 ,
451 2020 508 2039 non
525 2016 633 2039 tantum
655 2007 787 2045 fignificat
802 2004 861 2034 Effe
878 2004 956 2033 domi
973 2002 1026 2032 suae
1039 2024 1047 2037 ,
1072 2002 1148 2039 quod
1167 2005 1267 2030 notum
1278 1999 1334 2028 estz

234 2056 246 2087 ς
259 2051 399 2088 Quaeritur
407 2047 568 2085 exemplum
581 2047 663 2082 hujus
672 2044 783 2083 lignific.
799 2043 833 2072 H.
845 2043 884 2072 St.
896 2043 908 2078 )
928 2040 976 2070 sed
991 2050 1041 2079 per
1051 2039 1244 2078 metaphoram
1254 2037 1338 2075 longe

233 2089 311 2119 aliter
321 2088 463 2125 accipitur.
494 2086 556 2115 Ter.
572 2085 641 2115 And.
657 2090 721 2118 254.
736 2093 760 2118 5.
793 2081 874 2110 Proin
883 2086 914 2109 tu
925 2079 985 2108 face
995 2100 1003 2114 ,
1024 2078 1099 2116 apud
1111 2084 1139 2107 te
1150 2083 1181 2106 ut
1195 2076 1252 2106 sies.
1274 2075 1294 2104 i.
1310 2085 1335 2105 e.

233 2127 359 2157 Praesenti
373 2128 398 2155 ἐξ(
409 2125 525 2154 minime
536 2122 645 2152 turbato
655 2122 758 2151 animo.
780 2119 845 2148 Ter.
861 2118 961 2148 Heaut.
975 2127 998 2152 5.
1015 2126 1038 2145 1.
1049 2126 1095 2152 47.
1118 2113 1335 2148 Praeiracundia,

233 2164 404 2195 Menedeme
414 2185 421 2197 ,
443 2172 501 2191 non
512 2162 569 2191 sum
579 2160 653 2198 apud
665 2169 719 2188 me.
758 2157 838 2188 Idem
848 2156 917 2186 Hec.
931 2165 957 2189 4.
967 2166 992 2190 4.
1011 2160 1055 2189 85.
1076 2153 1154 2183 Num
1167 2153 1218 2182 tibi
1227 2152 1337 2181 videtur

235 2203 289 2232 else
301 2202 376 2240 apud
386 2201 463 2230 sese‘?
494 2199 612 2229 Idemin
621 2198 690 2227 And.
709 2207 732 2233 5.
745 2207 771 2232 4.
786 2198 828 2231 36.
861 2194 913 2222 Vix
928 2192 989 2222 sum
1003 2192 1078 2229 apud
1089 2201 1152 2220 me:
1174 2189 1213 2220 ita
1227 2189 1337 2219 animus

235 2246 392 2270 commotus
403 2239 440 2268 est
449 2245 535 2273 metu,
546 2236 602 2274 spe,
612 2236 723 2273 gaudio,
735 2232 862 2262 mirando
870 2232 925 2260 hoc
933 2237 1082 2265 tant0‚tam
1089 2229 1238 2267 repentino
1249 2228 1333 2256 bono.

214 2279 296 2317 Apud
306 2301 314 2312 ,
338 2278 392 2306 hoc
403 2277 543 2315 praecipue
556 2274 590 2303 ab
602 2273 641 2303 Ad
652 2294 660 2309 ,
684 2272 777 2301 differt
789 2292 795 2304 ,
827 2270 903 2307 quod
919 2269 980 2306 post
992 2267 1076 2297 verba
1086 2273 1178 2296 motus
1193 2275 1337 2302 nunquam

232 2316 390 2381 adhibettxxlr.
442 2314 535 2343 Nemo
552 2312 630 2342 enirn
646 2312 720 2340 recte
738 2310 833 2344 dicat,
855 2308 895 2337 Eo
914 2306 989 2345 apud
1007 2312 1137 2344 patrem:
1159 2304 1207 2334 sed
1225 2304 1267 2333 Ad
1289 2314 1338 2341 pa-

231 2361 311 2383 trem.
377 2375 383 2381 .
405 2361 460 2381 AD.

214 2393 290 2424 Inter
304 2391 383 2429 Apud
394 2391 419 2420 Sc
430 2389 532 2419 Penes:
556 2387 652 2425 Apud,
673 2386 818 2425 personam
832 2382 968 2413 cumloco
983 2379 1133 2419 significat:
1154 2380 1258 2415 Penes,
1276 2388 1339 2417 per-

231 2430 327 2459 sonam
337 2438 369 2458 ac
380 2427 553 2466 potestatem.
579 2425 684 2454 Author
695 2424 796 2454 Festus.
837 2422 870 2452 In
889 2420 1008 2451 eandem
1025 2419 1189 2449 sententiam
1201 2418 1338 2456 Ulpianus

231 2470 261 2498 in
273 2468 291 2497 l.
304 2467 400 2497 Penes.
421 2466 456 2495 de
467 2464 546 2494 Verb.
567 2465 593 2493 ἃ
604 2472 695 2492 rerum
704 2461 791 2500 lignis.
813 2459 899 2489 Penes
909 2466 936 2488 te
949 2458 1065 2495 (inquit)
1075 2456 1195 2494 amplius
1203 2456 1242 2486 est
1253 2465 1336 2493 quam

234 2506 311 2544 apud
325 2512 361 2534 te.
402 2502 476 2533 Nam
487 2502 563 2540 apud
576 2508 604 2530 te
622 2501 660 2530 est
673 2522 681 2535 ‚
706 2500 783 2538 quod
799 2497 1032 2535 qualitercunque
1050 2505 1066 2524 a
1081 2501 1109 2524 te
1118 2501 1246 2524 teneatur
1260 2504 1266 2524 z
1289 2493 1338 2523 Pe-

233 2554 284 2574 nes
294 2548 322 2573 ne
330 2542 368 2572 est
378 2564 386 2577 ,
407 2541 482 2579 quod
493 2539 705 2578 quodammodo
715 2537 875 2576 possidetur.

215 2583 236 2612 A
260 2582 298 2612 ud
309 2603 316 2616 ,
336 2579 486 2617 aliquando
495 2577 671 2616 postponitur
681 2576 729 2605 suo
737 2575 818 2604 casui.
841 2573 933 2603 Tacit.
945 2575 970 2601 6.
994 2572 1063 2601 Ann.
1078 2579 1122 2607 31.
1143 2569 1245 2608 Ripam
1260 2568 1336 2607 apud

235 2593 391 2657 Euphratis.
411 2617 445 2646 Et
460 2627 485 2651 4.
505 2617 572 2645 Ann.
587 2626 610 2649 ς.
633 2614 772 2643 Misenum
787 2611 880 2650 apud,
902 2613 928 2641 &
939 2610 1111 2639 Ravennam.

215 2658 248 2689 In
259 2656 410 2693 Lapidibus
419 2656 491 2692 Aput
500 2653 642 2683 interdum
650 2652 776 2681 scribitur
786 2660 835 2689 per
851 2655 871 2679 t.
892 2655 924 2678 ut
939 2649 987 2678 Set
1005 2657 1056 2685 pro
1073 2646 1138 2677 Sed.
1178 2645 1210 2675 V.
1234 2644 1333 2675 Cellar.

178 2737 222 2767 Ap
233 2695 369 2763 [Olrtgipgrg
383 2697 471 2765 {2¹}AE
486 2731 506 2758 A
514 2738 549 2757 1²1³
559 2738 578 2757 u
587 2739 603 2756 1.
612 2738 647 2762 a]
658 2738 675 2756 u
686 2737 699 2756 s
710 2749 718 2762 ,
739 2727 758 2755 i.
774 2735 810 2754 m.
833 2723 918 2755 Multi
925 2723 980 2752 hoc
989 2723 1106 2752 nomine
1116 2722 1237 2756 fuerunt,
1260 2720 1338 2758 quod

216 2770 417 2802 Onomasticon
427 2765 591 2804 Glandorpii
602 2765 715 2794 docebit
726 2786 733 2799 ,
754 2762 840 2793 sedin
852 2762 894 2791 his
906 2762 1028 2790 maxime
1039 2760 1154 2789 celebris
1166 2759 1194 2788 L.
1206 2759 1339 2796 Apuleius

216 2807 407 2841 Madaurenfis
420 2827 428 2841 ,
449 2806 550 2835 Orator
564 2806 589 2834 ἂ
600 2802 781 2840 Philosophus
794 2823 802 2835 ,
824 2801 871 2838 qui
889 2799 984 2828 floruit
998 2799 1046 2827 sub
1063 2798 1208 2827 Antoninis
1220 2798 1340 2834 Impera-

217 2847 335 2877 toribus.
354 2845 408 2874 suit
419 2845 445 2873 δε
454 2843 523 2872 alius
532 2841 638 2871 Tiberii
648 2850 706 2870 aevo
718 2839 849 2878 Apuleius
859 2836 954 2867 Celsus
964 2858 972 2872 ,
993 2836 1124 2866 Medicus
1137 2835 1261 2865 celebris.

181 2887 201 2917 A
214 2897 227 2916 1¹
240 2896 257 2915 u
267 2896 283 2913 1.
294 2895 325 2913 111
335 2893 375 2912 us
387 2905 395 2916 ,
417 2892 433 2911 a
443 2903 451 2917 ,
472 2890 529 2910 um.
552 2879 612 2914 Adj.
633 2886 681 2913 ut,
706 2876 881 2915 Apuleialex.
903 2875 963 2904 Cic.
979 2884 1005 2903 2.
1027 2874 1062 2902 de
1073 2874 1149 2903 Orat.
1164 2882 1224 2909 ¹07·
1236 2874 1336 2902 81201.

182 2926 225 2955 ΑΡ
235 2934 253 2952 υ
263 2934 295 2951 1.1
308 2932 327 2950 A
338 2943 346 2955 ,
372 2920 426 2949 sive
456 2920 498 2948 Ap
508 2928 522 2946 P
533 2928 550 2946 u
560 2928 576 2945 L
586 2928 595 2945 1
606 2927 624 2945 A
638 2938 646 2952 ‚
676 2917 688 2952 [
703 2910 817 2946 sam-2171&
830 2914 844 2948 ]
873 2912 958 2942 l'taliae
977 2913 1052 2949 regio
1063 2934 1071 2946 ,
1092 2912 1160 2940 mari
1176 2911 1337 2940 Hadriatico

217 2958 411 2992 contermina,
441 2957 514 2986 inter
530 2955 667 2984 Dauniam
685 2955 712 2984 Sc
730 2952 894 2982 Calabriam.
935 2950 1024 2986 Hujus
1041 2949 1257 2986 descriptionem
1273 2948 1338 2977 vide

218 2999 294 3037 apud
306 2997 374 3027 Plin.
390 2995 470 3031 lib.3.
488 3004 549 3031 cap.
566 3002 607 3021 11.
638 2992 696 3021 Cic.
710 3001 732 3020 1.
755 2991 791 3019 de
810 2989 903 3019 Divin.
913 2997 958 3025 97.
998 2987 1097 3025 Apulia
1111 2987 1241 3017 max-imis
1260 2992 1338 3015 terrae

219 3035 341 3066 motibus
354 3032 539 3070 conquassata.
559 3030 643 3066 vulgo
656 3033 686 3056 Le
696 3035 755 3068 pays
768 3029 797 3055 de
809 3028 911 3056 Poviue.

217 3072 364 3105 Siticuloffi
382 3070 489 3109 Apulia.
513 3069 579 3099 Hor.
592 3067 681 3105 Epod.
694 3075 718 3103 3.
735 3068 776 3095 16.
1280 3092 1283 3096 ,

218 3112 333 3150 Apulia,
360 3110 478 3148 primam
498 3106 671 3144 frequentius
697 3102 846 3142 producit,
878 3100 1028 3130 secundam
1060 3099 1179 3138 semper.
1216 3097 1337 3130 Martial.

240 3161 283 3186 ¹4·
297 3159 452 3216 Vglieribus
473 3182 573 3220 primis
586 3179 705 3225 Apulia,
728 3178 822 3208 Parma
844 3175 981 3205 secundis.

219 3225 363 3255 Interdum
382 3223 500 3261 primam
521 3219 644 3257 corriprt.
666 3217 733 3247 Hor.
749 3226 773 3254 3.
793 3215 883 3245 Carm.
893 3226 919 3249 4.
935 3223 978 3243 10.

301 3261 408 3291 Altricis
428 3266 505 3289 extra
521 3258 608 3287 limen
624 3254 737 3294 Apuliae.
833 3251 930 3282 Versus
941 3250 979 3280 est
992 3249 1118 3280 Alcaicus
1136 3247 1298 3287 dactylicus.

183 3300 304 3330 ΑΡῠιυ
315 3310 327 3328 s
338 3321 345 3334 ‚
367 3299 420 3327 iive
442 3298 533 3326 Arre
544 3307 560 3324 1.
571 3304 626 3330 us,
647 3304 664 3323 a
675 3316 684 3329 ,
704 3302 763 3322 um.
784 3290 845 3326 Adj.
866 3288 1011 3332 [ἰάἶτυξ]
1032 3287 1065 3316 ab
1081 3287 1196 3325 Apulia,
1218 3289 1337 3326 primam

218 3337 325 3375 semper
337 3336 482 3374 producit,
502 3333 652 3363 secundam
662 3330 786 3368 corripit.
809 3328 910 3357 Lucan.
922 3326 971 3356 hb.
983 3336 1007 3362 ς.
1021 3331 1083 3362 380.

299 3374 402 3411 Apulus
422 3373 569 3402 Hadriacas
590 3371 648 3399 exit
673 3369 812 3405 Garganus
829 3367 858 3395 in
879 3364 976 3394 undas.
1057 3362 1177 3392 martial.
1189 3361 1236 3392 lib.
1250 3368 1276 3397 8.
1290 3368 1335 3397 28.

298 3411 406 3448 Appula
424 3410 515 3439 Ledaei
540 3409 591 3438 tibi
609 3407 704 3437 floruit
722 3404 807 3435 herba
825 3402 980 3433 Phalanthi.

182 3452 225 3479 A1²
235 3458 252 3478 υ
264 3459 291 3484 s,
317 3449 386 3477 odis.
408 3449 426 3476 f.
450 3448 538 3483 [ἄπες
553 3447 568 3482 ]
589 3446 690 3475 dicitur
701 3444 735 3473 ab
754 3455 771 3469 οι
781 3441 915 3480 privativa
925 3437 1061 3477 particula
1074 3459 1081 3470 ,
1103 3439 1129 3467 Sc
1150 3439 1207 3464 ποὺς
1218 3460 1226 3473 ,
1248 3434 1334 3473 xdie,

218 3487 295 3524 quod
308 3486 402 3515 Latine
412 3486 449 3515 est
461 3486 507 3514 Pes
519 3507 526 3521 ,
544 3484 689 3522 qualiSine
703 3481 776 3520 pede
789 3490 795 3509 :
818 3480 931 3510 Nomen
949 3477 987 3506 est
997 3475 1120 3505 aviculae.
1143 3475 1212 3504 Plin.
1230 3475 1278 3505 lib.
1292 3485 1336 3504 10.

218 3513 1207 3598 {3333⁹'Aff¹1iiii¹s¹²53¹¹pi‘iiassssp‘ssi'ffinifi‘r’deirissriiiissifisssssssiecu‘m
1225 3513 1275 3543 us..
1289 3523 1339 3551 μ’·

292 3581 299 3590 ο
398 3579 404 3589 ι
542 3570 556 3589 e
781 3578 790 3592 ‚
1098 3573 1105 3580 -

620 3634 648 3668 A
731 3632 756 3667 P
849 3629 883 3665 Y

180 3711 200 3740 A
209 3720 223 3740 P
231 3718 250 3738 γ
259 3717 277 3738 a
285 3708 302 3737 ἔ
309 3716 330 3736 'r
339 3716 359 3736 υ
366 3716 389 3741 s.
402 3707 460 3736 im.
473 3705 486 3742 [
503 3702 623 3740 u’nv'gme
635 3704 650 3740 ]
662 3700 1056 3733 Febricarensffhfrisc.1.2.
1068 3698 1097 3730 Si
1105 3698 1210 3737 apyreti
1222 3694 1334 3728 fuerint.

179 3750 294 3778 Arvar
315 3745 461 3782 Tripodes.
502 3742 532 3771 V.
554 3743 583 3770 in
604 3751 793 3771 arnonas.

181 3788 252 3816 Amr
263 3793 279 3811 a
290 3786 329 3811 ῑΝ
341 3793 357 3811 υ
367 3792 379 3810 s
393 3804 401 3815 ,
432 3781 493 3815 Adj.
514 3779 626 3808 Rectius
646 3780 687 3807 ΛΡ
696 3789 712 3806 x
723 3789 737 3806 a
748 3782 763 3807 ἰ
775 3789 793 3807 N
803 3788 841 3808 us
861 3776 1041 3814 [Anagnn&]
1072 3781 1103 3804 ut
1125 3774 1263 3812 Apyrinus
1283 3773 1336 3802 fru-

219 3823 296 3855 dtus.
318 3822 342 3849 ἃ
363 3819 481 3856 Apyrina
501 3817 581 3845 mala.
611 3815 728 3845 Martial.
748 3816 796 3845 lib.
813 3826 853 3851 13.
866 3826 912 3851 42.

300 3859 364 3887 Non
379 3857 431 3884 tibi
449 3857 484 3884 de
502 3854 610 3890 Libycis
625 3854 733 3881 tuberes
746 3875 753 3886 ,
774 3856 800 3882 ἃ
811 3855 926 3890 apyrina
943 3850 1035 3881 ramis.
1119 3850 1213 3879 Genus
1228 3848 1266 3878 est
1276 3848 1339 3877 dul-

217 3906 250 3926 cc
261 3895 327 3925 mali
340 3894 452 3927 Punici,
474 3893 518 3920 cui
535 3891 654 3927 lignosus
663 3899 720 3918 non
730 3891 767 3918 eli
777 3892 900 3920 nucleus.
944 3891 983 3918 De
996 3899 1050 3925 quo
1064 3887 1133 3917 Plin.
1148 3887 1195 3916 lib.
1215 3896 1254 3922 13-
1274 3895 1334 3923 cap.

218 3943 261 3969 19.
284 3931 365 3963 &lin
377 3940 420 3965 23.
432 3940 492 3966 cap.
505 3933 529 3957 6.
552 3934 614 3970 ¹ben.
629 3928 708 3964 Epist.
720 3933 764 3956 26.
805 3928 870 3963 Quo
882 3928 968 3956 modo
984 3927 1097 3966 apyrina
1111 3926 1258 3960 dicuntur,
1277 3933 1336 3952 non

216 3971 315 4008 quibus
331 3968 406 3998 nulla
419 3967 488 3996 inest
499 3966 598 3995 duritia
609 3974 755 4003 granorum
766 3986 774 3998 ,
794 3964 840 3993 sed
852 3965 953 4003 quibus
965 3969 1064 3995 minor.

1378 296 1544 329 Arraos,
1566 304 1591 331 g.
1614 303 1638 322 c.

1805 140 1829 171 A
1928 138 1979 177 Q
2060 133 2090 168 U

1415 218 1514 250 Dulcis
1527 220 1553 249 ἀ
1564 219 1695 256 apyrinus
1706 218 1818 247 eunus.
1842 217 1980 247 Columel.
1993 216 2040 244 lib.
2050 216 2089 244 de
2101 214 2245 244 Arboribus
2255 224 2317 252 cap.
2332 222 2377 251 23.
2406 212 2451 244 Sic
2461 215 2535 247 idem

1439 258 1486 287 lib.
1511 269 1534 292 ς.
1558 267 1619 294 cap.
1637 266 1677 284 ιο.
1719 255 1749 284 V.
1773 256 1857 284 Henr.
1879 255 1974 292 Steph.
1996 253 2058 283 Tes,
2076 253 2120 282 Gr.
2600 280 2601 290 ἵ

1595 331 1600 337 .
1661 296 1687 322 ῤ’(
1709 303 1737 321 n.
1760 303 1824 328 ou,
1847 293 1997 328 [ἂπυρέῢυ.
2020 292 2070 325 ον]
2092 290 2177 326 Quod
2199 290 2293 326 ignem
2315 298 2371 317 non
2393 298 2536 327 expertum
2600 300 2602 316 r

1419 334 1457 362 est
1469 355 1476 368 ‚
1500 339 1548 367 ut,
1573 332 1668 360 Vivum
1684 330 1814 365 alumen,
1835 331 1912 367 quod
1926 329 2015 360 Graeci
2030 338 2135 366 apyron
2146 334 2254 357 vocant.
2276 326 2346 356 Plin.
2361 326 2407 356 lib.
2418 337 2460 364 35.
2476 339 2535 367 cap.
2599 321 2601 343 ,¹

1421 381 1463 406 15.
1485 370 1553 400 Cels.
1564 369 1612 398 li'o.
1625 379 1649 403 ς.
1668 378 1729 405 cap.
1746 374 1786 397 18.
2577 372 2580 374 ·
2599 347 2600 369 l

1382 409 1403 439 A
1412 419 1425 437 1³
1437 419 1452 437 Υ
1465 419 1478 437 s
1489 413 1505 437 ὃ
1515 418 1533 436 τ
1542 418 1558 435 o
1569 417 1581 436 s
1592 429 1599 437 .
1620 407 1637 434 i.
1664 406 1683 435 f.
1717 407 1731 440 s
1746 405 1882 438 air-jem&
1899 406 1915 440 ]
1939 405 2052 434 Nomen
2064 412 2180 440 gemmae
2189 424 2196 436 ,
2219 412 2280 439 quae
2292 400 2345 430 'alio
2356 403 2469 432 nornine
2476 403 2538 433 Car.

1419 444 1680 489 bunc-iilus'tlicitur.
1702 443 1768 472 Plin.
1782 443 1832 472 lib.
1844 451 1887 480 37.
1903 452 1963 480 cap.
1978 452 2002 478 7.
2029 441 2216 478 principatum
2226 440 2330 469 habent
2344 439 2510 476 carbunculi,
2522 452 2537 471 a

1419 483 1599 513 similitudine
1612 491 1718 524 ignium
1730 480 1877 524 appellati:
1901 490 1987 518 quum
1998 479 2047 517 ipsi
2059 488 2119 507 non
2130 477 2248 508 sentiant
2259 478 2348 515 ignes,
2368 477 2404 506 ob
2415 476 2445 507 id
2456 488 2471 508 a
2482 479 2539 517 qui-

1417 521 1536 551 busdam
1546 520 1662 558 Apyrou
1671 526 1772 548 vocati.

1840 594 1867 628 A
1962 595 2016 636 Q
2093 591 2127 627 U

1381 670 1403 699 A
1413 679 1437 703 Q,
1446 679 1464 698 u
1475 678 1494 697 A
1505 691 1513 703 ,
1546 677 1576 697 ae.
1598 667 1617 697 f.
1656 669 1671 703 [
1684 664 1744 703 ’ὕδωρ
1756 667 1771 702 ]
1805 666 1899 696 Unum
1912 666 1950 700 est
1963 676 1979 696 e
1993 672 2110 704 quatuor
2121 663 2267 694 elementis
2279 672 2286 693 t
2308 664 2344 693 de
2364 662 2462 701 quibus
2470 663 2536 696 Plin.

1420 707 1574 743 lib.2.cap.
1591 716 1615 741 5.
1657 705 1690 734 V.
1714 715 1732 734 A
1746 715 1793 734 111..

1418 745 1600 787 Deaquarum
1612 750 1709 772 natura
1721 765 1729 778 ,
1751 745 1775 773 S:
1784 740 1957 771 mirabilibus
1967 763 1975 776 ,
1997 746 2097 771 notatu
2107 738 2264 777 dignissima
2278 761 2286 774 ,
2306 738 2436 776 le&uque
2446 740 2542 776 jucun*

1439 782 1680 811 dilhmainvenies
1691 781 1764 819 apud
1778 779 1845 809 Plin.
1861 789 1903 815 31.
1926 780 1996 809 Item
2016 779 2063 808 lib.
2078 789 2104 808 2.
2124 788 2155 807 ca
2179 801 2184 807 .
2202 786 2262 813 103.
2595 798 2596 801 ,

1420 820 1496 857 Aqua
1510 820 1585 849 dicta
1597 819 1635 848 est
1647 841 1656 853 ,
1678 819 1753 856 quod
1764 818 1850 855 JEqua
1858 817 1964 847 summa
1974 839 1982 851 ,
2012 816 2128 846 authore
2171 825 2221 846 arr.
2234 826 2260 851 4.
2282 816 2318 845 de
2328 814 2358 845 L.
2371 814 2402 845 L.
2453 814 2542 846 Festus

1439 865 1551 891 autem,
1574 859 1668 894 Aqua,
1692 857 1801 894 inquit,
1823 856 1926 885 dicitur
1950 855 1967 883 A
1980 865 2033 891 qua
2051 856 2186 890 juvamur.
2599 859 2604 867 ‘

1422 897 1498 932 Aqua
1520 894 1657 932 pedibus,
1689 896 1715 924 δι
1740 893 1876 923 manibus.
1921 892 1996 922 Illud
2017 892 2222 921 attendendum
2244 889 2358 928 (inquit
2376 890 2543 928 Turnebus)
2594 898 2596 918 1

1442 943 1560 971 aquam,
1581 943 1634 970 qua
1646 942 1743 961 manus
1753 932 1833 960 initio
1846 941 1934 960 coenae
1952 931 1998 959 vel
2008 930 2118 968 prandii
2136 930 2277 964 lavamus,
2298 927 2343 958 vel
2353 929 2439 965 pedes
2461 929 2544 959 ablui.
2594 923 2595 926 ¹

1442 981 1504 1000 mus
1516 993 1524 1006 ,
1545 980 1644 1008 aquam
1661 971 1799 1007 eleganter
1807 969 1959 1012 pedibus&
1969 969 2096 997 manibus
2108 967 2269 997 aveteribus
2284 966 2451 1011 appellatam
2459 967 2544 1004 fuisse,

1441 1008 1774 1089 &55221033333322‘
1783 1007 1904 1083 ξὲἓέἓὲἓ
1914 1016 1935 1080 ‚⁶
1938 1006 2205 1082 ”fflffiegffffirsf‘
2216 1005 2545 1078 rilindbssirietcisstissiffssi
2593 1043 2595 1047 ’

1443 1085 1575 1114 Meminit
1589 1084 1678 1122 Caper
1696 1084 1845 1113 Grammat.
2592 1099 2593 1102 =

1425 1123 1530 1165 Aquai,
1561 1123 1716 1165 genitivus,
1738 1132 1793 1158 quo
1818 1127 1933 1150 utuntur
1956 1126 2068 1158 poetae,
2088 1119 2248 1148 dividentes
2272 1117 2479 1157 diphthongum
2497 1128 2546 1156 per
2592 1111 2593 1149 ἶ

1444 1160 1584 1227 Dlrrgrefin.
1613 1159 1672 1189 Cic.
1695 1170 1718 1190 1.
1736 1159 1772 1188 de
1789 1158 1882 1188 Divin.
1897 1169 1940 1195 15.
1981 1158 2063 1196 Apud
2076 1157 2185 1187 Lucret.
2208 1156 2300 1195 saepe,
2319 1155 2369 1186 lib.
2391 1165 2415 1186 1.
2438 1161 2501 1193 284.
2519 1157 2549 1187 ἐῶ
2592 1175 2593 1191 r

1445 1208 1459 1227 a
1474 1210 1481 1227 1
1503 1209 1520 1227 1.

1426 1237 1532 1273 Agmen
1555 1244 1696 1272 aquarum.
1717 1235 1789 1272 Virg.
1805 1245 1827 1264 1.
1847 1234 1946 1272 Georg.
1963 1241 2025 1270 322.
2592 1214 2593 1226 l

1426 1275 1511 1304 Arcus
1529 1283 1670 1311 aquarum.
1696 1273 1780 1302 Ovid.
1798 1282 1840 1301 11.
1854 1273 1923 1302 Met.
1938 1275 2000 1307 569.

1507 1311 1579 1357 I}cce
1597 1310 1679 1349 super
1701 1311 1811 1340 medios
1829 1310 1929 1340 fluctus
1949 1311 2029 1347 niger
2050 1318 2128 1338 arcus
2146 1316 2280 1346 aquarum
2318 1339 2319 1343 Ἰ

1507 1350 1669 1386 Frangitur,
1698 1350 1724 1378 Sc
1740 1355 1821 1386 rupta
1843 1348 1961 1378 mersum
1980 1354 2064 1385 caput
2084 1346 2178 1376 obruit
2197 1345 2283 1375 unda.

1427 1388 1520 1424 Augur
1538 1397 1616 1424 aquae
1636 1387 1744 1416 cornix.
1768 1387 1836 1416 Hor.
1849 1396 1873 1422 3.
1889 1386 1978 1415 Carm.
1993 1395 2035 1423 17.
2050 1394 2092 1415 12.

1427 1426 1537 1463 Corpus
1548 1425 1637 1454 udum
1648 1435 1732 1462 aquae.
1754 1424 1862 1454 Lucret.
1878 1424 1925 1453 lib.
1935 1434 1961 1453 2.
1974 1432 2039 1459 232.

1427 1463 1564 1493 Cumulus
1574 1472 1715 1500 aquarum.
1736 1462 1822 1492 Ovid.
1838 1473 1879 1498 1ς.
1901 1461 1970 1492 Met.
1989 1467 2051 1497 508.

1588 1517 1625 1521 —-
1646 1500 1829 1538 cumulusque
1852 1501 1982 1530 immanis
2000 1509 2133 1536 aquarum

1509 1538 1541 1568 In
1559 1539 1662 1568 montis
1682 1538 1802 1576 speciem
1822 1538 1928 1568 curvari
1949 1539 1974 1567 ἃ
1992 1537 2112 1567 crescere
2130 1536 2212 1567 visus.

1428 1577 1528 1606 Cursus
1541 1586 1674 1614 aquarum
1681 1577 1787 1605 frenare
1796 1576 1883 1613 glacie
1895 1598 1902 1611 ‚
1924 1576 2027 1605 dicitur
2037 1576 2144 1613 hyems.
2166 1575 2240 1613 Virg.
2254 1583 2282 1610 4.
2295 1571 2395 1611 Georg.
2411 1574 2473 1610 136.

1427 1614 1565 1645 Decursus
1582 1624 1659 1652 aquae
1675 1624 1710 1643 ex
1724 1614 1876 1643 montibus.
1899 1613 2007 1643 Lucret.
2023 1613 2070 1642 lib.
2090 1623 2112 1643 1.
2127 1619 2190 1649 284.

1427 1653 1566 1682 Dominus
1582 1662 1724 1690 aquarum.
1765 1653 1811 1682 Sic
1820 1652 1846 1681 se
1859 1651 1982 1690 appellat
1991 1651 2129 1681 Achelous
2140 1650 2217 1689 apud
2232 1649 2317 1680 Ovid.
2330 1659 2356 1686 9.
2371 1648 2442 1680 Met.
2456 1656 2497 1685 17.
2592 1670 2593 1674 .

1427 1689 1534 1720 Ductor
1545 1700 1685 1728 aquarum.
1723 1690 1832 1727 Tybris.
1854 1691 1921 1720 Stat.
1937 1699 1960 1725 3.
1982 1689 2056 1727 Sylv.
2074 1700 2097 1726 5.
2112 1699 2173 1718 111.
2592 1667 2604 1722 {l

1428 1729 1546 1758 Haustus
1560 1738 1702 1766 aquarum.
1722 1728 1796 1765 Virg.
1809 1739 1834 1764 4.
1852 1728 1952 1765 Georg.
1964 1737 2028 1762 229.

1428 1767 1537 1796 Humor
1546 1776 1623 1804 aquae
1635 1766 1751 1795 dimittit
1761 1766 1831 1802 saepe
1839 1765 1973 1804 saporem.
1994 1765 2103 1795 Lucret.
2112 1764 2162 1794 lib.
2175 1773 2202 1794 2.
2214 1771 2276 1801 197.

1428 1805 1562 1834 imbrium
1577 1814 1656 1842 aqua.
1695 1804 1762 1833 Plin.
1776 1804 1822 1833 lib.
1838 1813 1880 1840 31.
1894 1814 1954 1842 cap.
1969 1813 1993 1839 3.

1428 1842 1555 1872 Incursus
1573 1852 1714 1880 aquarum.
1736 1842 1819 1871 Ovid.
1834 1852 1874 1871 11.
1892 1841 2036 1879 Met.730.

1428 1880 1521 1910 Limes
1534 1890 1675 1918 aquarum.
1707 1880 1790 1910 Ovid.
1806 1885 1847 1914 18.
1871 1879 1954 1917 Epist.
1970 1889 2031 1916 133.
2592 1866 2595 1882 ι

1428 1919 1460 1949 In
1483 1920 1607 1956 margine
1626 1928 1704 1955 aquae
1723 1918 1825 1948 sedere.
1863 1917 1947 1947 Ovid.
1960 1928 1985 1947 2.
2003 1917 2069 1947 fast.
2082 1919 2146 1952 464.
2591 1913 2604 1926 ⁴

1428 1957 1513 1987 Mons
1525 1967 1616 1995 aquae.
1637 1956 1711 2000 Virg.
1728 1966 1751 1985 1.
1770 1957 1832 1986 AEn.
1846 1965 1907 1991 109.
1930 1956 1966 1985 de
1981 1956 2068 1985 fluctu
2082 1953 2199 1991 ingenti.
2585 1939 2604 1971 ¹⁹⁴

1587 2010 1625 2016 —‹
1642 1993 1794 2031 msequitur
1807 1993 1922 2024 cumulo
1934 2000 2089 2032 praeruptus
2102 2002 2180 2030 aquae
2191 1999 2283 2023 mons.

1427 2032 1524 2063 Motus
1542 2042 1676 2070 aquarum
1691 2033 1799 2068 ingens.
1819 2032 1891 2069 Virg.
1903 2042 1930 2068 4.
1947 2031 2046 2068 Georg.
2061 2033 2123 2066 365.

1428 2070 1508 2100 Odor
1520 2081 1597 2109 aquae
1615 2070 1708 2099 nullus
1720 2070 1773 2099 effe
1793 2070 1885 2099 debet.
1919 2069 1990 2099 Plin.
2012 2069 2061 2098 lib.
2075 2078 2118 2104 31.
2132 2077 2192 2106 cap.
2207 2076 2232 2105 3.

1427 2108 1534 2152 Pauper
1553 2119 1631 2146 aquae
1649 2109 1756 2137 fluvius.
1793 2108 1839 2137 Sic
1852 2108 1981 2137 Horatius
1998 2107 2130 2137 Daunum
2145 2114 2227 2135 vocat
2241 2104 2358 2134 fluvium
2374 2101 2495 2142 Apuliae‚
2513 2100 2549 2132 ob
2582 2103 2601 2126 ¹³

1446 2153 1574 2184 ingentes
1592 2145 1697 2175 calores
1717 2145 1881 2175 exhaustum
1896 2146 1953 2175 fere
1967 2144 2082 2183 semper.
2105 2154 2129 2181 3.
2143 2144 2234 2173 Carni.
2249 2153 2291 2180 30.
2306 2152 2349 2172 11.

1428 2183 1540 2214 Potores
1558 2194 1644 2222 aquas.
1676 2185 1740 2213 Hor.
1756 2194 1779 2212 1.
1795 2184 1878 2222 Epist.
1894 2194 1935 2218 19.
1947 2193 1972 2220 3.

1428 2222 1489 2252 Rex
1500 2232 1632 2260 aquarum
1649 2222 1808 2260 Neptunus.
1847 2222 1930 2251 Ovid.
1945 2230 1986 2259 13.
2002 2221 2070 2251 Met.
2084 2223 2148 2257 656.

1428 2261 1514 2290 Rivus
1533 2271 1608 2298 purae
1626 2270 1711 2298 aquae.
1751 2260 1816 2289 Hor.
1831 2269 1855 2294 3.
1867 2260 1956 2289 Carm.
1972 2263 2013 2288 16.
2025 2268 2070 2294 29.

1428 2299 1568 2336 Splendor
1586 2309 1671 2335 aquae.
1696 2298 1802 2327 Lucret.
1814 2298 1861 2327 lib.
1873 2309 1899 2334 4.
1913 2307 1976 2327 212.
2159 2312 2179 2334 3
2600 2311 2604 2316 ·

1428 2337 1516 2366 Strata
1532 2346 1675 2374 aquarum.
1697 2336 1803 2365 Lucret.
1819 2335 1865 2364 lib.
1879 2339 1904 2365 6.
1919 2340 1998 2364 1262.
2168 2334 2170 2337 ’
2404 2344 2408 2348 ’
2580 2327 2590 2370 ¹}

1428 2375 1528 2404 Sulcus
1537 2384 1634 2412 aquae,
1656 2375 1673 2404 i.
1692 2384 1716 2403 e,
1739 2374 1836 2403 Sulcus
1847 2373 2054 2411 aquarepletus.
2085 2371 2170 2402 Ovid.
2185 2372 2220 2401 de
2235 2371 2326 2406 Nuce,
2346 2372 2390 2400 66.
2580 2383 2581 2388 ¹

1428 2413 1745 2451 Temperies‘aquarum.
1768 2412 1851 2441 Ovid.
1870 2423 1895 2448 4.
1911 2412 1980 2440 Met.
1993 2420 2055 2446 344.

1429 2451 1476 2480 Vis
1493 2461 1572 2488 aquae
1589 2450 1685 2480 subita.
1717 2449 1825 2479 Lucret.
1839 2449 1887 2479 lib.
1904 2459 1927 2478 1.
1941 2455 2003 2484 287.
2587 2437 2604 2486 ’ς

1427 2489 1546 2519 Adversa
1560 2499 1638 2526 aqua.
1677 2488 1708 2517 V.
1732 2498 1751 2518 A
1760 2498 1802 2516 Dv
1814 2497 1849 2516 ER
1858 2498 1878 2516 ‘r
1887 2498 1913 2517 o.
2579 2491 2604 2524 ¹³5

1429 2528 1534 2556 Amara.
1558 2525 1624 2556 Plin.
1639 2526 1686 2555 lib.
1705 2535 1747 2560 31.
1765 2536 1827 2563 cap.
1843 2535 1867 2561 3.

1430 2565 1572 2608 Ambiguae
1584 2587 1592 2600 ,
1613 2565 1630 2593 i.
1648 2574 1671 2593 e.
1694 2563 1805 2593 Diversa
1825 2563 1947 2601 praeditae
1958 2563 2093 2592 natura&
2105 2561 2144 2591 vi.
2165 2559 2249 2590 Ovid.
2266 2569 2309 2596 15.
2326 2557 2397 2590 Met.
2412 2566 2473 2595 333.

1429 2603 1579 2632 Avernalis.
1602 2603 1669 2632 Hor.
1685 2602 1775 2640 Epod.
1794 2612 1818 2637 ς.
1831 2605 1874 2631 26.
2600 2584 2604 2607 Ι

1430 2641 1606 2671 Bituminata.
1647 2640 1678 2669 V.
1702 2649 1887 2668 srTuMsN.
2578 2610 2604 2685 l

1430 2679 1551 2709 Blandae.
1573 2677 1656 2708 Ovid.
1669 2689 1695 2714 4.
1712 2677 1781 2707 Met.
1796 2685 1858 2713 344.

1430 2717 1532 2747 Brevis.
1564 2716 1648 2746 Ovid.
1664 2721 1706 2749 18.
1733 2715 1814 2753 Epist.
1832 2723 1893 2751 174.

1431 2755 1577 2790 Coelestis,
1598 2755 1616 2783 i.
1634 2764 1658 2783 e.
1681 2753 1783 2783 Pluvia.
1813 2753 1880 2783 Hor.
1895 2762 1920 2790 3.
1944 2751 2033 2781 Carm.
2054 2760 2096 2779 10.
2116 2758 2157 2785 19.
2199 2748 2231 2777 V.
2256 2756 2407 2778 conum.

1411 2825 1416 2831 .
1431 2793 1567 2822 Coerulea.
1601 2792 1687 2821 Ovid.
1702 2797 1727 2826 8.
1749 2791 1819 2821 Met.
1834 2800 1897 2826 229.

1431 2831 1527 2860 Calda.
1569 2830 1600 2859 V.
1623 2840 1640 2859 c
1649 2840 1669 2858 A
1679 2841 1695 2858 ι.
1706 2840 1724 2858 D
1736 2839 1753 2858 u
1764 2839 1784 2858 s.

1432 2869 1516 2898 Cana.
1539 2866 1623 2897 Ovid.
1634 2877 1659 2896 2.
1676 2867 1759 2905 Epist.
1777 2869 1818 2896 16.

1431 2906 1594 2936 Cisternina.
1635 2906 1666 2934 V.
1689 2915 1707 2934 c
1717 2916 1726 2933 r
1736 2915 1748 2934 s
1758 2914 1777 2933 'r
1787 2914 1801 2933 F.
1810 2914 1825 2933 r.
1834 2913 1856 2933 N
1865 2913 1893 2932 A.

1430 2944 1551 2974 Collina.
1595 2943 1624 2972 V.
1655 2952 1798 2972 courrs.

1432 2982 1594 3012 Concordes
1611 2991 1696 3018 aquae.
1737 2980 1768 3009 V.
1792 2989 1860 3009 coN
1871 2988 1968 3008 cons.

1432 3020 1539 3050 Crailie.
1568 3020 1653 3048 Ovid.
1667 3029 1689 3056 3.
1718 3019 1807 3047 Amor.
1822 3021 1882 3049 6.8.

1432 3058 1532 3087 Curva.
1563 3058 1628 3087 Stat.
1644 3067 1667 3091 ς.
1687 3056 1778 3087 Theb.

1431 3096 1564 3126 Decocta.
1585 3094 1655 3124 Plin.
1670 3094 1718 3124 lib.
1732 3104 1774 3131 3¹·
1787 3102 1847 3131 cap.
1868 3100 1892 3128 3.
1932 3090 1964 3120 V.
1986 3101 2005 3120 11
2016 3101 2080 3121 seo
2091 3099 2136 3127 Qu
2144 3099 2170 3118 ο.

1430 3134 1596 3164 Deterrima.
1617 3132 1754 3161 Columel.
1769 3131 1817 3160 lib.
1831 3140 1852 3159 1.
1872 3139 1933 3167 cap.
1949 3139 1972 3165 ς.

1431 3171 1545 3201 Dulces.
1563 3171 1636 3207 Virg.
1650 3181 1677 3205 4.
1697 3170 1797 3206 Georg.
1808 3170 1852 3198 61.
2571 3182 2573 3186 .

1430 3209 1554 3247 Egelida.
1576 3208 1645 3237 Plin.
1659 3207 1759 3243 lib.3r.
1779 3216 1839 3244 cap.
1852 3214 1877 3234 2.

1431 3248 1527 3277 Exilis.
1558 3245 1627 3276 Plin.
1643 3245 1690 3274 lib.
1707 3254 1750 3280 31.
1767 3253 1828 3281 cap.
1842 3252 1866 3279 3.
2570 3229 2572 3239 '
2597 3218 2604 3252 Ι

1432 3286 1549 3317 Eximia.
1579 3282 1716 3312 Columel.
1731 3281 1779 3311 lib.
1797 3291 1819 3310 1.
1839 3289 1901 3318 cap.
1916 3290 1941 3316 5.

1430 3323 1560 3353 Ferraria.
1581 3321 1649 3350 Plin.
1660 3320 1707 3350 lib.
1718 3325 1762 3354 28.
1781 3329 1842 3357 cap.
1858 3321 1899 3347 16.
1941 3316 2066 3353 Quidam
2083 3315 2193 3346 urinam
2212 3310 2277 3350 equi
2297 3320 2375 3349 aquae
2391 3307 2548 3340 ferr-ariaeex

1449 3361 1568 3390 officinis
1588 3358 1712 3387 miscent.

1430 3397 1560 3428 Fluvialis
1571 3406 1641 3433 aqua
1651 3419 1659 3431 ,
1681 3396 1698 3424 i.
1717 3406 1741 3425 e.
1763 3397 1784 3424 A
1794 3392 1879 3423 fluvio
1890 3392 1984 3430 petita.
2022 3391 2054 3420 V.
2079 3400 2091 3419 ε
2100 3400 2142 3419 tu
2151 3398 2168 3418 v
2179 3399 2187 3417 1
2199 3398 2217 3418 u
2227 3397 2248 3418 s.

1431 3436 1550 3466 Foetida.
1579 3433 1707 3464 Plin.lib.
1725 3442 1767 3469 31.
1788 3441 1848 3470 cap.
1862 3440 1885 3468 3.

1431 3474 1565 3503 Fontana.
1606 3472 1636 3500 V.
1659 3482 1672 3500 1³
1682 3482 1699 3499 o
1709 3481 1727 3499 N
1737 3481 1758 3500 s.

1432 3511 1541 3540 Gelida.
1575 3509 1659 3539 Ovid.
1673 3518 1717 3538 21.
1745 3507 1826 3545 Epist.
1838 3514 1901 3535 220.

1430 3549 1578 3586 Hybernae.
1602 3547 1686 3576 Ovid.
1701 3556 1726 3575 2.
1740 3545 1807 3575 Fast.
1820 3547 1883 3572 206.

1431 3586 1547 3616 incerta:
1558 3607 1566 3621 ,
1591 3585 1661 3621 Quae
1671 3583 1747 3613 nulla
1756 3590 1829 3612 certa
1845 3581 1890 3610 via
1900 3580 2034 3609 feruntur.
2067 3578 2152 3608 Ovid.
2165 3582 2190 3611 8.
2204 3575 2273 3606 Met.
2286 3577 2361 3604 166..
2498 3605 2505 3612 ·

1431 3624 1573 3658 Intercus,
1602 3624 1617 3659 [
1632 3620 1724 3658 ’ν’δὶξῶυ
1736 3643 1744 3655 ,
1764 3617 1848 3655 ῧδεωψ
1863 3619 1878 3653 ]
1902 3619 1976 3655 Aqua
1987 3617 2179 3650 intercutem,
2201 3613 2280 3643 Celso
2291 3612 2308 3642 l.
2320 3621 2342 3647 3.
2356 3621 2380 3641 c.
2393 3618 2437 3639 21.
2474 3604 2541 3649 Vlssle
2567 3622 2569 3648 3
2602 3638 2604 3642 ,

1450 3671 1497 3691 ΗΥ
1509 3672 1527 3690 r>
1537 3671 1552 3689 a
1563 3670 1631 3689 01‘s.
1655 3658 1740 3688 Lucil.
1755 3657 1802 3686 lib.
1813 3661 1856 3690 28.
1881 3657 1984 3692 Aquam
1994 3661 2021 3683 te
2033 3655 2063 3682 in
2077 3652 2170 3682 animo
2182 3651 2282 3681 habere
2292 3651 2464 3679 intercutem.
2485 3643 2538 3672 Cle·
2567 3663 2568 3671 1

1452 3708 1477 3734 3.
1490 3699 1593 3734 Offioz.
1615 3697 1705 3734 Siquis
1717 3695 1953 3725 medicamentum
1963 3692 2087 3729 cuipiam
2101 3690 2209 3720 dederit
2219 3689 2254 3718 ad
2263 3697 2361 3726 aquam
2372 3687 2538 3714 intercutem·
2595 3687 2604 3696 ‘⁴

1452 3735 1494 3765 Ex
1506 3737 1610 3765 Nonio.
1645 3736 1715 3764 Sunt
1725 3740 1819 3763 autem
1831 3732 1891 3760 duae
1904 3731 2041 3759 dictiones
2052 3751 2060 3764 .
2081 3737 2197 3766 quarum
2206 3727 2331 3757 Intercus
2343 3731 2446 3753 nomen
2454 3719 2490 3749 est
2498 3716 2540 3748 ad·
2602 3720 2604 3731 ¹

1449 3774 1582 3809 jectivum
1595 3783 1620 3810 q.
1632 3772 1664 3801 V.
1688 3771 1763 3801 unde
1776 3772 1801 3799 ἁ
1818 3768 1949 3798 Nlorbum
1961 3768 2128 3796 intercutem
2141 3765 2269 3794 dicimus.
2310 3762 2368 3799 Qui
2377 3759 2486 3791 morbus
2496 3763 2539 3786 v·—

1450 3819 1526 3840 catur
1537 3812 1612 3847 Aqua
1621 3809 1711 3839 subter
1727 3814 1821 3838 cutem
1832 3806 1897 3835 fusa.
1920 3805 1987 3834 l'lin.
1999 3805 2046 3834 lib.
2064 3813 2089 3841 7.
2102 3813 2161 3840 cap.
2175 3807 2216 3836 18.
2566 3807 2567 3811 ¹

1431 3848 1527 3878 Invitis
1544 3848 1622 3884 aquis
1638 3849 1677 3876 ire
1689 3869 1697 3882 ,
1719 3847 1763 3876 vel
1781 3845 1917 3881 navigare.
1956 3842 2041 3872 Ovid.
2057 3852 2102 3872 12.
2124 3841 2206 3879 Epist.
2225 3841 2287 3869 126.

1429 3886 1548 3921 irriguae.
1572 3885 1656 3914 Ovid.
1672 3895 1697 3914 2.
1715 3885 1807 3914 Amor.
1821 3892 1863 3918 15.
1877 3891 1903 3910 2.

1430 3924 1515 3961 jugis.
1558 3923 1586 3952 V.
1609 3932 1740 3957 jucun.

2584 3318 2604 3340 t·

2602 3895 2604 3911 .

2514 3936 2518 3942 .
2564 3943 2565 3953 ,
2602 3915 2604 3943 i

2430 3978 2539 4014 Lethaeis
2596 3950 2604 4006 i
