2604 4222
142 115 214 153 484
609 104 762 141 ΟΕ
866 103 897 138 R

147 188 168 217 C
178 189 194 216 ἒ
204 198 217 216 R
230 189 245 218 a
255 200 274 218 M
284 199 302 218 u
311 199 323 218 s
336 212 344 224 ,
367 188 536 226 [xf&u&]
557 187 665 225 Cypriis
675 186 818 216 Carcerem
829 182 970 221 significat.
1010 181 1043 211 Id
1063 181 1089 225 ὃς
1107 180 1249 228 Homerus
1265 185 1306 223 te-

186 226 246 255 stari
258 228 366 256 videtur
380 227 481 256 Iliados
491 227 589 262 quinto
598 247 605 259 ,
627 224 675 254 ubi
687 223 806 254 Martem
818 221 912 251 scribit
921 220 954 249 ab
965 219 1022 249 Oto
1033 220 1059 249 dt
1071 220 1199 257 bphiaite
1210 229 1239 247 in
1247 227 1308 247 νιηι-

187 264 251 293 cula
263 266 421 299 conjectum
432 287 440 299 ,
462 263 492 293 Il.
509 274 525 292 ι.
541 268 604 299 387.
874 295 887 300 -
1019 293 1025 299 ⁸
1286 292 1293 298 ι

268 305 369 329 Χαλκέυ
388 300 410 328 ὃ·
426 301 452 328 όν
466 299 567 335 κερέέμῳ
583 296 662 326 Mt„
676 294 831 331 muniit&
850 304 933 330 pamm.
969 331 974 337 .
991 331 997 337 ι
1017 303 1037 322 i.
1059 301 1083 321 e.
1104 291 1211 322 Decem
1220 297 1306 321 actri-

188 338 239 368 bus
250 341 388 368 mensibus
398 348 475 369 aeneo
485 339 512 366 in
521 346 632 366 ceramo
640 336 748 364 vinctus
758 333 850 370 jacuit.
891 330 1062 361 Eruditiores
1072 337 1166 360 tamen
1175 340 1211 360 eo
1221 331 1305 359 verbo

187 376 282 406 Ollam
295 378 420 413 accipere
430 375 545 404 malunt.
567 375 607 404 Ex
618 372 682 402 Crel.
697 372 745 401 lib.
759 381 800 407 17.
817 379 879 408 cap.
890 380 915 404 9.
1103 406 1109 412 ·

150 414 173 443 C
182 417 196 443 ἒ
207 424 222 442 R
232 424 280 443 AM
291 425 309 444 γ
321 425 338 443 Ν
347 424 366 443 τ
378 424 409 443 as
418 435 426 448 ,
448 412 650 448 [Κηρφμύι-ιης]
671 411 692 439 A
711 409 812 438 Graecis
828 406 964 437 Hercules
978 410 1194 449 cognominatus
1203 426 1211 440 ,
1233 404 1305 442 quasi

190 452 255 481 Fata
266 453 395 487 rejiciens
405 461 416 485 ,·
426 457 457 480 ut
465 450 539 478 idem
550 449 580 478 sit
589 448 674 477 ferme
684 456 749 477 cum
757 446 912 476 Alexicaco.
935 445 1037 473 ametor
1047 443 1112 473 Cael.
1125 440 1301 481 lib.6.cap.7.

150 488 174 555 g
182 498 198 556 ἓ
206 499 275 556 {21}
284 488 453 556 1Aliisiziltlibas
461 497 476 560 ξ
484 496 583 560 {pic—ipa<
601 520 769 556 ἐμμλθιῖως]
789 520 807 549 i.
820 530 845 549 e.
867 519 963 557 Copiae
974 528 1071 551 cornu.
1092 518 1196 549 Festus.
1229 517 1301 548 Plin.

188 574 269 600 9.15.
291 565 378 594 Vocat
388 564 508 592 Aureum
516 566 611 590 cornu.
652 559 685 588 V.
707 568 726 587 A
737 567 758 588 Μ
769 568 788 586 A
798 569 813 586 L
821 567 840 586 a*
850 566 870 586 H
879 567 893 585 R
901 568 929 586 A.

149 601 172 630 C
180 604 195 630 ᾗ
203 611 218 630 a
227 612 245 630 A
256 611 268 631 s
277 612 290 630 R
299 604 316 630 ὅ
325 613 340 630 L
348 608 366 629 Δ
379 622 387 634 ,
408 598 596 636 [κερφσέόλοι]
615 596 728 626 Semina
741 595 803 625 sunt
812 617 820 630 ,
842 605 903 632 quae
919 601 1046 632 tempore
1058 593 1188 624 sementis
1198 593 1303 623 bubula

187 649 290 668 cornua
304 639 321 667 ii
333 638 488 675 attigerint,
511 646 545 665 ea
559 643 665 664 veteres
677 633 858 663 crediderunt
866 642 958 669 neque
968 633 1025 670 igni
1042 631 1188 667 consumi,
1210 641 1302 669 neque

183 676 265 705 facile
280 677 372 713 coqui.
416 674 495 703 Unde
507 675 532 703 &
543 672 671 708 o'm'eqpcm
685 671 814 700 nominat
824 670 963 700 Plutarch.
979 673 1008 699 in
1020 670 1215 708 Symposiacis,
1228 670 1302 707 quasi

183 714 334 743 incoctilia.
374 713 448 741 Hinc
460 711 595 740 Homines
606 709 704 739 duri&
714 716 895 738 contumaces
905 731 913 743 ,
934 718 992 738 non
1004 708 1147 737 invenusta
1156 708 1304 746 metapho-

181 760 209 779 ra
222 750 365 785 κερασέόλω
375 748 559 787 appellantur.
595 747 626 776 V.
647 747 725 776 Suid.
739 748 765 776 ἃ
776 746 861 776 Henr.
875 747 971 784 Steph.
982 745 1065 776 Thes.
1080 745 1168 775 Graec.

143 786 167 817 C
177 798 214 816 ER
225 798 244 816 A
253 797 324 817 sTffl
336 810 344 820 ,
366 789 380 823 [
393 783 497 822 quy‘qvq
510 786 524 821 ]
545 783 642 815 Insulae
653 784 755 814 suntin
766 784 851 814 latere
864 784 976 820 Arabiae,
988 793 1079 822 prope
1090 785 1202 821 Syenen
1213 805 1222 818 ,
1239 787 1300 821 quae

181 826 210 854 in
222 825 276 854 fine
286 824 323 854 est
332 825 490 862 JEthiopiae.
530 823 562 852 V.
585 822 653 852 Plin.
667 823 716 852 lib.
731 833 755 858 ς.
770 832 830 860 cap.
843 832 870 858 9.

140 861 261 892 CtaAs
273 872 314 891 TE
325 872 336 891 s
350 884 357 894 .
379 872 409 891 ae.
443 861 485 890 vel
505 861 658 890 CERAST
669 869 716 896 is,
737 861 767 890 is.
793 870 832 890 m.
866 857 1015 896 [κεςρὶςης]
1049 859 1144 889 Genus
1165 858 1301 896 serpentis

177 901 296 930 cornuti.
319 900 387 929 Plin.
400 900 446 928 lib.
458 905 483 933 8.
493 909 554 937 cap.
564 907 610 935 23.
633 898 700 928 Stat.
717 908 740 927 1.
754 898 846 928 Theb.
866 907 928 934 103.

255 937 375 967 Centum
387 937 427 966 illi
438 937 555 966 astantes
567 935 732 966 umbrabant
747 945 794 965 ora
809 936 926 965 cerastae.
1017 934 1060 965 De
1081 934 1236 972 Tisiphone
1258 933 1299 963 lo-

175 975 283 1011 quitur,
305 977 384 1011 cujus
395 974 512 1013 capillos
526 974 667 1012 serpentes
687 973 740 1003 effe
761 980 851 1011 poetae
870 974 989 1010 fingunt.
1030 973 1111 1003 Unde
1127 972 1175 1002 lib.
1189 982 1230 1002 11.
1249 976 1295 1009 65.

174 1012 314 1043 Crinalem
324 1021 406 1042 vocat
416 1012 537 1042 cerasten
550 1034 558 1047 ,
581 1011 629 1041 ubi
641 1012 677 1041 de
685 1012 804 1049 Megaera
815 1012 938 1049 loquitur
947 1033 954 1046 ,

215 1050 355 1080 Crinalem
364 1051 467 1080 attollit
476 1059 576 1087 magno
588 1050 704 1079 stridore
714 1050 846 1079 cerasten.
932 1048 962 1078 V.
984 1046 1094 1077 Salmas.
1112 1047 1209 1077 Exere.
1224 1045 1294 1077 Plin.

132 1087 157 1117 C
165 1089 181 1117 i
192 1097 208 1116 R
218 1098 236 1117 A
246 1098 301 1117 ST!
312 1098 323 1118 s
333 1111 341 1124 ,
362 1088 508 1125 [iuges-is]
529 1088 610 1118 Dinfta
619 1088 656 1117 est
668 1088 776 1125 Cyprus
788 1086 876 1116 insula
884 1086 1036 1124 quondam.
1045 1086 1113 1115 teste
1123 1085 1192 1115 Plin.
1205 1082 1253 1114 lib.
1268 1096 1292 1121 5.

129 1135 298 1193 Cgffishis
308 1186 316 1199 ,
338 1164 422 1193 untis.
445 1163 582 1199 [Κερασὲς
595 1163 610 1198 ]
632 1162 780 1200 Oppidum
791 1162 830 1191 est
845 1161 1034 1205 Themiscyrae
1049 1161 1171 1204 regionis
1185 1161 1214 1189 in
1225 1158 1283 1204 Cap
1291 1179 1301 1186 .

166 1202 367 1239 padocia.Plin.
378 1201 426 1231 lib.
439 1205 560 1239 6.cap.4.
573 1200 685 1230 Cerasus
695 1200 776 1238 vulgo
789 1200 891 1238 Zefano.
904 1200 1045 1230 Olivarius
1054 1209 1084 1228 in
1094 1198 1200 1228 Melam
1213 1197 1292 1228 hb.1.

168 1249 232 1277 cap.
243 1239 293 1269 ult.
316 1240 385 1269 dicit
394 1239 486 1268 vocari
500 1239 599 1268 Cerafi).

129 1276 314 1314 CERAsus,
335 1278 353 1307 i.
369 1277 388 1307 f.
411 1275 572 1314 [κέρφσῶυ]
593 1275 679 1306 Arbor
690 1275 753 1305 satis
770 1280 856 1310 nota,
877 1284 893 1304 a
913 1273 1062 1305 Cerasunte
1080 1273 1161 1303 Ponti
1182 1273 1293 1303 civitate

167 1314 204 1344 sic
215 1314 296 1345 dieta.
338 1316 407 1345 Plin.
425 1314 474 1344 lib.
492 1325 533 1350 15.
551 1324 610 1352 cap.
624 1323 669 1349 ας.
694 1313 782 1344 Cerasi
795 1320 860 1342 ante
871 1313 1019 1342 victoriam
1030 1311 1250 1342 Mithridaticam
1260 1311 1291 1341 L.

165 1352 276 1382 Luculli
286 1362 345 1382 non
352 1354 429 1383 fuere
438 1354 467 1382 in
478 1352 566 1388 Italia,
587 1352 629 1382 Ad
645 1363 674 1382 u.
689 1362 717 1381 A.
738 1361 757 1381 ι)
767 1361 784 1380 c
792 1362 808 1380 L
817 1361 835 1380 x
845 1360 863 1380 x
874 1360 892 1380 x
906 1351 929 1380 is
938 1351 1061 1389 primum
1072 1351 1149 1380 vexit
1163 1360 1179 1379 e
1191 1349 1290 1379 Ponto.

164 1391 251 1421 Ovid.
265 1391 301 1421 de
311 1391 392 1421 Nuce
404 1400 447 1428 32.

220 1430 323 1459 Audiat
334 1430 393 1459 haec
405 1427 512 1458 cerasus
525 1450 532 1463 ,
553 1427 636 1464 stipes
645 1427 735 1456 inanis
749 1426 809 1456 erit.

163 1466 270 1497 Dulces
280 1467 361 1497 cerasi
372 1489 380 1503 ,
401 1467 436 1496 de
448 1466 557 1496 Frut‘iu.
579 1465 701 1503 Propert.
715 1464 764 1494 lib.
777 1468 804 1500 4'.
816 1472 843 1494 2.
858 1473 902 1500 ις.
1052 1501 1057 1506 ἶ

219 1505 274 1535 Hic
285 1506 382 1535 dulces
392 1503 498 1535 cerasos
510 1526 518 1539 ,
539 1503 586 1533 hic
599 1502 774 1532 Autumnalia
785 1511 875 1540 pruna
977 1500 1074 1530 Cernis
1082 1522 1091 1536 ,
1111 1501 1164 1530 &a

126 1542 173 1574 CF:
182 1553 199 1572 R
209 1544 226 1572 λ’
234 1553 246 1573 s
256 1554 274 1572 υ
284 1554 305 1572 M
315 1565 324 1579 ,
344 1543 361 1573 i.
383 1553 412 1572 n.
433 1540 591 1579 [medum]
611 1541 725 1570 Fructus
735 1540 826 1570 ceraii.
846 1540 923 1569 Serv.
938 1539 973 1568 ad
986 1550 1012 1569 2.
1022 1539 1122 1576 Georg.
1140 1543 1181 1573 18·
1215 1537 1285 1569 Plin.

162 1581 212 1611 lib.
229 1591 271 1617 15.
285 1589 345 1620 cap.
356 1591 401 1616 25.
423 1579 583 1610 Cerasorum
596 1579 755 1617 Aproniana
772 1579 895 1607 maxime
913 1576 1015 1606 rubent
1027 1599 1034 1611 ,
1057 1577 1207 1613 nigerrima
1224 1575 1288 1605 sunt

162 1619 272 1650 Lutatia
282 1641 289 1654 ,
309 1619 459 1649 Caeciliana
471 1627 538 1647 vero
550 1619 576 1648 ἃ
587 1616 717 1647 rotunda.
757 1615 895 1646 Cerasium
907 1624 922 1645 a
933 1615 1034 1645 Graecis
1045 1614 1148 1644 dicitur
1158 1636 1167 1651 ,
1189 1613 1222 1645 V.
1237 1614 1290 1644 Ga·-

162 1657 218 1687 len.
232 1657 316 1687 lib.2.
331 1657 367 1686 de
377 1656 530 1686 Alimentis.

161 1695 260 1725 Ceraso
271 1702 392 1734 peccent
403 1694 487 1724 cafiae.
509 1693 578 1723 Pers.
588 1696 613 1723 6.
625 1693 680 1722 Sat.
694 1695 738 1729 36.
1249 1726 1256 1735 ἡ

123 1733 168 1764 ΟΕ
177 1744 194 1762 R
203 1744 221 1762 A
231 1743 244 1763 s
254 1744 263 1763 1
273 1743 294 1762 Ν
302 1743 320 1762 u
329 1743 341 1762 s
353 1755 360 1768 ,
381 1742 397 1762 a
406 1755 414 1769 ,
434 1741 492 1762 um.
514 1731 598 1761 Color
608 1730 700 1760 similis
711 1729 817 1760 cerasis.
837 1728 947 1759 Petron.
959 1737 1021 1766 cap.
1033 1733 1080 1763 ²8.
1100 1727 1197 1759 Stabat
1207 1728 1286 1759 ostias

160 1772 216 1802 rius
231 1771 385 1810 prasinatus
395 1793 403 1805 ,
424 1770 546 1800 cerasino
559 1769 715 1799 fiiccinerus
726 1767 850 1806 cingulo.

122 1810 350 1844 CRRA’ri-ius,
381 1808 412 1838 V.
435 1816 622 1837 csRATus.

118 1849 142 1880 C
152 1859 167 1878 ι
175 1858 191 1877 R
201 1858 221 1876 A
230 1856 250 1876 τ
260 1858 270 1876 ι
280 1857 300 1876 A
309 1869 317 1882 ,
338 1857 369 1877 εις.
391 1847 485 1876 Genus
494 1845 601 1875 herbae:
624 1845 661 1874 de
670 1853 723 1881 qua
732 1842 801 1873 Plin.
813 1842 863 1872 lib.
875 1846 920 1872 26.
930 1851 992 1879 cap.
1002 1847 1029 1877 8.
1051 1842 1170 1879 Ceratia,
1177 1848 1235 1872 uno
1243 1842 1284 1872 fo.

158 1886 198 1917 lio
207 1906 217 1922 ,
236 1885 330 1915 radice
338 1884 444 1914 nodosa
454 1886 481 1914 ἃ
490 1893 589 1921 magna
599 1905 607 1918 ‚
628 1883 658 1911 in
669 1881 733 1911 cibo
751 1880 877 1922 coeliacis
890 1882 917 1911 ἃ
930 1881 1110 1919 dysentericis
1124 1881 1262 1911 medetur.

120 1925 166 1956 Ca
175 1935 190 1954 R
200 1934 220 1953 A
230 1933 268 1953 Tr
279 1934 297 1952 A
306 1933 318 1952 s
328 1945 337 1959 ,
358 1920 516 1958 [neq-riou]
536 1921 621 1951 Stella
630 1921 749 1955 dicitur,
769 1916 816 1946 λ’πὲ
835 1915 855 1946 35
873 1920 990 1954 κέρςιτΘ»
1000 1941 1008 1954 ,
1030 1919 1086 1948 hoc
1098 1918 1136 1948 est
1151 1929 1167 1948 a
1184 1929 1282 1954 cornu,

157 1963 240 1999 cujus
248 1961 370 1999 speciem
381 1960 472 1989 habet.
496 1959 566 1989 Plin.
579 1959 628 1988 lib.
641 1968 667 1988 2.
684 1968 745 1995 cap.
758 1967 803 1993 25.
821 1957 943 1986 Ceratias
952 1966 1038 1986 cornu
1045 1956 1169 1995 speciem
1180 1957 1265 1987 habet
1274 1973 1285 1993 '³

158 2000 247 2039 qualis
255 2000 308 2029 fuit
318 2008 405 2037 quum
416 1998 520 2029 Graecia
530 1998 605 2035 apud
613 1996 753 2027 Salamina
762 1996 944 2033 depugnavit.
962 1995 1005 2024 De
1016 1995 1140 2025 Cornetis
1148 1994 1282 2033 loquitur.

121 2039 145 2070 C
153 2041 168 2069 ἴε
178 2049 195 2068 ιι
204 2049 221 2067 A
231 2047 252 2066 T
261 2040 272 2067 ῑ
280 2047 301 2067 Ν
311 2048 326 2066 s
336 2060 344 2073 ,
366 2044 406 2066 es.
427 2037 446 2065 f.
481 2038 496 2072 [
508 2035 641 2071 κερμήνη]
671 2034 729 2063 Lat.
752 2033 870 2063 Cornea.
899 2033 1013 2071 Species
1033 2033 1072 2062 est
1092 2034 1283 2063 ratiocinatio-

157 2077 202 2107 nis
217 2076 371 2114 implicitae:
401 2075 500 2104 dietaa
511 2073 642 2103 cornibus
656 2094 665 2108 ,
685 2073 714 2101 id
729 2071 767 2100 est
782 2081 798 2101 a
809 2071 924 2101 materia
941 2070 1008 2109 ipsa,
1026 2080 1080 2108 qua
1097 2077 1217 2101 utuntur
1234 2072 1282 2109 qui

158 2116 214 2144 hoc
224 2124 325 2151 genere
337 2113 491 2150 argumenti
502 2112 682 2141 delectantur.
724 2109 845 2146 Quintil.
861 2109 910 2139 lib.
925 2119 948 2138 1.
959 2118 1021 2147 cap.
1039 2119 1080 2139 10.
1094 2119 1136 2147 pr.
1165 2109 1221 2138 Sed
1253 2119 1283 2139 er

157 2155 285 2191 quaedam
297 2162 379 2190 parva
392 2152 455 2182 sane
467 2172 475 2185 ,
496 2149 581 2188 siipsa
593 2150 706 2178 demum
722 2147 881 2182 existimes,
901 2147 1026 2181 ducunt,
1047 2146 1116 2177 sicut
1134 2148 1217 2184 exqui
1231 2154 1282 2177 itas

158 2191 273 2220 interim
287 2190 495 2227 ambiguitates:
518 2197 576 2216 non
593 2187 658 2224 quia
678 2186 807 2215 ceratinae
818 2190 866 2214 aut
875 2184 1057 2214 crocodilinae
1096 2184 1179 2214 offint
1189 2185 1281 2215 facere

156 2228 310 2267 sapientem
322 2238 328 2257 ε
350 2228 397 2257 sed
406 2226 470 2265 quia
480 2225 559 2255 illum
571 2235 606 2254 ne
614 2226 643 2253 in
653 2223 775 2253 minimis
785 2223 900 2260 quidem
910 2228 1038 2261 oporteat
1051 2222 1068 2251 f
1102 2223 1120 2253 i.
1159 2222 1214 2253 Ubi
1223 2223 1281 2253 Ra-

157 2266 241 2305 phael
251 2265 375 2302 ejusdem
384 2267 519 2302 interpres
532 2283 540 2298 ,
563 2263 762 2299 Anibiguitates
772 2283 779 2297 ,
800 2261 908 2298 inquit,
930 2261 1059 2297 quredam
1067 2261 1133 2290 ideo
1144 2260 1281 2292 Ceratinae

158 2312 294 2333 vocantur
305 2326 313 2339 ,
335 2305 399 2341 quia
411 2304 439 2332 in
451 2301 505 2332 illis
519 2301 606 2331 multa
617 2301 652 2330 de
664 2299 796 2329 cornibus
810 2301 919 2328 mentio
936 2299 1070 2334 habetur,
1091 2297 1184 2335 κέρᾳ-ιιι
1202 2308 1281 2329 nam-

158 2352 213 2380 que
223 2352 328 2372 cornua
337 2343 479 2371 dicuntur.
515 2339 578 2369 Sen.
591 2339 639 2367 lib.
654 2349 677 2375 ς.
689 2337 773 2375 Epist.
802 2337 936 2366 Sederem
954 2336 1075 2373 otiosus,
1096 2338 1123 2367 ἃ
1140 2336 1279 2373 ejusmodi

156 2380 368 2417 quaestiunculas
377 2388 512 2418 ponerem
523 2400 531 2414 ,
554 2377 640 2414 Quod
650 2386 707 2405 non
720 2375 865 2413 perdidisti
877 2375 960 2403 habes
972 2384 978 2404 :
1000 2384 1106 2404 cornua
1118 2384 1177 2404 non
1187 2376 1280 2413 perdi-

156 2418 237 2448 disti:
259 2428 364 2448 cornua
375 2427 440 2455 ergo
449 2416 543 2446 habes.
582 2415 611 2444 V.
633 2415 801 2444 Politianum
820 2412 867 2442 lib.
880 2412 1140 2448 Miscellaneorum,
1162 2423 1223 2451 cap.
1233 2424 1278 2450 54.

119 2457 141 2486 C
150 2460 166 2486 ὲ
176 2467 190 2485 R
202 2467 220 2485 A
231 2465 251 2485 T
260 2459 301 2485 iT
311 2467 320 2484 1
329 2466 341 2485 s
352 2478 360 2491 ,
382 2454 543 2491 [argowi-nr]
563 2452 704 2490 Papaveris
712 2451 835 2480 silvestris
847 2458 942 2488 genus.
964 2450 1034 2480 Plin.
1046 2450 1095 2480 lib.
1107 2458 1153 2480 20.
1165 2461 1279 2490 capse.

154 2493 324 2524 Silvestriuni
339 2503 425 2522 unum
437 2502 533 2529 genus,
554 2490 680 2520 ceratitin
692 2497 793 2519 vocant
807 2511 815 2523 ,
835 2490 945 2526 nigrum
957 2510 964 2523 ,
987 2488 1102 2518 cubitali
1116 2488 1278 2525 altitudine,

154 2532 250 2561 radice
260 2532 344 2561 crassa
360 2533 385 2561 S<
395 2529 528 2560 corticosa
539 2551 547 2564 ,
568 2527 695 2566 calyculo
710 2526 813 2556 inflexo
831 2533 863 2556 ut
878 2526 1029 2557 cornicula.
1069 2526 1148 2557 Folia
1166 2528 1276 2558 minora

155 2572 181 2600 ἃ
192 2570 318 2599 tenuiora
326 2579 407 2607 quani
419 2568 520 2597 ceteris
529 2565 691 2596 silvestribus
701 2588 709 2601 ,
722 2567 773 2594 Sco.

117 2608 140 2638 C
150 2618 164 2637 ιι
174 2618 189 2636 R
199 2618 216 2637 A
225 2617 245 2636 T
254 2619 263 2636 1
274 2617 292 2636 υ
303 2616 323 2636 Μ
333 2629 341 2643 ,
363 2607 458 2636 Graece
473 2602 578 2641 κερέων
588 2626 595 2638 ,
616 2604 719 2641 Siliqua
731 2603 769 2632 est
782 2602 884 2632 Graeca.
916 2602 1054 2632 Columel.
1078 2603 1108 2632 in
1126 2602 1174 2633 lib.
1187 2614 1210 2639 ς.
1237 2603 1275 2634 de

153 2645 322 2680 Arboribus,
344 2654 404 2682 cap.
419 2654 460 2673 10.
473 2652 519 2673 20.
553 2642 686 2678 Siliquam
704 2641 827 2671 Graecam
840 2663 848 2676 ,
869 2649 953 2677 quarn
973 2641 1088 2678 quidam
1103 2641 1208 2677 κεερέτιον
1226 2649 1276 2672 vo.

153 2690 219 2713 cant
228 2706 236 2719 ,
257 2683 362 2712 deinde
373 2681 507 2720 persicum
517 2686 581 2710 ante
592 2679 718 2709 brumam
731 2688 779 2716 per
792 2680 962 2708 Autumnum
972 2679 1063 2708 serito.

153 2721 198 2751 Est
207 2722 291 2751 etiam
301 2720 413 2750 Pondus
430 2719 580 2748 minimum
591 2740 599 2753 ,
620 2724 651 2746 ut
669 2718 708 2746 ait
726 2715 878 2746 Politianus
897 2717 933 2746 ad
955 2717 1132 2746 Franciotum
1146 2716 1274 2746 Ursinum

171 2759 218 2789 lib.
235 2769 277 2789 10.
290 2759 371 2796 Epist.
384 2767 427 2792 η.
450 2757 600 2786 Minimum
611 2756 723 2793 pondus
731 2754 768 2783 est
778 2775 785 2789 ,
808 2754 855 2791 qui
870 2753 966 2783 Latine
976 2754 1137 2792 Scripulus,
1159 2755 1273 2785 &idem

173 2798 268 2827 Graece
285 2797 377 2826 dictus
395 2795 519 2825 Obolus:
550 2795 674 2832 pendere
694 2793 716 2821 is
732 2798 847 2830 putatur
864 2791 984 2829 Siliquas
995 2793 1113 2821 omnino
1126 2792 1190 2828 sex,
1212 2800 1273 2831 quae

172 2836 281 2865 Ceratia
294 2835 388 2864 Graece
399 2833 581 2862 nominantur
589 2854 596 2866 ,
618 2830 673 2860 lioc
682 2830 720 2859 est
728 2836 862 2867 quantum
877 2829 959 2859 lentis
969 2832 1033 2859 octo
1044 2830 1158 2860 semina.

153 2873 381 2903 Est&Nummus
392 2872 509 2908 exiguus
520 2892 529 2905 ,
550 2870 585 2899 ad
600 2868 722 2898 valorem
732 2868 820 2897 tertiae
834 2869 919 2905 partis
941 2868 1017 2897 oboli
1041 2868 1197 2898 aestimatus.
1238 2868 1271 2898 V.

173 2911 245 2941 Scal.
266 2911 301 2940 de
315 2911 355 2940 Re
365 2910 510 2939 Nummar.
520 2908 550 2937 in
558 2906 639 2937 Thes.
654 2907 747 2943 Antiq.
757 2905 844 2934 Graec.
856 2906 975 2935 Gronov.
988 2914 1055 2935 tom.
1067 2915 1092 2941 9.
1103 2916 1132 2944 p.
1144 2916 1224 2942 1525.
1235 2906 1270 2936 T.

117 2948 140 2979 C
149 2959 164 2979 Β
173 2959 190 2978 R
199 2957 269 2978 ATo
279 2952 291 2977 i
301 2959 318 2977 r>
331 2958 345 2977 e
353 2957 365 2976 s
377 2970 384 2982 ,
407 2958 437 2977 ae.
459 2941 650 2982 [κεςοιπειδὴς]
670 2944 781 2973 Tunica
794 2942 915 2973 secunda
933 2941 1007 2973 oculi
1023 2944 1061 2973 est
1072 2966 1080 2978 ,
1107 2953 1189 2981 quani
1207 2944 1273 2973 Cor-

152 2997 236 3017 neam
254 2986 338 3023 vulgo
353 2984 513 3024 appellant,
535 2983 598 3021 quia
615 2982 770 3020 pelluceat,
792 2986 822 3010 ut
841 2990 929 3010 cornu
951 2987 1146 3018 attenuatum,
1166 2989 1222 3019 quo
1241 2982 1272 3012 sit

154 3024 298 3063 speciebus
310 3024 411 3062 pervia.
454 3020 483 3052 V.
507 3021 577 3051 Cels.
591 3029 655 3057 7.7.
670 3029 711 3056 13.
751 3019 826 3048 conf.
849 3018 1047 3056 CreLRhodig.
1061 3019 1109 3048 lib.
1125 3024 1270 3057 16.cap.i.

116 3061 162 3092 Ca
173 3072 187 3091 R
198 3072 317 3091 ΛΤοΝι
328 3072 366 3096 A,
387 3060 561 3097 [κερατὸιιοι]
582 3058 689 3088 Galeno
703 3056 785 3087 arbor
798 3056 866 3101 est„
884 3065 944 3094 quae
963 3056 1066 3086 Latinis
1083 3057 1188 3095 Siliqua
1204 3058 1273 3087 dici-

155 3107 217 3135 tur,
237 3100 316 3135 cujus
334 3100 438 3128 fruetus
459 3098 543 3127 etiam
560 3097 655 3126 Graeco
672 3095 789 3125 nomine
805 3105 911 3131 κερφπον
928 3095 1104 3133 appellatur,
1125 3101 1273 3133 propterea

153 3138 231 3174 quod
242 3137 451 3167 corniculorum
460 3134 669 3165 similitudinem
680 3133 785 3163 referat.

116 3174 471 3248 C{i‹AA‡bJs⁴,'[liiiejrlg·
480 3184 607 3246 l[lliluvii
621 3218 725 3239 nomen
742 3208 772 3237 in
790 3207 878 3237 insula
894 3206 993 3243 Creta,
1020 3207 1154 3238 Cnoffum
1174 3208 1273 3239 urbem

156 3250 381 3287 praeterlabentis,
393 3250 467 3279 unde
476 3248 566 3286 &ipsa
574 3248 675 3277 eodem
686 3247 801 3275 nomine
808 3246 882 3276 dicta
890 3246 1056 3277 fuitAuetor
1064 3246 1163 3276 Strabo
1171 3246 1220 3277 lib.
1227 3256 1269 3276 io.

119 3287 334 3321 Cerri-irtus,
357 3288 416 3321 Adi.
438 3287 553 3325 Virg.in
570 3286 645 3321 Ciri,
666 3294 725 3322 ¹13·
864 3303 866 3305 -

248 3325 425 3362 Carpathium
437 3325 544 3361 fugiens
558 3324 584 3354 dc
600 3323 716 3353 flumina
727 3321 850 3352 Ceratea.
945 3320 1083 3358 [Rectius
1100 3321 1201 3359 legitur
1213 3322 1272 3351 Cae-

155 3367 229 3392 ratus
240 3383 250 3398 ,
270 3361 405 3398 Kou'gae‘r&
416 3384 424 3396 ,
445 3364 471 3392 &
485 3363 608 3392 Caeratea
619 3384 628 3398 ,
648 3369 679 3390 ut
692 3360 784 3399 placet
793 3359 963 3389 dostisviris.

117 3400 163 3430 Cir
172 3409 188 3428 R
197 3409 217 3429 A
226 3410 243 3429 υ
252 3409 296 3428 LA
307 3422 315 3434 ,
335 3410 366 3428 a.
384 3400 401 3428 f.
420 3397 589 3436 [κεςαύληε]
618 3399 767 3428 Cornicen.
802 3399 820 3427 A
844 3397 881 3426 ul.
895 3402 922 3431 8.
940 3407 968 3434 p.
980 3405 1043 3433 213.
1074 3395 1188 3432 ,Iuvenis
1208 3397 1271 3427 satis

155 3437 332 3474 corpulentus
342 3458 350 3472 ,
370 3437 479 3467 ceraula
495 3436 666 3467 doctiilimus
683 3439 735 3466 &a
757 3436 806 3473 qui
831 3437 887 3465 oris
907 3435 1022 3472 quidem
1035 3434 1271 3471 circumgestanti-

152 3475 205 3504 bus
217 3474 302 3504 Deam
314 3485 399 3504 cornu
412 3484 515 3504 canens
527 3475 731 3505 adambulabat.

117 3511 165 3542 ci
176 3522 192 3540 R
201 3522 218 3540 A
228 3522 245 3540 u
254 3522 272 3540 Ν
284 3522 292 3540 ι
302 3522 319 3540 A
331 3534 339 3546 ,
360 3522 390 3541 ae.
411 3512 430 3541 f.
453 3513 570 3542 Gemma
591 3513 628 3541 est
639 3512 770 3542 candida.
809 3509 880 3542 Plin.
893 3508 940 3540 lib.
952 3519 995 3548 37.
1009 3519 1068 3548 cap.
1078 3520 1104 3545 9.
1136 3509 1180 3539 Est
1195 3508 1269 3540 inter

153 3549 284 3579 candidas
295 3550 320 3578 ἀ
328 3560 386 3586 quir:
395 3551 522 3580 ceraunia
535 3555 649 3579 vocatur
659 3572 666 3585 ,
687 3550 825 3588 fulgorem
837 3549 955 3579 siderum
964 3549 1085 3585 rapiens.
1112 3546 1184 3577 lbid.
1203 3557 1265 3585 cap.

155 3597 198 3616 10.
222 3586 336 3615 Onibria
345 3609 352 3620 ,
373 3597 455 3622 quam
465 3588 548 3624 aliqui
559 3588 665 3618 notiam
675 3592 792 3624 vocant,
814 3587 882 3617 sicut
891 3587 1021 3616 ceraunia
1032 3588 1058 3616 <St
1070 3585 1180 3616 brontia
1190 3606 1200 3622 ,
1221 3595 1269 3615 ca-

154 3625 219 3653 dere
226 3633 289 3653 cum
304 3623 434 3653 imbribus
445 3627 471 3654 &
483 3625 646 3655 fulminibus
655 3626 766 3655 dicitur.

152 3662 227 3693 Hinc
236 3661 319 3698 Ignea
329 3663 534 3700 cerauniaapud
548 3663 647 3693 Claud.
661 3664 747 3693 Laud.
759 3664 853 3693 Seren.
865 3667 912 3700 78.

341 3714 379 3719 -—
390 3699 568 3736 Pyreneisque
578 3700 626 3729 sub
639 3701 722 3730 antris

203 3735 288 3773 Ignea
297 3735 438 3765 fulmineae
446 3736 534 3773 legere
544 3740 673 3767 ceraunia
683 3738 829 3776 Nympha.

149 3773 284 3804 Ceraunia
293 3795 301 3807 ,
321 3774 405 3802 etiam
419 3774 495 3802 Ficus
513 3784 599 3811 genus
610 3776 655 3804 est.
679 3777 746 3805 l'lin.
786 3775 841 3805 Sed
859 3774 914 3812 legi
931 3775 1015 3804 debet
1032 3782 1169 3804 cRRoNtA.
1191 3783 1217 3812 q.
1228 3773 1260 3804 V.

109 3812 134 3842 C
143 3814 159 3842 i
168 3823 182 3841 R
191 3821 211 3841 A
220 3821 238 3840 υ
250 3820 269 3839 Ν
279 3821 288 3838 ι
298 3821 327 3846 A,
337 3820 426 3840 orum.
438 3820 464 3839 n.
477 3811 514 3848 pl.
534 3811 676 3847 [Keqw'vm
688 3815 702 3847 “]
722 3814 795 3850 Epiri
804 3819 913 3842 montes
923 3814 958 3842 ad
970 3811 1143 3842 Ambraciam
1153 3811 1262 3842 clarissi-

147 3859 222 3879 mam
231 3847 347 3890 urbemf
366 3848 430 3878 ideo
438 3848 456 3876 si
466 3849 544 3884 dicti,
560 3850 633 3885 quod
641 3850 803 3880 fulminibus
813 3850 986 3880 infestentur.
1003 3851 1076 3888 Virg.
1087 3860 1111 3887 3.
1122 3850 1183 3880 AEn.
1194 3853 1257 3886 506.

225 3886 404 3915 Provehimur
420 3885 525 3922 wlago,
547 3887 637 3915 vicina
648 3888 784 3917 Ceraunia
795 3888 881 3923 juxta.
961 3888 1022 3917 Alio
1036 3888 1152 3918 nomine
1163 3888 1261 3919 dicun-

144 3929 189 3955 tur
202 3923 405 3955 Acroceraunia
445 3923 542 3953 oratic.
560 3933 583 3953 1.
599 3924 646 3953 od.
659 3933 684 3960 3.
721 3925 753 3954 V.
785 3935 803 3954 A
813 3935 830 3954 c
840 3935 856 3953 R
866 3934 883 3953 0
891 3935 909 3954 c
917 3935 955 3955 se.
964 3936 985 3955 A
997 3935 1015 3954 υ
1023 3934 1042 3954 Ν
1052 3936 1061 3954 ι
1073 3935 1090 3955 u
1100 3936 1132 3956 a«.

1820 93 1850 129 C
1946 93 1976 129 E
2075 92 2108 130 R,

1404 174 1465 205 Alta
1475 175 1620 205 Ceraunia.
1641 174 1713 214 Virg.
1727 184 1752 205 ι.
1767 175 1868 210 Geore.
1883 177 1945 212 33²-

1403 213 1564 251 Scopulosa.
1584 213 1688 243 Lucan.
1702 213 1752 242 lib.
1769 224 1792 249 ς.
1805 217 1870 250 ⁶5²·

1404 251 1528 280 Summa.
1554 247 1641 280 Valer.
1656 251 1705 280 lib.
1719 259 1744 287 3.
1754 255 1820 287 465.

1405 288 1542 318 Violenta.
1563 288 1648 319 Ovid.
1660 298 1686 318 2.
1701 289 1793 318 Amor.
1809 298 1850 318 ιι.
1861 296 1904 324 19.
2014 320 2017 321 ⁷
2266 317 2269 321 .

1405 326 1510 356 Sunt&
1522 327 1652 356 Ceraunii
1663 332 1773 356 montes
1783 327 1813 355 in
1828 326 1900 360 Asia,
1921 326 1951 354 in
1970 325 2101 364 Caspium
2116 323 2231 363 pelagus
2247 321 2370 361 obversi,
2390 330 2422 354 ut
2435 325 2473 355 est
2481 329 2527 356 aua

1422 366 1482 393 {tor
1494 365 1628 402 Pompon.
1642 363 1690 392 lib.
1704 374 1724 400 ι.
1739 373 1784 392 21.
1815 364 1893 400 Quin
1906 365 1932 394 &z
1946 362 2055 393 Taurus
2066 373 2148 393 moris
2160 364 2189 392 in
2201 362 2357 392 universum
2375 363 2526 394 Cerauniue

1420 402 1577 469 {Epezglatus
1588 401 1744 468 suitbteste
1755 401 1824 431 Plin.
1836 401 1884 431 lib.
1901 411 1924 438 ς.
1937 410 1996 440 cap.
2008 411 2053 439 27.
2077 401 2187 431 Horum
2204 400 2294 431 rursus
2307 401 2438 431 meminit
2455 401 2524 432 Plin.

1463 463 1468 469 .
1506 462 1512 469 .
1530 450 1562 469 ca
1586 463 1591 468 .
1624 462 1630 469 .
1688 449 1730 468 10.

1364 476 1387 506 C
1397 486 1432 506 ER
1445 487 1463 506 A
1474 486 1492 506 u
1504 487 1524 506 N
1534 488 1543 506 1
1553 450 1620 511 eps?
1631 487 1661 512 a,
1676 484 1734 506 urn.
1757 476 1818 512 Ad-j.
1841 475 1912 506 Flor.
1924 485 1952 506 2.
1966 484 1993 513 9.
2014 475 2130 507 montes
2142 476 2280 507 Ceraunii.
2301 475 2441 506 Columel.
2459 484 2485 514 3.
2496 486 2522 508 τι

1403 515 1477 545 Vites
1486 515 1638 544 Cerauniae.
1712 548 1714 550 ‚

1400 553 1472 583 Saxo
1483 552 1610 582 Cerauno
1619 575 1627 587 ,
1650 562 1701 590 pro
1710 551 1853 582 Ceraunio
1865 573 1874 586 ,
1898 553 2040 582 contracte
2052 550 2154 589 legitur
2164 573 2173 587 ,
2194 551 2271 589 apud
2283 551 2407 589 Propert.
2418 559 2523 589 2.13.3.

1363 589 1408 620 Cr
1417 598 1492 658 {Asu
1501 600 1520 620 Ν
1533 602 1542 619 ι
1552 601 1598 656 UVM
1608 613 1616 626 ,
1638 591 1733 621 Genus
1742 590 1781 620 est
1791 590 1904 621 tuberis.
1943 589 2014 620 Plin.
2026 588 2076 619 lib.
2089 599 2131 625 19.
2144 599 2205 627 cap.
2216 598 2242 625 3.
2271 589 2358 620 Hard.
2373 589 2524 621 Geranium

1400 638 1415 657 e
1439 638 1445 657 1
1470 635 1500 658 it.
1543 651 1548 658 .
1590 651 1596 657 .

1362 665 1385 694 C
1394 675 1409 695 R
1418 676 1433 695 a
1443 676 1462 695 A
1473 677 1492 695 u
1502 638 1548 696 Nqo
1556 677 1571 695 R
1581 667 1598 695 ὅ
1608 677 1623 694 1.
1632 675 1669 695 os
1679 688 1686 700 ,
1705 664 1815 697 Tabula
1826 664 1931 703 Apellis
1939 687 1948 701 ,
1968 665 1998 694 in
2013 674 2067 702 qua
2078 665 2200 694 tonitrua
2219 664 2357 703 pinxerat.
2396 662 2465 694 Plin.
2475 663 2523 694 lib.

1400 712 1445 741 35.
1457 714 1518 742 cap.
1530 714 1572 733 10.
1605 704 1698 733 Pinxit
1715 706 1741 734 Sc
1751 713 1811 741 quae
1821 703 1899 742 pingi
1914 712 1972 732 non
1986 701 2099 740 poss‘unt
2112 701 2234 732 tonitrua
2248 724 2256 738 ,
2276 701 2411 739 fulgetra,
2431 702 2524 741 fulgu-

1396 745 1501 780 raque:
1524 742 1646 772 Bronten
1658 763 1666 777 ,
1687 742 1818 780 Astrapen
1829 763 1837 777 ,
1860 740 2076 771 Ceraunobolon
2086 740 2241 779 appellant.
2264 740 2306 770 De
2318 739 2425 778 Apelle.
2436 740 2521 771 Hard.

1397 788 1432 808 ex
1446 779 1508 809 Mff.
1530 779 1756 810 Ceraunobolian
1766 780 1863 809 edidit.
1903 777 2016 815 [Quod
2032 788 2047 807 a
2057 780 2134 808 resto
2153 777 2327 815 κεςαωοβολία
2337 797 2347 815 ‚
2366 787 2426 808 non
2442 784 2474 808 ut
2490 779 2521 809 in

1361 848 1365 851 .
1397 817 1495 847 Indice
1507 818 1699 854 κεξοωνοβολιόκ.
1740 817 1799 848 Lat.
1820 817 1988 848 Fulminatio
2002 816 2058 846 dici
2070 816 2170 854 potest.

1359 854 1404 885 Cr.
1413 865 1428 883 R
1440 865 1457 884 A
1468 865 1486 884 u
1497 865 1518 884 N
1528 866 1547 885 υ
1557 865 1569 885 s
1578 878 1587 891 ,
1609 855 1775 893 Cognomen
1796 855 1936 885 Ptolemaei
1947 876 1956 890 ,
1978 854 2044 891 Quo
2059 854 2175 884 nomine
2194 853 2360 891 significatur
2381 852 2499 884 Fulmen
2508 874 2518 890 ,

1396 893 1499 923 Graecis
1509 894 1615 923 dictum
1628 893 1750 930 κεραυνός.
1786 892 1927 924 Ptolemaei
1941 914 1949 927 ,
1970 897 2159 930 cognomento
2179 891 2245 930 Lagi
2267 891 2336 929 IEgy
2358 892 2379 921 ti
2399 891 2469 928 regis
2484 895 2521 922 ex

1394 930 1526 961 Euridice
1544 931 1633 967 filius,
1655 932 1701 969 qui
1721 932 1757 961 ob
1777 932 1922 970 praelatum
1934 930 1983 960 sibi
2001 931 2140 960 minorem
2155 930 2267 960 fratrem
2288 930 2334 959 Phi
2349 928 2519 967 adelphum,

1394 969 1432 998 ad
1442 969 1592 1000 Seleucum
1602 970 1665 1000 Afiae
1676 971 1702 1000 ἃ.
1716 970 1800 1006 Syriae
1811 979 1905 1007 regem
1917 969 2046 1006 confugit
2058 989 2066 1004 ,
2089 968 2136 1006 spe
2147 969 2225 1005 regni
2247 969 2356 1005 paterni
2371 967 2454 1005 iplius
2473 977 2520 997 auo

1394 1006 1464 1036 xiiio
1474 1008 1676 1045 recuperandi,
1697 1008 1847 1045 eidemque
1867 1007 1978 1043 adjutor
1998 1006 2126 1036 adversus
2142 1005 2337 1044 Lysimachum
2349 1006 2415 1035 fuit.
2452 1005 2518 1042 Quo

1392 1044 1501 1074 sublato
1512 1068 1520 1080 ,
1541 1045 1588 1083 spe
1599 1045 1645 1075 sua
1653 1046 1794 1075 frustratus
1807 1068 1816 1081 ,
1836 1046 1988 1075 Seleucum
1998 1045 2102 1074 insidiis
2114 1045 2336 1073 circumventum
2347 1043 2469 1078 occidit,
2491 1045 2519 1074 ὦ

1392 1092 1448 1119 quo
1458 1083 1565 1113 facilius
1574 1093 1689 1121 regnum
1704 1083 1898 1118 Macedoniae,
1920 1083 1996 1120 quod
2013 1082 2168 1121 Lysimachi
2179 1082 2286 1117 fuerat,
2307 1079 2390 1111 armis
2398 1090 2518 1119 occupa*

1391 1125 1451 1150 tum
1463 1121 1621 1158 obtineret,
1641 1122 1766 1159 reginam
1776 1122 1908 1151 Arsinoen
1923 1142 1932 1156 ,
1952 1122 2128 1157 eandemque
2145 1120 2275 1150 Sororem
2288 1119 2365 1149 suam
2379 1141 2388 1155 ,
2407 1119 2518 1157 nuptia-

1391 1168 1452 1188 rum
1462 1158 1636 1189 simulatione
1650 1181 1658 1193 ‚
1678 1165 1761 1197 atque
1783 1158 1940 1197 adoptione
1952 1158 2107 1196 Lysimachi
2128 1160 2155 1188 ἂ
2174 1157 2296 1196 Philippi
2313 1156 2435 1187 filiorum
2458 1157 2519 1191 eius

1390 1197 1533 1234 promissa,
1556 1197 1682 1235 decepit,
1723 1207 1773 1227 uos
1790 1197 1954 1227 Cassandrea
1975 1196 2045 1227 urbe
2065 1197 2173 1234 potitus
2185 1196 2275 1225 statim
2293 1195 2413 1225 interfici
2432 1194 2517 1231 iussit.

1389 1234 1451 1264 Nec
1462 1234 1552 1265 inulta
1561 1241 1656 1265 tamen
1667 1208 1769 1265 seglera
1778 1235 1853 1271 tulit,
1862 1244 1927 1265 nam
1940 1235 2020 1265 brevi
2034 1234 2097 1273 post
2108 1245 2123 1264 a
2138 1233 2233 1270 Gallis,
2248 1233 2336 1263 Aliam
2347 1234 2374 1264 ἃ
2383 1233 2517 1263 Graeciam
2559 1242 2563 1245 ’

1388 1272 1570 1317 vastantibus,
1587 1280 1685 1312 captus
1701 1275 1727 1304 Sc
1739 1273 1857 1310 occisus,
1877 1283 1995 1311 regnum
2006 1272 2202 1310 duodeviginti
2212 1271 2348 1302 mensium
2360 1280 2414 1309 qua
2420 1271 2464 1301 via
2472 1280 2517 1301 ce-¹

1398 1317 1467 1379 <ittig
1477 1310 1623 1393 &iginus
1634 1370 1651 1393 ,ι
1678 1344 1821 1394 [κεςοωνὲς
1833 1349 1849 1384 ]
1876 1349 1972 1394 Amnis
1988 1347 2079 1379 clarus
2101 1347 2296 1387 Cappadociae.
2336 1346 2407 1378 Pun.
2427 1345 2477 1377 lib.
2486 1349 2512 1377 6.

1349 1420 1373 1452 c
1383 1433 1397 1453 Ε
1406 1396 1535 1454 {³531}
1537 1397 1555 1455 ἓ
1564 1387 1584 1461 {³
1586 1385 1823 1463 esssssiffissi?
1826 1388 1962 1456 iiiiii:
1978 1434 2002 1462 ³.
2020 1435 2083 1464 cap.
2097 1433 2141 1456 11.

1350 1461 1637 1497 (JRRBRRAsTai,
1664 1463 1694 1493 V.
1718 1471 1983 1494 sRRPRRAsriu.
2419 1493 2422 1496 .

1348 1498 1371 1528 C
1380 1509 1396 1529 a
1405 1510 1423 1529 R
1431 1510 1446 1529 s
1455 1510 1469 1529 E
1479 1510 1496 1530 R
1507 1512 1516 1530 r
1524 1511 1541 1530 o
1550 1511 1571 1530 N
1583 1523 1591 1536 ‚
1613 1500 1760 1540 Oppidum
1770 1501 1799 1531 in
1810 1500 1910 1531 ultimo
1922 1501 1990 1532 ostio
2006 1500 2162 1540 Bosphori,
2185 1499 2262 1539 quod
2276 1497 2373 1538 postea
2393 1499 2514 1531 Cimme-

1386 1538 1456 1569 rium
1469 1539 1508 1569 est
1518 1538 1690 1583 appellatum
1702 1561 1712 1576 ‚
1731 1540 1799 1570 teste
1812 1539 1881 1570 Plin.
1894 1538 1944 1569 lib.
1960 1543 1988 1571 6.
2002 1549 2064 1578 cap.
2079 1539 2147 1570 item
2157 1542 2184 1569 6.

1348 1575 1544 1606 CERBERus
1555 1598 1564 1613 ,
1585 1587 1603 1607 1.
1624 1585 1662 1607 m.
1685 1577 1849 1614 [κέςςερῶι]
1870 1578 1953 1607 Canis
1966 1578 2071 1615 triceps
2089 1577 2165 1616 apud
2183 1575 2287 1607 inferos
2306 1575 2419 1613 fingitur
2429 1597 2438 1611 ,
2458 1575 2513 1606 stu'ae
2541 1582 2546 1589 ‘
2600 1602 2604 1612 .

1384 1614 1486 1652 pendae
1504 1615 1706 1652 immanitatis,
1727 1616 1787 1646 orci
1802 1616 1910 1646 aditum
1929 1616 2097 1646 custodiens.
2144 1615 2242 1645 Dit‘tus
2263 1614 2415 1650 Cerberus,
2436 1613 2512 1651 quast

1383 1652 1536 1720 ἷὲἓιῖαξῶυέ
1558 1653 1614 1721 ltiloc
1624 1654 1664 1721 {st
1673 1663 1904 1721 carggitililvorans.
1924 1653 1955 1684 V.
1972 1655 2033 1691 eius
2045 1653 2262 1692 descriptionem
2273 1651 2322 1682 lib.
2334 1655 2361 1684 ⁶.
2371 1652 2434 1684 AEn.
2443 1658 2507 1690 417·

1438 1701 1448 1719 r
1486 1701 1514 1721 er
1535 1701 1564 1720 er
1585 1701 1606 1722 s.
1649 1702 1693 1722 en.
1793 1714 1800 1722 .
1817 1702 1841 1723 1.

1384 1726 1481 1758 Custos
1492 1751 1501 1765 ,
1521 1729 1647 1759 &limen
1655 1730 1793 1761 obsidens.
1814 1730 1879 1761 Seri.
1891 1729 1996 1761 Troad.
2010 1740 2035 1767 ς.

1381 1766 1492 1802 Janitor
1504 1767 1573 1797 orci.
1595 1767 1668 1806 Virg.
1685 1773 1712 1803 8.
1728 1768 1791 1798 AEn.
1803 1773 1867 1805 29⁶.

1381 1804 1516 1835 Immanis
1525 1805 1628 1841 ianitor
1639 1805 1718 1836 aulae.
1740 1806 1807 1838 Hor.
1821 1816 1846 1844 3.
1860 1806 1951 1837 Carm.
1966 1815 2009 1836 11.
2024 1808 2068 1836 16.

1381 1841 1493 1880 Ingens.
1519 1843 1593 1881 Virg.
1606 1847 1634 1874 6.
1652 1844 1716 1876 AEn.
1730 1854 1796 1882 417.

1379 1880 1505 1912 Inhians.
1527 1881 1603 1919 Virg.
1614 1892 1641 1918 4.
1663 1882 1763 1920 Geotg.
1775 1888 1842 1919 483.

1574 1921 1711 1950 ——tenuit
1731 1930 1765 1950 ue
1778 1921 1889 1950 inhians
1900 1919 1952 1950 tria
1967 1919 2103 1951 Cerberus
2117 1927 2174 1950 ora.

1346 1992 1348 1997 .
1380 1956 1503 1986 Latitans
1512 1961 1603 1987 anuo.
1624 1959 1689 1989 Seri.
1730 1964 1786 1989 e'rc.
1795 1959 1849 1988 fur.
1865 1967 1908 1988 12.

1378 1994 1495 2039 Tritceps
1505 1994 1651 2026 Cerberus.
1688 1996 1747 2027 Cic.
1764 2007 1789 2028 1.
1806 1996 1888 2027 Tusc.
1903 2006 1947 2026 10.
1969 1995 2023 2026 Dic
2041 1995 2151 2034 quaeso,
2172 2004 2241 2026 num
2258 1998 2287 2025 te
2308 1993 2356 2025 illa
2375 1996 2502 2031 terrent,

1344 2065 1345 2068 Ἰ
1397 2040 1501 2078 triceps
1510 2034 1585 2071 apud
1602 2034 1706 2081 inferos
1718 2030 1872 2086 Cerberus,
1893 2034 1993 2072 Cocyti
2004 2034 2149 2070 fremitus,
2162 2035 2215 2064 διο.

1340 2070 1434 2139 Caspiis
1442 2081 1558 2144 i-:IRguqs
1570 2094 1578 2108 ‚
1599 2073 1661 2109 Adl—
1695 2073 1886 2110 [ιιεςξεμῶυ]
1914 2078 1946 2102 ut
1956 2094 1965 2108 ,
1986 2072 2141 2103 Cerbereos
2159 2071 2273 2104 latratus
2298 2068 2375 2109 apud
2394 2070 2461 2102 Stat.
2475 2079 2500 2106 ς.

1467 2120 1580 2214 ἕεέιιρε
1590 2149 1671 2207 εξηιεε
1681 2157 1718 2183 ne
1730 2148 1883 2180 Cerbereos
1895 2147 2017 2178 Priscilla
2028 2147 2168 2178 tremiscat

1491 2195 1505 2214 a
1520 2195 1549 2214 ra
1606 2210 1612 2215 .

1372 2222 1470 2253 Facies
1481 2192 1622 2253 Cerbburseae
1633 2233 1744 2254 canum.
1765 2222 1875 2255 Lucret.
1889 2223 1940 2254 lib.
1951 2235 1978 2261 4.
1992 2233 2057 2262 734.

1373 2260 1414 2291 Os
1428 2261 1606 2292 Cerbereum.
1627 2262 1711 2292 Ovid.
1727 2272 1755 2298 4.
1774 2262 1845 2293 Met.
1859 2272 1922 2300 ςοι.

1372 2298 1469 2329 Portae.
1492 2299 1560 2329 Stat.
1575 2305 1601 2334 8.
1619 2300 1710 2330 Theb.
1727 2303 1770 2336 56.

1371 2336 1478 2366 Rictus.
1503 2338 1587 2367 Ovid.
1611 2348 1653 2373 14.
1671 2338 1741 2367 Met.
1755 2342 1800 2372 65.

1333 2373 1356 2404 C
1365 2379 1451 2419 saise
1461 2385 1490 2404 si
1499 2385 1519 2404 A
1534 2397 1542 2411 ,
1563 2376 1748 2419 [Regss'n'meass
1770 2374 1846 2406 Fossa
1859 2373 1987 2412 quaedam
2000 2374 2103 2406 dicitur
2119 2375 2150 2405 in
2170 2370 2286 2414 Phrygia
2298 2396 2306 2411 ,
2329 2382 2389 2411 quae
2407 2368 2499 2412 peruia

1371 2413 1458 2443 erosas
1471 2412 1663 2443 exhalationes
1676 2414 1777 2449 habet,
1797 2414 1939 2451 hodieque
1950 2414 2123 2444 ostenditur:
2144 2414 2273 2444 homines
2285 2422 2352 2443 vero
2371 2422 2430 2442 non
2443 2417 2498 2442 ama

1370 2451 1443 2489 plius
1461 2451 1580 2481 Cerbesii
1591 2452 1740 2487 dicuntur,
1760 2452 1851 2489 inquit
1863 2452 1961 2481 Strabo
1971 2451 2020 2482 lib.
2038 2462 2080 2487 η.

1332 2488 1402 2533 CeR
1410 2499 1428 2518 c
1437 2498 1456 2533 A
1467 2499 1481 2518 P
1489 2499 1509 2518 H
1519 2500 1536 2533 u
1544 2489 1785 2526 s,[i<s'e›ee<pos]viri
1796 2490 1993 2528 proprium,de
2004 2488 2159 2527 quoStrabo
2170 2488 2498 2525 libsspPostTelchinaa,

1369 2534 1481 2564 inquit,
1502 2527 1602 2557 dicunt
1612 2527 1743 2557 Heliades
1754 2528 1871 2558 insulam
1885 2528 1958 2557 hanc
1971 2529 2104 2559 habitasse
2114 2550 2122 2564 ,
2144 2537 2180 2558 ex
2197 2537 2318 2565 quorum
2330 2537 2387 2557 uno
2401 2527 2497 2557 Cerea*

1369 2565 1428 2603 pho
1441 2564 1587 2595 scilicetac
1598 2565 1727 2604 Cydippe
1735 2565 1784 2595 filii
1818 2566 1934 2595 rocreati
1954 2565 2033 2603 sunt,
2055 2567 2103 2604 qui
2116 2566 2198 2596 urbes
2213 2566 2248 2596 de
2262 2565 2317 2596 suis
2334 2564 2496 2595 nominibus

1369 2603 1531 2633 condidere.
1573 2604 1615 2633 De
1627 2604 1796 2634 Rhodoinsu
1809 2614 1825 2634 a
1838 2604 1972 2639 loquitur.

1330 2640 1353 2670 C
1361 2650 1376 2670 R
1385 2651 1400 2669 R
1410 2651 1427 2670 c
1437 2652 1457 2670 A
1465 2651 1477 2671 s
1488 2651 1504 2669 0
1514 2652 1530 2670 R
1539 2651 1558 2670 u
1568 2653 1589 2670 M
1606 2662 1614 2677 ,
1636 2642 1785 2680 Oppidum
1805 2643 1833 2671 in
1853 2643 1973 2680 AEgypto
1984 2662 1992 2675 .
2023 2642 2101 2678 juxta
2119 2641 2196 2679 quod
2210 2640 2347 2672 scinditur
2364 2639 2446 2672 Nilus
2465 2640 2494 2670 in

1369 2679 1504 2708 Pelusium
1513 2680 1604 2709 fluens
1616 2681 1641 2710 ἃ
1654 2680 1810 2710 Canobum.
1833 2681 1935 2710 AuCtor
1947 2680 2082 2710 Herodot.
2098 2678 2146 2710 lib.
2160 2690 2187 2710 2.

1330 2716 1352 2746 C
1361 2727 1375 2745 iz
1384 2727 1402 2746 R
1410 2727 1427 2746 c
1436 2727 1451 2746 R
1460 2727 1471 2746 s
1481 2728 1499 2746 u
1508 2727 1524 2746 R
1536 2728 1555 2746 A
1565 2740 1573 2752 ,
1596 2719 1781 2754 [Regnersgx]
1802 2718 1904 2748 Civitas
1914 2718 1992 2748 estin
2003 2718 2090 2755 Libya
2098 2740 2106 2753 ,
2128 2718 2164 2747 ad
2180 2717 2288 2748 Eudoxi
2296 2715 2422 2756 speculas
2432 2716 2487 2746 sita.

1367 2755 1439 2784 Nani
1451 2761 1516 2784 ante
1530 2756 1704 2794 Heliopolim
1714 2756 1825 2794 specula
1836 2757 1962 2793 quaedam
1974 2756 2136 2791 ostenditur,
2158 2756 2398 2794 quemadmodum
2409 2756 2435 2785 ἀ
2444 2763 2491 2784 an·

1367 2796 1396 2822 te
1408 2793 1532 2823 Gnidum
1543 2816 1551 2827 ,
1575 2794 1611 2823 ad
1622 2804 1705 2831 quam
1717 2794 1765 2823 ille
1780 2794 1927 2824 caelestium
1938 2802 2030 2824 motus
2040 2793 2210 2830 adnotabat,
2233 2802 2316 2831 atque
2331 2793 2492 2832 praefedtura

1365 2831 1426 2860 haec
1437 2831 1625 2870 Litopolitana
1637 2832 1808 2862 nominatur.
1828 2832 1869 2861 Ex
1880 2831 1970 2861 Strab.
1984 2832 2032 2861 lib.
2049 2840 2090 2868 17.

1328 2868 1351 2898 C
1359 2878 1374 2898 ιι
1384 2879 1400 2897 R
1409 2879 1426 2898 c
1435 2879 1448 2898 R
1457 2879 1476 2898 τ
1484 2881 1508 2898 ιιι,
1518 2892 1525 2904 ,
1551 2869 1647 2907 Populi
1662 2869 1725 2899 sunt
1736 2870 1852 2900 minoris
1862 2870 1999 2900 Armeniae
2009 2870 2109 2900 Plinio,
2122 2873 2148 2900 6.
2161 2880 2186 2907 ς.
2214 2867 2372 2908 Pomponio
2388 2876 2492 2899 vocan-

1367 2912 1411 2936 tur
1423 2907 1559 2937 Cercetici
1571 2908 1618 2937 lib.
1633 2918 1657 2938 1.
1673 2917 1718 2937 21.

1328 2944 1351 2974 C
1360 2955 1374 2974 Β
1385 2954 1401 2973 a
1410 2954 1427 2974 c
1436 2955 1451 2974 e
1460 2954 1497 2974 'rr
1506 2967 1514 2980 ,
1534 2945 1650 2976 Montes
1659 2945 1804 2976 Theffaliae
1813 2968 1821 2982 ,
1842 2945 1958 2975 dicente
1970 2944 2038 2975 Plin.
2056 2944 2104 2975 lib.
2122 2955 2148 2978 4.
2165 2953 2226 2982 cap.
2239 2950 2266 2979 8.
2307 2943 2339 2974 In
2352 2942 2491 2974 Thessalia

1365 2982 1428 3012 sunt
1439 2989 1556 3021 quatuor
1566 2990 1649 3021 atque
1660 2984 1771 3023 triginta
1781 2990 1893 3013 montes
1906 3005 1914 3018 ,
1935 2992 2056 3021 quorum
2066 2982 2227 3012 nobilissimi
2243 2982 2352 3011 Cerceti
2363 3003 2371 3017 ,
2393 2981 2489 3020 Olym·

1364 3030 1434 3058 pus,
1453 3021 1548 3050 Pierus
1559 3043 1567 3056 ,
1588 3021 1670 3051 Ossa:
1692 3022 1771 3058 cujus
1782 3031 1818 3051 ex
1828 3020 1943 3052 adverso
1953 3021 2057 3051 Pindus
2071 3022 2097 3051 δι
2113 3020 2235 3059 Othrys,
2256 3019 2436 3058 Lapitharum
2448 3019 2486 3049 see

1367 3059 1416 3088 des
1431 3081 1440 3094 ,
1462 3060 1497 3088 ad
1509 3060 1638 3089 occasum
1653 3066 1800 3097 vergentes
1811 3082 1818 3094 ,
1839 3061 1891 3089 &c-

1329 3095 1352 3125 C
1360 3107 1374 3125 ιι
1383 3107 1399 3125 R
1408 3106 1425 3126 c
1433 3101 1446 3126 ῑ
1455 3107 1475 3125 Ν
1485 3107 1503 3126 A
1514 3120 1522 3132 ,
1544 3097 1589 3127 vel
1608 3098 1629 3126 C
1639 3107 1653 3126 R
1661 3107 1677 3125 R
1685 3107 1703 3126 c
1713 3108 1721 3125 1
1733 3108 1753 3126 N
1764 3107 1783 3126 Ν
1794 3107 1812 3126 A
1824 3119 1832 3131 ,
1854 3095 1944 3126 Insula
1955 3095 1994 3125 est
2004 3096 2086 3125 maris
2096 3095 2316 3130 Mediterranei,
2336 3103 2401 3125 cum
2418 3093 2486 3125 urbe

1364 3134 1489 3169 ejusdem
1501 3135 1623 3164 nominis
1632 3144 1667 3165 ex
1677 3135 1790 3165 adverso
1802 3135 1909 3170 Africae,
1919 3134 1954 3164 ad
1972 3135 2195 3171 promontorium
2204 3134 2320 3163 minoris
2330 3134 2416 3171 Syrtis
2431 3133 2485 3162 sita»

1365 3173 1467 3202 Auctor
1480 3173 1652 3210 Pomponius
1661 3182 1687 3202 2.
1700 3182 1726 3209 7.
1740 3175 1766 3203 ἃ
1781 3172 1848 3203 Plin.
1861 3172 1910 3202 lib.
1926 3182 1948 3208 ς.
1963 3180 2024 3209 cap.
2038 3181 2063 3209 7.

1327 3208 1579 3246 CRRciuirrs,
1601 3211 1733 3248 Perparva
1750 3210 1857 3246 insula,
1878 3210 2003 3240 Cercinae
2026 3209 2159 3247 superiori
2179 3209 2375 3246 Carthaginem
2395 3207 2495 3238 versus

1364 3254 1453 3286 ponte
1473 3249 1606 3286 iungitur.
1629 3249 1696 3279 Haec
1716 3247 1784 3279 Plin.
1797 3249 1850 3279 l.c.
1869 3248 1899 3277 in
1919 3247 2104 3285 descriptione
2124 3246 2273 3276 insularum
2292 3256 2353 3284 quae
2370 3246 2432 3276 sunt
2449 3251 2484 3276 ex

1364 3285 1479 3315 adverso
1489 3287 1595 3316 Africae.

1327 3321 1545 3359 CssssciTAM,
1566 3323 1719 3360 [atenim]
1739 3320 1883 3353 Pausanias
1899 3323 2094 3360 grammaticus
2113 3322 2151 3351 ait
2167 3323 2259 3352 vocari
2280 3320 2418 3352 Temonis
2436 3329 2482 3359 ge*
2525 3324 2528 3327 '

1364 3371 1417 3390 nus
1427 3383 1435 3396 ,
1452 3371 1467 3390 a
1475 3360 1587 3400 populis
1597 3360 1788 3391 inventoribus
1800 3361 1846 3398 qui
1857 3361 1973 3390 Cercitae
1984 3359 2198 3398 appellabantur
2210 3361 2238 3389 in
2252 3367 2322 3389 terta
2333 3359 2421 3389 india.

1325 3398 1348 3428 C
1357 3408 1396 3428 ιιι
1406 3408 1440 3428 ci
1452 3409 1470 3428 u
1480 3410 1492 3428 s
1511 3422 1519 3434 ,
1541 3399 1675 3435 [idme]
1696 3399 1810 3429 Ventus.
1832 3395 1904 3428 Geli.
1919 3398 1966 3427 lib.
1979 3407 2005 3428 2.
2018 3408 2080 3436 cap.
2093 3407 2138 3427 22.
2160 3396 2216 3427 Sed
2226 3398 2303 3435 quod
2316 3397 2483 3427 phavorinus

1363 3437 1403 3466 ait
1418 3445 1535 3467 ventum
1547 3438 1593 3474 qui
1605 3447 1640 3466 ex
1651 3443 1722 3466 terra
1731 3436 1820 3466 Gallia
1829 3437 1924 3471 flaret,
1947 3436 2070 3466 Circium
2079 3444 2114 3474 ap
2137 3435 2229 3471 ellari,
2250 3435 2291 3465 M.
2313 3435 2383 3465 Cato
2403 3435 2432 3464 in
2449 3433 2481 3462 li-

1362 3474 1414 3504 bro
1426 3475 1573 3512 Originum
1587 3484 1652 3504 eum
1664 3481 1779 3504 ventum
1791 3474 1918 3504 Cercium
1929 3475 2015 3510 dicit,
2036 3480 2095 3503 non
2124 3473 2241 3503 'irciurru
2263 3480 2328 3502 nam
2348 3481 2434 3510 quum
2443 3471 2480 3501 de

1362 3511 1492 3550 Hispanis
1508 3512 1616 3550 Alpinis
1625 3513 1755 3542 scriberet
1765 3534 1773 3547 ,
1795 3512 1841 3549 qui
1851 3512 1920 3541 citra
1930 3512 2064 3541 Hiberum
2074 3511 2191 3546 colunt,
2213 3510 2296 3539 verba
2310 3510 2369 3539 haec
2379 3509 2478 3548 posuit,

1361 3550 1466 3580 Ventus
1484 3550 1598 3580 Cercius
1613 3572 1622 3585 ,
1643 3559 1729 3587 quum
1749 3549 1862 3587 loquare
1873 3571 1881 3585 ,
1910 3546 2029 3579 buccam
2045 3548 2153 3587 implet.
2191 3548 2334 3578 Hastenus
2355 3547 2460 3577 Gellius
2470 3565 2479 3582 ,

1359 3587 1465 3617 Ventus
1476 3589 1514 3617 est
1521 3594 1614 3617 autem
1627 3588 1656 3617 in
1667 3587 1838 3618 Narbonensi
1852 3588 1997 3625 provincia
2011 3587 2170 3625 frequenter
2187 3585 2298 3616 saeviens
2309 3608 2318 3622 ,
2339 3584 2410 3615 nulli
2421 3585 2478 3614 vio-

1360 3624 1445 3655 lentia
1455 3626 1586 3655 inferior:
1610 3628 1636 3655 δε
1652 3625 1688 3654 ob
1699 3626 1728 3654 id
1736 3635 1751 3654 a
1760 3625 1872 3655 turbine
1881 3634 1913 3655 ac
1924 3626 2061 3663 vertigine
2070 3625 2107 3654 ita
2116 3623 2282 3662 appellatus.
2320 3622 2390 3654 Plin.
2402 3622 2477 3652 hune

1359 3669 1475 3692 ventum
1485 3661 1607 3702 appellat
1615 3663 1738 3692 Circiuni
1748 3662 1796 3692 lib.
1813 3671 1855 3700 17.
1871 3673 1932 3700 cap.
1944 3673 1969 3692 2.

1319 3697 1344 3730 C
1354 3709 1369 3728 a
1378 3710 1393 3728 R
1402 3710 1419 3729 c
1429 3710 1446 3729 o
1458 3712 1474 3729 L
1483 3711 1500 3730 ο
1510 3711 1523 3730 1⁷
1534 3712 1541 3729 1
1551 3711 1563 3730 s
1572 3723 1580 3735 ,
1601 3701 1694 3731 Genus
1704 3701 1796 3736 simiae,
1818 3710 1878 3739 quae
1890 3701 2016 3730 ultimam
2025 3705 2132 3737 partem
2141 3699 2237 3729 caudae
2251 3696 2374 3729 villosam
2382 3696 2470 3728 habet.

1359 3737 1461 3767 Festus.
1501 3738 1552 3768 Alii
1564 3738 1735 3777 Cercalcpex
1748 3738 1852 3776 legunt.
1873 3739 1971 3776 Scalig.
1995 3737 2146 3775 Cercolips.
2169 3747 2194 3775 q.
2212 3734 2243 3766 V.

1319 3774 1513 3811 CRRcorA,
1544 3776 1575 3805 V.
1598 3786 1771 3806 cichoRS.

1319 3813 1344 3842 C
1353 3822 1368 3841 R
1376 3823 1392 3841 R
1401 3823 1418 3842 c
1428 3815 1444 3841 ὅ
1453 3823 1467 3841 i>
1477 3824 1490 3842 r«.
1498 3823 1510 3843 s
1524 3836 1531 3849 ,
1552 3815 1712 3850 [Kiwms]
1732 3814 1829 3852 Populi
1838 3814 1952 3843 fuerunt
1962 3811 2112 3842 Pithecusa?
2122 3810 2217 3841 insulae
2225 3833 2233 3846 ,
2246 3811 2293 3849 qui
2302 3818 2387 3848 quum
2398 3809 2474 3840 nullo

1355 3851 1453 3917 gagiitii
1466 3860 1568 3918 genffire
1581 3852 1768 3887 abstinerent,
1789 3862 1804 3882 a
1825 3851 1894 3887 Jove
1912 3852 1941 3880 in
1966 3851 2056 3880 simias
2075 3850 2174 3879 mutati
2194 3849 2256 3880 sunt
2265 3871 2274 3885 ,
2295 3858 2327 3879 ut
2339 3847 2473 3878 fabulatur

1386 3897 1410 3917 vi
1435 3911 1440 3917 .
1454 3898 1496 3924 14.
1548 3895 1584 3918 et.
1597 3899 1642 3924 91.

1355 3925 1494 3964 Cercopes
1518 3927 1587 3957 item
1609 3927 1708 3958 fratres
1736 3926 1794 3957 duo
1820 3927 1932 3957 fuerunt
1946 3946 1954 3960 ‚
1985 3924 2103 3955 Passzilus
2126 3925 2154 3956 &
2175 3924 2338 3960 Achemon,
2368 3922 2430 3997 linge}
2433 3926 2472 3988 ¹:15
