2604 4222
133 195 201 234 330
576 176 604 210 C
703 172 729 206 A
826 170 858 203 D

136 270 158 298 C
170 277 241 297 Λευ
253 276 292 295 LA
307 275 322 293 1·
334 274 387 297 us,
410 272 450 292 iis.
466 270 502 289 m.
527 256 690 296 Caculaturn
703 274 710 285 ,
731 252 896 297 servitium..
908 247 1007 298 bestiis.
1114 279 1140 294 ·.
1181 277 1196 307 q
1281 278 1286 283 ι

137 307 211 337 Cae
222 309 236 334 ῡ
248 316 267 333 ,η
280 314 292 332 a
303 313 321 331 N
336 324 343 336 ,
363 302 428 330 inis.
451 310 477 328 ii.
501 298 614 332 [εἰ-’τῶΝ
628 315 636 328 ,
654 294 760 334 iugum,
783 286 943 331 ιανςυμωὼι]
966 285 1084 332 Χεηςῐκῑι,
1106 282 1159 330 lire
1180 300 1186 307 .
1200 288 1300 308 tinimi-

175 352 216 373 tas
228 342 419 376 cuiuscunque
433 337 480 366 rei.
503 342 534 363 ut
546 356 553 366 .
575 332 726 361 Cacumina
739 326 876 369 arborum.
896 322 968 366 Ces.
979 331 1007 364 7.
1023 320 1089 363 lieh-
1106 318 1166 346 Gznl
1183 326 1226 352 73.
1249 316 1300 344 lta-

196 369 228 410 ue
240 380 344 409 truncis
357 377 486 407 arborum
500 379 546 401 aut
562 367 714 398 admodum
728 364 812 393 firmis
835 370 917 391 ramis
937 359 1056 388 absCisiis
1069 379 1076 391 ,
1093 363 1179 399 'atque
1198 354 1299 382 horum

176 392 329 448 {ioluhrans
340 423 421 452 atque
431 409 576 450 praeacutis
590 402 792 435 cacuminibus,
816 406 957 437 perpetuae
969 395 1042 425 sossae
1054 403 1153 432 quinos
1165 392 1251 430 pedes
1263 390 1300 420 al-

179 463 213 485 tae
227 454 400 485 ducebantur
411 473 418 483 ,
437 452 488 480 &Q
605 482 609 486 .

178 494 322 537 Montium
335 489 488 530 cacumina.
507 483 576 527 Plin.
592 481 640 533 lib.
655 482 681 507 6.
694 487 755 514 cap.
768 485 794 512 7.

178 522 759 600 gildsiiqriiugibiimiii{insulrilspdiiteciiiseignt
778 550 795 579 i.
808 559 831 578 e.
847 547 969 586 Spicula.
984 545 1056 576 Hirt.
1070 544 1105 574 de
1115 542 1182 574 Bell.
1197 543 1300 577 Afr.47.

201 614 269 636 extr.
286 604 332 633 ubi
347 604 381 631 de
394 602 448 630 hoc
460 596 587 636 prodigio
610 592 640 620 V.
659 589 749 620 Davis.

181 645 293 675 Aeriuin
304 647 438 670 cacumen
449 634 560 665 montis.
583 628 672 672 Catuln.
688 631 733 657 62.
746 636 811 662 240.

182 682 284 712 Altum.
300 679 372 715 Vir-g.
386 686 411 705 2.
428 675 523 708 Georg.
537 678 599 714 307.
615 667 650 696 de
661 675 735 704 igne.

182 718 314 748 Crescens
326 738 333 750 ,
355 712 468 744 arboris.
491 708 574 738 Ov1d.
588 711 613 739 8.
630 704 698 734 Met.
711 705 774 739 7¹⁶·

181 756 278 786 Fracta
292 752 436 783 cacumina
448 748 512 785 fagi.
534 746 607 781 Virg.
623 752 649 778 9.
663 740 722 771 Ecl.
738 750 764 775 9.

182 793 326 826 frondens
340 796 485 820 cacumen.
508 783 593 813 Ovid.
606 786 632 823 8.
647 780 716 810 Met.
729 779 793 813 256.
864 813 870 819 Ι

342 842 416 848 ——
428 826 482 860 iarn
496 827 591 858 tanget
603 818 752 847 frondente
763 822 909 845 cacumine
919 818 1029 841 terram.

182 868 292 899 Matina
303 863 456 895 cacumina.
476 861 542 891 Hor.
554 856 646 895 Epod.
661 858 703 885 16.
716 859 762 888 28.
785 853 802 882 ⁶.
818 862 843 881 e.
865 850 968 881 Matini
980 847 1084 878 montis
1096 844 1238 876 Calabriae.

182 906 327 936 Montana.
351 901 435 931 Ovid.
454 909 475 928 i.
492 898 560 928 Met.
579 904 641 931 310.
672 931 677 936 Π
769 929 774 935 ⁸

182 941 315 973 Ninibosa
327 939 432 969 montis
443 936 591 967 cacumina
603 941 719 970 aperire.
742 928 815 966 Virg.
831 937 855 964 3.
877 926 939 970 AEn.
955 933 1019 962 274.

183 981 294 1011 Nudata
307 977 453 1007 cacumina
466 974 592 1004 silvarum
607 992 615 1005 ,
636 968 681 999 vel
691 968 830 1010 arborum.
853 964 938 994 Ov1d.
955 973 977 993 1.
993 961 1061 991 Met.
1080 961 1142 997 346.

184 1020 298 1048 Procera
311 1015 433 1045 nemoris
443 1011 597 1042 cacumina.
619 1007 668 1037 Sil.
681 1005 742 1036 [tal.
755 1004 803 1033 lib.
815 1012 841 1040 7.

182 1056 308 1086 Sublime
321 1060 467 1083 cacumen.
489 1048 574 1079 Ovid.
589 1057 611 1076 i.
626 1045 695 1076 Met.
710 1046 775 1073 666.

183 1095 340 1124 Summum.
363 1091 427 1120 Seii.
441 1086 557 1125 Hippol.
576 1095 617 1114 10.
747 1118 752 1124 ·

183 1132 302 1162 Tectum
317 1137 451 1158 cacumen
464 1124 594 1155 nubibus.
616 1120 719 1150 Lucan.
734 1117 783 1147 lib.
797 1125 821 1153 3.

183 1168 359 1199 Tremulum.
381 1165 427 1195 Sil.
444 1164 502 1194 ltal.
518 1162 566 1191 lib.
585 1171 609 1196 5.

183 1205 318 1237 Umbrosa
331 1203 484 1234 cacumina.
507 1200 580 1237 Virg.
592 1208 619 1242 .²·
633 1194 691 1225 Ecl.
708 1203 732 1237 ς..

185 1245 379 1282 Comprimere
393 1239 548 1270 cacumina.
571 1235 618 1266 Sil.
634 1232 693 1264 Ital.
708 1232 756 1261 lib.
771 1240 795 1264 ς.

185 1283 328 1320 Frangere.
351 1279 480 1309 Laberius
494 1275 568 1314 apud
583 1271 706 1304 Macrob.
721 1279 746 1299 2.
761 1268 868 1311 Saturn.
880 1275 907 1303 7.

265 1320 292 1349 Si
306 1318 358 1348 tibi
372 1325 429 1347 erat
441 1316 553 1345 libitum
564 1312 715 1341 litterarum
729 1306 858 1336 laudibus

264 1357 353 1388 Floris
366 1357 501 1385 cacumen
514 1351 610 1381 nostrie
623 1349 702 1377 famae
715 1345 840 1380 si‘angere
854 1344 906 1372 Sec.

185 1396 323 1429 ,Mandare
336 1401 472 1424 cacumen
487 1399 572 1419 rerrae.
595 1387 669 1423 Virg.
682 1393 708 1413 2.
723 1383 822 1419 Georg.
834 1390 879 1416 29.

338 1429 340 1431 ’
378 1446 416 1452 —-
428 1429 621 1463 summumque
634 1428 746 1462 putator

264 1470 348 1500 Haud
357 1468 467 1498 dubitat
479 1474 556 1496 terrae
569 1463 692 1493 referens
705 1457 838 1488 mandate
850 1463 997 1486 cacumen.

204 1508 315 1546 virgulti
332 1505 476 1545 amputati.
514 1541 519 1547 ·

184 1548 297 1578 Morare
311 1545 465 1576 cacumina.
489 1541 560 1578 Virg.
573 1541 599 1568 6.
613 1535 672 1580 Ecl.
686 1540 733 1569 28.

185 1586 307 1616 Neuere
321 1582 473 1614 cacumina.
495 1579 542 1609 Sil.
560 1575 619 1607 Ital.
634 1574 682 1603 lib.
698 1583 721 1608 ς.
770 1610 775 1615 Ι

182 1624 269 1654 Rorat
281 1630 427 1655 cacumen,
447 1616 562 1656 expulso
573 1614 636 1653 sale.
658 1612 724 1641 Sen.
740 1607 859 1654 ljlippol.
879 1615 959 1643 1027.

188 1661 305 1699 Surgere
318 1659 431 1697 gemino
442 1655 597 1686 cacumine.
619 1650 723 1680 Lucan.
736 1648 784 1692 lib.
803 1657 825 1676 r.
842 1654 904 1682 551.
932 1683 937 1688 „

187 1699 317 1736 Tangere
328 1697 465 1726 summum
475 1700 610 1723 cacumen
620 1687 770 1718 alescendi.
797 1684 906 1714 Lucret.
918 1681 998 1712 liba.
1018 1688 1098 1715 1129.
1119 1678 1148 1707 h.
1162 1686 1187 1707 e.
1202 1676 1243 1706 Ad
1256 1684 1314 1706 meo

207 1744 265 1767 tam
278 1735 323 1765 seu
332 1735 418 1764 finem
430 1730 572 1762 crescendi
585 1726 738 1766 pervenire.
773 1762 779 1768 .
988 1757 993 1763 .

189 1774 257 1805 Non
268 1783 320 1812 ego
332 1783 381 1811 per
394 1779 527 1810 praeceps,
539 1769 566 1798 ὅ(
578 1771 658 1796 acuta
672 1770 818 1793 cacumina
829 1755 1025 1790 vadamOvid.
1033 1755 1096 1785 nde
1106 1754 1170 1783 Arte
1181 1753 1309 1788 Am.381.

188 1812 291 1843 Venire
303 1812 338 1840 ad
349 1810 487 1840 summum
500 1813 645 1837 cacumen.
686 1801 795 1831 Lucret.
813 1798 862 1828 lib.
879 1808 905 1841 ς..
921 1806 1000 1832 1455-
1018 1804 1047 1838 ¹1.
1063 1802 1088 1822 e.
1120 1792 1161 1822 Ad
1175 1790 1314 1821 summam

209 1849 414 1880 absolutionem
426 1848 452 1877 ἃ
465 1841 743 1876 consummationem.
790 1837 953 1866 Paroemiani
968 1833 1053 1877 sapit,
1073 1836 1105 1860 ut
1113 1829 1232 1868 praeced.

153 1890 257 1922 Cneu
266 1898 286 1916 M
296 1889 309 1916 ἵ
318 1897 338 1916 N
347 1896 364 1915 o
375 1908 382 1921 ,
405 1883 545 1921 [οάπᾶξω]
562 1884 617 1910 are.
639 1880 759 1908 Acutum
771 1875 896 1905 reddere.
919 1872 1006 1902 Ov1d.
1020 1879 1044 1907 3.
1059 1869 1129 1899 Met.
1147 1877 1207 1904 195.

269 1925 323 1955 Dat
335 1924 454 1962 spatium
465 1920 539 1952 collo
554 1942 561 1956 ,
582 1915 756 1953 summasque
766 1913 927 1943 cacuminat
939 1918 1029 1940 aures,
1124 1906 1166 1936 De
1189 1906 1314 1935 Afteone

190 1966 220 1994 in
233 1973 348 1993 cervum
360 1967 476 1992 mutat0.
1138 1982 1144 1989 ι
1275 1980 1280 1986 ,

153 2003 177 2034 C
186 2012 257 2032 acu
266 2012 288 2030 M
298 2012 307 2030 ι
317 2010 336 2030 Ν
346 2004 363 2029 R
372 2009 418 2029 Tu
429 2009 441 2032 s
452 2020 460 2033 ‚
481 2007 496 2026 a
507 2018 515 2032 ‚
536 2005 593 2026 urn.
617 1993 677 2029 Adj.
699 1988 859 2028 [οιίπιοθέις]
879 1992 931 2022 ut,
958 1985 1021 2015 Ova
1035 1987 1219 2013 cacuminata.
1241 1980 1312 2010 Plin.

191 2040 240 2083 lib.
249 2047 402 2076 io.cap.52.
427 2034 594 2073 Aquatilium
606 2041 658 2062 ova
667 2028 801 2060 rotunda:
823 2026 930 2069 reliqua
941 2024 999 2068 fere
1010 2022 1115 2066 faaigio
1127 2019 1312 2064 cacuminata.

155 2079 203 2110 CK
213 2088 231 2108 c
240 2087 278 2107 us
291 2099 299 2113 ,
323 2075 468 2113 [κάκζῷψ]
487 2071 641 2102 secundum
652 2067 757 2111 fabulas
766 2087 774 2101 ,
795 2064 914 2094 Vulcani
926 2062 999 2092 filius
1011 2060 1065 2104 fuit
1076 2082 1084 2094 ,
1107 2069 1154 2090 ore
1173 2066 1269 2096 ignem
1281 2065 1314 2086 ac

191 2117 301 2147 sumum
316 2123 433 2144 vomens
447 2134 456 2148 ,
478 2111 525 2148 qui
538 2109 631 2139 vicina
645 2115 740 2136 omnia
751 2102 949 2171 populabatur.
991 2099 1096 2128 Veritas
1113 2103 1207 2126 tamen
1220 2095 1315 2125 securi-

192 2155 261 2184 duni
275 2151 469 2191 philologos&
480 2148 625 2178 historicos
638 2145 693 2188 hoc
713 2143 748 2172 ha
771 2148 817 2176 et,
840 2140 925 2170 Hunc
948 2137 1028 2167 fuisse
1049 2135 1167 2179 Evandri
1183 2132 1315 2178 nequ-issi-

612 2184 750 2214 Novimus
760 2186 855 2209 autem
866 2177 974 2207 Malum
991 2186 1006 2205 a
1019 2175 1121 2204 Graecis
1141 2183 1216 2203 κανων
1237 2171 1312 2200 dici:

812 678 849 683 -—
860 669 964 700 perque
971 658 1026 689 alta
1036 656 1183 689 cacumina
1195 659 1300 693 regnat.

1100 1449 1143 1480 De
1162 1448 1310 1478 cacumine

192 2201 272 2223 rnum
282 2191 388 2220 servum
401 2210 410 2224 ,
431 2198 463 2218 ac
472 2188 571 2217 furem.

194 2238 276 2268 quem
288 2229 326 2258 ita
338 2227 386 2257 illo
398 2233 525 2264 tempore
539 2222 654 2253 Arcades
664 2217 860 2257 appellabant,
882 2214 975 2253 postea
986 2212 1117 2242 translato
1128 2216 1246 2240 accentu
1264 2209 1315 2238 Ca-

193 2277 243 2298 cus
267 2266 358 2296 dictus
379 2265 417 2294 est
430 2286 438 2299 ‚
459 2266 490 2293 ut
507 2260 616 2292 Helene
629 2281 637 2295 ‚
658 2254 776 2288 Hele‘na.
817 2254 914 2291 Ignem
927 2261 1020 2281 autem
1032 2251 1122 2280 dictus
1133 2249 1170 2292 eil:
1181 2257 1314 2292 vomere,

194 2305 271 2343 quod
292 2313 371 2342 agros
393 2303 457 2340 igne
483 2298 678 2338 populabatur.
716 2295 801 2324 Hunc
810 2292 886 2321 soror
896 2290 942 2320 sua
951 2289 1078 2333 ejusdem
1089 2296 1212 2316 nominis
1224 2284 1317 2329 prodi-

194 2344 244 2373 dit.
284 2341 366 2371 Unde
377 2342 460 2370 etiarn
472 2337 601 2368 sacellum
614 2333 736 2367 meruit,
757 2333 787 2360 in
807 2329 909 2373 quo-‘ei
927 2337 976 2366 per
990 2335 1111 2365 virgines
1122 2324 1208 2353 Vestae
1220 2322 1318 2353 sacrifi.-

194 2381 316 2412 cabatur.
357 2378 424 2408 Haec
437 2377 546 2407 Servius
557 2381 685 2404 enarrans
698 2380 764 2400 eum
778 2368 882 2405 Virgilii
896 2366 991 2396 locuni
1005 2371 1030 2400 8.
1045 2364 1107 2394 AEn.
1126 2372 1186 2399 193.

275 2418 330 2448 Hic
341 2416 473 2454 spelunca
483 2415 537 2443 fuit
546 2412 620 2442 vasto
633 2410 760 2439 submota
770 2405 874 2436 recessu
886 2427 894 2440 ,
904 2443 910 2449 ι
937 2441 943 2447 ⁸
1012 2441 1017 2445 .
1066 2440 1072 2446 ,

272 2454 472 2486 Semihominis
485 2451 551 2482 Caci
565 2460 571 2480 :
594 2449 688 2479 facies.
784 2444 817 2474 Et
828 2451 925 2487 paucis
936 2441 1088 2474 interiectis
1099 2461 1107 2475 ,

276 2494 351 2524 Huic
363 2492 485 2521 monstro
498 2488 638 2519 Vulcanus
651 2490 709 2515 erat
720 2489 797 2522 pater
810 2503 818 2517 ,
840 2481 914 2510 illius
924 2487 998 2509 atros

275 2531 332 2561 Ore
343 2539 458 2559 vomens
471 2528 549 2565 ignes
560 2548 568 2562 ‚
588 2533 690 2561 magna
702 2522 727 2551 se
739 2520 815 2550 mole
828 2519 943 2548 ferebat.
1042 2515 1086 2545 De
1108 2514 1170 2557 hoc.
1185 2513 1260 2543 Caco
1273 2513 1318 2560 'ab

195 2569 327 2604 Hercule,
341 2568 420 2603 cujus
432 2567 515 2596 boves
526 2565 600 2594 furto
615 2563 744 2599 abegerat
755 2581 762 2593 ,
788 2559 817 2586 in
839 2556 976 2586 Aventino
989 2559 1086 2583 monte
1110 2551 1221 2596 occis-03
1252 2561 1318 2581 Viue

194 2608 254 2637 Liv,
269 2607 317 2636 lib.
334 2615 356 2635 1.
369 2615 430 2643 cap.
444 2614 470 2641 7.
493 2601 602 2639 Dionys
616 2600 737 2630 Halicar.
759 2596 807 2625 lib.
821 2606 845 2625 1.
864 2597 891 2625 i&
911 2593 998 2624 Solin.
1020 2601 1081 2630 cap.
1094 2600 1120 2621 2.
1145 2589 1237 2628 Virgil.
1259 2600 1285 2620 u.
1299 2589 1318 2619 s.

196 2645 283 2677 Ovid.
298 2655 322 2675 1.
334 2643 403 2674 Fast.
417 2652 479 2680 542.
490 2641 545 2679 seq.
558 2642 584 2670 ὁὶ
597 2638 677 2677 supra
698 2646 717 2666 c
728 2644 772 2665 Ac
782 2644 812 2664 A.

589 2740 618 2775 C
719 2738 746 2773 A
854 2735 887 2770 D

161 2834 235 2865 Car>
247 2845 264 2862 A
274 2840 318 2860 aA
332 2852 341 2865 ,
363 2827 517 2868 appellatur
527 2825 615 2857 Rubri
626 2824 708 2854 maris
720 2819 980 2864 peninsula-ingens.
1000 2817 1092 2862 Hujus
1105 2815 1217 2852 objectu
1230 2814 1319 2844 vastus

197 2870 316 2901 efficitur
326 2868 398 2898 sinus
409 2889 417 2902 ,
438 2876 457 2895 x
466 2877 475 2894 i
486 2877 495 2894 1
510 2865 618 2894 dierum
631 2864 658 2893 δι
669 2862 795 2892 noctium
808 2867 923 2895 remigio
936 2862 1096 2900 enavigatus
1117 2854 1265 2884 Ptolemaeo
1279 2863 1319 2882 re-

199 2910 226 2947 gi
238 2931 246 2944 ,
266 2907 380 2945 quando
393 2904 498 2934 nullius
507 2912 578 2933 aurae
589 2901 690 2939 recipit
701 2899 832 2929 afflatum.
854 2896 922 2925 Haec
933 2894 1001 2924 Plin.
1014 2893 1063 2922 lib.
1075 2903 1100 2926 ο.
1117 2902 1176 2930 cap.
1192 2900 1216 2927 3.

163 2947 186 2978 C
196 2951 213 2977 Ti
225 2957 241 2976 o
250 2950 266 2975 Ᾰ
276 2954 292 2975 v
304 2955 318 2974 a
328 2954 345 2973 R
355 2966 363 2979 ,
384 2943 446 2973 Eris.
469 2951 496 2971 n.
519 2938 620 2977 [νεκςὶς
634 2960 642 2974 ,
661 2937 775 2971 πἹῦριψ]
796 2935 905 2972 Corpus
918 2932 1106 2970 quodcunque
1119 2936 1280 2973 mortuum}
1303 2938 1319 2957 a

200 2980 335 3014 Cadendo
347 2982 504 3013 derivatur,
526 2977 572 3008 vel
585 2987 600 3006 a
613 2975 767 3006 Caedendo.
807 2972 926 3015 [smnio
942 2981 958 3000 a
979 2969 1114 2999 Cadendo
1129 2990 1136 3004 ,
1159 2969 1185 2997 δι
1199 2976 1318 2996 omnino

200 3021 348 3060 respondet
365 3019 461 3049 Graeco
475 3017 564 3048 π’(ὣκρι
579 3015 613 3045 H.
629 3014 695 3049 St.]
727 3012 757 3041 V.
781 3011 895 3041 Hieron.
915 3018 948 3052 'in
967 3007 1067 3038 Matth.
1083 3016 1128 3041 24-
1140 3011 1186 3050 ¹48.
1209 3004 1317 3049 Caes1'7.

201 3058 267 3090 Bell.
283 3057 353 3089 Gall.
365 3066 410 3094 77.
436 3054 514 3092 Quid
528 3053 675 3083 hominum
693 3049 816 3080 millibus
829 3049 972 3083 oCtoginta
983 3055 1041 3075 uno
1062 3045 1126 3073 loco
1148 3043 1317 3077 interfectis,

201 3096 365 3136 propinquis
376 3117 384 3131 ‚
403 3090 668 3130 consanguineisque
682 3087 780 3118 nostris
793 3086 879 3116 animi
892 3085 951 3114 fore
963 3083 1123 3113 existimatis
1134 3102 1143 3117 ,
1164 3082 1182 3111 si
1193 3090 1272 3120 paene
1289 3081 1323 3109 in-

203 3135 266 3173 ipsis
276 3132 452 3164 cadaveribus
465 3130 560 3169 praelio
572 3129 712 3158 decertare
724 3131 859 3162 cogentur
868 3124 882 3152 ‘2
897 3160 903 3166 Ι

203 3173 341 3203 Cadavera
353 3171 496 3200 Romanos
510 3167 579 3197 olim
592 3166 626 3196 ab
646 3172 709 3194 ortu
728 3164 805 3193 urbis
826 3163 905 3191 humi
926 3158 1064 3202 condere,
1076 3167 1177 3202 uneque
1197 3165 1320 3201 cremare

223 3207 390 3240 consuevisse
401 3229 409 3243 ,
430 3206 501 3236 illud
510 3209 673 3242 argumento
684 3201 722 3232 est
733 3224 741 3235 ,
762 3199 839 3238 quod
856 3199 955 3229 Numae
966 3195 1093 3241 Pompilii
1104 3205 1205 3234 corpus
1218 3204 1247 3224 in
1258 3204 1320 3224 area

222 3248 333 3285 lapidea
347 3246 407 3284 post
419 3245 506 3275 multa
516 3242 607 3272 secula
619 3252 634 3272 a
647 3241 699 3270 Cn.
713 3239 849 3270 Terentio
866 3237 896 3266 in
912 3234 1042 3279 janiculo
1055 3241 1202 3277 inventum
1213 3255 1221 3268 ‚
1242 3239 1321 3276 vetu3

223 3285 324 3315 stiffimi
335 3285 462 3313 auctores
473 3282 597 3311 tradunt.
639 3278 734 3309 Postea
743 3286 830 3315 quum
843 3275 1003 3311 longinquis
1017 3271 1095 3301 bellis
1106 3271 1252 3315 defunctos
1262 3280 1321 3300 erui

177 3338 179 3341 .
227 3321 432 3359 cognovissent,
453 3326 485 3350 ut
496 3319 553 3357 igni
564 3322 751 3348 cremarentur
764 3315 877 3344 decreto
896 3311 1054 3354 sanxerunt.
1095 3308 1200 3352 Primus
1218 3318 1253 3338 ex
1276 3318 1322 3350 pa-

226 3361 308 3389 tritiis
319 3358 430 3388 Cornel.
441 3357 515 3395 Sylla
526 3356 647 3386 traditur
657 3377 665 3390 ‚
686 3354 734 3392 qui
742 3352 882 3382 decedens
894 3350 951 3387 igni
962 3348 988 3377 se
999 3356 1114 3390 cremari
1124 3346 1231 3390 voluit,
1253 3356 1322 3390 veri-

227 3403 271 3427 tus
282 3396 422 3426 talionem.
463 3396 535 3426 Nam
552 3393 610 3432 ipse
627 3401 729 3431 corpus
741 3390 837 3424 Marii,
858 3390 884 3418 Sc
906 3393 983 3416 eruta
1002 3384 1228 3428 olla-subvertit,
1251 3385 1276 3413 ἃ
1291 3393 1320 3412 iii

227 3435 360 3464 Anienem
373 3433 452 3462 misit.
492 3432 561 3462 lnde
583 3430 682 3461 mansit
698 3429 746 3459 diu
767 3427 917 3458 defunctos
930 3423 1074 3468 cremandi
1087 3422 1259 3451 consuetudo
1273 3430 1280 3451 t
1306 3431 1321 3450 a

248 3471 318 3501 uase
338 3471 410 3499 uutis
424 3476 479 3499 tem
502 3470 610 3502 oribus,
628 3469 697 3498 dum
706 3466 837 3496 Antonini
849 3463 1182 3499 CaesareSimperitarent‚
1204 3459 1321 3488 desitum

242 3510 290 3539 uit.
354 3531 359 3537 .
382 3507 456 3537 Alex.
468 3481 502 3537 ab
514 3508 588 3537 Alex.
600 3506 648 3536 lib.
663 3515 685 3542 3.
700 3515 761 3543 cap.
772 3514 797 3534 2.
838 3502 942 3540 [Paene
959 3506 1028 3537 quot
1039 3498 1132 3541 verba,
1152 3497 1269 3541 totidem
1283 3507 1323 3526 er..

229 3554 287 3576 rata
299 3545 368 3574 sunt.
404 3545 474 3574 Nam
485 3547 511 3575 ὁὶ
522 3546 642 3574 Numam
657 3553 749 3581 regem
762 3542 925 3572 testamento
937 3537 964 3568 se
972 3546 1087 3581 cremari
1098 3534 1210 3565 vetuisse
1219 3545 1254 3579 ex
1262 3534 1323 3564 Plu-

231 3583 327 3614 tarcho
337 3583 441 3611 constat
451 3604 459 3617 ,
480 3577 543 3612 cu'm
552 3592 612 3611 mos
628 3581 770 3611 cremandi
782 3579 916 3609 cadavera
929 3583 988 3606 tum
1002 3584 1057 3611 iam
1071 3573 1154 3611 vulgo
1167 3573 1322 3616 obtineret3

231 3621 266 3651 Et
277 3619 433 3650 Corneliam
445 3627 554 3656 gentem
568 3620 597 3648 id
610 3619 783 3656 praecipuum
795 3615 915 3646 habuisse
927 3637 934 3650 ,
955 3620 1019 3644 ante
1033 3609 1115 3642 Sullae
1134 3611 1244 3640 obitum
1255 3631 1263 3645 ,
1286 3620 1322 3654 ηρ

231 3664 355 3688 mortuos
364 3657 425 3686 suos
435 3663 585 3692 cremaret,
607 3657 706 3686 diserte
719 3655 821 3685 Plinius
831 3654 944 3684 testatur
955 3674 963 3686 ,
984 3660 1009 3687 7.
1024 3661 1068 3686 <4-
1109 3648 1142 3678 Εἰ
1161 3648 1194 3678 ab
1210 3648 1323 3691 Asstpm-

232 3705 333 3725 norum
351 3694 522 3732 temporibus
546 3695 659 3723 cremari
681 3700 804 3722 mortuos
824 3693 921 3722 Romae
943 3688 1047 3719 desiisse
1066 3693 1171 3716 temere
1189 3685 1321 3728 asseritur.

231 3734 309 3770 Quin
320 3732 382 3761 satis
392 3732 495 3760 constat
505 3738 650 3767 utrumque
659 3731 741 3760 ritum
753 3738 888 3769 perpetuo
898 3726 1056 3761 obtinuisse,
1069 3725 1136 3768 lic-et
1146 3723 1229 3761 longe
1237 3733 1324 3757 iiialor

231 3780 293 3809 pars
304 3775 474 3798 mortuorum
487 3779 553 3805 rogo
576 3769 720 3797 inferretur
735 3790 743 3802 ,
764 3770 855 3797 donec
867 3766 1020 3796 Christiana
1034 3764 1129 3800 religio
1141 3768 1262 3792 veterem
1276 3761 1325 3790 liu-

233 3807 329 3838 mandi
337 3806 563 3835 consuetudinem
574 3806 697 3835 restituit.
721 3806 797 3835 Plura
819 3806 848 3834 V.
875 3806 903 3833 in
916 3802 1005 3833 Pitisci
1016 3801 1126 3831 Lexico.

214 3846 324 3878 Militia:
336 3843 468 3872 cadavera
479 3864 486 3877 ‚
507 3852 583 3872 more
596 3843 752 3872 Graeeorum
767 3844 853 3880 padis
866 3842 972 3879 aliquot
983 3841 1092 3869 dierum
1108 3837 1228 3868 induciis
1239 3836 1273 3866 ad
1286 3834 1324 3866 se-

231 3883 370 3922 pulturam
381 3880 544 3917 petebantur
555 3901 562 3914 ,
584 3886 665 3915 atque
675 3881 703 3908 id
717 3881 798 3909 etiam
810 3881 875 3917 victi
890 3878 1090 3916 impetrabant,
1112 3875 1188 3913 quod
1201 3884 1237 3904 ex
1247 3874 1325 3903 Thu-

231 3920 332 3958 cydide
342 3917 446 3956 percipi
457 3917 545 3954 potest
556 3939 564 3950 ,
585 3918 631 3953 qui
646 3917 714 3954 saepe
728 3918 805 3952 νεκςὲε
823 3914 977 3943 &offeram
997 3915 1051 3944 ess'e
1066 3915 1145 3943 datos
1159 3913 1248 3942 refert.
1293 3912 1324 3941 ld

231 3959 317 3989 etiam
328 3965 362 3985 ex
375 3955 497 4022 lig-mero
507 3961 606 3984 notum
617 3954 668 3983 est:
690 3955 764 3991 quod
777 3954 889 3990 quidem
902 3954 1027 3983 imitatus
1043 3952 1080 3981 est
1094 3951 1188 3988 Virgil.
1204 3950 1272 3980 dum
1284 3950 1324 3979 in-

232 3996 309 4034 quit,
338 4003 380 4024 11.
418 4001 455 4021 m.
473 4001 532 4021 101.

1368 1830 1670 1865 CAnAViernus,
1691 1840 1724 1865 a,
1740 1840 1799 1860 um.
1821 1830 1940 1861 Tertull.
1954 1831 2088 1861 deAnim.
2105 1840 2165 1869 cap.
2181 1840 2224 1868 3²·

1369 1905 1679 1941 CADAVExosus,
1700 1917 1735 1942 a,
1756 1917 1813 1937 um.
1835 1908 1896 1944 Adj.

1374 2555 1590 2587 Caniscus,
1613 2551 1712 2582 dimin.
1729 2553 1861 2584 aCadus.
1891 2553 1922 2583 V.
1942 2562 2073 2582 CADUS.

1375 2595 1570 2625 CADIVUS‚
1603 2589 1632 2619 V.
1656 2601 1772 2620 enno.

1375 2632 1397 2661 C
1408 2639 1426 2657 A
1438 2639 1455 2656 D
1467 2639 1486 2656 Μ
1496 2638 1510 2656 ¹3
1523 2637 1541 2656 Α
1553 2650 1560 2663 ‚
1582 2626 1743 2664 [Κκδκεὶκ]
1762 2638 1813 2673 pro
1822 2628 1930 2659 Thebis
1940 2628 2002 2666 ipsis
2014 2628 2121 2666 antiqui
2131 2626 2261 2665 usurpare
2277 2627 2369 2663 soliti,
2390 2632 2421 2657 ut
2436 2626 2525 2657 audior
2568 2648 2569 2651 η

1791 157 1819 191 C
1919 159 1944 192 A
2044 158 2075 191 D

1480 237 1596 272 Jamque
1613 245 1734 265 oratores
1745 237 1859 267 aderant
1873 247 1907 267 ex
1918 238 1984 267 urbe
1999 238 2113 272 Latina,

1484 274 1570 303 Veliti
1589 275 1669 302 ramis
1683 275 1751 303 oieae
1764 298 1771 310 ,
1793 276 1962 312 veniamque
1973 284 2099 311 rogantes
2110 299 2118 312 ,
2597 274 2600 304 i

1482 312 1606 349 Corpora
1620 322 1667 350 per
1681 322 1795 350 campos
1811 314 1884 342 ferro
1899 323 1957 350 qiiae
1970 314 2027 343 fusa
2040 315 2168 350 jacebant
2597 311 2599 317 ¹

1411 388 1414 392 .
1482 350 1624 378 Redderet
1635 372 1642 383 ,
1659 351 1710 378 διε.
1784 388 1788 391 .
1809 351 1990 394 Praeserebant
2001 360 2094 381 autem
2107 353 2227 387 rogaturi
2241 362 2350 381 ramum
2366 352 2433 382 oleae
2450 350 2512 386 lana

1407 387 1578 430 involutum,
1590 397 1673 424 quein
1686 387 1772 417 Graeci
1784 399 1910 420 ameum
1920 398 2022 418 vocant
2034 412 2042 424 ,
2064 396 2095 419 ut
2105 391 2131 419 δι
2141 391 2247 420 indicat
2263 390 2326 424 virg
2338 400 2363 426 7.
2377 391 2438 420 IEn.
2449 402 2511 429 237.

1473 425 1642 468 l'reefernnus
1654 426 1781 455 inanibus
1793 426 1873 456 vittas
1885 427 1911 456 &
1922 427 2005 457 verba
2016 436 2188 464 precantum.
2285 426 2364 456 Illam
2385 429 2460 458 enirn
2478 429 2515 460 la.

1411 472 1477 506 nam
1491 484 1498 497 ,
1520 462 1622 506 insulas
1633 484 1640 496 ,
1661 464 1742 492 vittas
1753 485 1761 499 ,
1782 463 1939 493 velamenta
1950 487 1957 499 ,
1979 472 2038 494 tum
2051 466 2079 494 in
2091 467 2182 503 poetis
2192 487 2200 502 ,
2214 471 2275 495 tum
2285 466 2313 494 in
2324 466 2458 496 historicis
2467 467 2514 498 La-

1410 508 1476 530 tinis
1493 510 1585 529 vocari
1598 501 1760 537 reperimus.
1801 501 1959 531 Turnebus.

1393 539 1533 584 Cadavera
1544 538 1716 576 oppidorum
1731 560 1739 573 ,
1754 538 1893 576 eleganter
1904 549 1954 578 per
1965 539 2176 571 translationem
2199 541 2271 570 dixit
2289 540 2428 578 Sulpicius
2441 543 2515 579 apud

1412 576 1502 619 &gc-4·
1514 576 1588 605 Fani.
1603 587 1626 611 5.
1649 576 1746 613 Quum
1754 587 1812 606 uno
1820 577 1893 613 loco,
1907 582 1951 606 tot
1960 578 2099 615 oppidum
2109 580 2242 608 cadavera
2251 579 2376 616 projecta
2385 579 2491 613 jaceant
2499 582 2514 610 ’.Ρ

1392 615 1537 647 sibrectum
1548 614 1666 643 cadaver
1677 636 1685 649 ‚
1707 624 1758 652 pro
1775 614 1896 644 Homine
1906 615 2015 652 abjecto
2028 637 2035 650 ,
2054 625 2086 645 ac
2098 617 2216 653 perdito.
2257 616 2314 646 Cic.
2334 617 2363 645 in
2371 615 2458 646 Pison.
2471 623 2514 652 8²-

1413 652 1474 681 Nec
1489 651 1606 689 despero
1619 658 1712 681 tamen
1723 674 1731 687 ,
1748 653 1800 682 &c.
1819 653 1927 682 futuros
1941 652 2048 690 aliquos
2060 675 2068 687 ,
2094 655 2140 690 qui
2151 655 2292 691 abjectum
2308 653 2364 684 hoc
2384 655 2515 693 cadaver,

1414 689 1612 719 Consularibus
1625 689 1718 726 spoliis
1729 691 1835 720 nudare
1847 700 1905 720 non
1920 690 2022 720 nolint.
2048 690 2130 721 Conf.
2145 702 2212 722 mox
2226 692 2363 729 Ejectum.

1395 727 1532 770 Congesta
1542 728 1687 758 cadavera.
1710 727 1814 757 Lucan.
1825 728 1875 758 lib.
1887 738 1913 758 2.
1925 739 1990 763 ²09·

1397 765 1536 794 Conserta.
1560 764 1663 796 Lucan.
1678 766 1727 795 lib.
1742 775 1766 801 3.
1781 775 1843 802 575.
1865 767 1883 797 i.
1899 776 1924 796 e.
1946 766 2036 796 Densa
2064 769 2112 804 [ut
2121 768 2204 803 mox]
2231 768 2257 797 &
2271 767 2440 805 interposita.

1396 803 1531 869 Crlpdum.
1542 803 1652 870 hjuven.
1667 814 1709 840 ις.
1724 804 1778 834 Sat.
1790 810 1834 841 83.
1931 819 1969 826 —
1977 812 2110 835 contenta
2119 806 2253 836 cadavere
2264 806 2360 835 crudo.
2421 806 2463 836 De
2474 815 2518 837 an-

1415 848 1426 869 t
1449 850 1539 878 ropop
1562 851 1629 879 agia.

1396 879 1560 945 Ccrluentum.
1597 879 1656 910 Cic.
1668 889 1718 918 pro
1731 879 1832 911 Milon.
1844 890 1888 918 39.
1918 880 1965 911 Tu
1980 881 2008 910 P.
2024 880 2119 910 Clodii
2130 886 2279 911 cruentum
2291 881 2406 911 cadaver
2418 882 2518 918 eiecisti

1438 926 1513 945 omo.

1396 954 1569 1021 Dsesunstuni
1579 963 1614 984 ex
1621 964 1722 993 magna
1736 962 1822 994 parte.
1856 956 1961 987 Lucan.
1974 956 2024 988 lib.
2037 965 2062 994 3.
2080 965 2143 994 720.
2165 956 2208 987 De
2218 955 2309 987 milite
2319 957 2395 995 gravi
2407 957 2519 989 vulnere
2600 956 2604 992 i

1429 1002 1518 1021 aucio.
2584 999 2587 1010 ¹
2602 1011 2604 1014 ·

1398 1029 1490 1060 Densa
1500 1030 1643 1060 cadavera.
1665 1030 1766 1067 Juven.
1781 1041 1824 1062 10.
1836 1033 1890 1062 Sat.
1909 1036 1971 1067 186.
2424 1053 2425 1059 κ

1429 1107 1433 1112 ¹
1478 1084 1517 1089 —-
1526 1078 1558 1098 ac
1569 1069 1645 1098 tarda
1658 1079 1707 1107 per
1716 1070 1799 1100 densa
1810 1071 1945 1100 cadavera
1962 1079 2051 1108 prora.
2149 1070 2224 1102 conf.
2248 1070 2404 1102 conserta„
2584 1073 2586 1083 ¹
2599 1077 2604 1091 ‘

1399 1105 1511 1149 Dilapsa
1520 1106 1585 1136 tabo
1596 1107 1738 1137 cadavera.
1759 1108 1832 1146 Virg.
1849 1118 1874 1145 3.
1889 1109 1989 1146 Georg.
2003 1118 2065 1144 557.
2582 1098 2604 1148 ,J

1400 1144 1536 1180 Ejectum.
1558 1144 1618 1174 Cic.
1631 1145 1661 1174 in
1670 1145 1759 1176 Pison.
1774 1156 1818 1182 19.
1838 1147 1913 1177 conf.
1929 1147 2084 1183 Abjeftum.
2598 1158 2604 1169 ³

1400 1182 1531 1212 informe.
1570 1182 1602 1212 In
1630 1193 1795 1213 INFORM1
1806 1195 1828 1214 s.
2600 1196 2604 1219 l

1400 1220 1543 1249 Lacerum.
1565 1220 1669 1251 Lucan.
1684 1221 1731 1251 lib.
1745 1232 1770 1257 5.
1783 1225 1847 1258 669.
2596 1234 2604 1253 ⁴

1400 1258 1544 1295 Rigidum.
1565 1258 1663 1289 Claud.
1678 1260 1713 1289 de
1723 1259 1792 1290 Bell.
1812 1260 1921 1299 Gigant.
1936 1269 1998 1299 103.

1401 1295 1486 1326 Tetra
1499 1295 1641 1327 cadavera.
1667 1297 1777 1328 Lucret.
1791 1298 1839 1328 lib.
1851 1309 1879 1329 2.
1892 1310 1957 1336 415.

1596 1351 1633 1355 ——
1645 1345 1732 1373 quum
1742 1344 1812 1366 tetra
1822 1337 1957 1368 cadavera
1965 1341 2078 1366 torrent.

1400 1371 1670 1440 quffieissmlcadaver.
1700 1374 1719 1404 i.
1730 1384 1755 1404 e.
1785 1374 1817 1405 In
1836 1384 1926 1406 morte
1943 1375 2078 1405 ferociam
2098 1374 2129 1404 in
2149 1374 2231 1406 vultu
2254 1374 2385 1405 retinens.
2413 1374 2480 1406 Stat.
2493 1376 2540 1414 9.”
2578 1368 2580 1375 '

1507 1433 1512 1439 .
1545 1421 1590 1446 40.

1402 1448 1644 1479 Tremebundum.
1685 1450 1748 1480 Seri.
1761 1450 1852 1481 OEth.
1868 1456 1933 1485 812.
1955 1451 1999 1481 De
2011 1457 2088 1480 metu
2099 1451 2271 1482 exanimato.

1402 1487 1504 1517 Vivum
1515 1486 1642 1517 cadaver.
1664 1487 1872 1519 Proverbialiter
1885 1489 1988 1519 dicitur
1999 1490 2027 1518 iri
2039 1489 2112 1519 Eum
2127 1490 2176 1526 qui
2185 1488 2257 1519 nihil
2266 1487 2322 1527 agit
2331 1488 2388 1518 vita
2398 1488 2522 1532 dignum.
2532 1500 2541 1518 κ’
2576 1491 2581 1498 “

1422 1525 1504 1562 Apud
1516 1524 1596 1563 Apul.
1607 1536 1634 1569 4:
1646 1526 1735 1556 Miles.
1749 1537 1777 1564 p.
1792 1537 1853 1564 145·
1884 1527 1958 1557 Buiti
1970 1528 2089 1557 cadaver
2108 1534 2276 1558 extremum.
2316 1526 2482 1557 Convicium
2494 1528 2524 1558 in

1420 1572 1505 1592 anum
1517 1563 1689 1601 decrepitam
1697 1565 1810 1600 jactum.

1402 1601 1680 1669 Essfflsssstvfflssvse‘a
1689 1613 1808 1633 vermes.
1846 1602 1957 1634 Lucret.
1970 1603 2018 1633 lib.
2031 1612 2056 1640 3.
2069 1611 2133 1641 7¹⁹·
2154 1603 2173 1632 i.
2192 1612 2217 1632 e.
2249 1602 2390 1634 Emittunt
2411 1602 2458 1634 seu
2473 1602 2524 1636 Ex·
2576 1598 2589 1647 ,ἶ

1403 1675 1526 1707 Lustrare
1538 1663 1682 1708 cadavera.
1703 1677 1806 1708 Lucan.
1816 1678 1865 1708 lib.
1876 1688 1903 1709 2.
1918 1688 1979 1716 171.
2000 1679 2019 1708 i.
2030 1688 2055 1708 e.
2072 1677 2303 1717 circumspicere.
2581 1652 2584 1660 ·

1404 1715 1535 1745 Mordere
1546 1716 1671 1746 cadaver.
1695 1717 1794 1753 juven.
1808 1717 1918 1750 15.Sat.
1932 1723 1978 1755 87.
2018 1716 2050 1747 V.
2072 1716 2206 1747 Crudum.

1403 1753 1529 1791 Spoliare
1545 1754 1687 1784 cadavera.
1711 1754 1813 1785 Lucan.
1824 1754 1874 1785 lib.
1889 1764 1914 1793 3.
1926 1760 1990 1793 675.

1403 1792 1524 1822 Torrere
1543 1792 1688 1822 cadavera.
1708 1792 1818 1823 Lucret.
1834 1793 1883 1823 lib.
1895 1803 1997 1830 2415.
2018 1793 2037 1822 i.
2050 1801 2074 1822 e.
2095 1791 2235 1823 Cremare.

1406 1867 1596 1898 Cadaverinus
1607 1868 1682 1906 apud
1691 1867 1820 1907 Despaut.
1833 1869 1934 1907 absque
1943 1868 2085 1907 exempla
2107 1869 2142 1898 H.
2157 1869 2195 1899 St.
2217 1869 2320 1899 Deerat
2337 1868 2367 1897 iri
2381 1869 2425 1899 ed.
2438 1868 2522 1908 Lugd.

1920 1903 2071 1944 [νεκξᾰιᾶὶις]
2090 1912 2140 1942 ut,
2162 1906 2333 1937 Cadaverosa
2347 1906 2441 1937 facies.
2460 1903 2522 1938 Tei.

1407 1944 1476 1974 Hec.
1490 1952 1514 1981 3.
1529 1954 1555 1979 4.
1565 1953 1610 1982 27.
1632 1944 1687 1974 Ubi
1704 1944 1849 1981 Donatus3
1872 1944 2061 1981 Cadaverosa,
2082 1944 2247 1981 Sublivida,
2266 1954 2298 1974 ac
2320 1944 2463 1982 personata
2483 1955 2524 1976 ru·
2569 1943 2571 1947 ’

1406 1982 1474 2011 bore
1485 1984 1511 2012 ἃ
1522 1981 1617 2012 livore.
1658 1982 1821 2013 Rubicundi
1829 1984 1906 2013 enim
1918 1984 1945 2013 &
1954 1982 2067 2012 crassam
2074 1983 2176 2013 faciem
2185 1982 2255 2021 saepe
2269 1982 2381 2018 habent,
2403 1983 2478 2020 quod
2489 1983 2525 2013 est
2567 1983 2599 2011 Γ

1406 2030 1552 2058 proprium
1568 2021 1718 2051 cadaveris.
1756 2021 1848 2051 Potest
1864 2023 1891 2052 δι
1909 2020 2026 2059 Pulposa
2042 2021 2180 2059 intelligi,
2201 2023 2227 2051 ἃ
2241 2020 2342 2057 crassa,
2363 2020 2436 2059 quasi
2449 2021 2525 2058 cada.
2566 2024 2574 2049 ¹.

1406 2058 1513 2102 verosa..
1531 2058 1598 2088 Haec
1610 2058 1666 2088 ille.
1705 2059 1777 2089 Sunt
1786 2060 1833 2097 qui
1847 2058 2038 2089 cadaverosam
2052 2059 2153 2088 faciem
2169 2059 2343 2096 intelligant,
2364 2068 2445 2096 quarn
2461 2059 2525 2097 Hip·

1406 2102 1578 2134 pocraticam
1589 2106 1740 2132 vocamus,
1762 2107 1865 2136 nempe
1878 2098 1988 2126 homini
2012 2097 2142 2126 morienti
2162 2098 2188 2127 &
2199 2107 2279 2135 paene
2298 2098 2445 2126 demortuo
2456 2097 2524 2126 simi-
2564 2116 2567 2122 =
2584 2103 2585 2106 ’

1407 2136 1473 2164 lem.
1497 2134 1534 2164 est
1551 2140 1644 2164 autem
1663 2135 1726 2165 talis
1737 2157 1745 2171 ,
1769 2145 1829 2173 quae
1846 2135 1930 2165 habet
1945 2144 2086 2164 concavos
2100 2135 2197 2164 oculos
2208 2157 2215 2171 ‚
2236 2144 2316 2165 nares
2331 2134 2454 2173 amplas,
2472 2135 2526 2165 col·

1406 2172 1482 2210 lapsa
1500 2178 1645 2210 tempora,
1665 2173 1741 2203 labra
1762 2173 1891 2208 demissa,
1912 2174 2106 2211 prominentes
2132 2182 2230 2203 aures:
2261 2183 2322 2211 quae
2339 2173 2450 2208 omnia,
2471 2182 2525 2203 uno
2570 2170 2593 2202 .''

1407 2210 1492 2240 verbo
1504 2210 1702 2248 elegantissime
1717 2212 1868 2250 explicavit
1877 2211 1992 2241 Terent.
2033 2210 2085 2240 Alii
2098 2211 2297 2241 Cadaverosam
2310 2216 2456 2248 exponunt
2468 2210 2525 2242 Foe-

1408 2249 1474 2277 dam
1484 2250 1510 2278 &
1526 2255 1646 2286 turpem.
1686 2249 1804 2279 Dixerat
1819 2250 1895 2279 enim
1908 2249 2052 2279 hominem
2066 2248 2121 2279 esse
2134 2259 2267 2286 magnum
2277 2271 2285 2284 ,
2307 2248 2442 2287 crispum,
2463 2247 2535 2278 crass'
2570 2255 2574 2262 ²

1407 2286 1467 2315 suin
1476 2308 1484 2322 ‚
1495 2286 1604 2316 cresium
1617 2296 1623 2316 ;
1646 2287 1738 2317 caesios
1751 2293 1846 2317 autem
1860 2287 1957 2317 oculos
1968 2288 2101 2322 oderant,
2123 2294 2154 2317 ut
2166 2287 2257 2316 foedos
2267 2309 2275 2322 ‚
2297 2296 2366 2323 quos
2377 2287 2405 2315 in
2417 2282 2574 2320 Catilin.l1'

1407 2324 1514 2354 Sallust.
1530 2331 1618 2354 notat.
1658 2324 1782 2355 Cadaver
1795 2332 1886 2355 autem
1897 2326 1973 2362 quod
1986 2324 2124 2363 pollueret
2136 2327 2162 2355 ἃ
2173 2325 2322 2355 funestaret
2332 2347 2340 2359 ,
2362 2325 2446 2354 etiam
2455 2333 2525 2354 aver·
2559 2322 2564 2355 l

1407 2362 1545 2392 sabantur.
1585 2362 1678 2398 Hinc,
1700 2363 1870 2393 Cadaverosa
1883 2364 1966 2392 facies
1979 2386 1986 2397 ,
2009 2363 2112 2398 Foeda,
2134 2362 2219 2392 invisa
2233 2385 2241 2398 ,
2261 2362 2416 2393 aversanda.
2458 2362 2525 2392 Tur-

1408 2400 1507 2430 nebus.
1548 2400 1661 2443 [Bentl.
1684 2411 1719 2430 ex
1729 2402 1890 2438 conjectura
1899 2400 2084 2439 Lentiginosa.
2125 2401 2262 2430 Audacter
2276 2400 2347 2430 sane.
2387 2401 2420 2430 In
2434 2400 2525 2432 Graeco
2566 2399 2570 2409 ¹

1411 2438 1573 2476 Apollodori
1587 2439 1782 2476 proculdubio
1793 2436 1901 2476 vsngu'uhrs
1911 2439 1971 2468 fuit.
2013 2439 2069 2475 Ego
2079 2438 2200 2476 suspicor
2211 2439 2389 2468 Parmenonis
2400 2439 2458 2468 haec
2471 2447 2525 2468 ver-
2566 2466 2571 2472 ,
2599 2452 2604 2470 «,

1408 2477 1444 2506 ba
1457 2476 1522 2511 esse,
1543 2477 1645 2513 quibus
1656 2476 1789 2515 superiori
1808 2476 2173 2516 descriptionirespondet,
2195 2478 2281 2515 &per
2299 2477 2419 2507 ironiam
2429 2474 2525 2507 intelli·
2552 2474 2569 2494 ¹
2601 2502 2604 2513 2

1411 2514 1512 2553 genda.
1560 2514 1654 2544 Facies
1666 2522 1758 2544 autem
1769 2537 1778 2549 ,
1804 2516 1880 2545 recto
1891 2515 1952 2545 casu
1963 2537 1971 2550 ‚
1992 2514 2144 2552 legendum
2151 2520 2229 2552 puto.
2560 2518 2561 2522 ’

1412 2666 1450 2696 est
1461 2665 1559 2695 Strabo
1570 2665 1618 2695 lib.
1631 2676 1657 2701 9.
1688 2677 1773 2703 quum
1784 2667 1895 2696 interim
1907 2666 2028 2696 Cadmea
2039 2688 2048 2702 ,
2068 2676 2116 2695 arx
2135 2666 2272 2696 Thebana
2290 2665 2374 2701 esset,
2397 2671 2428 2695 ut
2439 2664 2526 2695 scribit
2564 2680 2567 2689 ι

1412 2704 1574 2734 Plutarchus
1588 2705 1617 2733 in
1627 2704 1683 2733 vita
1694 2705 1843 2743 Pelopidae.
1884 2704 1916 2735 V.
1938 2704 1968 2734 C.
1980 2704 2077 2742 Nepos
2088 2726 2096 2740 ‚
2117 2714 2159 2740 15.
2173 2714 2215 2733 10.
2228 2713 2253 2740 3.
2271 2705 2296 2733 ὁὶ
2313 2707 2353 2732 i6.
2369 2713 2391 2733 r.
2404 2712 2430 2733 2.

1412 2742 1537 2785 Cadmea
1551 2742 1683 2777 νῗᾶὓῑῖῑῑ,
1705 2741 1851 2778 [Καδμεῖοι
1871 2740 1945 2777 νίκη]
1966 2742 1994 2772 h.
2007 2752 2030 2772 e.
2051 2742 2252 2772 Thebanorum
2271 2741 2399 2771 victoria:
2423 2749 2525 2779 prover-

1435 2780 1473 2809 bii
1484 2789 1540 2809 vini
1551 2779 1635 2808 habet
1646 2801 1653 2815 ,
1676 2781 1785 2817 quoties
1802 2780 1953 2817 significare
1965 2780 2092 2809 volumus
2103 2801 2111 2815 ‚
2131 2779 2203 2809 Tam
2219 2789 2319 2816 niagno
2334 2777 2478 2808 constitisse
2489 2778 2526 2807 vi-

1432 2819 1558 2852 ctoriam,
1569 2823 1667 2846 utnon
1681 2819 1718 2847 ita
1728 2818 1848 2847 multum
1857 2818 1962 2847 intersit
1972 2819 2044 2847 inter
2053 2817 2167 2847 vistoris
2177 2817 2315 2852 sortem&
2324 2816 2524 2846 vidti.Tra6tum

1432 2857 1471 2885 est
1480 2856 1609 2892 adagium
1622 2866 1636 2884 a
1647 2854 1721 2885 bello
1733 2856 1871 2886 Thebano
1881 2857 1953 2885 'inter
1962 2856 2032 2885 duos
2041 2856 2137 2885 fratres
2152 2855 2234 2892 gesto.
2254 2854 2284 2884 V.
2299 2854 2398 2884 Erasm.
2406 2855 2434 2883 in
2447 2855 2526 2891 ildag.

1413 2893 1504 2957 Etiassi
1514 2893 1710 2960 Carghagiiheni
1720 2894 1789 2924 olim
1814 2894 1965 2924 Cadmeam
1974 2893 2055 2923 fuisse
2066 2893 2235 2932 appellatam
2251 2893 2408 2931 Stephanus
2423 2891 2452 2921 in
2464 2896 2526 2928 Kag-
2552 2915 2555 2923 .
2590 2927 2594 2938 k

1433 2943 1461 2968 χκ
1499 2943 1507 2956 ν
1524 2941 1572 2960 aut
1590 2942 1620 2960 or
1636 2941 1650 2960 e
1677 2954 1682 2961 .
2551 2942 2554 2947 ·
2590 2948 2591 2956 .

1379 2970 1400 3000 C
1410 2980 1428 2998 A
1438 2980 1455 2998 D
1467 2980 1485 2998 M
1495 2972 1510 2998 i‘3
1522 2979 1550 2998 is
1560 2991 1568 3004 ,
1589 2969 1654 2998 Tdis.
1677 2968 1840 3005 [Καδμηὶς]
1861 2969 1949 3006 Regio
1963 2969 2000 2999 est
2014 2968 2120 2999 Achaiae
2132 2990 2141 3003 ‚
2161 2978 2178 2998 e
2199 2968 2313 3006 regione
2335 2967 2446 2998 Euboeae
2463 2966 2522 3002 fiai,
2589 2983 2599 2988 =-

1416 3017 1476 3045 quae
1486 3007 1580 3045 postea
1591 3008 1664 3036 dieta
1675 3008 1713 3037 est
1722 3007 1837 3037 Boeotia.
1860 3009 1962 3037 Auctor
1971 3007 2101 3044 Thucyd.
2117 3006 2165 3036 lib.
2182 3018 2204 3036 1.
2561 3006 2564 3009 ’

1380 3052 1401 3082 C
1412 3057 1430 3074 A
1439 3056 1457 3074 D
1467 3056 1486 3074 M
1497 3056 1504 3073 1
1514 3055 1533 3074 Α
1548 3067 1555 3081 ,
1578 3055 1608 3075 ae.
1630 3042 1753 3080 [κοιὲμίκ
1762 3067 1770 3081 ,
1793 3055 1852 3082 quae
1863 3047 1889 3075 δι
1901 3043 2010 3080 ‚aipein
2022 3045 2125 3075 dicitur
2136 3044 2258 3074 Dioscor.
2270 3043 2318 3073 lib.
2332 3044 2383 3080 5.]
2401 3041 2480 3080 Lapis
2487 3039 2523 3071 est

1417 3082 1515 3112 aerosus
1528 3105 1536 3117 ‚
1558 3083 1588 3112 id
1600 3083 1638 3112 est
1648 3083 1767 3112 multum
1778 3083 1957 3113 aerisliabens.
1999 3083 2066 3112 Plin.
2080 3083 2126 3112 lib.
2142 3091 2185 3119 34.
2201 3092 2262 3120 cap.
2279 3092 2301 3111 r.
2324 3081 2366 3111 Fit
2379 3083 2451 3111 &aas
2461 3089 2476 3109 e
2488 3077 2523 3109 la-
2562 3092 2563 3097 *
2587 3077 2604 3101 ι’

1418 3122 1484 3159 pide
1496 3121 1579 3150 aeroso
1591 3143 1600 3155 ,
1621 3131 1703 3157 quern
1712 3128 1814 3151 vocant
1824 3121 1969 3150 cadmiam.
2004 3121 2072 3150 lbid.
2087 3131 2146 3158 cap.
2166 3130 2208 3149 ιο.
2234 3119 2346 3149 Metalla
2360 3119 2418 3149 aeris
2434 3115 2522 3148 multis
2548 3133 2555 3145 .=
2586 3116 2604 3157 ᾖ

1418 3160 1509 3188 modis
1522 3159 1660 3188 instruunt
1669 3159 1838 3188 medicinam
1847 3181 1854 3193 ,
1877 3166 1977 3196 utpote
1989 3169 2075 3196 quum
2085 3159 2176 3187 ulcera
2184 3158 2279 3187 omnia
2292 3158 2330 3187 ibi
2349 3155 2475 3195 ocyffime
2487 3152 2522 3184 sa-
2547 3154 2549 3188 J
2563 3189 2565 3192 ¹

1418 3204 1528 3226 nentur.
1569 3196 1694 3226 Maxime
1705 3204 1799 3226 tamen
1812 3197 1921 3234 prodest
1929 3197 2045 3225 cadmia.
2083 3196 2126 3226 Fit
2137 3196 2191 3225 sine
2199 3196 2285 3224 dubio
2293 3195 2351 3225 haec
2360 3195 2426 3225 &in
2436 3200 2523 3230 argeri-
2546 3212 2548 3231 ,¹

1418 3236 1440 3264 ti
1451 3232 1627 3270 fornacibus,
1648 3234 1794 3264 candidior
1813 3244 1845 3263 ac
1861 3235 1953 3263 minus
1972 3234 2125 3271 ponderosa
2137 3256 2144 3269 ‚
2165 3233 2211 3262 sed
2230 3242 2404 3270 nequaquam
2419 3237 2522 3268 compa-
2546 3242 2547 3245 *
2572 3228 2599 3272 'J

1418 3273 1503 3302 tanda
1514 3273 1621 3301 aerariae.
1663 3272 1741 3301 Plura
1751 3280 1843 3301 autem
1853 3282 1955 3309 genera
1973 3271 2043 3301 sunt.
2083 3272 2212 3308 Namque
2227 3271 2283 3309 ipse
2300 3271 2323 3300 la
2347 3271 2368 3300 is
2385 3279 2419 3300 ex
2434 3277 2485 3306 quo
2494 3265 2522 3296 fit
2557 3282 2560 3288 ·
2583 3266 2601 3286 ἢ

1419 3321 1455 3340 tes
1467 3333 1474 3345 ‚
1496 3310 1610 3339 Cadniia
1622 3316 1751 3344 vocatur,
1772 3310 1870 3340 fusuris
1889 3310 2052 3339 necessarius
2064 3331 2072 3344 ,
2093 3310 2241 3338 medicinae
2253 3309 2322 3338 inuti
2336 3309 2366 3338 is.
2405 3307 2457 3337 Hic
2470 3313 2522 3334 rur-
2546 3311 2547 3315 ’

1420 3348 1462 3378 sus
1479 3349 1506 3377 in
1518 3348 1677 3377 fornacibus
1687 3348 1796 3384 existit,
1817 3348 1953 3385 aliamque
1963 3348 2085 3377 nominis
2093 3347 2132 3376 sui
2143 3347 2278 3384 originem
2288 3346 2393 3384 recipit.
2432 3343 2473 3374 Fit
2481 3343 2522 3372 au·

1419 3394 1476 3415 teni
1488 3387 1576 3423 egesta
1584 3386 1702 3415 flammis
1713 3392 1794 3423 atque
1805 3385 1871 3415 flatu
1883 3385 2039 3415 tenuislima
2050 3392 2127 3423 parte
2136 3385 2256 3414 materiae
2268 3406 2275 3415 .
2300 3386 2325 3414 ἃ
2338 3382 2451 3413 cameris
2464 3380 2522 3424 laqu-
2586 3407 2587 3410 ,

1420 3424 1527 3453 ribusve
1544 3424 1687 3453 fornacum
1701 3434 1752 3462 pro
1765 3424 1918 3461 quantitate
1933 3423 2052 3453 levitatis
2065 3423 2211 3461 applicata.
2252 3421 2420 3451 Tenuiffima
2444 3418 2480 3448 est
2494 3424 2520 3446 m
2552 3451 2557 3456 ,
2570 3438 2592 3455 ·..

1420 3463 1479 3496 ipso
1489 3462 1632 3491 fornacum
1647 3471 1694 3490 ore
1704 3484 1712 3497 ,
1734 3471 1787 3497 qua
1795 3461 1912 3490 flammae
1923 3461 2076 3490 eluet-antur
2087 3483 2095 3496 ,
2117 3459 2255 3498 appellata
2266 3459 2405 3497 Capnitis,
2425 3451 2518 3489 exusta,
2556 3477 2558 3482 =
2574 3461 2575 3464 ’

1420 3502 1447 3530 δε
1461 3501 1546 3529 nimia
1558 3500 1671 3529 levitate
1682 3499 1775 3528 similis
1785 3498 1893 3528 favillae.
1935 3499 2050 3528 Interior
2072 3499 2194 3536 optima,
2214 3499 2329 3526 cameris
2350 3493 2518 3534 dependens,
2556 3506 2560 3512 ·
2579 3514 2583 3534 ἲ

1421 3539 1446 3567 ἃ
1456 3538 1488 3566 ab
1500 3548 1535 3566 eo
1546 3545 1709 3574 argumento
1718 3537 1846 3574 Botryitis
1858 3537 2063 3573 cognominata.
2106 3534 2286 3565 Ponderosior
2297 3535 2355 3564 haec
2365 3534 2452 3572 priore
2460 3552 2468 3565 ,
2486 3529 2521 3558 le·
2595 3536 2604 3553 ¹.

1419 3577 1479 3604 vior
1492 3585 1573 3613 porro
1585 3575 1748 3612 sequuturis.
1790 3574 1852 3603 Duo
1872 3575 1930 3609 ejus
1946 3574 2068 3603 colores:
2091 3574 2212 3602 deterior
2226 3574 2352 3602 cinei-eus
2367 3593 2374 3606 ,
2395 3569 2537 3610 punicepsi
2560 3582 2565 3595 ·,
2603 3578 2604 3582 ’

1421 3613 1538 3647 melior,
1559 3612 1674 3642 friabilis
1686 3635 1693 3648 ,
1713 3611 1914 3649 oculorumque
1925 3612 2137 3641 medicamentis
2149 3611 2295 3640 utilissima.
2335 3608 2426 3639 Tertia
2444 3605 2479 3636 est
2492 3611 2518 3633 m

1420 3650 1552 3680 lateribus
1566 3650 1727 3685 fornacum,
1748 3659 1807 3686 quae
1819 3658 1932 3687 propter
1946 3650 2108 3686 gravitatem
2128 3649 2164 3678 ad
2180 3657 2300 3678 cameras
2313 3645 2452 3684 pervenire
2467 3649 2519 3672 non
2538 3679 2540 3681 Ι
2564 3659 2571 3684 ¹.
2580 3668 2583 3673 .

1422 3689 1521 3725 potuit.
1562 3688 1628 3717 Haec
1638 3688 1740 3717 dicitur
1750 3687 1856 3716 Placitis
1867 3709 1874 3721 ,
1898 3687 1991 3723 &ipsa
2001 3687 2035 3717 ab
2046 3693 2208 3724 argumento
2219 3708 2226 3719 ,
2247 3685 2333 3714 crusta
2351 3683 2436 3712 verius
2445 3686 2518 3718 quam
2577 3702 2586 3715 .,

1422 3735 1541 3763 pumex,
1562 3726 1636 3755 intus
1647 3725 1729 3760 varia,
1745 3725 1780 3754 ad
1791 3724 1882 3763 psoras
1891 3722 1986 3753 utilior
1996 3747 2004 3759 ,
2022 3726 2048 3754 Sc
2058 3725 2093 3754 ad
2101 3725 2242 3753 cicatrices
2252 3721 2406 3752 trahendas.
2426 3718 2518 3759 Fluunt
2548 3738 2549 3741 =
2576 3718 2604 3760 :¹34¹

1422 3765 1448 3792 ὁὶ
1459 3773 1493 3792 ex
1504 3772 1535 3792 ea
1549 3763 1605 3792 duo
1619 3764 1672 3792 alia
1689 3772 1790 3800 genera
1803 3772 1809 3791 :
1841 3762 1993 3799 Onycliitis
2012 3768 2088 3791 extra
2100 3771 2174 3800 pene
2186 3761 2284 3790 caerula
2297 3782 2304 3794 ,
2325 3760 2398 3788 intus
2411 3753 2518 3793 onychis
2536 3762 2559 3792 is
2575 3755 2604 3797 {KQ

1423 3800 1538 3829 maculis
1548 3800 1648 3830 similis.
1685 3800 1828 3830 Ostracitis
1838 3806 1896 3828 tota
1907 3801 2002 3837 nigra,
2024 3802 2212 3829 &ceterarum
2223 3795 2414 3830 sordidissima,
2433 3790 2520 3836 vulne·
2552 3811 2554 3815 ν
2574 3798 2604 3833 βίω

1422 3838 1496 3867 ribus
1509 3839 1628 3867 maxime
1640 3838 1721 3867 utilis.
1761 3838 1963 3867 Omriisaiiteiii
1972 3838 2081 3866 cadmia
2097 3838 2124 3865 iii
2144 3837 2227 3874 Cvpri
2242 3834 2398 3865 fornacibus
2413 3840 2430 3860 o
2449 3835 2517 3858 tima·
2565 3832 2599 3862 'Q

1424 3875 1490 3904 llaec
1504 3874 1615 3905 Plinius.
1657 3876 1697 3905 De
1706 3875 1814 3904 cadmia
1823 3875 1871 3905 scri
1895 3874 2290 3913 seruntamplislinieDioscor.
2303 3872 2350 3901 lib.
2362 3870 2421 3906 5.&
2445 3865 2531 3911 ‘alena

1422 3911 1471 3941 lib.
1485 3923 1510 3948 9.
1523 3913 1620 3950 Sinipl.
1634 3913 1831 3942 Medicanient.
1891 3922 1969 3947 orm,
1993 3913 2082 3950 inquit
2101 3911 2265 3942 Matthiolus
2276 3905 2531 3969 Dioscoridisinter·'
2549 3923 2555 3943 3

1423 3959 1503 3988 pres,
1526 3950 1644 3979 officina:
1660 3960 1757 3981 omnes
1776 3950 1889 3980 Tutiam
1903 3971 1910 3983 ,
1933 3960 1991 3986 qua:
2015 3949 2186 3987 l'ompholvx
2200 3949 2237 3978 est
2250 3970 2258 3983 ,
2280 3946 2418 3977 Cadmiam
2435 3947 2521 3980 ΡθῐΡῗ-

1423 3997 1480 4017 ram
1490 3988 1656 4020 nominarit:
1678 3988 1905 4025 quandoquidem
1916 3987 1999 4017 Tutia
2012 3987 2066 4017 illis
2075 3982 2172 4017 vocat‘a
2187 3986 2250 4023 (nisi
2261 3995 2322 4015 mea
2338 3992 2382 4012 me
2394 3979 2530 4047 falliiilqgvjl
2558 3977 2603 4014 ‘ium
