2600 4177
409 136 438 172 C
535 134 573 173 ῘΕ
670 136 690 172 S

51 215 168 258 crispus,
190 218 307 255 crassus,
329 218 430 249 caeslue.
471 218 522 249 Ubi
534 219 676 254 Donatus.
699 219 797 250 Caefius
813 243 820 255 ‚
843 218 954 251 Claucis
967 218 1073 255 000113,
1095 221 1168 259 quasi

52 257 121 288 Felis
140 258 235 286 oculos
256 257 369 286 habens.
412 256 491 285 Unde
510 257 626 286 Caesares
648 258 738 287 (116103
758 259 869 295 quidam
888 266 993 296 putant.
1016 260 1073 288 Cic.
1090 270 1110 288 1.
1134 262 1168 290 de

18 317 19 328 .
53 295 114 325 Nat.
129 295 206 323 Deor.
221 301 264 329 84.
289 293 444 331 Apollinem
465 294 572 332 semper
596 294 767 330 imberbem,
790 296 881 325 caulios
899 297 999 326 oculos
1013 298 1166 326 minei-vm:

53 332 181 362 caemleos
195 332 328 369 Neptuni.
364 331 468 360 Fronto
484 333 559 369 apud
575 332 644 360 Geli.
658 332 705 361 lib.
716 343 741 362 2.
756 342 815 371 cap.
829 340 872 363 26.
898 334 1000 363 Nostris
1014 334 1116 363 Latinis
1125 345 1171 363 vc-

53 370 155 400 teribus
171 369 252 398 Caesia
266 370 339 398 dieta
351 369 406 403 est,
429 379 488 406 quae
511 381 524 398 a
547 370 648 398 (iiii-cis
663 372 810 403 γλαυκῶηπ
827 393 835 405 ,
857 378 887 400 ut
909 373 1037 406 Nigidius
1056 374 1112 405 ait,
1135 373 1170 401 (16

55 407 153 438 Colore
163 406 238 440 eceli,
260 406 329 443 quasi
347 405 439 435 Caelia.
480 407 532 436 Alii
561 408 658 436 essuos
679 409 898 446 interpretamur
918 410 1032 445 oculos,
1059 409 1171 445 Quibus

54 445 122 475 inest
133 444 222 481 fulgor
234 444 347 480 quidam
357 444 414 473 visu
428 443 591 475 horrendus.
634 445 716 474 Tales
727 446 872 475 suntoculi
885 448 982 477 leonis.
1005 448 1109 476 micant
1119 447 1170 482 illi,

54 482 209 518 velutignis
221 483 332 518 penitus
343 482 466 518 flagrans.
508 483 563 518 Qui
577 482 668 511 (1011113
680 484 717 512 est
728 505 735 517 ,
758 485 862 513 casdem
880 486 1090 522 quodammodo
1108 495 1173 513 ocu-

54 521 87 550 lis
101 519 198 549 minari
210 519 334 548 videtur:
356 518 443 555 qualis
455 520 549 557 praelio
562 520 684 557 gaudens
698 522 722 550 S:
734 522 810 550 ccede
821 522 922 551 dicitur
933 522 1011 552 fuiffe
1024 523 1149 552 Minerva
1164 543 1171 557 ,

56 558 90 588 ob
102 557 130 586 id
144 556 224 586 Caefia
236 557 316 586 dicia.
356 557 438 586 Tales
455 565 534 587 erant
552 558 625 587 oculi
649 558 774 588 Catilina¹
793 561 866 596 apud
884 562 1048 590 Ciceronem
1064 582 1072 596 ‚
1104 569 1174 597 quos

54 601 199 635 propterea
209 594 349 623 Sallustius
360 602 441 624 vocat
449 595 558 625 Foedos.
598 596 661 631 [lsti
673 596 718 624 alii
729 597 889 634 quicunque
900 599 977 633 sunt,
1000 608 1112 635 magnas
1125 608 1176 626 nu-

56 643 100 672 gas
109 639 193 670 agunt
203 631 358 670 planillime
369 655 376 668 ,
394 640 490 662 contra
505 634 591 662 stante
603 640 727 663 veterum
739 635 911 665 auctoritate.
925 635 1084 672 Lucret.l.4.
1093 647 1102 664 i
1111 645 1120 664 1
1130 646 1173 671 54.

134 669 230 704 Caclia,
254 670 408 706 Pailadion,
433 671 546 700 nervosa
561 673 586 700 Gr
598 672 706 709 lignea,
724 671 836 701 Dorcas.

57 707 219 775 Cietlerp-tmqg
233 707 331 775 10136ίῖ1.
346 708 506 738 06111111ηο3
515 710 620 746 profert
633 710 715 738 Varro
729 708 758 738 L.
774 709 803 739 L.
815 719 840 747 7.
855 721 882 748 p.
895 721 939 746 99.
950 711 994 740 ed.
1004 716 1064 740 tert.
1076 711 1172 748 Stepli.

85 756 92 775 i
117 756 132 775 e
163 755 189 774 io
212 756 262 774 ana
279 756 292 775 e
319 769 324 774 .

25 784 121 816 Cieso
134 805 142 818 ,
164 783 194 812 is.
217 781 337 819 [μάστιν]
359 783 520 813 praenomen
532 784 700 814 Romanum.
717 784 843 815 Caesones
853 786 1044 823 appellantur,
1067 786 1107 815 Ex
1120 794 1178 815 ute-

56 829 86 851 ro
100 822 194 850 matris
205 821 304 850 exl'ec‘ti
317 843 325 855 ,
347 822 439 860 inquit
454 822 555 852 Festus.
596 821 663 851 Plin.
682 822 730 851 lib.
743 832 768 859 7.
782 833 843 861 cap.
856 835 880 858 9.
915 824 1073 861 Primusque
1093 824 1177 853 Cissii-

58 869 116 890 rum
127 878 136 894 ,
157 868 172 887 a
185 859 252 888 caeso
265 860 357 888 matris
370 866 447 889 utero
460 860 568 889 dietus:
594 870 647 897 qua
660 860 695 889 de
705 860 784 890 causa
796 863 822 890 δι
834 861 961 891 Cussoues
978 862 1120 900 appellati.

57 896 130 927 Caeso
142 897 292 933 Quintius,
316 896 344 927 L.
364 898 475 934 Quintii
493 899 652 927 Cincinnati
669 897 705 927 fil.
729 898 807 927 ferox
822 900 930 934 juvenis
942 922 950 934 ,
970 901 1036 937 qui,
1057 900 1179 929 faotione

74 935 238 969 tribunicia,
260 935 327 964 falso
336 936 453 965 crimine
471 936 538 965 urbe
558 935 653 974 pulsus
669 936 716 965 est.
741 936 799 966 Liv.
814 946 837 973 3.
853 947 895 966 11.
908 939 959 967 &c.
1002 938 1033 967 V.
1057 937 1180 967 eundem

77 973 110 1002 de
120 972 232 1002 Caesone
241 973 324 1002 fabio
334 973 382 1003 lib.
396 983 421 1003 2.

26 1012 148 1042 effisos
158 1020 167 1038 ι
177 1020 195 1039 u
206 1020 218 1039 s
234 1032 241 1045 ,
264 1012 281 1040 i.
297 1021 332 1040 m.
355 1022 369 1040 a
384 1010 506 1047 Caesone,
518 1019 622 1040 nomen
635 1010 792 1040 Romanum
805 1012 917 1048 gentile.
936 1012 965 1041 V.
978 1012 1179 1050 Martial.7.43.

25 1049 196 1080 CAESONIA
210 1070 217 1083 ‚
239 1058 270 1077 ie.
294 1049 312 1078 f.
342 1048 418 1078 Uxor
440 1049 592 1087 Caligulae,
621 1058 636 1078 a
664 1058 717 1086 qua
737 1050 858 1079 creditur
880 1050 985 1089 philtro
1006 1051 1180 1089 potionatus.

60 1087 132 1116 Suet.
142 1084 229 1124 Calig.
248 1096 309 1124 czip.
326 1095 368 1122 50.
389 1088 487 1122 Juven.
501 1091 526 1117 6.
548 1087 603 1117 Sat.
615 1090 679 1116 616.
723 1087 795 1116 Hine

27 1125 97 1156 CAEs
107 1133 152 1152 oN
162 1134 170 1152 1
180 1134 199 1153 Α
210 1134 255 1153 Nu
267 1134 292 1159 s,
314 1134 329 1153 a
340 1147 348 1160 ,
369 1135 426 1154 um.
455 1125 512 1161 lldj.
534 1131 565 1154 ut
575 1147 582 1159 ‚
605 1124 797 1154 Cirsonianum
812 1132 994 1164 przeceptum.
1016 1126 1076 1156 Col.
1090 1137 1113 1156 1.
1126 1137 1153 1159 4.

28 1163 98 1194 01113
108 1171 122 1189 P
131 1163 146 1190 i}
157 1171 168 1191 s
180 1183 188 1197 ,
209 1161 253 1191 vel
274 1162 295 1191 C
304 1173 317 1191 ε
328 1172 339 1192 3
348 1172 383 1191 Pir
392 1173 403 1192 s
414 1185 421 1198 ,
442 1164 499 1192 itis.
521 1173 557 1192 m.
580 1164 688 1198 [aano-
698 1184 706 1196 ‚
725 1162 810 1196 βῶλαξ
820 1186 827 1198 ,
847 1165 961 1199 θυίμνῶ,
979 1165 1079 1200 λοχμὴ]
1100 1175 1115 1194 a
1126 1165 1183 1193 Cae-

59 1200 95 1229 do
105 1198 152 1234 fit,
175 1202 200 1229 62
212 1200 250 1229 est
264 1200 349 1230 Terra
360 1210 425 1230 cum
439 1201 523 1230 herba
541 1201 569 1229 in
582 1200 698 1229 modum
713 1200 806 1230 lateris
824 1201 890 1231 caesa
903 1224 911 1235 ,
934 1202 978 1231 vel
997 1202 1097 1232 Frutex
1115 1203 1184 1231 reci-

59 1237 100 1268 sus
111 1259 119 1273 ‚
140 1247 172 1267 ac
180 1243 323 1268 truncatus
334 1261 342 1273 ,
363 1241 476 1268 auctore
492 1239 579 1268 Festo.
601 1238 649 1267 ubi
665 1238 766 1276 Scalig.
788 1239 819 1269 V.
843 1240 939 1270 Dictus
956 1240 994 1269 est
1003 1249 1096 1270 autem
1107 1240 1183 1278 quod

59 1275 159 1316 pedem
168 1276 265 1306 caedat.
288 1276 391 1306 Lucan.
410 1277 459 1306 lib.
476 1287 498 1306 1.
516 1287 576 1312 5¹2-

137 1313 171 1343 Et
186 1313 291 1344 subitus
300 1315 370 1352 rapti
381 1315 537 1344 munimine
545 1313 662 1352 caespitis
672 1324 764 1353 agger.

59 1351 124 1390 Non
132 1349 185 1381 effe
200 1362 273 1381 arma
283 1375 290 1386 ,
312 1353 450 1391 caespites,
472 1363 562 1390 neque
573 1353 674 1390 glebas.

61 1389 225 1427 Congestum
237 1390 347 1428 caespite
357 1391 479 1421 culmen.
526 1391 596 1428 Virg.
613 1400 635 1420 1.
654 1389 711 1420 Eel.
725 1393 770 1426 69.
811 1391 828 1420 i.
845 1400 868 1420 e.
891 1390 978 1421 Terra
996 1400 1061 1420 cum
1073 1391 1186 1429 propria

79 1427 163 1457 hei-ba
173 1428 273 1458 evulsa.
296 1429 412 1458 Servius.
453 1429 564 1465 [Quod
585 1439 640 1466 quo
656 1429 794 1466 pertineat
807 1429 898 1466 stupor
910 1439 988 1458 meus
1000 1439 1057 1458 non
1070 1429 1186 1467 assequi-

60 1502 63 1505 ,
78 1471 130 1495 tur.
169 1465 300 1504 Intelligo
313 1474 406 1496 autem
423 1466 542 1496 Culmen
564 1467 580 1495 i.
594 1476 618 1495 e.
641 1466 772 1503 tugurioli
791 1469 913 1502 tectum,
935 1473 966 1496 ut
982 1467 1079 1497 affolet
1098 1476 1133 1496 ex
1144 1467 1187 1495 in-

80 1504 173 1538 curia,
194 1504 257 1533 vivo
269 1527 277 1540 ,
292 1505 421 1542 caespite,
443 1505 459 1534 i.
473 1515 496 1534 e.
520 1505 601 1533 viridi
613 1505 752 1542 gramine,
775 1504 903 1535 obsitum.

62 1541 185 1580 Caespitis
196 1541 297 1572 herbae.
321 1543 404 1572 Ovid.
419 1553 461 1578 15.
475 1543 558 1580 Epist.
576 1551 636 1579 ¹47-

62 1579 152 1610 Festus
164 1580 274 1618 caespes.
297 1581 312 1609 1,
328 1590 351 1610 6.
376 1582 424 1610 Ara
432 1589 467 1610 ex
478 1580 633 1618 caespitibus
645 1580 772 1610 confecta
782 1602 789 1616 ‚
812 1580 911 1616 Juven.
926 1590 969 1611 12.
982 1581 1036 1612 Sat.
1047 1590 1073 1611 2.

62 1618 200 1649 Fortuitus
213 1618 320 1656 caespes.
345 1617 412 1648 Hor.
425 1629 450 1648 2.
467 1618 556 1648 Carni.
573 1629 613 1653 ις.
634 1626 672 1655 17.

140 1656 202 1686 Ν60
212 1656 357 1686 fortuitum
372 1656 499 1695 spernere
515 1656 655 1694 caespitem

140 1693 226 1732 Leges
238 1694 370 1724 linebant.
465 1695 564 1724 Sensus
582 1694 639 1723 est:
664 1694 721 1730 Qui
743 1704 778 1723 ex
798 1695 857 1730 ejus
875 1700 954 1724 terrae
975 1693 1084 1732 caespite
1097 1715 1104 1729 ,
1127 1700 1186 1730 quae

82 1731 181 1770 cuique
191 1732 262 1762 forte
270 1732 424 1770 obtigerat,
446 1742 502 1761 non
513 1731 670 1762 aedificasset
682 1732 913 1762 duffislateribus
925 1755 932 1767 ,
954 1739 1002 1762 aut
1024 1733 1107 1762 etiam
1126 1742 1188 1761 cru-

81 1770 119 1800 do
133 1770 193 1808 ipso
210 1770 353 1808 caespititio
372 1770 428 1799 solo
444 1771 562 1799 minimo
579 1770 689 1808 sumptu
700 1792 707 1803 ,
729 1770 823 1808 legum
842 1772 934 1809 poenis
952 1770 1093 1800 obnoxius
1110 1777 1186 1805 erat,

83 1818 168 1846 quum
185 1807 371 1846 sumptuosam
393 1808 609 1838 aedificationem
624 1807 801 1846 publicorum
817 1810 846 1837 iri
869 1809 981 1847 oppidis
1000 1818 1135 1846 operum,
1161 1809 1188 1837 &

82 1846 198 1876 solidam
214 1856 228 1876 e
244 1847 307 1875 saxo
320 1847 453 1883 quadrato
468 1847 629 1876 structuram
640 1846 825 1884 templorum,
847 1856 905 1876 non
918 1848 1089 1885 privatorum
1104 1845 1188 1875 aedifi-

82 1885 190 1914 ciorum
201 1906 208 1919 ,
232 1884 285 1914 esse
296 1885 408 1914 vellent.
430 1883 555 1914 Turncb.
578 1885 646 1914 Adv.
661 1894 704 1914 10.
718 1893 763 1914 21.
776 1891 845 1914 extr.

63 1922 177 1960 Fragilis
187 1922 295 1959 caespes.
320 1922 422 1952 Lucan.
435 1922 482 1952 lib.
498 1926 522 1952 6.

64 1961 228 1991 Gramineus
238 1961 379 1990 madidam
390 1960 489 1999 caespes
499 1960 647 1990 obumbrat
656 1960 784 1990 humum.
806 1960 890 1990 Ovid.
902 1969 928 1991 2.
944 1961 1035 1990 Amor.
1050 1963 1093 1990 16.
1108 1967 1150 1990 10.

64 1999 124 2029 Imo
145 1999 180 2028 de
195 1998 313 2036 caespite.
336 1999 407 2036 Virg.
421 2009 447 2035 4.
470 1999 570 2037 Georg.
585 2008 648 2036 273·
684 1998 724 2028 Al.
748 2007 814 2028 uno,

11 2040 19 2046 ⁴
65 2035 170 2067 mollis.
192 2036 255 2065 Seu.
270 2036 359 2066 OEth.
375 2047 398 2072 5.

65 2074 149 2105 Nudo
162 2075 304 2112 projeetus
312 2074 430 2112 caespite.
450 2074 517 2104 Stat.
535 2083 576 2104 12.
589 2074 681 2104 Theb.
693 2079 755 2112 328.

65 2110 167 2143 Tener.
189 2112 272 2142 Ovid.
290 2123 330 2148 ις.
350 2113 428 2150 Epist.
442 2118 504 2142 160.

66 2150 175 2180 Viridis.
197 2150 270 2188 Virg.
287 2159 311 2186 3.
329 2151 391 2181 AEn.
404 2160 466 2186 304-
489 2152 507 2180 i.
526 2152 551 2180 e'.
573 2149 723 2180 Herbosus.
746 2150 866 2180 Servius.

68 2188 368 2226 Aggerebaturcaespes.
391 2188 481 2218 Tacit.
499 2199 520 2217 1.
536 2190 604 2218 Anu.
623 2199 663 2224 ¹9·

68 2226 210 2265 Caespitem
226 2233 335 2264 portare
347 2249 354 2261 ,
376 2227 448 2256 inter
460 2227 562 2256 milites
573 2226 685 2256 infimus
696 2231 753 2255 erat
762 2226 881 2264 gradus3
906 2225 972 2255 hinc
987 2222 1121 2263 Augustus
1138 2222 1189 2254 mi-

86 2264 165 2294 litum
174 2264 275 2294 deutra
285 2265 386 2302 punire
396 2265 512 2301 volens,
534 2275 581 2294 eos
602 2265 725 2303 caespites
744 2271 853 2302 portare
873 2264 950 2294 fecit.
971 2264 1046 2294 Suet.
1068 2264 1099 2293 in
1120 2265 1187 2301 Aug.

87 2312 117 2332 ca
140 2325 146 2332 .
157 2312 202 2338 24·

69 2313 206 2370 Obrliitum
217 2340 270 2369 levi
282 2339 392 2378 caespite
406 2340 535 2370 cadaver.
557 2341 631 2370 Suet.
644 2340 672 2369 in
685 2339 770 2378 Calig.
785 2350 846 2378 cap.
861 2342 905 2375 69.

70 2378 190 2416 Caespes,
210 2379 400 2416 metaphorice
415 2389 466 2416 pro
486 2381 542 2408 Ara.
589 2379 608 2408 E
619 2378 728 2416 caespite
739 2379 816 2407 enim
829 2400 837 2409 ,
859 2377 977 2407 velutin
988 2376 1096 2413 castris,
1118 2376 1190 2406 subi-

87 2422 126 2446 tas
137 2416 182 2446 sibi
194 2417 361 2454 aggerabant
369 2426 437 2451 araS.
448 2418 473 2447 ἃ
486 2416 626 2452 caespitem
637 2426 688 2454 pro
697 2426 742 2446 ara
753 2416 899 2445 habebant.
926 2416 1020 2451 Hor.3.
1035 2415 1187 2451 Carm.8.4.

163 2471 200 2476 —
211 2455 368 2493 politusque
377 2455 461 2484 carbo
472 2456 501 2484 in
513 2454 622 2493 caespite
633 2455 706 2485 vivo.
791 2454 824 2483 Et
833 2455 934 2483 iterum
944 2475 952 2488 ‚
967 2464 988 2482 1.
998 2453 1188 2490 Carm.19.13.

145 2492 308 2522 Hierivum
323 2493 392 2522 mihi
404 2493 542 2530 caespitem
555 2515 562 2529 ,
584 2494 611 2522 <Sc

146 2530 286 2560 Verbeuas
297 2531 374 2568 pueri
384 2532 489 2568 ponite.
572 2530 627 2560 Sed
648 2532 673 2560 ἃ
684 2529 825 2568 caespitem
840 2529 982 2558 interdum
997 2528 1123 2558 Romano
1134 2528 1187 2558 ritu

18 2578 21 2592 ¹
86 2568 347 2607 araeimponebant,
364 2575 394 2598 ut
404 2569 513 2598 Servius
525 2575 610 2598 notat.
634 2568 765 2598 Prudent.
785 2572 862 2602 Σπφ.
886 2568 968 2605 Hym.
983 2578 1007 2604 5.
1022 2577 1065 2603 50.

19 2607 21 2610 ⁴
148 2608 201 2636 Aut
215 2617 259 2636 ara
270 2629 277 2642 ,
301 2607 380 2636 thure
391 2608 416 2636 &
427 2607 536 2645 caespite

147 2645 287 2674 Precauda
296 2646 352 2680 jam
363 2655 439 2674 nunc
450 2644 555 2674 esttibi.
642 2643 800 2674 Turnebus.
820 2643 851 2673 V.
873 2644 901 2672 in
916 2643 970 2681 seq.
981 2643 1047 2672 dist.

71 2682 197 2721 Caespites
214 2684 297 2712 etiam
323 2682 508 2712 inserviebant
525 2682 656 2712 tribunali
671 2682 807 2712 castrensi.
858 2682 948 2711 Tacit.
971 2691 995 2711 1.
1017 2683 1086 2710 Ann.
1106 2686 1146 2715 18.
1161 2688 1188 2711 2.

89 2720 381 2759 Congeruntcaespites
396 2743 404 2756 ,
424 2721 567 2750 exstruunt
582 2720 711 2749 tribunal.
753 2720 821 2749 Plin.
833 2719 933 2755 Paneg.
947 2729 1008 2757 cap.
1024 2723 1067 2754 5⁶·
1099 2719 1192 2748 Multa

89 2759 149 2796 post
160 2759 255 2789 saecula
265 2759 475 2789 tribunalviridi
486 2759 596 2797 caespite
611 2759 779 2788 extructum.
812 2758 840 2787 V.
863 2757 986 2796 Lipsium
998 2757 1032 2786 ad
1043 2763 1191 2794 utrumque

91 2797 200 2832 locum,
222 2799 248 2826 ἑὲ
259 2798 324 2826 dici.
335 2798 388 2835 seq.

73 2834 177 2873 Caespes
184 2835 266 2864 etiam
277 2835 441 2873 Sepulcrum
454 2835 593 2873 significat.

3 2889 6 2891 *
40 2871 311 2909 Cfflsriri’rius,
333 2883 362 2907 a,
383 2883 440 2903 um.
466 2874 525 2909 Adj.
549 2869 725 2909 [βωλωκινὶς]
747 2872 832 2909 Quod
846 2871 874 2900 fit
891 2878 926 2900 ex
938 2867 1104 2909 caespitibus.
1135 2871 1192 2900 Un-

74 2911 124 2946 de,
144 2911 326 2949 Caespititiuin
334 2911 464 2947 tribunal,
485 2919 600 2941 vocatur
609 2911 771 2948 Suggestum
786 2920 820 2939 61(
833 2909 989 2947 caespitibus
999 2909 1109 2939 faetum.
1132 2909 1191 2938 Fla-

72 2949 132 2978 vius
143 2948 275 2987 Vopiscus
288 2951 316 2978 in
329 2950 407 2979 Prob.
420 2959 480 2987 cap.
495 2960 536 2978 10.
578 2949 687 2978 Deinde
699 2948 847 2977 concursus
865 2948 899 2976 ad
916 2946 1091 2985 caespititium
1106 2947 1193 2976 tribu-

55 2987 57 2989 ’
75 2986 127 3016 nal.
146 2987 165 3016 i.
177 2997 200 3016 e.
224 2987 372 3017 Castrense.
394 2988 440 3018 Sic
451 2987 518 3017 Plin.
533 2988 561 3016 in
570 2987 668 3022 Paneg.
711 2986 741 3015 V.
765 2995 835 3015 cass
845 2996 859 3014 P
869 2996 882 3014 iz
893 2995 913 3014 s.

74 3025 130 3054 Arae
139 3025 297 3062 caespititiae.
337 3025 425 3061 Julius
440 3025 559 3063 Capitol.
572 3026 601 3053 in
610 3024 716 3054 Balbin.
730 3034 791 3062 cap.
806 3033 847 3054 11.
870 3023 993 3053 Centum
1016 3030 1068 3052 arae
1088 3032 1146 3052 uno
1162 3022 1193 3051 in

13 3054 24 3103 Ξ
91 3061 153 3093 1000
166 3063 316 3101 caespititiae
332 3071 505 3093 extruuntur.
547 3097 550 3098 .

41 3096 247 3137 carosus,
269 3112 299 3137 a,
319 3111 376 3131 um.
401 3101 517 3140 Caespite
527 3100 636 3139 plenus.
659 3099 797 3130 Columel.
813 3110 854 3129 10.
872 3107 934 3135 130.

22 3106 25 3191 Ξ
228 3155 265 3160 ——
275 3139 394 3178 caesposo
412 3140 494 3169 litore
504 3140 607 3169 Cumae.
705 3139 784 3174 [Sed
799 3138 899 3167 merito
913 3135 1035 3174 suspecta
1050 3135 1134 3165 166110
1144 3135 1191 3165 est.

76 3172 198 3207 Tentant
214 3179 288 3207 varie
301 3178 406 3207 Critici.
446 3178 499 3207 Vix
515 3179 586 3207 tanti
604 3177 799 3212 coniedturam
814 3176 903 3210 facio,
924 3181 956 3203 ut
973 3175 1118 3211 exquiram
1129 3196 1138 3210 ,
1158 3183 1194 3204 an

77 3212 195 3251 Piscoso,
216 3216 259 3246 vel
271 3214 394 3245 Herboso
405 3212 487 3245 liceat
502 3216 663 3253 reponere?
688 3214 796 3252 Ceposo
808 3212 919 3251 probari
929 3212 988 3241 aliis
998 3212 1092 3241 miror.

44 3250 113 3282 Cas
122 3255 207 3283 PiTo
221 3276 229 3288 ,
250 3257 304 3283 are.
327 3253 473 3292 Caespitare
484 3276 492 3288 ,
515 3254 634 3283 dicimur
645 3275 652 3288 ,
675 3253 771 3289 Quum
785 3251 858 3289 pede
868 3250 973 3288 aliquid
985 3250 1175 3288 percutientes
1185 3270 1194 3285 ,

77 3291 147 3328 quasi
158 3300 236 3321 ruere
248 3292 382 3329 cogimur.
424 3292 539 3321 Dictum
549 3292 698 3330 caespitare,
719 3290 793 3328 quasi
808 3289 955 3331 Caespitem
971 3287 1117 3317 offendere
1127 3309 1135 3323 ‚
1150 3287 1196 3317 vel

78 3328 107 3357 in
115 3328 252 3367 caespitem
265 3330 337 3359 fierri.
380 3329 460 3359 Unde

9 3371 12 3378 '
45 3362 96 3395 Cia
104 3376 115 3396 s
125 3376 139 3395 1>
148 3378 158 3395 1
168 3376 188 3395 T
198 3378 214 3396 A
223 3378 243 3396 τ
251 3378 267 3396 o
276 3378 291 3396 R
302 3378 316 3396 r.
325 3377 337 3397 s
360 3367 449 3405 Equi,
473 3367 530 3404 Qui
540 3367 610 3405 saepe
620 3367 649 3396 in
661 3365 818 3404 caespitem,
840 3370 888 3394 aut
896 3363 1020 3402 lapidem
1033 3385 1042 3398 ³
1063 3369 1110 3393 aut
1119 3363 1196 3393 aliud

79 3404 278 3435 offendiculum
293 3406 462 3443 impingunt,
473 3406 539 3435 teste
554 3406 627 3435 Serv.
642 3406 671 3434 in
687 3405 761 3442 Virg.
779 3413 819 3432 11.
834 3403 894 3432 [En.
907 3407 970 3439 671.
1000 3401 1078 3437 [Sed
1094 3403 1195 3431 merito

79 3441 133 3472 hoc
140 3452 248 3480 quoque
258 3444 373 3472 verbum
383 3444 412 3472 in
421 3443 531 3473 classem
544 3443 731 3481 suspeetorum
744 3441 840 3472 retulit
847 3439 918 3470 voss.
925 3441 960 3469 de
969 3440 1016 3468 vit.
1025 3440 1193 3475 Serm.1.23.

47 3476 98 3508 CAE
107 3489 119 3509 s
128 3490 166 3509 τι
176 3491 194 3510 u
204 3491 216 3510 s
228 3504 236 3517 ,
257 3482 324 3511 teste
339 3482 461 3517 Seneca,
481 3481 588 3511 Suasor.
600 3491 625 3517 7.
643 3489 712 3510 extr.
746 3481 838 3510 Homo
854 3484 912 3507 erat
925 3476 1125 3521 nasutiffimus‚
1147 3476 1196 3506 sed

79 3517 310 3556 nulliusingenii‚
332 3518 496 3549 &Ciceroni
508 3521 591 3548 etiarn
603 3519 734 3554 infestus,
756 3517 831 3555 quod
848 3515 889 3545 illi
909 3525 966 3544 non
978 3515 1195 3559 impune-cellit.

80 3554 150 3585 Nam
161 3566 245 3593 quum
256 3557 297 3587 M.
310 3557 421 3586 Tullius
431 3557 574 3587 Ciceronis
584 3557 655 3586 filius
667 3557 754 3586 Asiam
773 3554 926 3588 obtineret,
954 3553 1040 3582 homo
1060 3562 1106 3590 qui
1125 3553 1197 3583 nihil

81 3601 115 3622 ex
125 3601 237 3632 paterno
249 3596 361 3632 ingenio
371 3596 469 3625 habuit
479 3604 577 3633 praeter
592 3595 777 3624 urbanitatem
789 3615 796 3627 ,
817 3591 1043 3635 coenabatapud
1063 3600 1127 3635 eum
1138 3590 1197 3621 Cae.

81 3630 153 3661 stius.
187 3632 229 3662 M.
242 3633 337 3663 Tullio
348 3636 480 3663 &natura
490 3634 652 3662 memoriam
670 3631 839 3669 dempserat,
861 3631 887 3659 δι
906 3629 1040 3672 ebrietas,
1061 3629 1148 3666 siquid
1161 3639 1197 3659 ex

81 3678 114 3699 ea
126 3669 281 3707 supererat.
303 3671 489 3701 subducebat:
512 3671 630 3701 subinde
640 3670 845 3708 interrogabat,
867 3668 915 3704 qui
930 3665 976 3696 1116
986 3673 1130 3696 vocaretur
1148 3668 1196 3704 qui

83 3706 376 3739 inimorecurnberet:
399 3711 521 3746 &quum
532 3709 602 3746 siepe
623 3708 777 3744 subjeetum
797 3715 902 3735 nomen
922 3704 1012 3734 Caestii
1031 3705 1196 3748 excidisset,

81 3745 223 3775 novissime
235 3747 344 3783 servus,
365 3754 395 3777 ut
411 3747 502 3784 aliqua
518 3754 584 3776 nota
594 3747 757 3776 memoriam
775 3745 834 3779 ejus
854 3743 956 3772 faceret
968 3749 1133 3787 certiorem,
1155 3744 1198 3772 in.

83 3785 228 3821 terroganri
239 3785 355 3814 domino
366 3807 374 3821 ,
396 3787 457 3821 quis
469 3786 516 3814 ille
526 3785 593 3814 elTet
603 3785 650 3821 qui
664 3786 694 3813 iri
713 3785 771 3812 imo
791 3780 986 3815 recumberet,
1007 3788 1045 3810 ait
1060 3802 1068 3816 ,
1091 3781 1144 3811 Hic
1159 3782 1198 3811 est

83 3819 207 3857 Caestius‚
229 3823 274 3859 qui
286 3831 392 3861 patrem
403 3832 482 3852 tuum
492 3822 710 3860 negabatliteras
725 3820 810 3851 scisse.
854 3817 949 3847 Afferri
972 3819 1099 3857 protinus
1115 3820 1198 3857 flagra

83 3858 174 3895 jussit,
195 3862 221 3889 ἃ
233 3861 380 3896 Ciceroni,
401 3868 431 3890 ut
441 3862 603 3899 opportuit,
625 3861 660 3890 de
677 3861 754 3889 corio
763 3857 874 3888 Caestius
885 3855 1022 3886 satisfecit.
1050 3857 1127 3887 Hinc
1135 3858 1199 3887 ada-

85 3897 160 3940 gium
170 3904 262 3926 ortum
272 3899 325 3934 est,
347 3898 388 3928 De
400 3900 477 3928 corio
491 3899 662 3934 satisfacere,
684 3907 769 3936 quum
784 3895 845 3933 quis
857 3893 961 3925 scilicet
977 3895 1014 3925 ob
1032 3894 1136 3926 illatam
1156 3896 1198 3925 in-

85 3943 182 3970 ]0113111
194 3936 283 3973 flagris
291 3937 457 3967 conciditur.
479 3937 545 3967 Cael.
559 3937 650 3975 Antiq.
660 3936 709 3967 lib.
722 3946 765 3973 14.
775 3943 836 3972 cap-
852 3941 876 3968 7-

52 3970 253 4009 ῧιιετιυκ,
285 3974 316 4005 V.
339 3984 528 4005 cistRuM.

137 4010 221 4042 Vei..
263 4010 282 4042 1.

881 1314 939 1345 Cic.
954 1325 1004 1353 pro
1019 1315 1122 1346 Caecin.
1136 1319 1182 1346 60.

1626 143 1654 178 C
1754 142 1790 178 rs.
1890 141 1919 178 T

1229 223 1398 260 Cim-rus,
1422 225 1461 255 sis,
1487 233 1523 255 m,
1547 222 1678 261 [vi-uzzant
1701 223 1826 259 istium]
1862 225 1957 254 Genus
1978 221 2060 253 ciava-
2080 223 2150 262 pilas
2166 223 2311 262 plumbeas
2333 229 2398 259 luris

1269 263 1379 292 bubulis
1401 263 1534 300 appensas
1548 264 1673 294 habens:
1709 273 1764 299 quo
1786 264 1885 292 Dareta
1904 265 1929 292 ὃ(
1949 263 2088 292 Eiitciltiiii
2108 264 2237 300 piiggii.›.i!7:
2267 266 2394 301 lrgt'iiirgs,

1269 300 1343 338 Virg.
1359 312 1379 335 ς.
1396 303 1457 331 ffin.
1470 307 1514 334 (io.

1346 338 1398 367 Seu
1410 339 1496 368 crudo
1507 338 1566 368 fidit
1577 347 1700 376 pugnarn
1718 339 1895 368 committere
1907 337 1996 367 ciestu.
2084 337 2137 367 Ubi·
2153 338 2279 372 Seii-ius.
2303 342 2395 370 Criiilo

1269 376 1364 410 caestu,
1386 384 1432 405 aut
1447 376 1553 405 crudeli
1566 399 1574 411 ,
1596 377 1730 405 autduro.
1772 377 1896 405 Crudum
1909 376 2018 405 caestum
2038 374 2109 404 dixit
2126 376 2269 412 Virgilius,
2292 380 2366 413 11111111
2382 389 2397 408 e

1270 414 1347 442 corio
1362 414 1449 442 crudo
1470 414 1576 443 bubulo
1594 414 1678 443 tieret.
1722 413 1823 443 Caelius
1838 421 1929 443 autem
1951 422 2000 450 per
2020 413 2218 450 (liplidiuiiwiu
2232 437 2239 447 ,
2263 416 2398 451 l’quilluin

1271 460 1345 479 arma
1358 451 1498 485 significat.
1542 452 1633 480 llabet
1645 453 1728 481 etiam
1741 452 1878 489 pluralem
1890 460 2036 479 numerum
2050 473 2056 485 ,
2088 454 2114 480 ὅ(
2129 453 2165 480 611
2177 463 2238 488 quui
2248 460 2278 481 is:
2293 454 2327 481 1Ῑν
2337 464 2394 483 urs.

1271 489 1344 517 Nam
1367 489 1461 517 Cestus
1475 511 1482 523 ,
1504 490 1587 523 cesti,
1616 490 1722 518 numeri
1747 497 1855 519 trintum
1873 489 2034 525 singulari&
2070 488 2125 518 sinc
2147 490 2324 526 (liplitlioiipii
2342 491 2399 519 irl-

1271 532 1348 554 teum
1374 526 1487 554 Veneris
1511 526 1649 564 fignificat.
1709 528 1828 563 Gallus,
1863 527 1954 563 inquit
1975 526 2085 560 festus,
2114 535 2266 561 vocantur,
2299 530 2398 564 quihus

1272 562 1381 601 pugiles
1393 564 1545 599 dimicant,
1569 566 1690 601 &genus
1700 565 1842 601 quoddam
1861 564 2004 593 muliebris
2021 571 2139 593 ornatus.
2183 566 2290 601 [Quid
2311 566 2399 602 ipsum

1273 600 1393 637 negabat
1402 601 1521 630 Servius.
1558 602 1665 630 Festum
1678 624 1685 637 ,
1708 602 1978 632 l'eul'iiuiunitaiuen
1992 602 2105 631 delendi
2121 602 2195 639 polle
2215 611 2292 640 putat
2315 605 2399 633 Utice-

1272 639 1345 673 rius,
1368 638 1441 674 quasi
1453 648 1466 667 :i
1479 648 1503 667 v.
1520 640 1565 667 κέω
1575 649 1677 677 nempe
1690 646 1836 677 utrumque
1847 641 2013 669 vocabulum
2027 640 2166 669 derivetur
2178 663 2184 674 ,
2207 643 2232 670 ok
2252 641 2305 670 sine
2319 642 2400 679 dipli-

1251 692 1253 694 ·
1273 676 1380 711 tliongo
1394 675 1570 705 scribendum
1588 677 1626 706 sit.
1667 678 1721 706 Sed
1739 686 1845 706 certum
1862 678 1900 707 est
1913 699 1920 711 ,
1943 679 2052 706 Graccus
2069 678 2202 716 posterius
2223 686 2331 708 tantuin
2352 691 2402 709 vo.

1273 713 1425 748 eubulum,
1448 714 1523 780 quod
1541 714 1597 743 sine
1620 714 1796 751 diphthongo
1816 715 1958 749 scribitur,
1993 716 2078 751 idque
2100 726 2150 754 pro
2171 717 2250 745 Zona
2271 717 2400 747 muliebri

1274 758 1412 789 perpetuo
1432 761 1448 779 u
1465 751 1578 788 urpiiffe.
1639 753 1739 781 (da-llus
1765 763 1831 782 vero
1844 775 1852 786 ,
1883 753 1982 790 quibus
2003 753 2089 790 Pyela*
2108 763 2215 791 pugnos
2236 755 2398 791 armabant,

1277 790 1383 823 orpus'giu
1415 790 1440 818 Sc
1470 791 1601 824 μυξμήκοω
1616 812 1624 824 ,
1662 792 1687 819 8(
1711 790 1881 826 frequentius
1902 791 2061 827 {impliciter
2087 790 2183 824 imai&
2203 793 2399 829 appellabint,

1275 827 1352 864 quod
1386 826 1456 855 lorei
1488 826 1575 855 ell'ent
1592 849 1600 861 ‚
1638 827 1704 856 teste
1737 828 1847 856 Polluce
1876 827 1894 857 l.
1918 837 1941 864 3.
1972 830 1997 857 S.
2018 839 2077 861 ιςο.
2121 830 2200 867 Diog.
2222 832 2308 860 Laert.
2332 832 2346 859 1.
2373 836 2398 861 6.

1275 865 1302 894 S.
1318 873 1378 900 142.
1404 864 1572 900 Cynicorum
1583 865 1740 902 principem
1752 872 1857 900 narrat,
1888 875 1952 895 cum
1971 876 1985 895 a
2005 865 2094 896 mulia
2112 869 2212 905 pugnis
2221 869 2303 897 cresus
2313 869 2398 904 esset,

1276 903 1390 931 dicente
1401 904 1453 931 tria
1467 902 1554 931 millia
1563 903 1613 931 tibi
1626 903 1654 930 in
1674 902 1766 931 mensa
1782 903 1868 940 polita
1889 903 1951 932 sunt
1965 925 1973 938 ,
1996 905 2124 942 postridie
2142 906 2256 941 sumptis
2275 908 2402 942 puigiluin

1276 940 1352 974 loris,
1362 940 1494 974 (πυκτικὲς
1503 941 1584 970 λαβὼν
1599 937 1708 974 ’11ιένῖαώ
1721 950 1752 969 ac
1766 941 1866 977 pugnis
1896 943 1976 970 ariter
1986 942 2097 971 conciso
2108 952 2150 977 co,
2163 945 2258 972 eadem
2270 946 2351 973 verba
2362 956 2402 974 re-

1277 977 1391 1015 gessisse.
1434 977 1550 1007 Plumbo
1561 984 1654 1007 tamen
1667 999 1674 1013 ,
1697 978 1825 1014 leri-oque
1837 979 1864 1007 in
1880 986 1926 1007 uto
1938 980 2047 1016 pondus
2062 980 2189 1009 additum
2202 982 2326 1011 caestibus
2340 983 2403 1011 suis-

1276 1017 1303 1046 se
1314 1016 1398 1044 docet
1421 1015 1517 1053 Virgil.
1533 1027 1556 1050 ς.
1576 1016 1710 1051 IEn.405.
1735 1016 1836 1045 Eorum
1855 1017 2005 1052 imaginem
2021 1027 2054 1046 ex
2076 1021 2265 1048 monumentis
2282 1021 2403 1057 antiquis

1277 1054 1394 1084 exhibet
1407 1054 1572 1090 Hieronym.
1594 1053 1753 1083 Mercurial.
1777 1054 1831 1083 i.2.
1854 1055 1889 1083 de
1910 1058 1970 1083 Arte
1993 1055 2093 1092 Gyniu.
2112 1066 2172 1091 c.‹).
2193 1056 2239 1085 sub
2254 1058 2297 1086 1111.
2319 1069 2403 1095 quein

1277 1092 1397 1121 omnino
1408 1092 1527 1127 adi.Qii
1539 1091 1623 1120 clava>
1638 1101 1725 1129 genus
1736 1092 1834 1121 dicunt
1842 1093 1972 1121 videntur
1980 1101 2045 1122 cum
2059 1093 2209 1123 Plumbatis
2219 1096 2401 1126 confundere.

1279 1131 1365 1167 Aptus
1377 1129 1511 1159 caestibus.
1532 1129 1594 1159 Sen.
1607 1130 1634 1158 in
1648 1130 1721 1159 Med.
1735 1139 1761 1159 2.

1279 1167 1373 1197 Infesti
1387 1168 1492 1197 caestus.
1514 1167 1580 1197 Stat.
1592 1171 1618 1197 6.
1630 1167 1721 1197 Theb.
1740 1170 1803 1204 726.

1278 1205 1412 1243 Tragicus
1424 1205 1527 1235 caestus.
1551 1205 1653 1235 Lucan.
1665 1206 1700 1235 ad
1712 1205 1799 1235 Pison.
1815 1208 1879 1235 226.

1372 1244 1514 1274 Maecenas
1533 1243 1652 1281 Tragico
1665 1246 1836 1281 quatientem
1847 1242 1958 1282 pulpita
1971 1241 2051 1273 caestu

1372 1281 1466 1311 Erexit
1476 1281 1586 1311 Varum.
1640 1316 1643 1319 ¹
1682 1283 1700 1310 i.
1717 1292 1742 1311 e.
1765 1281 1866 1311 Varum
1881 1288 1994 1319 poetam
2010 1281 2168 1319 Tragieum.

1279 1319 1386 1350 Bellare
1398 1320 1489 1349 caestu.
1511 1320 1578 1349 Stat.
1592 1323 1619 1350 6.
1631 1320 1722 1349 Theb.
1737 1323 1800 1353 826.

1280 1358 1425 1387 Contundi
1441 1357 1575 1387 caestibus.
1598 1357 1658 1388 Cic.
1672 1368 1697 1388 2.
1709 1357 1792 1388 Tusc.
1802 1367 1847 1394 40.
1869 1356 1940 1387 Inde
1957 1357 2065 1395 pugiles
2084 1357 2209 1389 caestibus
2222 1359 2329 1390 contuli
2340 1383 2348 1396 ,
2370 1368 2406 1390 ne

1299 1396 1487 1434 ingemiscunt
1502 1396 1625 1433 quidem.

1281 1433 1354 1464 Dare
1365 1434 1475 1463 brachia
1485 1433 1656 1472 experienda
1668 1433 1800 1464 caestibus.
1821 1431 1904 1462 Ovid.
1916 1442 1942 1462 2.
1958 1432 2026 1462 Fast.
2042 1437 2104 1470 367.

1280 1471 1437 1503 Decernere
1447 1472 1541 1501 valido
1555 1472 1644 1501 caestu.
1668 1472 1766 1501 Claud.
1778 1470 1860 1501 Cous.
1874 1471 1953 1500 Prob.
1966 1471 2085 1509 &Olyb.
2099 1477 2163 1509 238.

1281 1510 1431 1549 Explorate
1449 1510 1552 1539 caestus.
1575 1511 1641 1539 Stat.
1653 1514 1678 1539 6.
1692 1510 1783 1539 Theb.
1797 1513 1860 1546 761.

1281 1548 1389 1578 Exuere
1400 1548 1513 1583 caestus,
1534 1547 1841 1578 &Manibusinducere
1850 1547 1960 1577 caestus:
1982 1548 2130 1578 contraria.
2154 1547 2259 1586 Virg.5.
2276 1549 2404 1586 AEn.420.

1301 1586 1408 1615 Exuere
1422 1608 1429 1620 ,
1452 1586 1605 1621 Projicere,
1624 1585 1738 1615 solvere.
1779 1585 1897 1614 Servius.

1284 1623 1422 1654 Inducere
1433 1625 1560 1653 manibus
1572 1624 1675 1653 caestus.
1698 1625 1716 1653 i.
1732 1632 1756 1652 e.
1780 1623 1907 1653 Induere.
1929 1622 2002 1660 Virg.
2020 1633 2044 1659 5.
2060 1622 2122 1653 ffin.
2135 1632 2199 1661 379.

1282 1662 1406 1691 Induere
1420 1662 1524 1692 caestus.
1547 1662 1634 1692 valer.
1644 1673 1671 1698 4.
1687 1663 1786 1698 Argon.
1800 1670 1832 1697 25
1842 1671 1864 1689 1.

1282 1699 1393 1729 Librare
1405 1700 1498 1729 caestus
1513 1701 1541 1729 in
1553 1700 1685 1737 aliquem.
1709 1700 1781 1736 Virg.
1803 1709 1825 1734 ς.
1840 1698 1901 1728 AEn.
1916 1706 1978 1735 479.

1244 1737 1267 1767 C
1278 1748 1301 1766 AE
1311 1749 1323 1767 s
1333 1748 1350 1767 u
1361 1749 1394 1767 L1
1405 1749 1428 1766 iis
1440 1759 1448 1773 ,
1470 1738 1537 1768 dieti
1551 1738 1612 1768 sunt
1621 1760 1630 1774 ,
1652 1738 1709 1774 Qui
1721 1737 1812 1766 caelios
1824 1736 1920 1766 oculos
1931 1737 2042 1766 habent.
2065 1737 2166 1768 Festus.

1244 1776 1436 1813 C.³asui=1,i.
1459 1776 1632 1812 Casum,
1652 1776 1903 1811 CfflsuaATiM,
1929 1775 2067 1805 Clesus.
2098 1776 2128 1806 V.
2151 1777 2181 1806 in
2203 1785 2317 1807 effluo.

2323 158 2386 193 393

1682 1901 1712 1936 C
1809 1897 1846 1936 AE
1938 1898 1970 1936 T

1243 2036 1301 2070 CAE
1311 2047 1330 2067 T
1342 2047 1361 2067 A
1370 2048 1385 2067 13
1395 2038 1414 2067 ῠ
1425 2048 1441 2066 1.
1451 2046 1469 2066 u
1479 2044 1499 2066 11
1511 2058 1519 2072 ,
1541 2032 1558 2066 i.
1575 2033 1614 2066 n.'
1627 2032 1695 2067 alias
1707 2036 1883 2074 Smyrneum.
1916 2034 1987 2065 Cato
1999 2035 2034 2066 de
2047 2035 2079 2067 R.
2092 2034 2124 2067 R.
2142 2047 2203 2076 cap.
2219 2045 2281 2068 102.
2305 2035 2414 2069 Melan-

1283 2077 1334 2105 thii
1347 2074 1516 2105 caetabulum
1530 2096 1538 2108 ,
1559 2075 1634 2111 quod
1643 2075 1747 2104 medici
1759 2081 1861 2104 vocant
1873 2075 2047 2112 Smyrneum.
2107 2075 2190 2111 [Vox
2202 2076 2282 2105 nihili
2295 2076 2332 2106 est
2346 2101 2354 2114 ‚
2374 2077 2414 2107 le.

1283 2114 1408 2152 gendum
1422 2112 1605 2143 Acetabulum
1615 2135 1623 2147 ,
1644 2120 1675 2142 ut
1689 2114 1800 2142 monuit
1817 2114 1847 2142 in
1867 2111 2010 2142 Thesauro
2022 2111 2091 2150 Lips
2109 2113 2150 2143 Cl.
2164 2114 2311 2144 Gesnerus.

1244 2152 1268 2183 C
1278 2162 1327 2182 ffl‘r
1336 2162 1351 2181 11
1360 2163 1376 2181 R
1387 2162 1405 2181 u
1416 2161 1428 2181 s
1441 2174 1448 2186 ‚
1471 2161 1486 2180 a
1497 2173 1505 2186 ,
1527 2161 1584 2180 um.
1607 2151 1671 2188 sing.
1689 2151 1736 2180 sed
1750 2151 1771 2180 C
1780 2162 1803 2179 AE
1812 2160 1880 2180 TER
1890 2161 1899 2179 1
1910 2172 1918 2186 ,
1939 2160 1961 2179 ae
1973 2172 1980 2185 ‚
2005 2161 2028 2180 a.
2052 2151 2190 2182 usitatiora
2201 2151 2310 2189 plurali.

1283 2190 1406 2220 Caeterus
1421 2190 1449 2218 in
1461 2189 1636 2218 nominativo
1651 2190 1770 2226 legimus
1786 2189 1863 2226 apud
1881 2188 2018 2218 Oatonem
2040 2190 2068 2218 in
2079 2189 2243 2226 quibusdam
2257 2191 2411 2227 codicibus,

1301 2226 1650 2265 deR.R.cap.22.Caeterus
1660 2233 1772 2256 ornatus
1781 2227 1868 2262 domi,
1881 2227 2020 2263 Pompeiis
2030 2235 2140 2265 emptus
2151 2228 2197 2256 est.
2210 2228 2255 2257 sed
2267 2229 2410 2265 Meurlius,

1302 2268 1329 2296 8(
1341 2266 1444 2304 Popma
1456 2265 1502 2294 illa
1514 2266 1597 2294 verba
1608 2274 1666 2294 non
1679 2264 1841 2302 agnoscunt.
1881 2265 2017 2294 Scribitur
2037 2267 2064 2296 Sc
2083 2265 2140 2295 sine
2160 2266 2336 2304 diphthongo
2362 2278 2378 2297 c
2389 2277 2414 2297 s-

1302 2313 1322 2333 T
1331 2314 1345 2333 ri
1355 2315 1370 2332 R
1380 2316 1388 2332 1
1402 2326 1409 2339 ,
1430 2304 1459 2332 in
1471 2304 1662 2332 monumentis
1674 2303 1804 2339 antiquis.

1283 2342 1358 2373 AEtas
1374 2347 1480 2372 caetera.
1503 2340 1575 2379 Virg.
1588 2351 1610 2376 3.
1627 2341 1726 2379 Georg.
1741 2346 1785 2370 62.

1283 2380 1445 2418 Diligentia.
1486 2378 1556 2409 Plin.
1567 2379 1616 2409 lib.
1629 2389 1655 2408 2.
1674 2379 1756 2417 Epist.
1771 2381 1813 2410 16.
1845 2374 1889 2408 Tu
1902 2377 2016 2415 quidem
2034 2388 2084 2417 pro
2098 2384 2197 2409 caetera
2209 2386 2256 2409 tua
2268 2379 2410 2419 diligentia

1302 2420 1439 2448 admones
1452 2426 1504 2446 me.
1526 2418 1553 2447 h.
1567 2427 1591 2447 e.
1615 2418 1709 2455 Qiam
1730 2416 1799 2446 soles
1825 2417 1854 2445 in
1876 2416 1937 2446 aliis
1958 2427 2069 2454 quoque
2086 2418 2167 2447 rebus
2187 2419 2318 2455 praestare.
2360 2418 2413 2449 Alii

1303 2457 1416 2486 codices
1424 2456 1528 2485 habent
1539 2478 1547 2490 ,
1570 2455 1620 2485 Pro
1630 2464 1704 2485 certa
1716 2462 1763 2484 tua
1775 2455 1930 2492 diligentia.
1972 2455 2083 2492 [Quod
2095 2456 2187 2485 minus
2195 2457 2298 2494 placet.

1283 2494 1444 2524 Exercitum
1455 2500 1594 2523 caeterum.
1616 2493 1686 2523 Gell.
1699 2493 1748 2522 lib.
1764 2503 1788 2529 3.
1801 2503 1862 2530 cap.
1874 2501 1900 2529 7.
1925 2494 1950 2523 Sc
1963 2493 2071 2522 Sallust.
2085 2493 2197 2523 Catilin.
2212 2504 2271 2532 cap,
2291 2505 2332 2530 59.

1283 2532 1450 2569 JurisdiCtio.
1490 2530 1549 2561 Cic.
1563 2535 1588 2561 6.
1605 2533 1658 2561 Att.
1671 2540 1696 2560 2.
1718 2531 1779 2566 ‚lam
1790 2538 1888 2561 caetera
1901 2531 2056 2567 jurisdictio
2067 2553 2076 2566 ,
2106 2540 2159 2560 nec
2171 2533 2299 2571 imperita
2318 2535 2344 2562 ὁὶ
2360 2531 2415 2562 cle—

1305 2580 1384 2600 mens
1400 2593 1408 2604 ,
1430 2577 1495 2599 cum
1506 2569 1661 2599 admirabili
1669 2569 1812 2598 facilitate.

1283 2608 1379 2638 Omne
1390 2614 1528 2637 caeterum.
1566 2607 1624 2637 Liv.
1640 2607 1688 2636 lib.
1702 2617 1745 2636 22.
1762 2615 1822 2643 cap.
1833 2616 1878 2636 20.
1912 2606 1982 2637 Inde
2001 2608 2058 2643 jam
2080 2607 2173 2645 praeda
2193 2608 2281 2645 gravis
2296 2609 2331 2638 ad
2344 2608 2415 2638 Lon.

1304 2647 1447 2684 gunticam
1458 2646 1586 2682 pervenit
1595 2645 1683 2675 0131113
1696 2655 1702 2674 2
1725 2644 1822 2674 ubivis
1835 2654 1935 2682 magna
1946 2645 2027 2682 sparti
2039 2668 2046 2679 ,
2070 2646 2104 2674 ad
2119 2656 2178 2675 rein
2191 2647 2330 2676 nauticam
2346 2657 2413 2676 cona

1304 2685 1376 2722 gesta
1387 2684 1421 2713 ab
1434 2683 1589 2713 Asdrubale.
1630 2683 1717 2721 Quod
1730 2682 1793 2712 satis
1812 2684 1843 2712 in
1856 2683 1937 2713 usum
1955 2684 2010 2714 fuit
2027 2683 2134 2714 sublato
2145 2706 2153 2720 ,
2176 2690 2304 2714 caeterum
2326 2694 2412 2715 omne

1305 2722 1450 2752 incensum
1459 2721 1506 2750 est.
1545 2754 1547 2756 ¹

1286 2760 1406 2791 Paucula
1416 2765 1522 2789 cretera.
1544 2758 1652 2789 Lucret.
1669 2757 1718 2788 lib.
1733 2768 1759 2788 2.
1775 2766 1836 2795 103.

1286 2798 1390 2829 Turba.
1417 2798 1484 2827 Hor.
1497 2807 1522 2826 2.
1537 2797 1625 2827 Serm.
1639 2803 1665 2831 8.
1681 2800 1726 2826 26.
1897 2830 1899 2832 ‚
2052 2832 2055 2834 .
2242 2832 2245 2833 .

1286 2836 1349 2866 Vita
1360 2835 1599 2865 videlicetcaetera
1614 2845 1713 2865 eorum
1733 2835 1799 2864 huic
1811 2833 1906 2864 sceleri
1922 2832 2019 2864 obstat.
2053 2836 2070 2865 i.
2083 2845 2108 2866 6.
2132 2834 2221 2871 Hujus
2235 2835 2342 2866 sceleris
2354 2845 2417 2875 poe.

1306 2884 1371 2904 nam
1382 2874 1566 2912 deprecatur:
1592 2874 1637 2904 vel
1649 2873 1835 2910 suspicionem
1847 2873 1987 2903 amolitur.
2010 2873 2117 2903 Sallust.
2131 2874 2212 2904 Catil.
2224 2878 2269 2904 61.

1285 2913 1392 2942 'Caetera
1403 2912 1482 2941 mitte
1493 2911 1580 2950 loqui.
1602 2912 1668 2941 Hor.
1683 2911 1773 2949 Epod.
1793 2920 1835 2947 13.
1855 2920 1896 2940 10.

1288 2951 1392 2980 Caetera
1402 2949 1543 2986 absolute,
1565 2959 1615 2989 pro
1630 2950 1774 2986 Quantum
1794 2949 1829 2978 ad
1850 2955 1947 2978 caetera
1969 2950 2086 2984 attinet,
2110 2949 2293 2979 Hellenisrnus
2305 2950 2342 2979 est
2356 2958 2414 2980 non

1306 2988 1458 3025 inelegans
1480 2994 1526 3023 ut,
1546 2988 1617 3026 Ergo
1628 2988 1718 3017 virum
1730 3009 1738 3023 ,
1761 2993 1859 3016 caetera
1874 2987 2025 3024 egregium,
2047 2986 2138 3016 secuta
2155 2997 2237 3025 quam
2246 2989 2273 3017 in
2290 2989 2413 3026 petendo

1307 3027 1441 3056 habuerat
1450 3047 1458 3060 ,
1478 3026 1564 3055 etiam
1575 3032 1738 3064 regnantem
1749 3025 1866 3055 ambitio
1875 3025 1922 3055 est.
1963 3025 2021 3054 Liv.
2036 3035 2058 3054 1.
2073 3034 2116 3062 352.

1287 3063 1390 3094 Fulvus
1407 3070 1513 3093 caetera.
1537 3064 1602 3094 Hor.
1615 3076 1640 3099 4.
1661 3063 1752 3093 Carni.
1766 3073 1791 3094 2.
1804 3067 1850 3093 60.

1288 3102 1378 3132 Laetus
1388 3108 1495 3131 caetera.
1518 3102 1583 3131 Hor.
1600 3112 1621 3131 1.
1636 3101 1721 3139 Epist.
1737 3111 1778 3131 10.
1798 3111 1840 3134 ςο.

1384 3140 1507 3177 Excepto
1519 3140 1595 3177 quod
1607 3149 1664 3169 non
1673 3139 1753 3169 simul
1764 3139 1833 3168 esses
1845 3160 1853 3174 ,
1875 3137 2070 3168 caeteralaetus.
2344 3174 2347 3177 ι

1289 3177 1324 3209 Et
1335 3184 1448 3213 caetera,
1471 3177 1595 3208 absolute
1607 3178 1735 3216 positum.
1779 3178 1837 3206 Cic.
1850 3186 1875 3206 2.
1890 3177 1924 3205 de
1933 3176 2009 3206 Orat.
2026 3185 2085 3209 141.
2121 3175 2148 3204 Si
2165 3176 2233 3205 mihi
2246 3176 2317 3207 filius
2325 3176 2415 3215 gigni-

1307 3223 1368 3251 tur,
1390 3216 1466 3253 isque
1479 3217 1555 3254 prius
1565 3217 1682 3246 moritui·
1693 3238 1700 3251 ,
1723 3217 1749 3246 &
1760 3222 1856 3244 caetera
1867 3236 1874 3248 ,
1894 3220 1955 3249 'turn
1967 3222 1997 3243 ut
2009 3214 2078 3242 mihi
2090 3212 2136 3242 ille
2155 3214 2186 3243 sit
2198 3215 2292 3244 haeres.
2337 3217 2413 3247 idem

1307 3255 1337 3284 -in
1348 3255 1422 3292 Top.
1434 3260 1479 3288 28.
1502 3254 1534 3284 In
1543 3255 1692 3292 partitione
1705 3253 1776 3291 quasi
1787 3253 1912 3282 membra
1923 3254 1998 3286 sunt,
2022 3258 2052 3280 ut
2069 3253 2193 3289 corporis
2203 3275 2210 3288 ,
2233 3252 2342 3291 Caput,
2361 3255 2416 3285 hu.

1309 3293 1397 3327 meri,
1421 3302 1539 3328 manus,
1562 3292 1663 3327 latera,
1685 3301 1786 3325 crura,
1808 3290 1912 3328 pedes,
1935 3291 1960 3318 8(
1974 3296 2079 3318 caetera.

1290 3330 1325 3361 Et
1335 3337 1433 3360 caetera
1445 3330 1568 3367 ejusdem
1580 3330 1697 3367 generis.
1739 3330 1796 3358 Cic.
1808 3330 1837 3357 in
1849 3328 1921 3364 Top.
1937 3332 1980 3370 483
2013 3326 2050 3370 Ut
2069 3327 2189 3364 dignitas
2204 3350 2212 3365 ,
2234 3329 2386 3367 indignitas
2400 3350 2413 3368 γ,

1309 3369 1466 3398 humanitas
1478 3389 1486 3403 ,
1511 3368 1701 3398 inhumanitas
1710 3389 1717 3402 ,
1740 3369 1765 3396 &
1774 3372 1870 3396 caetera
1880 3374 1987 3402 generis
1998 3364 2130 3400 ejusdem.

1289 3406 1415 3444 Itemque
1428 3408 1454 3436 ok
1465 3413 1572 3436 caetera.
1609 3406 1667 3435 Cic.
1681 3415 1706 3434 2.
1727 3406 1780 3433 Art.
1799 3414 1838 3438 19.
1863 3403 1988 3432 Eandem
2002 3403 2133 3433 virtutem
2150 3403 2227 3433 istam
2242 3405 2337 3434 veniet
2345 3412 2416 3437 tem-

1309 3455 1361 3483 pus
1371 3454 1456 3482 quum
1466 3445 1585 3482 graviter
1594 3453 1704 3481 gemes,
1724 3443 1810 3471 totius
1821 3441 1922 3470 theatri
1933 3440 2054 3470 clamore
2067 3441 2154 3477 dixit,
2176 3443 2300 3480 itemque
2321 3446 2346 3474 &
2365 3455 2416 3475 636-

1281 3490 1284 3491 ’
1311 3490 1377 3512 tera.

1290 3520 1390 3551 Caeteri
1402 3518 1680 3556 &caeteraejusmodi
1694 3540 1701 3553 ,
1716 3523 1765 3551 ut,
1779 3518 1830 3546 &c.
1870 3516 1930 3545 Cic.
1945 3526 1970 3551 4.
1992 3515 2065 3559 Fam.
2080 3528 2106 3551 4-
2143 3517 2185 3547 De
2208 3518 2321 3557 reliquis
2343 3520 2416 3551 nihil

1311 3559 1411 3588 melius
1423 3559 1482 3596 ipso
1492 3558 1538 3587 est.
1561 3558 1651 3586 caeteri
1664 3558 1688 3586 St
1701 3562 1798 3585 caetera
1807 3553 1961 3590 ejusmodi:
1985 3561 2014 3583 ut
2032 3557 2049 3583 11
2064 3554 2228 3586 alterutrum
2245 3559 2354 3588 11606116
2366 3560 2414 3595 fit,

1310 3598 1407 3626 audire
1428 3606 1459 3625 ea
1480 3596 1560 3624 malis
1583 3604 1665 3631 quarn
1683 3593 1790 3622 videre.
1832 3592 1864 3621 In
1885 3592 2017 3621 omnibus
2041 3593 2083 3622 his
2101 3593 2187 3623 Tullii
2207 3594 2278 3625 locis
2302 3608 2314 3625 ii
2333 3609 2339 3625 ι
2369 3599 2417 3626 de-

1310 3634 1427 3664 lendum
1437 3632 1490 3663 esse
1502 3634 1600 3663 dicunt
1608 3631 1757 3661 Lambinus
1767 3632 1792 3660 8(
1803 3630 1944 3660 Gruterus
1985 3631 2041 3660 Sed
2051 3640 2150 3662 omnes
2158 3631 2220 3662 libri
2236 3633 2358 3672 impreffi
2371 3645 2417 3665 ex-

1331 3673 1418 3701 ibent.

1292 3673 1448 3749 Piiaepositio
1463 3708 1502 3737 Ad
1514 3708 1547 3736 ab
1558 3707 1675 3736 Horatio
1692 3707 1718 3736 ἃ
1728 3704 1789 3735 31113
1801 3705 1908 3740 adjecta
1919 3704 1965 3734 est·
1989 3716 2012 3736 1.
2025 3701 2109 3744 Epist.
2130 3717 2172 3738 10.
2186 3717 2211 3745 3.

1440 3762 1477 3767 —
1490 3746 1524 3774 ad
1537 3752 1634 3774 caetera
1647 3754 1721 3782 pene
1738 3743 1860 3780 gemelli.
1942 3744 2086 3776 Bentleius
2107 3745 2147 3775 ibi
2168 3746 2238 3784 legit
2260 3748 2291 3776 iit
2309 3753 2416 3779 caetera.

1311 3784 1395 3816 Hunc
1407 3783 1605 3850 quasiLgradqm
1616 3782 1755 3819 quendam
1769 3788 1852 3819 atque
1861 3781 1970 3811 aditum
1979 3783 2016 3812 ad
2028 3788 2125 3813 caetera
2135 3785 2238 3820 jaGtum
2246 3785 2419 3823 intelligetis.

1312 3823 1370 3853 Cic.
1384 3832 1409 3851 2.
1425 3822 1460 3850 de
1499 3831 1513 3850 6
1534 3830 1548 3849 6
1602 3830 1619 3849 r.
1632 3825 1674 3855 38.
1882 3842 1889 3847 .

1293 3861 1336 3891 De
1346 3867 1455 3889 caetero.
1497 3830 1556 3887 Cgic.
1571 3829 1599 3887 ng
1607 3858 1641 3887 de
1653 3857 1711 3887 fin.
1727 3860 1771 3887 2¹6.
1793 3856 1836 3888 De
1845 3863 1945 3887 caetero
1954 3879 1962 3893 ,
1982 3857 2084 3888 vellem
2098 3860 2230 3897 equidem
2243 3867 2289 3890 aut
2301 3861 2358 3899 ipse
2370 3861 2419 3890 do.

1313 3898 1408 3928 {trinis
1419 3896 1575 3926 instructior
1588 3917 1595 3931 ,
1613 3898 1665 3925 &c.
1776 3928 1778 3930 ,
2142 3929 2144 3931 .

1293 3936 1464 3966 Caeterorum
1477 3936 1502 3964 δι
1513 3933 1682 3971 reliquorum
1692 3933 1898 3978 appellatione,
1919 3935 1958 3964 ait
1972 3934 2081 3978 Ulpian.
2102 3935 2190 3965 etiam
2211 3945 2309 3965 omnes
2328 3937 2420 3965 conti.

1314 3979 1415 4003 nentur
1426 3994 1434 4004 .
1454 3979 1486 4002 ut
1497 3971 1645 4001 Marcellus
1656 3972 1728 4001 dixit
1739 3981 1812 4002 circa
1808 3981 1896 4039 513111
1897 3993 1905 4006 ,
1925 3973 1970 4002 cui
1982 3980 2061 4011 optio
2073 3973 2141 4003 servi
2152 3974 2240 4009 legata
2253 3974 2303 4004 611.
2324 3974 2416 4002 caeteri

2286 4011 2420 4049 Sempro⁴
