2600 4177
392 111 422 145 C
519 112 546 145 A
640 112 671 147 R

51 191 322 228 CARD1NAL1s,
351 192 595 222 CARDiNRUS.
626 192 657 222 ln
679 203 813 224 CARDO.

51 228 74 258 C
84 239 100 257 A
110 238 127 256 a
137 240 154 258 o
165 241 174 258 1
183 240 199 258 o
209 241 227 259 o
238 242 258 259 M
268 241 284 259 u
294 238 326 264 s,
347 232 364 259 i.
387 239 423 258 m.
446 226 653 266 [νωιξῶωνμρς]
675 230 791 261 Morbus
815 231 853 261 est
869 235 1034 270 ventriculi,
1056 243 1147 266 orturn
1159 238 1208 266 ha-

88 266 156 296 bens
167 277 201 296 ex
212 269 376 297 humoribus
386 267 493 296 acribus
505 289 512 301 ,
533 269 559 296 ὀὶ
575 269 754 298 mordacibus
767 291 774 304 ,
806 270 894 307 ipsum
907 274 1054 302 ventriculi
1067 274 1205 303 orificium

88 305 99 338 (
112 305 186 337 quod
195 305 273 342 prisci
285 305 371 334 Gracci
382 326 389 337 ,
411 305 478 333 teste
490 305 597 334 Galerio
607 327 615 340 ,
637 306 721 334 etiam
734 304 837 341 „agaim
857 309 1054 347 appellarunt)
1076 311 1206 341 intolem-

86 340 136 371 bili
150 343 303 380 punc‘tione
322 342 500 379 erofioneque
512 342 718 378 infestantibus.
741 354 942 382 nonnunquam
962 350 1045 377 etiam
1063 349 1206 386 syncopen

86 380 294 409 inducentibus.
335 379 372 409 Ea
384 380 459 409 enini
470 389 532 417 pars
543 382 667 417 corporis
680 382 851 411 exaeiillinio
863 386 949 413 tactus
961 385 1038 415 sensu
1055 388 1092 416 est
1108 387 1206 424 praedi-

86 424 114 446 ta
125 438 133 451 ,
153 424 266 455 propter
277 417 382 454 insigne
394 427 442 455 par
457 427 605 447 nervorum
618 418 653 447 ad
671 428 732 447 eam
747 429 762 448 a
773 419 886 450 cerebro
907 423 1097 453 traiismiisum.
1139 425 1205 460 Qio

86 453 312 484 fitutdoloresea
324 456 351 483 in
362 462 438 492 parte
449 455 501 484 sint
513 456 626 485 maximi
638 477 646 491 ,
668 457 768 493 quibus
786 468 873 494 quum
892 460 963 489 vires
984 461 1105 491 ferendis
1124 471 1205 500 pares

86 502 143 521 non
154 493 221 527 sint,
243 492 312 522 solet
321 492 446 530 subsequi
458 503 489 522 ea
500 492 621 531 syncope
632 516 640 529 ,
663 504 745 530 quam
755 495 951 526 stomachicam
963 506 1072 528 vocant.

49 529 99 561 CA
109 540 124 558 a
133 540 152 559 o
161 541 171 559 1
180 540 193 559 s
204 540 221 559 c
232 540 247 559 13
258 552 267 565 ,
287 540 325 560 es.
345 528 507 566 [mediam]
529 531 646 561 Gemma
664 531 711 566 est,
732 532 786 561 alio
806 535 921 564 nomine
940 536 1102 566 Draconites
1117 537 1200 567 dista,

85 567 153 597 Plin.
167 567 215 597 lib.
228 577 272 604 37.
286 578 347 606 cap.
362 578 404 597 ιο.
428 568 592 598 Draconites
603 569 655 599 sive
666 569 821 599 dracontias
833 582 848 600 e
864 573 978 602 cerebro
991 574 1020 603 fit
1032 575 1184 604 draconum
1196 597 1204 608 .

84 605 131 635 sed
141 605 190 634 nili
205 605 365 635 viventibus
374 605 487 635 abscisso
497 629 505 642 ,
527 616 669 644 nunquam
677 607 839 639 neminascit
849 631 857 643 ‚
879 611 984 640 invidia
997 612 1123 641 animalis
1135 614 1205 641 mori

84 643 112 672 se
121 643 272 673 sentientis.
313 644 400 681 Igitur
413 654 474 673 mos
494 644 551 679 est,
574 652 603 674 ut
622 645 805 675 morientibus
822 648 987 678 animalibus
1006 657 1091 687 caput
1109 660 1206 688 ampu-

24 710 25 715 ,
84 687 153 710 tent.
190 680 327 711 Encardia
343 682 591 718 cognominatur&
603 681 738 712 Cardisce.

24 720 25 731 ¹
49 719 98 749 CA
108 729 123 747 R
135 729 153 748 o
163 729 180 748 o
190 741 198 752 .
219 720 284 748 i‘nis.
306 729 342 748 m.
366 720 503 755 [5dein
518 717 632 755 ψφίὲε,
653 718 819 755 ν’)ξλυμῶ]
839 722 942 753 dicitur
953 725 1027 762 quasi
1038 724 1093 754 Cor
1103 726 1204 762 januae‚

82 766 136 794 quo
145 756 303 787 scilicetilla
313 764 457 787 movetur:
478 765 508 787 ut
524 758 562 787 ait
573 758 691 787 Servius.
715 758 787 795 Virg.
802 768 824 788 1.
845 760 905 790 AEn.
919 770 984 798 453.

274 811 312 816 -
326 795 430 825 foribus
448 797 532 825 cardo
544 795 675 825 stridebat
685 796 790 825 ahenis.

81 832 189 867 Cardo,
209 832 345 862 feminino
359 843 478 869 genere,
499 834 638 871 antiquis:
660 834 758 863 Graius
771 835 800 863 in
812 834 988 867 Peliadibus:

158 870 245 900 Sonat
258 871 376 909 impulsa
389 872 461 908 regia
478 872 573 901 cardo.
656 871 775 901 Nonius.

98 907 266 938 Claudianus
277 909 306 938 in
323 909 453 946 Panegyri
465 910 493 938 in
503 909 610 939 sextum
619 909 794 939 consulatum
807 910 927 941 Honorii
942 913 969 942 in
979 913 1052 944 fine:

271 963 307 968 -
318 947 514 985 perpetuisque
523 948 640 977 immota
650 948 764 977 cardine
781 948 903 979 claustris

133 983 243 1050 hi{anus
259 984 333 1014 bella
348 994 488 1023 premeris.
572 985 608 1014 H.
620 985 659 1015 St.
701 985 824 1016 Correcti
846 994 940 1018 tamen
961 989 1046 1019 codd.
1082 989 1205 1020 Immoto

96 1030 131 1050 ex
183 1027 239 1050 ent.

78 1058 159 1089 Celer
180 1059 274 1090 cardo.
313 1059 378 1090 Sen.
403 1059 519 1099 Hippol.
529 1070 554 1096 9.
584 1060 732 1098 Celerique
749 1061 832 1099 polos
847 1063 961 1094 cardine
979 1064 1075 1095 versas.
1115 1064 1206 1096 Verba

98 1096 160 1126 sunt
171 1097 206 1126 ad
220 1097 329 1133 Jovem.

77 1134 175 1165 Facilis
187 1136 280 1165 cardo.
297 1136 401 1170 Juven.
415 1145 440 1170 4.
455 1135 510 1165 Sat.
521 1138 566 1172 63.

22 1199 24 1206 ,
54 1210 58 1211 .
76 1168 242 1203 Horrisonus
257 1174 351 1203 cardo.
374 1174 445 1211 Virg.
458 1178 483 1203 6.
500 1175 560 1204 AEn.
573 1183 634 1211 573.

22 1212 24 1224 '
166 1211 240 1240 Tum
253 1212 368 1241 demum
381 1211 526 1241 horrisono
540 1212 686 1243 stridentes
697 1212 811 1243 cardine
825 1213 907 1245 sacrae

165 1248 329 1279 Panduntur
343 1256 438 1286 portae.
728 1262 731 1266 ·

74 1282 198 1325 Lepidus
208 1288 301 1317 cardo.
327 1287 412 1317 Plaut.
424 1287 535 1317 Curcul.
550 1297 573 1316 1·
585 1297 609 1317 1.
621 1298 666 1324 94.
689 1288 765 1318 Num
779 1290 979 1321 mutitcardo‘?
999 1288 1164 1324 estleuidu's.

22 1337 24 1355 i
45 1331 49 1336 ⁸
74 1324 208 1355 Emovere
219 1326 333 1356 cardine
343 1326 443 1363 postes.
465 1325 537 1363 Virg.
551 1334 576 1354 2.
590 1325 651 1355 AEn.
664 1335 730 1362 493.
1072 1325 1082 1330 ”

75 1388 77 1390 .
266 1379 304 1384 -
315 1365 341 1393 Sc
352 1364 439 1393 emoti
448 1362 638 1400 procumbunt
649 1365 761 1395 cardine
770 1365 869 1403 postes.

73 1400 188 1432 Emotus
203 1402 297 1432 cardo.
318 1402 385 1431 Stat.
401 1411 424 1431 1.
440 1401 531 1431 Theb.
546 1411 608 1438 349.

265 1455 302 1460 --
312 1440 389 1469 venti
399 1438 547 1469 transversa
560 1439 713 1469 frementes

72 1509 76 1513 ,
164 1477 328 1515 Confligunt
338 1500 346 1513 ,
367 1487 506 1515 axemque
517 1484 614 1507 emoto
626 1488 641 1507 a
654 1477 767 1508 cardine
783 1478 901 1510 vellunt.

71 1515 174 1546 stridet
183 1516 276 1546 cardo.
299 1516 372 1552 Virg.
387 1525 409 1545 ι.
427 1516 563 1556 ffin.453.

262 1570 300 1574 —
312 1554 419 1583 foribus
428 1553 512 1583 cardo
525 1552 659 1583 stridebat
670 1553 777 1584 ahenis.

71 1584 178 1623 Vellere
192 1591 327 1621 acardine
337 1592 438 1630 postes.
459 1591 532 1629 Virg.
542 1601 568 1621 2.
584 1592 647 1622 AEn.
662 1597 728 1628 480.

69 1628 181 1665 versare
191 1631 343 1659 cardinem.
365 1629 452 1660 ovid.
464 1640 491 1665 4.
504 1629 574 1659 Met.
587 1638 632 1666 93.

0 1682 2 1687 ·
69 1667 167 1698 Versus
178 1668 270 1698 cardo.
300 1669 373 1706 Virg.
389 1677 412 1704 3.
423 1667 485 1698 AEn.
497 1672 562 1704 448.

22 1709 24 1726 ³
164 1706 266 1736 Verum
276 1706 374 1736 eadem
385 1726 393 1740 ‚
416 1705 491 1735 verso
502 1706 596 1735 tenuis
603 1714 668 1735 cuni
678 1705 791 1735 cardine
799 1713 899 1736 ventus

163 1743 289 1782 Impulit.
375 1744 393 1774 i.
409 1753 432 1773 e.
458 1745 558 1782 Aperta
568 1744 651 1780 janua
664 1765 672 1778 ,
694 1754 743 1781 per
755 1744 933 1782 Periphrafin.
974 1744 1095 1775 Servius.

69 1780 204 1816 Cardines
214 1782 414 1821 appellantura
426 1781 566 1815 Vitruvio,
587 1781 637 1811 lib.
654 1785 680 1810 6.
692 1791 723 1811 ca
746 1806 752 1811 .
769 1792 793 1811 1.
811 1785 837 1812 &
850 1782 897 1812 lib.
911 1793 935 1817 9.
949 1791 1010 1821 cap.
1024 1795 1049 1818 4·
1073 1784 1136 1813 Duo
1145 1793 1197 1813 cae-

87 1820 108 1849 li
120 1820 254 1855 vertices,
275 1821 344 1850 alter
359 1819 590 1858 Septentrionalis
606 1842 615 1855 ,
636 1818 704 1849 alter
758 1821 939 1857 eridionalis,
960 1821 1056 1852 Graece
1071 1821 1140 1849 πόλοι
1154 1823 1194 1852 di-

86 1858 198 1888 cuntur.
220 1858 323 1888 Lucan.
333 1858 382 1888 lib.
395 1869 421 1894 4.
436 1867 480 1894 72.
593 1874 630 1879 —
641 1859 667 1888 ἃ
679 1856 802 1888 summus
812 1859 920 1898 olympi

23 1923 25 1930 ,
72 1922 77 1924 ,
163 1897 253 1926 Cardo
265 1903 341 1926 tenet
352 1896 474 1934 Tethyn.

66 1932 170 1965 Mundi
182 1935 274 1964 cardo.
297 1935 381 1964 Ovid.
393 1944 418 1964 2.
431 1935 467 1963 de
482 1933 561 1963 Pont.
577 1943 620 1963 10.
634 1944 680 1970 45.

158 1972 218 2011 Ipse
228 1973 341 2010 quidem
352 1980 428 2002 certe
441 1981 507 2002 cum
519 1971 567 2001 sim
578 1971 626 2001 sub
640 1972 754 2002 cardine
764 1973 882 2009 mundi,

84 2042 88 2048 .
196 2011 253 2048 Qui
266 2011 376 2049 semper
386 2010 500 2048 liquidis
510 2009 591 2039 altior
606 2011 694 2040 exstat
703 2011 790 2048 aquis.

85 2049 262 2078 tentrionalis
272 2048 368 2087 plagae.

65 2083 139 2154 Epi?
156 2087 259 2123 cardo,
291 2087 369 2117 Unus
395 2096 411 2116 e
426 2091 544 2123 quatuor
562 2086 663 2116 mundi
683 2085 843 2117 cardinibus
856 2108 865 2123 ,
896 2086 1060 2117 Orientalis.
1082 2086 1151 2118 Stat.
1169 2096 1193 2118 r.

23 2139 25 2160 ς
65 2155 69 2162 ,
131 2125 175 2154 eb.
190 2134 253 2161 157.

24 2175 25 2193 1
65 2161 210 2193 Occiduus
222 2161 317 2192 cardo.
339 2161 443 2191 Lucan.
457 2172 484 2198 4.
498 2165 561 2198 ⁶72·

157 2201 278 2230 Cardine
289 2200 323 2230 ab
334 2200 456 2230 occiduo
468 2200 577 2230 vicinus
589 2197 713 2230 Gadibus
726 2200 800 2231 Atlas

155 2239 309 2269 Terminat-

63 2275 197 2307 Gentrum
208 2276 379 2316 appellatum
391 2275 429 2306 est
439 2275 531 2306 Cardo
542 2275 576 2305 ab
591 2276 671 2314 Apul.
685 2276 721 2306 de
732 2276 844 2306 Mundo
855 2288 883 2315 p.
898 2286 942 2315 57.
963 2277 1090 2308 Mundus
1101 2279 1140 2308 est
1150 2289 1193 2309 or-

23 2322 25 2331 ·
82 2323 145 2345 nata
154 2316 294 2345 ordinatio
308 2336 316 2351 ,
337 2314 391 2344 Dei
402 2324 534 2349 munere,
556 2314 682 2343 Deorum
694 2316 769 2345 reeta
784 2315 928 2346 custodia:
950 2317 1029 2353 cujus
1038 2317 1192 2354 cardinem,

23 2364 25 2380 ι
82 2353 119 2383 iic
129 2354 205 2383 enim
216 2353 336 2382 dixerim
346 2359 475 2382 centrum
487 2375 495 2388 ,
514 2353 567 2383 &a
585 2352 671 2382 habet
684 2352 777 2382 tellus.

23 2393 25 2415 ,¹
63 2390 152 2422 cardo
196 2402 248 2430 pro
260 2391 488 2429 opportunitate.
511 2390 583 2428 Virg.
600 2400 623 2420 1.
639 2391 701 2420 AEn.
713 2395 778 2428 676.

254 2429 374 2458 *haud
383 2436 461 2458 tanto
474 2427 587 2458 ceffabit
598 2429 714 2458 cardine
726 2438 828 2458 rerum.
911 2429 965 2459 Ubi
986 2431 1097 2462 Servius
1108 2454 1116 2467 ,
1139 2432 1193 2462 Aut

79 2465 215 2504 δὶικπκὸς,
238 2468 327 2503 dixit,
350 2476 386 2496 ne
401 2468 430 2496 in
445 2473 554 2496 tantum
572 2467 706 2504 quidem:
729 2467 784 2496 hoc
802 2467 839 2497 est
851 2466 928 2497 brevi
940 2469 1091 2499 'occasione
1108 2470 1192 2500 cessa-

81 2504 130 2536 bit.
171 2507 225 2535 Aut
235 2505 396 2543 simpliciter
411 2504 628 2541 intelligendum
639 2505 693 2540 est,
713 2505 779 2534 Non
789 2506 893 2543 poterit
908 2507 937 2536 iri
948 2514 1026 2536 tanta
1038 2517 1130 2538 rerum
1140 2518 1192 2546 op-

80 2544 249 2581 portunitate
260 2543 377 2573 cessare:
401 2550 432 2572 ut
444 2543 475 2572 sit
492 2543 527 2571 de
543 2543 692 2580 proverbio
705 2545 822 2573 tractum
833 2565 841 2579 ,
863 2543 899 2573 de
916 2554 971 2582 quo
988 2546 1091 2576 dicitur
1105 2568 1113 2582 ,
1135 2546 1190 2576 Res

63 2583 108 2616 *in
118 2582 230 2612 cardine
241 2582 279 2611 est
291 2604 299 2616 ,
324 2582 379 2610 hoc
392 2581 430 2610 est
444 2581 474 2615 in
485 2580 611 2610 articulo.

24 2630 27 2645 ι
61 2618 92 2650 In
102 2630 136 2650 eo
154 2621 238 2650 cardo
249 2620 287 2649 rei
299 2621 415 2649 vertitur
425 2641 432 2653 ,
455 2619 528 2648 dixit
538 2618 653 2654 Cicero,
676 2629 726 2657 pro
736 2630 770 2649 eo
785 2619 860 2658 quod
874 2621 930 2656 est,
952 2620 993 2650 Ex
1005 2621 1060 2651 hoc
1077 2627 1136 2651 tota
1146 2632 1189 2652 res

22 2669 23 2672 ¹
77 2658 191 2697 pendet.
229 2658 343 2696 Egregia
359 2656 512 2686 translatio.
552 2656 653 2686 Erasm.
696 2658 816 2695 [Quem
837 2665 951 2695 tamen,
973 2666 1061 2697 puto,
1081 2669 1190 2690 memo.

60 2729 64 2734 ·
79 2696 117 2726 ria
125 2696 233 2726 fefellit.
276 2696 306 2725 V.
333 2695 414 2733 plura
423 2695 499 2733 apud
510 2695 632 2733 interpp.
646 2695 681 2724 ad
693 2696 764 2734 Virg.
787 2696 805 2726 l.
819 2706 843 2726 c.

24 2734 27 2738 '
61 2733 207 2765 Cardinem
219 2734 305 2764 causae
318 2734 348 2762 iri
355 2733 448 2770 aliquo
479 2742 563 2762 onere
575 2733 706 2763 dicebant
718 2735 824 2772 antiqui
836 2757 844 2770 ,
866 2735 942 2772 quod
956 2744 1033 2764 nunc
1047 2735 1168 2765 dicimus
1178 2758 1186 2772 ‚

65 2773 263 2809 -Accinerejiis
275 2782 324 2810 per
336 2772 390 2801 hoc
398 2771 443 2801 vel
453 2771 534 2800 i..lud.
577 2771 697 2805 Quintil.
711 2772 760 2802 lib.
777 2784 800 2808 5.
812 2782 875 2811 cap.
893 2783 935 2803 12.
970 2773 1068 2802 Caedes
1084 2784 1099 2803 a
1111 2782 1137 2803 te
1150 2774 1189 2804 fa-

78 2806 182 2841 &aelln
206 2810 435 2840 cruentameriim
447 2809 684 2839 vestemhabuisti.
726 2810 790 2839 Non
811 2811 849 2840 est
867 2818 923 2840 tam
942 2821 1024 2849 grave
1042 2821 1188 2849 argumen-

77 2847 165 2878 tumsi
178 2849 297 2883 fatetur,
319 2858 402 2884 quam
413 2848 627 2877 liconvincitur.
669 2848 741 2877 Nam
752 2848 768 2877 si
786 2848 906 2884 fatetur,
929 2849 1023 2878 multis
1043 2860 1078 2879 ex
1096 2850 1182 2880 causis

51 2913 55 2916 .
76 2887 168 2923 potuit
177 2885 355 2916 cruentaeffe
365 2886 460 2915 vestis:
484 2885 502 2914 sl
516 2892 617 2925 negat,
639 2885 684 2915 liic
699 2886 786 2916 causae
801 2888 945 2916 cardinem
964 2887 1055 2925 ponit.
1077 2888 1107 2917 in
1129 2898 1186 2926 quo

26 2933 27 2939 ¹
78 2924 95 2953 ii
104 2925 190 2955 vietus
201 2925 284 2954 suerit
294 2945 303 2958 ,
325 2924 410 2953 etiam
419 2925 448 2953 in
459 2922 640 2961 sequentibus
657 2924 719 2953 ruit.

57 2960 159 3029 Litliulm
174 2963 276 2998 cardo,
297 2962 374 2991 idem
387 2962 465 3000 quod
477 2961 570 2991 Cardo
580 2961 667 2991 causae
678 2984 686 2998 ,
708 2962 761 2992 sive
778 2963 894 2992 Summa
909 2962 995 2992 totius
1007 2962 1072 2992 litis.
1093 2963 1190 3001 Quin-¹

56 3000 115 3031 ·.ti.
138 3001 174 3031 ib.
194 3010 282 3030 12.ca
305 3005 352 3034 .8.

58 3036 146 3068 Cardo
157 3061 166 3074 ,
185 3011 302 3069 Summi)
310 3045 372 3076 pars
382 3037 420 3068 est
429 3038 583 3076 iugamenti
595 3060 603 3074 ‚
625 3038 701 3076 quod
711 3038 741 3067 iri
754 3047 853 3067 cavum
864 3038 980 3068 inditur.
1019 3039 1138 3069 Budaeus
1148 3039 1184 3069 de

77 3076 236 3107 Affamentis
250 3075 378 3113 loquens.
1028 3110 1031 3112 q

57 3111 188 3181 effidines
198 3122 360 3153 temporum
369 3124 385 3144 a
395 3113 485 3145 Plinio
495 3113 629 3143 dicuntur
638 3112 702 3149 Ver,
721 3112 818 3149 AEstas‚
838 3114 1005 3151 Autumnus,
1023 3116 1050 3145 ἃς
1065 3115 1162 3146 Hiems
1174 3136 1183 3152 ‚

28 3159 29 3164 ¹
86 3159 220 3188 i.18.ca
243 3162 308 3188 ·²5·

26 3201 29 3213 ι
57 3188 201 3221 Extremus
212 3163 263 3220 ἐνὶ
274 3189 367 3219 cardo.
390 3188 569 3219 Sen.Troad.
583 3198 626 3225 52-
655 3190 673 3219 i.
689 3198 714 3219 e.
735 3188 842 3219 Exitus·

28 3234 31 3255 θ
57 3226 177 3259 Extremi
187 3229 308 3259 cardinis
318 3237 415 3257 annos
437 3227 541 3258 Lucan.
556 3236 580 3265 7.
595 3234 657 3265 381.

135 3293 137 3295 ,
246 3283 282 3287 —-
293 3265 391 3296 ultima
401 3265 457 3294 fata

132 3303 276 3342 Deprecor
285 3326 293 3340 ,
314 3313 346 3333 ac
357 3311 453 3341 turpes
463 3303 581 3333 extremi
593 3303 714 3333 cardinis
723 3312 813 3332 annos
823 3324 831 3338 ,

132 3341 176 3371 Ne
189 3342 292 3372 discam
306 3342 403 3371 servire
413 3341 506 3371 senex.

57 3377 143 3408 Cardo
153 3402 162 3416 ,
183 3380 221 3410 est
231 3380 330 3410 Forma
340 3380 416 3417 agri:
438 3389 523 3416 quam
534 3379 653 3417 exponit
663 3378 732 3408 Plin.
748 3377 797 3408 lib.
810 3383 853 3412 18.
867 3387 928 3415 cap.
943 3384 987 3414 33.
1008 3377 1051 3407 his
1066 3378 1158 3409 verbis
1171 3389 1178 3410 :

75 3416 224 3448 Observato
240 3418 304 3448 solis
315 3426 377 3447 ortu
386 3426 555 3455 quocunque
567 3417 654 3447 libeat
665 3417 710 3446 die
720 3438 728 3452 ,
748 3415 883 3445 stantibus
893 3416 961 3459 hora
973 3415 1027 3444 diei
1040 3416 1126 3452 sexta,
1145 3417 1181 3447 sic

73 3453 105 3484 'ut
114 3461 204 3485 ortum
215 3464 280 3486 eum
291 3466 306 3485 a
318 3456 421 3485 sinistro
436 3455 553 3485 humero
569 3455 706 3485 habeant:
729 3461 826 3484 contra
843 3453 967 3483 mediam
979 3454 1081 3484 faciem
1100 3455 1183 3484 meri-

74 3490 153 3528 dies,
172 3503 188 3523 a
205 3495 309 3524 vertice
320 3494 472 3532 septentrio
492 3494 554 3523 erit.
577 3494 624 3531 qui
643 3494 682 3522 ita
695 3492 776 3522 limes
794 3501 844 3530 per
858 3501 955 3529 agrum
971 3492 1073 3528 currit,
1095 3493 1180 3522 cardo

73 3531 234 3568 appellatur.
273 3532 307 3562 Et
316 3531 373 3561 Liv.
388 3541 431 3568 37.
446 3542 489 3568 54.
525 3531 650 3561 Taurum
668 3538 795 3560 montem
821 3540 837 3560 a
854 3529 922 3558 mari
948 3529 1057 3559 Euxino
1074 3530 1109 3559 ad
1128 3531 1181 3568 Cy-

0 3578 3 3593 ι
30 3569 33 3598 l
72 3569 163 3606 prium
177 3577 390 3605 excurrentem,
412 3569 563 3599 Cardinem
582 3579 596 3599 a
617 3569 706 3598 forma
716 3568 842 3603 vocavit,
864 3566 936 3605 quasi
953 3566 1075 3597 iimitem
1089 3569 1179 3607 impe.

73 3606 108 3635 rii
118 3606 236 3637 Romani
248 3618 263 3637 a
273 3607 472 3646 Septentrione
491 3607 527 3636 ad
544 3607 695 3637 Meridiem
705 3628 712 3641 ,

73 3644 202 3675 Cardines
214 3645 404 3676 mathematici
417 3645 464 3682 qui
478 3645 531 3674 sint
542 3667 550 3680 ‚
581 3645 611 3674 V.
634 3645 663 3674 in
684 3654 704 3673 τ
712 3654 726 3673 E
734 3653 754 3673 T
763 3653 782 3672 A
791 3653 807 3672 a
816 3652 836 3672 T
846 3652 859 3671 a
867 3653 888 3671 M
899 3651 916 3671 o
925 3652 942 3672 a
953 3653 962 3671 1
972 3652 989 3672 o
998 3653 1029 3674 N.

32 3680 137 3716 ,JAnnr
147 3692 167 3711 N
177 3684 192 3712 ἔ
203 3694 219 3712 υ
229 3694 242 3713 s
251 3706 260 3718 ,
281 3694 297 3713 a
308 3706 316 3718 ,
337 3694 394 3713 um.
416 3683 569 3721 Septimius
582 3683 657 3721 apud
667 3682 872 3712 Terentianum
882 3702 891 3716 ,

33 3743 34 3746 η
143 3720 263 3751 Stridula
275 3722 321 3751 cui
330 3721 428 3750 limina
440 3743 448 3756 ,
468 3721 515 3750 cui
526 3721 649 3750 cardinei
660 3719 808 3749 tumultus.
1080 3737 1082 3739 >

32 3755 217 3788 DARnrNiiA
233 3781 241 3794 ,
263 3769 294 3789 ae.
316 3759 361 3789 vel
379 3760 472 3798 potius
489 3759 566 3788 CAR
579 3769 669 3794 ΒΕΑ,
690 3768 721 3787 ae.
742 3757 760 3787 f.
782 3757 841 3786 Dea
860 3765 875 3784 a
894 3755 1063 3799 Cardinibus
1080 3758 1176 3796 appel.

33 3795 34 3814 l
52 3793 108 3825 ‘lata
118 3818 126 3832 ‚
147 3797 246 3834 quibus
257 3803 382 3836 praeerat.
409 3799 476 3834 Aug.
491 3797 526 3826 de
534 3796 593 3826 Civ.
604 3797 656 3826 Dei
667 3818 675 3832 ,
690 3807 716 3831 4.
728 3801 753 3830 8.
775 3793 930 3838 TresDeos
941 3794 1062 3838 ostiarios
1074 3794 1176 3826 Roma-

34 3859 35 3864 .
55 3832 85 3862 ni
99 3833 263 3872 posuerunt,
285 3835 430 3865 Forcula'm
447 3834 570 3869 foribus,
592 3834 730 3864 Cardeam
749 3832 878 3868 cardini,
900 3831 1091 3863 Limentinum
1102 3834 1177 3864 limi-

55 3870 92 3900 ni.
112 3872 166 3902 Sed
177 3872 301 3902 Macrob.
315 3884 336 3903 i.
347 3874 456 3903 Saturn.
472 3882 514 3902 12.
539 3873 658 3902 Carnam
670 3874 760 3901 vocat.

0 3915 2 3919 ’
37 3906 278 3946 hauriemus,
299 3920 323 3941 e.
345 3911 432 3948 Quod
444 3911 480 3940 ad
497 3911 644 3940 cardinem
667 3910 798 3947 pertinet.
820 3912 871 3951 ut,
891 3907 974 3951 Fores
988 3907 1026 3937 ita
1047 3909 1176 3946 compin²

34 3981 35 3986 ¹
55 3948 230 4016 ganturzluti
248 3948 321 3986 scapi
331 3948 486 3979 cardinales
495 3948 549 3978 smt
566 3957 601 3978 ex
611 3947 760 3978 altitudine
772 3946 887 3976 luminis
904 3952 991 3976 totius
1006 3945 1175 3978 duodecima

55 3990 137 4021 parte.
183 3986 263 4016 itruv.
279 3997 305 4022 4·
317 3991 342 4017 ο.

885 2010 1050 2049 Periphrasis
1068 2011 1107 2041 est
1126 2011 1194 2050 Sep-

1633 122 1662 156 c
1761 125 1788 158 A
1887 125 1917 158 R
2351 146 2422 180 437

1302 198 1346 227 Est
1367 199 1448 228 etiam
1469 200 1543 230 idem
1556 211 1587 231 ac
1598 202 1773 241 Praecipuus,
1795 203 1963 241 principalis.
1985 204 2093 234 Servius
2107 206 2136 234 in
2152 206 2221 243 Virg.
2238 219 2259 238 r.
2284 212 2342 241 ,Ἕω
2361 225 2407 249 ¹³¹

1322 236 1356 263 de
1372 236 1465 266 Ventis
1478 239 1564 274 liure,
1588 241 1736 279 Zephyro,
1757 241 1817 277 Isti,
1838 242 1945 279 inquit,
1967 242 2027 271 sunt
2038 242 2207 275 cardinales?
2224 248 2301 278 Adde
2313 240 2420 282 Salmas

1326 273 1420 302 Exere.
1437 276 1504 304 l‘lin.
1519 277 1537 305 f.
1554 282 1616 309 882.
2417 278 2421 283 ¹

1303 309 1462 355 Cardinales
1479 315 1506 341 in
1521 314 1663 344 Pontificio
1675 317 1735 352 jure
1751 316 1840 345 dirtos
1859 317 1989 354 opinatur
2013 317 2131 347 alciatus
2153 322 2283 358 exemplo
2301 326 2424 357 civilium

1326 351 1542 393 magistratuum.
1565 352 1596 381 lii
1614 353 1661 382 lib.
1676 354 1800 383 Officior.
1814 354 1954 384 Theodos.
1968 356 2128 385 Cardinales
2141 359 2316 394 appellantur
2333 364 2425 394 l'rael‘e-

1325 390 1500 426 ctipraetorio
1511 390 1610 419 lisiano.²
1621 391 1748 421 dioecelis
1758 414 1766 427 ,
1788 395 1813 422 δέ
1825 392 1967 421 Praefectus
1978 393 2071 421 Africae
2084 415 2091 427 ,
2112 398 2186 430 quod
2200 400 2316 429 maiores
2326 405 2425 432 ceteris

1323 423 1418 464 elit-nt.
1461 426 1533 468 Nuiii
1544 449 1552 461 ,
1574 429 1639 457 teste
1653 429 1773 463 PerottO,
1795 430 1949 460 Cardinalis
1960 432 1985 459 ὁὶ
1998 431 2150 460 Cardineus
2165 432 2333 472 Praecipuum
2347 439 2425 472 lieni-

1322 462 1395 489 hcat.
1437 462 1654 506 mliii-xneerrare
1667 467 1811 503 videntur,
1834 468 1880 503 qui
1897 478 1999 497 nomen
2013 468 2165 499 Cardinalis
2184 471 2239 500 divi
2261 468 2422 513 Hieronymi

1324 507 1404 540 aetate
1417 498 1494 529 fuisse
1509 510 1635 537 ignotum
1651 505 1772 534 tradunt.
1811 505 1892 534 Certe
1903 506 1956 535 hoc
1968 506 2157 536 Curdinaliuni
2169 518 2255 543 genus
2273 521 2329 541 non
2349 523 2407 544 erat

1323 536 1428 564 etiamsi
1440 538 1539 580 demus
1553 550 1656 570 nomen
1668 542 1756 571 suilie.
1797 543 1852 571 Sed
1868 543 1960 572 adhuc
1981 542 2027 572 sub
2044 545 2140 579 judice
2153 545 2186 574 lis
2204 548 2261 581 est,
2282 560 2336 586 quo
2355 538 2425 581 temi

1321 582 1390 609 pore
1400 595 1408 608 ,
1429 584 1484 609 quo
1496 576 1573 606 lontc
1583 578 1614 606 sit
1631 586 1707 608 ortus
1720 580 1909 609 Cardinaliuni
1923 581 2002 610 ordo.
2044 582 2210 613 Pontificum
2224 585 2313 616 libelli
2326 611 2333 623 ,
2357 591 2424 620 teste

1323 610 1514 641 Roterodamo
1525 636 1532 647 ,
1556 616 1681 645 indicant
1692 625 1751 646 tum
1761 618 1897 648 institutos
1907 639 1915 655 ,
1928 628 2013 655 quum
2025 620 2099 649 orbis
2109 621 2259 658 agnoscens
2270 625 2426 658 Romanam

1322 647 1466 691 ecclesiam
1481 653 1567 681 totius
1578 653 1694 689 Reipub.
1716 655 1873 684 Christianis
1888 657 2066 694 principem,
2089 668 2123 687 eo
2143 661 2314 699 conflueret,
2336 666 2423 702 siquid

1323 686 1455 715 extitiliet
1467 689 1543 723 qood
1554 691 1725 720 eruditorum
1736 693 1880 722 consilium
1899 695 2058 731 requireret.
2096 696 2136 725 Ad
2155 698 2184 726 id
2203 703 2326 731 muneris
2342 704 2424 733 eleCii

1324 722 1387 767 sunt
1398 723 1549 769 duodecim
1565 728 1745 764 Cardinales,
1767 731 1818 759 viri
1830 731 1973 766 dostrina,
1995 732 2118 763 moribus
2139 735 2329 773 &linguarum
2352 743 2425 778 peri.

1322 766 1361 795 tia
1373 762 1564 806 instruc'tiffiqui
1577 775 1652 795 nunc
1663 774 1798 796 vocantur
1808 768 2018 804 Poenitentiarii,
2033 780 2120 808 penes
2132 782 2200 809 quos
2211 774 2295 806 liaeret
2305 778 2413 809 functio

1320 798 1434 828 Nomen
1447 801 1473 829 ἃ
1488 801 1608 838 dignitas
1619 813 1705 840 penes
1717 805 1785 834 alios
1796 805 1834 834 est
1845 827 1854 839 ,
1876 816 1935 843 qua:
1944 817 2020 836 nunc
2034 817 2131 846 regum
2141 819 2262 848 aequatur
2271 803 2423 847 altitudini:

1265 833 1316 864 CA
1326 845 1341 864 a
1352 846 1419 903 osidN
1430 847 1449 866 A
1460 849 1476 866 L
1487 848 1524 867 1'1·
1534 850 1547 869 s
1556 851 1573 869 R
1586 862 1594 877 ,
1617 841 1685 871 ridv.
1707 843 1745 872 est
1766 842 1966 881 Principaiiter.
2000 845 2108 876 firmic.
2127 852 2152 877 6.
2174 859 2216 886 13.
2241 852 2425 885 Cardinaliter

1302 883 1358 910 prae
1372 884 1378 902 1
1402 884 1456 904 ere.

1265 909 1288 939 C
1298 921 1318 939 A
1328 920 1344 939 R
1354 920 1372 940 o
1383 923 1392 940 1
1403 922 1423 940 N
1434 917 1449 941 A·
1458 922 1478 941 τ
1487 920 1525 943 us
1536 936 1544 949 ‚
1567 915 1627 959 [idi.
1651 912 1825 960 [ι’τλρμῖιῖὢ]
1847 924 1892 954 ut,
1912 918 2035 956 Tignum
2050 922 2223 955 cardinatum
2240 937 2246 956 :
2269 929 2366 966 vulgus
2376 935 2425 958 En-

1300 950 1434 992 clapatum
1448 959 1539 994 yocat.
1565 952 1672 983 Vitruv.
1686 954 1735 983 lib.
1752 964 1794 983 ιο.
1808 965 1868 993 cap.
1882 965 1927 985 21.
1957 957 2114 993 Coniuncta
2131 963 2269 999 capitibus
2293 968 2424 998 transver-

1301 986 1370 1015 sario
1381 988 1525 1018 cardinato
1535 990 1614 1028 tigno
1627 1014 1634 1027 ,
1656 992 1681 1022 ἃ
1693 992 1780 1022 altero
1792 994 1923 1022 mediano
1935 995 2007 1023 inter
2019 996 2090 1027 duos
2107 998 2201 1037 scapos
2211 1004 2355 1034 cardinato

1264 1023 1287 1053 C
1296 1033 1316 1053 A
1325 1034 1341 1052 R
1351 1034 1369 1053 D
1379 1035 1396 1054 o
1407 1036 1421 1055 P
1431 1036 1447 1055 o
1457 1036 1469 1056 s
1484 1049 1491 1062 ‚
1513 1028 1529 1057 i.
1550 1039 1587 1058 m.
1610 1027 1791 1065 [ιωίξδὶπίῲι]
1813 1031 1944 1068 significat
1974 1034 2070 1063 Arcam
2088 1039 2249 1073 panariam:
2281 1029 2425 1075 nonnullis

1302 1068 1458 1130 ἓῆωείηὲτο
1471 1065 1579 1096 Μαςῖηι
1590 1069 1725 1106 accipitur
1736 1090 1744 1103 ,
1767 1078 1850 1106 quam
1868 1071 1894 1099 δι
1908 1069 2022 1106 Magida
2033 1071 2138 1104 dicunt.
2160 1077 2261 1108 Auctor
2271 1079 2336 1111 Cael.
2349 1081 2426 1113 Rho.

1323 1110 1359 1137 ig.
1387 1112 1395 1130 i
1420 1113 1463 1137 .9.
1484 1112 1516 1132 ca
1541 1114 1600 1134 .i.

1262 1137 1456 1182 'CAaoucn
1468 1152 1495 1184 ι’,
1516 1114 1606 1172 grum.
1629 1152 1665 1172 m.
1691 1141 1833 1180 [Καςὸέχοι
1854 1144 2021 1183 Stephano]
2056 1147 2215 1182 Parthorum
2235 1155 2335 1192 populi
2389 1157 2425 1187 ad

1300 1176 1407 1214 Tigrim
1420 1178 1537 1208 fluvium
1551 1201 1559 1216 ,
1582 1191 1701 1218 quorum
1718 1183 1849 1211 meminit
1859 1183 1956 1213 Strabo
1968 1184 2015 1213 lib.
2031 1189 2073 1216 16.
2345 1178 2352 1192 ³

1261 1213 1314 1243 CA
1325 1224 1368 1243 RD
1380 1219 1423 1245 υὲ
1434 1227 1506 1252 ωε,
1528 1219 1558 1248 is.
1578 1219 1596 1248 f.
1617 1215 1773 1255 [ἀκαιθῗς]
1796 1221 1858 1249 Avis
1866 1221 1956 1257 dicta,
1981 1224 2055 1259 quod
2077 1226 2242 1257 carduorum
2259 1229 2362 1261 semine
2378 1242 2426 1270 pa-

1298 1252 1395 1295 scatur.
1435 1254 1504 1285 Plin.
1518 1256 1565 1286 lib.
1582 1267 1622 1286 10.
1639 1266 1698 1295 cap.
1713 1267 1758 1292 42.
1783 1257 1908 1288 Nliiiimae
1936 1260 2029 1289 avium
2049 1263 2209 1300 cardueles,
2232 1267 2365 1304 imperata
2386 1271 2426 1300 sa-

1298 1297 1393 1326 ciunt,
1415 1301 1467 1321 nec
1476 1303 1547 1324 voce
1561 1302 1669 1324 tantum
1681 1318 1689 1330 ,
1711 1295 1757 1324 sed
1768 1296 1889 1334 pedibus
1911 1299 1937 1327 Sc
1954 1308 2001 1327 ore
2014 1308 2064 1336 pro
2083 1302 2218 1332 manibus.
2237 1304 2338 1336 dicitur
2360 1309 2425 1337 Car-

1298 1328 1399 1396 Cuedus
1410 1340 1431 1396 la
1441 1331 1546 1362 Servio.
1585 1335 1600 1369 [
1613 1333 1702 1362 Immo
1715 1333 1744 1362 in
1756 1334 1885 1371 quibusd.
1897 1335 1981 1365 codd.
1994 1337 2137 1369 ear-dualis
2147 1361 2155 1376 ,
2176 1340 2260 1371 sedin
2270 1346 2426 1375 emendatis

1259 1396 1260 1399 ,
1322 1376 1350 1395 ar
1373 1377 1407 1396 ue
1421 1378 1452 1398 is.

1259 1404 1283 1433 C
1292 1411 1311 1432 Λ
1320 1414 1336 1433 R
1345 1415 1364 1434 D
1374 1415 1393 1434 u
1402 1415 1440 1435 us
1451 1428 1460 1442 ,
1484 1407 1502 1436 i.
1518 1415 1554 1437 m.
1576 1409 1762 1444 [σκόλυμΘι]
1784 1409 1878 1439 llerba
1889 1411 1927 1440 est
1938 1411 2020 1447 vulgo
2031 1419 2106 1443 nota.
2129 1414 2202 1453 Virg.
2219 1427 2242 1447 1.
2254 1418 2422 1457 Georg.152.

1389 1443 1460 1473 Mox
1472 1446 1497 1475 Sc
1507 1446 1656 1476 frumentis
1667 1446 1747 1476 labor
1758 1448 1886 1477 additus:
1910 1458 1941 1478 iit
1951 1449 2021 1478 mala
2035 1451 2144 1482 culmos

1388 1481 1463 1512 Esset
1475 1484 1574 1522 rubigo
1585 1507 1593 1521 ,
1614 1484 1757 1522 segnisque
1769 1485 1892 1515 horreret
1907 1488 1936 1515 in
1947 1489 2018 1517 arvis

1390 1520 1525 1551 Carduus.
1617 1523 1714 1559 Segnis
1728 1545 1736 1558 ,
1768 1524 1786 1552 i.
1803 1534 1827 1553 e.
1859 1525 1968 1554 inutilis
1983 1547 1991 1560 ,
2012 1525 2192 1558 infecundus.
2232 1530 2352 1562 Servius.

1296 1555 1424 1588 Carduus
1432 1559 1599 1590 benedicffus
1609 1583 1617 1596 ,
1638 1562 1733 1590 Planta
1754 1562 1791 1590 est
1803 1562 1887 1591 nullis
1900 1565 1953 1592 hou
1968 1570 2094 1601 tempore
2106 1575 2165 1595 non
2180 1570 2300 1605 cognita.
2324 1571 2359 1601 de
2372 1581 2425 1610 qua

1317 1595 1348 1624 V.
1373 1596 1452 1633 plura
1465 1599 1541 1636 apud
1552 1598 1693 1628 Matthiol.
1712 1600 1741 1627 in
1751 1599 1797 1629 lib.
1817 1609 1839 1637 3.
1860 1601 1980 1630 Dioscor.
1993 1611 2053 1639 cup.
2066 1613 2112 1638 91.

1258 1632 1282 1678 (Γ.
1290 1642 1307 1661 A
1317 1643 1334 1661 R
1344 1644 1362 1662 D
1372 1644 1390 1662 υ
1401 1638 1416 1663 ir}
1425 1645 1444 1664 τ
1453 1646 1470 1664 υ
1479 1647 1500 1665 Μ
1513 1658 1521 1671 ,
1544 1637 1561 1665 i.
1586 1647 1614 1666 n.
1638 1637 1811 1667 Carduorum
1823 1638 1910 1669 locus.
1935 1639 2039 1669 Pallad.
2050 1652 2076 1676 4.
2090 1651 2117 1678 9.

1258 1671 1374 1708 θῆκε,
1408 1673 1439 1702 ln
1461 1683 1507 1703 CA
1520 1684 1594 1704 Rus.

1257 1708 1493 1747 CARECTUM,
1515 1712 1546 1742 lri
1568 1722 1703 1742 cAREX.

1257 1745 1280 1775 C
1292 1756 1311 1788 A
1321 1757 1336 1775 R
1348 1757 1360 1776 a
1369 1758 1388 1776 N
1399 1759 1411 1778 s
1421 1759 1454 1778 iis
1466 1771 1474 1784 ,
1496 1750 1564 1780 ium.
1588 1761 1625 1780 m.
1648 1750 1786 1788 Hispaniae
1799 1750 2011 1783 Tarraconensis
2023 1753 2122 1792 populi
2135 1754 2196 1785 sunt
2211 1780 2218 1791 ‚
2241 1758 2424 1798 Compluten.

1294 1784 1365 1815 libus
1377 1787 1471 1817 vicini.
1494 1788 1563 1818 Plin.
1578 1788 1626 1818 lib.
1640 1798 1663 1825 3.
1683 1799 1744 1827 cap.
1758 1798 1782 1824 3.

1256 1821 1279 1851 C
1290 1832 1335 1865 AR
1347 1833 1361 1852 a
1371 1834 1391 1853 N
1401 1834 1437 1854 *rr
1447 1835 1483 1854 Ni
1496 1847 1504 1862 ,
1526 1830 1615 1856 orum.
1639 1837 1676 1856 m.
1700 1827 1784 1856 ltalia:
1796 1827 1895 1864 populi
1914 1829 1976 1858 sunt
1987 1851 1994 1864 ,
2016 1829 2046 1858 in
2067 1837 2163 1866 quarta
2175 1833 2288 1870 regione
2305 1845 2320 1865 a
2332 1836 2422 1868 Plinio

1288 1860 1340 1894 lib.
1357 1871 1381 1897 3.
1392 1873 1453 1901 cap.
1469 1874 1511 1894 12.
1532 1865 1634 1900 locati,
1655 1875 1744 1903 prope
1754 1865 1916 1894 Frentanos.

1256 1897 1279 1928 C
1289 1908 1385 1929 AREN
1396 1911 1414 1930 υ
1426 1912 1446 1930 Μ
1457 1923 1465 1937 ,
1487 1902 1530 1931 vel
1552 1904 1602 1932 CA
1613 1913 1660 1932 Ra:
1672 1913 1690 1932 Ν
1701 1914 1748 1932 uir
1764 1925 1772 1937 ,
1794 1904 1812 1932 i.
1833 1913 1862 1933 n.
1884 1904 1978 1933 Genus
1991 1904 2049 1934 vini
2061 1905 2169 1936 dulcis:
2192 1915 2274 1945 atque
2292 1912 2330 1940 ita
2341 1923 2422 1943 voca-

1293 1943 1338 1966 tur
1349 1960 1357 1972 ,
1378 1948 1464 1975 quum
1478 1941 1559 1970 musti
1573 1951 1627 1970 una
1636 1948 1712 1978 parte
1720 1942 1837 1970 decocta
1852 1942 2052 1980 deperditaque
2062 1945 2258 1981 relinquuntur
2272 1949 2342 1979 duae.
2389 1952 2420 1981 V.

1293 1975 1400 2006 Ludov.
1415 1978 1510 2008 Nonn.
1524 1979 1559 2008 de
1570 1979 1610 2009 Re
1623 1979 1684 2009 Cib.
1695 1979 1742 2009 lib.
1753 1990 1778 2014 4.
1789 1989 1850 2017 cap.
1869 1989 1911 2016 ¹3·
1952 1981 2005 2010 Sed
2017 1982 2146 2011 vocabuli
2168 1985 2245 2022 origo
2264 1987 2302 2016 ita
2325 1988 2424 2019 obscu-

1292 2023 1322 2042 ra
1336 2015 1394 2049 est,
1427 2022 1459 2045 ut
1478 2027 1493 2046 a
1510 2017 1696 2054 grammaticis
1717 2017 1801 2047 nullis
1827 2017 1858 2047 sit
1885 2018 2058 2056 perscripta,
2093 2031 2179 2058 quum
2212 2031 2303 2053 tamen
2327 2030 2423 2057 aucto.

1291 2061 1334 2081 res
1356 2053 1436 2083 multi
1455 2054 1536 2090 hujus
1558 2056 1634 2084 vocis
1653 2056 1855 2091 meminerint,
1876 2063 1908 2085 ut
1930 2056 2088 2093 Palladius,
2121 2060 2222 2089 Octob.
2241 2062 2297 2092 Tit.
2320 2071 2360 2097 ιε,
2393 2068 2419 2095 &

1293 2089 1382 2120 Graeci
1409 2102 1502 2122 rerum
1535 2093 1695 2122 rusticarum
1726 2093 1874 2131 scriptores
1896 2116 1904 2130 ,
1942 2095 2027 2124 etiam
2056 2097 2085 2125 in
2116 2099 2257 2129 medicina
2285 2102 2422 2133 Nicolaus

1292 2127 1439 2171 Myrepsus
1454 2131 1480 2161 ἃ
1490 2131 1603 2169 Apicius
1615 2141 1730 2168 coquus.
1747 2141 1772 2161 2.
1789 2141 1813 2161 1.
1825 2138 1894 2162 extr.
1918 2132 1974 2170 Ego
1984 2140 2076 2163 autem
2085 2135 2183 2166 vinum
2194 2137 2270 2168 velut
2280 2139 2419 2177 Caricum,

1291 2168 1383 2203 inquit
1397 2168 1545 2199 Turnebus
1555 2169 1666 2199 Advers.
1688 2179 1730 2205 13.
1744 2179 1789 2205 23.
1810 2169 1864 2199 effe
1884 2171 2061 2200 crediderim.
2103 2173 2175 2203 Nam
2196 2176 2249 2206 sive
2269 2177 2420 2209 Caroeiium

1291 2214 1342 2242 per
1357 2215 1384 2234 oe
1408 2205 1559 2242 scribatur,
1579 2207 1728 2245 suspicioni
1739 2207 1837 2237 nostrae
1847 2207 2037 2246 suffragabitur
2051 2212 2236 2251 etymologia,
2258 2215 2312 2245 live
2333 2227 2382 2254 per
2404 2228 2420 2247 e

1291 2242 1427 2286 singulare
1437 2244 1575 2275 Carenum
1586 2246 1722 2283 reperitur
1733 2268 1741 2281 ,
1762 2255 1818 2283 quo
1830 2248 1999 2277 recentiores
2011 2246 2157 2286 scriptores
2166 2272 2173 2285 ,
2195 2262 2314 2288 quorum
2327 2256 2419 2291 proxi-

1290 2290 1344 2311 mls
1357 2282 1457 2312 seculis
1469 2293 1574 2312 nomen
1586 2284 1642 2313 vini
1654 2285 1747 2313 careni
1757 2290 1854 2313 natum
1863 2292 1936 2321 erat,
1958 2292 2075 2315 utuntur
2084 2309 2092 2322 ,
2114 2289 2141 2318 ἃ
2151 2290 2251 2320 melius
2262 2291 2344 2321 scribi
2361 2295 2420 2330 qui-

1291 2319 1356 2349 dam
1366 2320 1489 2351 censent.
1530 2321 1705 2351 Calliodorus
1720 2323 1750 2350 in
1764 2321 1917 2360 Tripartita
1935 2323 2047 2353 historia
2061 2346 2069 2360 ,
2091 2325 2196 2357 lsauriae
2211 2339 2321 2367 quoque
2336 2330 2420 2360 latro.

1289 2367 1340 2387 nes
1348 2359 1470 2388 maxima
1481 2360 1664 2390 multitudine
1673 2370 1839 2397 congregata
1847 2359 1931 2398 usque
1945 2362 1980 2391 ad
1993 2362 2115 2393 Carenos
2136 2366 2163 2394 Sc
2183 2366 2356 2398 Phoeniciam
2373 2378 2419 2399 ve-

1288 2396 1416 2432 nientes,
1437 2397 1520 2427 urbes
1534 2399 1560 2427 Sc
1576 2399 1654 2428 vicos
1674 2399 1703 2427 in
1716 2399 1811 2427 medio
1834 2399 1936 2436 positos
1954 2400 2083 2437 populati
2100 2401 2170 2432 sunt.
2212 2404 2305 2435 Graece
2323 2414 2416 2438 autem

1289 2432 1417 2465 scribitur
1435 2438 1507 2474 μέχρι
1525 2436 1603 2472 καςῶν
1619 2438 1641 2472 ig
1658 2438 1765 2468 Φοινίκων
1776 2458 1783 2470 ,
1804 2438 1857 2466 ἃς.
1899 2437 1993 2467 Genus
2002 2448 2067 2475 ergo
2079 2438 2133 2469 tale
2141 2442 2198 2470 vini
2209 2464 2217 2477 ,
2240 2450 2271 2472 ut
2282 2445 2417 2476 credibile

1288 2472 1327 2500 est
1337 2494 1345 2508 ,
1368 2474 1452 2510 primi
1464 2475 1547 2503 Cares
1563 2474 1702 2503 decoxere
1715 2495 1724 2509 ,
1747 2475 1895 2504 &nomine
1907 2476 1943 2505 de
1953 2475 1979 2505 se
1988 2475 2116 2508 affecere.
2151 2479 2219 2510 Haec
2233 2481 2356 2513 Turneb.

1289 2508 1332 2539 Est
1340 2512 1425 2540 etiam
1439 2511 1534 2541 Genus
1543 2511 1644 2541 herbae.
1665 2512 1802 2542 Columel.
1818 2522 1913 2548 ¹2-49·

1251 2546 1273 2576 C
1282 2558 1324 2576 Aa
1334 2558 1348 2577 a
1357 2559 1378 2578 N
1388 2558 1408 2577 A
1417 2559 1434 2578 R
1443 2560 1484 2578 1AE
1497 2572 1504 2585 ‚
1525 2560 1614 2579 arum.
1636 2550 1655 2579 f.
1678 2550 1815 2580 Videntur
1826 2552 1901 2589 apud
1914 2551 2066 2581 Palladium
2083 2554 2232 2592 appellatae
2250 2557 2372 2587 Cortinae
2388 2560 2415 2589 ὅ(

1287 2586 1347 2615 vasa
1360 2608 1367 2622 ,
1388 2588 1418 2616 in
1427 2587 1526 2624 quibus
1534 2589 1663 2624 coquitur
1671 2597 1812 2618 carenum.
1853 2589 1898 2618 Sic
1907 2597 1999 2619 autem
2013 2589 2107 2621 scribit
2121 2599 2146 2626 8.
2162 2602 2187 2630 7.
2222 2594 2414 2633 Etdiligenter

1286 2634 1336 2661 per
1357 2626 1510 2655 catenarias
1529 2625 1646 2655 divisum
1658 2648 1666 2662 ,
1687 2626 1810 2663 quinque
1831 2626 1962 2657 horarum
1977 2628 2064 2666 spatio
2079 2631 2216 2661 continuo
2233 2643 2283 2671 per
2295 2635 2415 2664 investes

1286 2668 1387 2700 pueros
1397 2663 1507 2692 curabis
1519 2664 1622 2701 agitare
1632 2686 1640 2699 ,
1662 2663 1723 2693 vasa
1734 2664 1791 2702 ipsa
1800 2666 1977 2696 concutiens.
1999 2666 2124 2698 Turneb.

1248 2698 1271 2729 C
1280 2711 1299 2729 A
1310 2710 1324 2729 a
1337 2711 1351 2729 Β
1360 2710 1377 2730 0
1387 2723 1395 2736 ,
1418 2702 1445 2730 ui
1458 2723 1467 2737 ,
1493 2703 1565 2731 itum
1576 2723 1585 2737 ,
1606 2703 1632 2731 Sc
1657 2708 1756 2731 contra
1774 2702 1897 2739 regulam
1916 2704 2019 2733 cassum
2029 2726 2036 2738 ,
2070 2705 2250 2743 [λ’πυςεςὲομωι
2260 2730 2268 2742 ,
2293 2708 2393 2745 ςέςομοα
2403 2732 2411 2745 ,

1284 2738 1386 2775 ῡςεςίω]
1407 2741 1463 2768 ere.
1484 2739 1638 2769 Priscianus
1657 2740 1752 2769 censet
1778 2741 1932 2771 dictionem
1952 2741 2064 2778 Caffus,
2094 2754 2199 2774 nomen
2224 2746 2278 2775 effe
2296 2748 2408 2784 potius,

1285 2786 1369 2814 quam
1380 2778 1579 2816 participium,
1601 2784 1631 2807 ut
1644 2778 1760 2808 Vacuus.
1784 2778 1856 2816 Virg.
1869 2788 1895 2810 2.
1917 2780 1979 2810 AEn.
1998 2785 2043 2816 85.

1282 2852 1300 2881 S
1354 2852 1360 2858 .
1440 2826 1565 2846 —nunc
1580 2815 1683 2846 cassum
1700 2816 1809 2847 lumine
1822 2817 1929 2855 lugent.
2014 2819 2032 2848 i.
2055 2828 2078 2849 e.
2101 2819 2239 2849 Privatum
2251 2843 2258 2856 ,
2280 2832 2409 2853 vacuum.

1304 2862 1403 2883 ervius.

1283 2890 1384 2920 Carere
1404 2891 1471 2929 quid
1486 2891 1621 2928 significet
1640 2891 1763 2922 declarat
1788 2892 1847 2923 Cic.
1864 2902 1885 2923 1.
1900 2893 1981 2923 Tusc.
1996 2899 2041 2928 88.
2071 2894 2160 2925 Triste
2171 2896 2245 2925 enini
2256 2897 2294 2926 est
2305 2906 2409 2927 nomen

1301 2928 1531 2966 ipsumcarendi:
1554 2932 1617 2967 quia
1634 2931 1779 2968 subjicitur
1799 2931 1859 2961 haec
1876 2932 1936 2967 vis,
1958 2932 2084 2969 Habuit,
2106 2943 2163 2962 nori
2184 2933 2283 2969 habet,
2306 2935 2409 2965 deiide-

1301 2971 1359 3002 rat,
1381 2968 1515 3004 requirit,
1537 2968 1653 3006 indiget.
1696 2969 1730 2998 Et
1750 2969 1834 3007 paulo
1851 2970 1931 3007 post,
1961 2970 2059 3000 Carere
2081 2971 2164 3008 igitur
2182 2972 2237 3001 hoc
2256 2972 2408 3010 fignificat,

1302 3004 1388 3041 Egere
1398 3015 1432 3034 eo
1442 3006 1517 3042 quod
1529 3006 1629 3036 habere
1639 3006 1718 3037 velis.
1762 3007 1843 3037 Plura
1855 3008 1970 3037 ibidem.

1280 3041 1385 3078 Careo,
1408 3053 1473 3073 cum
1484 3044 1618 3081 genitivo.
1655 3044 1720 3075 Ter.
1736 3045 1837 3075 Heaut.
1848 3055 1873 3075 2.
1889 3057 1912 3080 4.
1925 3056 1970 3075 20.

1337 3080 1410 3110 Nam
1422 3082 1490 3110 dum
1502 3081 1550 3111 abs
1565 3089 1594 3112 te
1607 3082 1712 3118 absum,
1725 3093 1823 3112 omnes
1835 3084 1903 3113 mihi
1914 3084 2021 3112 labores
2032 3083 2109 3113 fuere
2120 3094 2189 3121 quos
2201 3085 2273 3122 cepi,
2295 3085 2385 3117 leves:

1336 3118 1520 3156 Praeterquam
1535 3121 1577 3149 tui
1593 3122 1746 3151 carendum
1757 3122 1833 3159 quod
1845 3130 1910 3151 crat.

1279 3155 1351 3185 Cum
1361 3157 1529 3187 accusativo.
1553 3158 1638 3188 Plaut.
1651 3159 1732 3189 Curc.
1749 3169 1772 3189 r.
1785 3169 1810 3189 2.
1822 3163 1867 3195 46.
1890 3159 1964 3196 Quia
1976 3159 2005 3187 id
2017 3159 2092 3196 quod
2102 3169 2164 3188 amo
2180 3169 2271 3190 careO.

1279 3194 1351 3223 Cum
1364 3194 1493 3225 ablativo.
1535 3195 1599 3226 Ter.
1613 3197 1682 3227 Eun.
1692 3208 1717 3226 2.
1733 3207 1755 3227 1.
1772 3207 1814 3233 17.

1357 3233 1486 3263 Tandem
1498 3244 1555 3263 non
1566 3245 1618 3272 ego
1636 3235 1683 3264 illa
1699 3245 1807 3264 caream
1819 3257 1826 3269 ,
1849 3235 1866 3263 si
1885 3235 1916 3263 sit
1931 3244 2001 3270 opus
2019 3233 2165 3264 vel-totum
2174 3236 2297 3266 triduum
2307 3239 2321 3267 ⁶?

1279 3269 1412 3300 Caruitne
1422 3271 1505 3301 febris
1517 3279 1545 3302 te
1558 3272 1616 3302 lieri
1633 3273 1677 3302 vel
1692 3273 1908 3302 nudiustertius?
1930 3273 2014 3301 l’laut.
2027 3272 2109 3302 Curc.
2124 3283 2148 3302 1.
2163 3283 2186 3304 1.
2199 3283 2242 3310 17.

1275 3308 1362 3337 Aditu
1374 3312 1494 3340 carentia
1506 3310 1568 3340 saxa
1579 3333 1586 3346 ,
1608 3311 1756 3341 [nacceffa.
1780 3311 1863 3339 Ovid.
1878 3320 1902 3347 3.
1920 3310 1988 3339 Met.
1999 3313 2062 3339 226.

1276 3345 1438 3377 Ambitione
1447 3356 1522 3377 caret
1531 3351 1640 3386 petitus.
1666 3349 1733 3378 Hor.
1747 3358 1772 3377 2.
1790 3348 1873 3386 Epist.
1885 3357 1910 3376 2.
1925 3352 1988 3377 260.

1274 3383 1374 3414 Anima
1383 3395 1483 3416 carere.
1506 3386 1627 3422 Quintil.
1642 3387 1690 3416 lib.
1707 3396 1730 3422 3.
1742 3396 1802 3423 cap.
1816 3395 1842 3422 7.

1274 3420 1364 3452 Bono.
1405 3423 1464 3453 Cic.
1480 3435 1500 3453 i.
1512 3424 1594 3453 Tusc.
1608 3430 1653 3458 88.
1676 3424 1785 3453 Dicitur
1794 3423 1864 3452 illud
1874 3422 1949 3451 bono
1958 3432 2050 3452 carere
2060 3422 2135 3461 quod
2147 3423 2186 3453 est
2195 3423 2310 3456 malum.

1274 3459 1359 3489 Bonis
1377 3469 1497 3491 morum.
1523 3463 1540 3491 i.
1556 3472 1579 3491 e.
1603 3462 1702 3492 Carere
1714 3461 1795 3490 bonis
1805 3460 1938 3490 moribus.
1960 3460 2028 3489 Stat.
2043 3472 2065 3496 5.
2076 3461 2140 3491 Silv.
2158 3472 2180 3491 r.
2195 3472 2238 3497 52.

1274 3497 1440 3528 Commodis
1451 3509 1551 3528 carere.
1593 3500 1650 3529 Cic.
1667 3510 1717 3537 pro
1727 3498 1806 3528 Rosc.
1820 3500 1910 3527 Amer.
1923 3509 1967 3533 44.
1991 3499 2031 3527 An
2044 3499 2205 3529 amandarat
2214 3500 2289 3529 hunc
2298 3501 2352 3538 fic,
2370 3508 2401 3533 ut

1293 3535 1361 3602 ἓῐῖεῑ
1369 3537 1399 3565 in
1409 3546 1491 3595 εξζῐοε),
1513 3547 1545 3567 ac
1553 3537 1750 3566 tantummodo
1765 3536 1882 3566 aleretur
1899 3536 1934 3565 ad
1954 3536 2049 3565 villam
2062 3538 2076 3566 ‘2
2097 3543 2128 3566 ut
2143 3539 2300 3568 commodis
2311 3541 2401 3570 omni-

1315 3583 1345 3603 us
1357 3581 1462 3604 careret
1479 3598 1484 3603 .

1273 3610 1487 3649 conspiratione
1501 3614 1527 3642 &
1539 3611 1665 3650 periculo
1674 3621 1774 3641 carere.
1798 3611 1874 3640 Suet.
1889 3612 1956 3648 Aug.
1970 3621 2013 3646 19.
2034 3611 2108 3642 Nam
2123 3622 2160 3643 ne
2171 3612 2278 3644 ultimae
2286 3615 2400 3652 quidem

1291 3648 1369 3679 sortis
1380 3650 1528 3679 hominum
1541 3649 1745 3687 conspiratione
1758 3650 1783 3679 ἃ
1791 3649 1917 3687 periculo
1928 3650 2024 3679 caruit.

1271 3686 1484 3718 consuetudine
1494 3688 1647 3716 amicorum
1657 3696 1757 3716 carere.
1800 3687 1857 3716 Cic.
1875 3698 1898 3722 ς.
1912 3687 1994 3717 Tusc.
2006 3692 2051 3724 63.
2073 3688 2166 3725 Quam
2174 3688 2241 3719 huic
2255 3697 2312 3720 erat
2322 3690 2401 3720 mise-

1290 3735 1353 3755 rum
1368 3748 1376 3760 ‚
1397 3735 1490 3755 carere
1501 3725 1704 3754 consuetudine
1713 3725 1869 3754 amicorum
1879 3747 1886 3759 ,
1898 3727 1951 3755 ἃς.

1271 3762 1396 3792 Crimine
1410 3772 1510 3792 carere.
1554 3762 1612 3791 Cic.
1624 3772 1676 3800 pro
1696 3762 1784 3800 Ligar.
1795 3773 1822 3798 4.
1851 3763 1922 3800 Ergo
1942 3763 2002 3792 haec
2019 3763 2076 3794 duo
2095 3771 2223 3803 tempora
2237 3773 2334 3795 carent
2350 3767 2400 3795 cri-

1289 3810 1375 3830 mine.

1269 3837 1368 3875 Culpa.
1410 3837 1475 3867 Ter.
1487 3837 1588 3873 Hecyr.
1601 3847 1629 3872 4.
1643 3848 1669 3873 4.
1683 3847 1727 3872 41.
1751 3837 1868 3868 Censen’
1884 3844 1912 3868 te
1926 3838 2002 3876 posse
2016 3841 2138 3878 reperire
2153 3840 2238 3870 ullam
2253 3841 2398 3871 mulierem

1286 3885 1347 3912 quae
1358 3882 1449 3905 careat
1458 3874 1564 3912 culpa‘?
1586 3885 1621 3904 an
1631 3876 1760 3912 quianon
1775 3875 1943 3913 delinquunt
1957 3877 2027 3906 viri‘?
2050 3878 2104 3908 Hic
2122 3880 2230 3909 videtur
2247 3880 2397 3908 Terentius

1287 3922 1392 3949 ponere
1403 3912 1502 3942 Carere
1513 3912 1596 3950 culpa
1607 3935 1614 3947 ,
1636 3923 1687 3951 pro
1699 3923 1734 3943 eo
1743 3914 1818 3950 quod
1828 3914 1866 3943 est
1876 3935 1883 3949 ,
1909 3915 1974 3944 Non
1988 3915 2158 3953 delinquere.
2210 3917 2239 3947 V.
2261 3927 2278 3946 c
2291 3927 2307 3946 u
2319 3928 2334 3945 L
2342 3927 2356 3945 P
2366 3927 2394 3946 A.

1267 3950 1339 3980 Cura
1355 3956 1452 3981 carens
1464 3959 1559 3988 opera.
1584 3951 1652 3980 Hor.
1665 3952 1700 3981 de
1710 3953 1774 3981 Arte
1783 3952 1858 3982 Poet.
1871 3957 1934 3982 261.

1823 3990 1836 4020 Ι
1846 3991 1872 4020 ii
1894 4000 1907 4028 3
2302 3991 2400 4021 Discri-
