2604 4222
625 136 654 172 C
749 133 766 169 Ι
869 130 901 165 V

486 224 568 249 atem.
582 217 641 247 Cic.
655 226 706 253 pro
720 215 813 244 Domo
828 221 872 248 79.
886 207 1069 237 Volaterranis
1079 206 1108 235 L.
1124 202 1201 235 Sulla
1213 204 1314 239 vidior,

223 260 330 297 Repub.
351 265 520 295 recuperata.
543 256 663 285 comitiis
672 251 831 282 centuriatis
842 248 980 289 civitatem
993 254 1099 282 eripere
1110 249 1278 286 non—potuit.

202 298 318 335 Ereptor
329 297 454 326 civitatis.
495 294 553 324 Cic.
566 302 616 330 pro
631 292 720 320 Domo
733 294 777 322 81.
800 288 833 317 At
847 292 876 315 tu
891 291 975 313 etiam
990 288 1100 319 ereptor
1121 288 1256 315 cwitatis,
1279 279 1317 308 le-

241 345 286 364 em
297 336 331 363 de
341 335 447 367 iniuriis
459 332 577 369 publicis
588 329 680 359 tulisti.

233 374 314 401 abere
325 373 475 401 civitatem.
516 368 572 397 Cic.
585 377 609 396 2.
620 367 655 395 de
666 363 759 399 Legib.
772 372 796 396 ς.
818 360 858 390 Ita
868 367 953 401 quum
963 362 1025 400 ortu
1034 355 1209 385 Tusculanus
1225 353 1292 384 effet
1305 374 1314 390 ,

224 411 362 439 civitatem
376 409 490 437 Romam
504 406 609 434 habuit.
647 403 687 431 De
701 402 816 430 Catone.
857 396 896 425 Al.
919 395 1038 424 Civuate
1048 393 1192 424 Romanus
1207 394 1259 423 ἃς.

204 448 341 484 Impertiri
354 447 492 475 civitatem
508 442 623 479 gratuito
633 439 723 468 alicui.
746 437 803 466 Cic.
816 445 868 473 pro
880 434 960 463 Arch.
975 442 1018 462 10.

205 485 305 522 Largiri
320 484 468 513 civitatem.
492 480 522 509 ln
544 490 559 507 L
570 489 589 507 A
600 488 615 506 iv.
625 488 640 505 c
651 486 684 505 io
694 486 720 519 ¹³:

204 523 306 552 Mutari
317 522 435 550 civitate.
474 517 504 547 ln
525 527 571 545 Μυ
582 525 601 544 τ
612 525 638 543 o.
679 513 736 542 Cic.
752 520 802 549 pro
814 508 985 539 Cormssalb.
1001 516 1043 545 31.

204 560 339 596 Recipere
351 558 469 586 civitate.
498 554 614 619 Cic.(pro
626 552 708 581 Corn.
720 549 795 578 Balb.
810 557 853 593 31.

204 597 340 634 Recipere
351 597 377 624 in
390 594 539 623 civitatem.
574 591 615 619 ‘ic.
632 599 682 626 pro
695 587 774 616 Arch.
788 595 834 615 22.

203 635 331 664 Retinere
341 632 492 661 civitatem.
514 628 571 657 Cic.
585 637 634 664 pro
644 626 727 655 Corn.
741 624 878 667 Balb343.
953 660 959 666 ⁸
1199 656 1205 663 ¹
1280 655 1286 662 .

203 672 332 702 Retinere
342 671 370 698 in
383 669 503 699 civitate,
525 668 549 695 Sc
561 664 747 694 Exterminare
756 671 790 690 ex
803 662 914 691 civitate
925 659 1046 696 aliquem
1058 667 1065 687 :
1087 662 1232 687 contraria.
1255 655 1313 684 Cic.

220 719 270 747 pro
284 709 366 743 Ligar.
378 716 419 741 ιζ.
444 706 494 734 Aut
506 710 560 733 tres
571 702 670 740 Ligarii
681 703 710 731 in
722 701 833 729 civitate
841 698 982 728 retinendi
990 696 1053 725 sunt
1064 717 1074 731 ,
1094 702 1142 725 aut
1157 701 1210 724 tres
1223 703 1258 723 ex
1277 694 1316 722 ci-

219 747 303 775 vitate
317 742 530 773 exterminandi.
1262 770 1267 774 ι

199 784 310 814 Sancire
326 783 383 817 jura
401 781 436 809 de
455 779 583 812 civitate,
605 778 631 807 Sc
650 776 788 805 libertate.
828 772 887 803 Cic.
901 783 952 810 pro
963 772 1056 802 Domo
1071 777 1115 806 80.
1145 770 1220 800 Tum
1231 770 1315 812 igitur

217 821 335 853 maiores
346 819 430 848 nostri
441 817 589 855 populares
602 824 659 843 non
669 814 797 844 fuerunt:
821 812 868 849 qui
883 812 918 841 de
932 812 1046 841 civitate
1056 808 1221 840 &libertate
1234 817 1265 836 ea
1273 816 1315 843 Ju-

216 869 244 887 ra
254 858 408 886 sanxerunt.

196 895 337 933 Suscipere
348 895 376 923 in
389 894 538 922 civitatem.
562 890 619 921 Cic.
633 899 658 920 α.
675 889 711 918 de
726 888 820 926 Legib.
835 896 859 923 ς.

196 933 330 963 Tribuere
339 933 489 961 civitatem.
512 929 569 959 Cic.
581 938 632 966 pro
642 928 724 957 Corn.
737 926 812 956 ssaib.
827 935 870 963 37.
1290 956 1297 963 ·

197 971 299 1000 Civitas
311 971 393 999 etiam
410 979 458 1006 pro
477 968 550 997 Tota
565 967 678 1003 regione
691 966 813 1003 ponitur.
854 961 917 991 Caet
934 971 954 990 1.
967 960 1035 991 Bell.
1048 958 1118 990 Gall.
1135 965 1178 988 12.
1210 958 1313 988 Omnis

213 1009 309 1037 civitas
322 1007 448 1037 Helvetia
457 1007 485 1035 in
498 1010 615 1042 quatuor
628 1013 714 1042 pagos
726 1000 809 1031 divisa
819 1001 864 1030 est.
889 1000 922 1029 Et
931 1008 1014 1028 mox:
1036 998 1107 1034 Quae
1115 1007 1176 1035 pars
1191 995 1311 1026 civitatis

213 1045 346 1075 Helvetia.
357 1045 489 1081 insignem
499 1042 684 1072 calamitatem
699 1040 807 1078 Populo
819 1036 1097 1069 Romanointuierat.

193 1083 352 1120 Brigantum
363 1083 469 1111 civitas.
492 1080 582 1110 Tacit.
597 1080 683 1114 Agris.
700 1088 740 1114 ¹7-
755 1088 781 1107 2.

192 1121 452 1150 Hermundurorum
468 1119 574 1148 civitas.
595 1117 673 1147 ldeni
686 1116 720 1145 de
736 1116 827 1145 Germ.
839 1124 884 1150 41.
898 1123 922 1142 1.

191 1157 327 1188 Ubiorum
339 1157 444 1187 civitas.
466 1157 545 1186 idem
559 1165 581 1184 ι.
593 1156 661 1184 Αηῃ.
676 1162 718 1190 37.
732 1163 756 1189 3.
1030 1187 1037 1193 ·
1190 1185 1197 1192 ι
1238 1182 1245 1191 .
1270 1183 1276 1190 ι

192 1196 353 1226 Civitatium
373 1196 422 1231 tin
434 1204 495 1231 gen.
509 1194 569 1232 pl.)
590 1192 664 1231 apud
683 1191 800 1221 Plinium
810 1189 859 1219 lib.
873 1194 899 1222 8.
910 1188 945 1218 ad
960 1185 1117 1217 Maximum
1127 1207 1135 1223 ‚
1156 1193 1307 1223 principio,

209 1234 309 1272 incipit
322 1235 412 1263 Amor.
452 1232 612 1261 Liberarum
622 1230 785 1260 civitatium.
808 1228 837 1256 in
847 1227 971 1256 editione
985 1226 1020 1254 ad
1038 1223 1180 1261 exemplar
1200 1221 1307 1252 Rudol·

206 1272 257 1309 phi
269 1274 327 1309 Agr.
339 1271 489 1308 recognita.
511 1270 579 1298 Vide
591 1279 625 1298 an
637 1268 701 1298 &in
715 1276 776 1296 mea
790 1265 926 1295 editione.
950 1264 984 1293 Η.
996 1263 1036 1294 St.
1079 1262 1121 1292 Est
1141 1271 1184 1298 ep.
1199 1270 1244 1304 ,²4·
1279 1261 1306 1289 Sc

207 1310 356 1339 Civitattim
369 1310 482 1346 quidem
495 1307 628 1338 exhibent
638 1306 722 1336 codd.
737 1303 896 1339 emendati,
916 1301 963 1332 sed
981 1301 1066 1330 altera
1080 1299 1127 1329 illa
1144 1300 1305 1329 lectionem

207 1349 359 1393 marginem
370 1348 481 1383 rejena.
559 1383 565 1389 ι
599 1382 605 1389 ·
981 1376 999 1383 ..
1168 1375 1174 1381 ι

150 1385 191 1416 Cr
202 1395 236 1414 vr
246 1395 266 1413 'r
276 1395 295 1414 A
306 1395 350 1414 Tu
360 1396 376 1413 L
386 1395 405 1413 A
415 1406 423 1420 ,
443 1394 474 1413 ae.
496 1383 515 1412 f.
537 1383 636 1412 dimin.
658 1380 723 1410 Seri.
739 1380 775 1409 de
791 1384 881 1408 morte
891 1376 999 1407 Claudii
1011 1386 1038 1414 p.
1052 1380 1116 1410 85²·
1138 1374 1192 1404 Hic
1203 1373 1305 1411 quaestu

186 1423 214 1452 se
238 1423 403 1457 sustinebat,
424 1421 546 1451 vendere
563 1419 717 1450 civitatulas
734 1417 848 1446 solebat.
877 1416 895 1445 i.
908 1425 931 1444 e.
952 1415 1001 1449 Jus
1019 1414 1154 1443 Ronianae
1174 1413 1303 1441 civitatis.

187 1462 227 1490 Ad
241 1461 381 1498 quandam
391 1458 562 1489 civitatulam
572 1457 758 1496 pervenimus.
783 1453 861 1493 Apul.
878 1464 920 1483 10.
932 1453 1001 1482 Met.
1017 1462 1043 1489 p.
1058 1456 1122 1493 238.
1227 1487 1232 1493 ¹

147 1499 319 1534 Civir.1s,
341 1508 365 1528 e.
396 1494 562 1534 [πολιτικὴ]
594 1495 680 1532 Quod
698 1493 734 1524 ad
756 1494 830 1523 cives
846 1492 977 1531 pertinet.
1007 1496 1053 1525 ut,
1076 1488 1166 1518 Civile
1185 1487 1302 1517 odium:

182 1536 266 1605 lcildllilti
274 1536 388 1604 kdiexlilisn
412 1572 472 1603 Cic.
487 1582 510 1601 1.
524 1570 599 1600 Verr.
614 1575 658 1604 ig.
680 1569 752 1599 Nam
764 1568 871 1597 civibus
881 1577 967 1606 quum
978 1565 1040 1595 sunt
1050 1570 1152 1602 ereptae
1162 1562 1301 1601 pecuniae,

201 1613 275 1642 civili
287 1613 342 1641 sere
353 1612 464 1641 actione
476 1612 502 1639 δι,
513 1610 621 1647 privato
638 1609 698 1644 jure
712 1613 883 1645 repetuntur.

181 1650 266 1681 Amor
277 1650 365 1679 civilis
377 1651 402 1679 ἃ
413 1648 561 1678 Naturalis.
600 1645 670 1675 Gell.
682 1645 730 1674 lib.
747 1655 788 1674 12.
804 1654 865 1681 cap.
881 1653 904 1673 1.
927 1642 962 1672 ad
977 1641 1078 1685 finem,-
1095 1640 1228 1678 Magnam
1242 1638 1301 1668 fere

180 1696 308 1755 Apartem
318 1697 376 1754 zon
387 1686 519 1754 riCalturcaiilis
533 1685 580 1729 ille
590 1694 666 1751 amtg
679 1682 802 1750 e1},8{eld
811 1682 899 1711 civilis
910 1682 935 1711 ἃ
946 1679 1103 1718 opinabilis.

178 1736 391 1793 Billliiniiwffie.
403 1733 569 1799 7.alltt.²1'3¹.n
584 1731 774 1789 pCeniijsnlielli¹
788 1725 863 1795 qiidd
884 1757 915 1785 sit
931 1756 1018 1785 vides.
1043 1755 1080 1784 ita
1094 1751 1177 1784 civile
1191 1752 1248 1788 est,
1269 1757 1300 1782 ut

196 1811 253 1830 non
265 1811 299 1830 ex
310 1801 412 1830 civium
426 1799 588 1829 dissensione
597 1819 604 1833 ,
625 1797 671 1827 sed
682 1806 717 1826 ex
729 1797 811 1826 unius
829 1795 931 1834 perditi
941 1795 1011 1824 civis
1019 1793 1138 1823 audacia
1147 1796 1244 1822 natum
1256 1790 1295 1820 fit.

177 1838 253 1869 Bella
262 1839 406 1877 plusquam
418 1837 519 1867 civilia.
542 1835 645 1866 Lucan.
663 1834 711 1864 lib.
727 1845 749 1863 r.
770 1844 793 1864 1.

268 1877 344 1906 Bella
356 1886 404 1915 per
416 1875 567 1906 AEmathios
578 1873 721 1911 plusquam
733 1871 827 1902 civilia
839 1879 969 1909 campOS,

267 1914 369 1951 ¹Iusque
384 1915 480 1943 datum
494 1913 588 1942 sceleri
600 1913 735 1940 canimus.

176 1952 245 1982 Belli
257 1952 347 1982 civilis
356 1953 441 1981 aestus.
464 1951 530 1981 Hor.
544 1960 570 1979 α.
587 1949 666 1987 Epist.
680 1956 707 1978 2.
719 1957 766 1984 47.
1188 1979 1196 1987 .
1276 1978 1285 1988 ,

174 1990 254 2020 Busta
264 1990 364 2034 civilia.
406 1990 526 2027 Propert.
540 1988 587 2017 lib.
600 1997 627 2017 2.
643 1997 666 2016 i.
684 1996 729 2023 27.
759 1985 778 2015 i.
790 1995 815 2015 e.
836 1984 957 2022 Campos
974 1981 1165 2049 Pffillf‘ffwss
1187 1990 1220 2025 ³¹¹.
1237 1989 1297 2024 qin-

194 2028 244 2057 bus
255 2030 279 2058 ἂ
290 2028 378 2057 occisa
388 2027 450 2057 sunt
463 2049 472 2063 ‚
495 2029 520 2057 δε
535 2025 640 2063 sepulta
658 2024 852 2054 Romanorum
865 2022 952 2052 multa
965 2020 1052 2050 millia
1092 2019 1149 2049 ello
1162 2017 1244 2049 Civili
1255 2025 1296 2047 in·

166 153 231 187 532

203 222 315 260 Eripere
326 221 408 251 alicui
419 221 485 250 civit

193 2071 236 2094 ter
248 2066 379 2095 Caesarem
393 2068 418 2095 ἃ
430 2064 603 2102 Pompeium.

175 2103 253 2133 cnrae
273 2104 367 2133 civiles
379 2125 387 2139 ‚
416 2103 435 2132 i.
446 2112 470 2133 e.
501 2104 573 2132 Cura
592 2102 628 2131 de
650 2099 758 2130 civibus
770 2120 779 2135 ‚
799 2104 846 2128 aut
869 2106 929 2134 quae
945 2097 1036 2126 civem
1052 2095 1163 2125 decent.
1184 2094 1253 2125 Hor.
1268 2101 1292 2130 3.

173 2143 426 2209 Digni-'igisiiijlib
444 2187 469 2208 2.
485 2187 548 2216 cap.
561 2185 606 2214 77.
628 2176 685 2213 Qui
699 2174 852 2212 opponitur
863 2170 1065 2202 Astronomico.
1105 2170 1139 2200 V.
1160 2167 1290 2200 Gass‘end.

192 2217 253 2246 lnst.
267 2217 311 2246 lib.
329 2227 351 2246 1.
366 2227 427 2253 cap.
438 2225 482 2245 22.

171 2254 336 2290 Diffidiurn,
358 2252 610 2284 Discordiacivilis.
634 2249 733 2280 Claud.
747 2249 783 2279 de
796 2247 865 2278 Bell.
876 2246 950 2277 Gild.
962 2256 1028 2283 241-

172 2292 265 2323 Furor.
291 2294 356 2322 Ηοῑ.
369 2304 395 2328 4.
412 2292 501 2321 Carni.
518 2301 559 2325 ις.
576 2295 618 2324 ¹8·

263 2330 382 2360 Custode
399 2339 490 2360 rerum
503 2328 622 2363 Caesare,
642 2336 701 2355 non
710 2325 786 2355 furor

262 2369 358 2397 Civilis
368 2389 376 2403 ‚
397 2376 444 2397 aut
455 2368 495 2397 vis
508 2367 613 2396 eximet
622 2365 722 2394 otium.

188 2415 238 2435 nes
251 2406 363 2436 civium.

167 2444 231 2480 Jura
242 2444 343 2473 civilia.
367 2443 432 2473 Hor.
448 2451 469 2471 1.
484 2442 571 2471 Serm.
584 2451 609 2477 9.
625 2449 668 2475 τι).

167 2481 224 2511 Lex
240 2481 329 2511 civilis
340 2491 372 2511 ac
403 2479 503 2511 ublica.
526 2479 583 2508 Cic.
593 2488 644 2516 pro
658 2476 762 2510 Caecin.
777 2483 823 2512 74.

167 2520 243 2549 Mars
257 2520 354 2554 civilis,
398 2519 482 2548 ellum
497 2518 569 2546 inter
578 2526 661 2546 cives.
684 2514 767 2544 Ovid.
780 2517 805 2542 6.
817 2511 898 2551 Epist.
911 2519 955 2548 35.
977 2509 1098 2541 Civilem
1109 2508 1230 2540 Martem
1240 2519 1288 2540 vo-

186 2564 231 2586 cat
243 2557 353 2586 illorum
364 2558 453 2594 quiex
464 2556 562 2585 eadem
573 2561 644 2584 terra
655 2553 740 2591 geniti
754 2556 841 2581 erant.

167 2595 231 2625 Mos
239 2594 466 2630 consuetudoque
477 2592 573 2622 civilis.
615 2592 673 2622 Cic.
688 2601 710 2620 1.
725 2589 783 2619 Off.
799 2594 858 2623 148.
879 2587 940 2617 Nec
955 2594 1117 2623 quenquam
1129 2586 1184 2615 hoc
1194 2594 1287 2615 errore

186 2633 250 2662 duci
267 2639 398 2668 oportet,
421 2638 451 2660 ut
465 2630 551 2667 siquid
565 2630 689 2659 Socrates
709 2634 757 2659 aut
772 2623 925 2664 ffiistippus
940 2631 1036 2655 contra
1046 2634 1155 2654 morem
1172 2623 1286 2653 consue·

183 2671 367 2706 tudinenique
377 2669 487 2698 civilem
497 2668 614 2697 fecerint
623 2689 631 2701 ,
650 2669 702 2697 &c-

164 2707 336 2738 Nefascivile
351 2730 359 2742 ‚
379 2707 463 2736 Nefas
478 2706 593 2735 civium.
621 2705 688 2734 Stat.
702 2712 725 2733 1.

165 2747 247 2775 Odia.
271 2745 368 2775 Claud.
381 2745 416 2774 de
431 2744 497 2773 Bell.
510 2743 570 2773 Get.
585 2746 648 2778 565.

164 2784 276 2813 Officia.
299 2783 419 2821 Quintil.
431 2782 477 2811 lib.
493 2790 518 2811 2.
534 2790 594 2819 cap.
610 2790 653 2816 ις.

163 2821 227 2851 Pax.
270 2821 327 2851 Cic.
344 2832 369 2857 7.
388 2820 506 2863 Philipp.
518 2825 544 2853 8.
579 2818 673 2854 ltaque
693 2811 741 2846 ille
759 2824 811 2852 ego
831 2814 878 2852 qui
896 2813 1005 2851 semper
1018 2813 1114 2842 auom
1127 2811 1204 2850 pacis
1223 2811 1280 2842 fui:

182 2860 283 2896 cuique
292 2880 300 2894 ,
321 2868 374 2896 pax
387 2858 538 2896 praesertim
553 2856 644 2887 civilis
655 2879 663 2893 ‚
684 2862 842 2892 quanquam
853 2850 985 2881 omnibus
995 2851 1087 2886 bonis,
1106 2850 1175 2880 mihi
1187 2857 1283 2879 tamen

181 2898 210 2926 in
225 2898 320 2934 primis
333 2897 385 2925 fuit
393 2894 533 2934 optabilis.
1035 2926 1042 2933 ο
1159 2925 1166 2932 .
1185 2925 1192 2931 ·

163 2934 289 2971 Quercus
303 2957 311 2969 ,
332 2935 460 2971 Quercea
470 2941 571 2962 corona
581 2930 668 2961 civica
681 2951 689 2965 ,
711 2938 793 2967 quam
814 2929 864 2964 (ut
874 2927 957 2957 refert
966 2927 1099 2961 Servius)
1120 2935 1166 2962 qui
1184 2935 1213 2954 in
1225 2925 1283 2954 bel-

178 2973 208 3002 lo
219 2973 310 3002 civem
321 2971 477 3001 liberassent
486 2992 494 3007 ,
518 2968 708 3007 accipiebant,
730 2967 794 2996 ideo
814 2966 878 3003 quia
892 2972 956 2994 ante
966 2964 1055 2994 caussa
1066 2965 1129 2993 vitae
1139 2964 1168 2993 in
1179 2963 1230 2993 hac
1242 2973 1283 2993 ar»

181 3010 248 3039 bore
258 3010 418 3039 hominibus
427 3010 479 3038 fuit
490 3031 498 3044 ,
520 3008 566 3045 qui
576 3006 723 3045 glandibus
737 3003 924 3034 vescebantur.
947 3003 1018 3039 Virg.
1033 3006 1058 3031 6.
1080 3003 1142 3033 AEn.
1156 3009 1220 3038 772.

254 3049 342 3084 Atque
354 3048 478 3078 umbrata
488 3052 586 3084 gerunt
597 3043 671 3074 civili
685 3049 811 3080 tempora
822 3050 934 3078 quercu.
1011 3039 1040 3069 V.
1063 3040 1092 3069 in
1113 3050 1130 3068 c
1139 3050 1148 3068 1
1156 3048 1174 3068 v
1184 3049 1193 3068 1
1203 3049 1220 3068 c
1229 3049 1248 3068 u
1257 3048 1279 3069 s.

161 3085 284 3122 Sanguis.
309 3086 415 3114 Lucret.
428 3084 476 3114 lib.
491 3093 568 3120 3.7o.
591 3081 644 3112 i.e.
667 3080 740 3110 Bella
751 3079 853 3112 civilia,
875 3079 927 3107 sive
941 3078 1279 3107 Civiuminterfeftiones.

161 3123 282 3153 Scientia
294 3146 302 3157 ‚
323 3123 445 3153 Politice.
484 3120 603 3158 Quintil.
620 3119 667 3149 lib.
682 3128 707 3148 α.
724 3128 784 3156 cap.
799 3127 840 3151 ις.
871 3116 1039 3158 Rhetoricen
1055 3122 1148 3145 autem
1166 3115 1280 3152 quidam

179 3163 297 3190 eandem
309 3161 472 3191 civilitatem
493 3159 546 3189 eise
564 3159 768 3195 judicaverunt.
809 3154 910 3197 Cicero
926 3154 1047 3183 scientiae
1065 3153 1153 3183 civilis
1172 3159 1280 3191 partem

180 3205 275 3228 vocat:
296 3199 384 3228 civilis
397 3207 490 3228 autem
500 3197 611 3227 scientia
623 3196 697 3225 idern
709 3192 785 3231 quod
795 3192 928 3231 sapientia
940 3191 988 3221 est.

161 3236 276 3272 Strages.
298 3236 396 3265 Claud.
410 3241 434 3266 6.
453 3235 534 3265 Coris.
550 3234 623 3264 Hon.
638 3238 699 3267 ¹18-
906 3265 912 3273 .
1099 3265 1107 3271 ⁶

163 3273 265 3303 Studia.
303 3274 360 3304 Cic.
375 3284 425 3312 pro
437 3274 516 3303 Font.
537 3277 578 3302 16.
600 3272 628 3301 Si
642 3270 759 3300 inimico
769 3268 828 3298 testi
837 3267 912 3297 credi
924 3275 983 3295 non
995 3270 1139 3302 oportuit,
1160 3265 1280 3295 inimici-

181 3312 234 3339 tior
245 3311 376 3340 Marcello
387 3311 511 3345 Crassus,
533 3312 558 3341 δι
571 3308 697 3340 Fimbriae
717 3307 834 3337 Scaurus
855 3315 890 3336 ex
912 3303 1043 3334 civilibus
1061 3303 1174 3338 studiis,
1196 3308 1278 3340 atque

182 3349 380 3379 obtrectatione
389 3349 538 3378 domestica
549 3370 556 3383 ,
578 3357 661 3384 quam
676 3346 741 3375 huic
751 3344 842 3374 Galli?

163 3384 250 3414 Verba
263 3387 355 3416 civilia
366 3409 374 3421 ‚
395 3397 454 3423 quae
469 3387 551 3416 etiarn
564 3385 675 3415 Directa
686 3383 785 3419 injure
794 3380 970 3420 appellantur
979 3401 986 3412 ,
1007 3377 1090 3407 verba
1099 3377 1161 3406 sunt
1174 3378 1279 3408 formu.

181 3422 268 3452 larum
280 3425 405 3453 civilium
415 3447 422 3458 ,
444 3425 499 3453 hoc
510 3424 547 3452 est
559 3432 617 3459 quae
629 3422 661 3451 ad
670 3419 802 3457 juscivile
813 3417 1025 3449 accommodata
1035 3413 1103 3444 olim
1113 3425 1128 3444 a
1138 3415 1278 3451 ,Iuriscon-

181 3459 256 3490 sultis
266 3461 384 3496 suerunt,
406 3471 440 3490 ex
452 3472 486 3490 eo
500 3461 633 3490 nimirum
643 3459 719 3496 quod
729 3458 788 3487 haec
799 3466 860 3495 pars
872 3456 938 3491 juris
953 3454 1067 3496 proprie
1075 3462 1277 3490 nonnunquam

180 3499 223 3534 jus
237 3498 316 3527 civile
327 3499 479 3536 appellatur
490 3520 498 3534 ‚
521 3499 560 3528 uti
577 3498 712 3534 Pompon.
726 3494 835 3525 docetl.
847 3503 874 3524 2.
886 3493 919 3523 D.
933 3493 967 3522 de
980 3494 1048 3534 orig.
1060 3501 1109 3534 jur.
1137 3490 1189 3520 sive
1200 3492 1276 3527 quod

180 3535 358 3564 vernaculum
378 3536 462 3571 ess'et,
491 3545 582 3572 neque
597 3535 630 3564 ab
649 3540 806 3563 exterarum
823 3532 949 3570 gentium
971 3530 1100 3559 institutis
1114 3528 1172 3557 sum
1195 3535 1274 3558 tum:

181 3572 233 3602 sive
265 3573 376 3602 uodsoli
389 3575 464 3603 cives
481 3574 522 3603 his
539 3573 607 3609 legis
616 3571 772 3601 actionibus
788 3580 820 3600 ac
840 3569 965 3599 formulis
985 3569 1026 3597 uti
1040 3565 1156 3604 possent.
1199 3567 1273 3603 apin.

178 3609 196 3639 l.
214 3582 287 3645 γῆ),
302 3610 335 3638 de
346 3611 417 3648 vulg.
431 3613 531 3648 &pup.
562 3609 655 3639 Verbis
676 3609 805 3638 civilibus
823 3607 1046 3637 substitutionem
1067 3604 1132 3647 post⁸
1149 3611 1276 3646 quai-tum

180 3647 323 3676 decimum
341 3658 443 3677 annum
461 3649 546 3678 aetatis
561 3647 655 3676 frustra
676 3647 733 3676 fieri
754 3646 893 3676 convenit.
921 3644 1030 3680 Ulpian.
1051 3652 1111 3679 cap.
1126 3641 1208 3670 instit.
1227 3650 1274 3676 ας.

179 3684 430 3714 Fideicommiffum
452 3686 504 3719 est,
528 3687 602 3722 quod
623 3694 680 3713 non
696 3683 824 3713 civilibus
836 3683 926 3713 verbis
938 3703 945 3716 ,
965 3681 1012 3710 sed
1034 3679 1174 3718 precative
1192 3677 1276 3708 relin-

180 3724 272 3759 quitur
286 3743 293 3755 ‚
314 3721 367 3751 hoc
381 3723 436 3756 est,
459 3732 514 3751 non
526 3723 568 3751 his
579 3722 704 3751 formulis
718 3731 777 3758 quae
794 3722 829 3751 ad
846 3720 988 3750 haeredum
1009 3717 1210 3747 institutionem
1232 3726 1277 3746 ac-

180 3759 364 3789 commodatae
381 3759 442 3788 sunt
454 3781 461 3793 ,
482 3760 527 3788 sed
542 3760 717 3797 precationis.

161 3796 207 3827 Vir
215 3805 277 3826 vere
288 3795 376 3824 civilis
387 3818 394 3830 ,
414 3798 439 3825 δι
452 3797 623 3839 publicarum
636 3798 854 3834 privatarumque
874 3804 965 3824 rerum
987 3791 1217 3823 administrationi
1232 3800 1276 3821 ac·

180 3834 380 3864 commodatus.
403 3833 519 3869 Quintil,
533 3835 559 3862 in
572 3844 689 3871 prooem.
702 3834 750 3863 lib.
766 3844 788 3863 1.

160 3872 247 3902 Unda:
262 3870 354 3899 civiles
366 3892 374 3904 ‚
395 3871 412 3899 i.
426 3880 449 3900 e.
473 3871 551 3899 Curre
562 3873 586 3900 ὁὶ
598 3871 788 3900 solicitudines
798 3870 926 3900 omnium
936 3878 1038 3903 rerum,
1054 3877 1113 3904 quae
1131 3867 1166 3897 ad
1174 3867 1273 3905 Remp.

179 3911 327 3948 pertinent.
356 3908 419 3936 Hor.
439 3919 459 3936 i.
473 3908 550 3945 Epist.
569 3918 589 3936 1.
607 3912 647 3936 16.

251 3947 336 3976 Nunc
347 3945 424 3982 agilis
433 3945 469 3973 fio
478 3967 487 3979 ,
507 3948 533 3975 δι
544 3944 645 3974 mersor
657 3944 783 3974 civilibus
790 3943 883 3974 undis.

804 2360 922 2392 Civilem
932 2360 1054 2390 furorem
1072 2364 1153 2391 vocat
1171 2358 1290 2390 Seditio-

743 2690 810 2732 Silv.
820 2706 866 2736 80.
887 2700 1023 2738 Intelligit
1031 2699 1139 2730 Bellum
1150 2699 1245 2730 civile.

1825 116 1854 152 C
1951 114 1978 153 L
2074 117 2103 152 A

1408 198 1514 231 Civilis,
1524 197 1572 227 ubi
1583 198 1617 227 ad
1626 197 1770 227 lio'minen'i
1780 199 1912 233 refertur,
1937 200 2069 236 lEquum,
2092 199 2270 234 Humanum,
2292 201 2476 235 &Communi
2486 202 2526 243 ju.

1428 247 1455 265 re
1466 246 1529 265 curn
1543 236 1601 264 aliis
1615 243 1740 265 utentem
1752 237 1884 271 denotat,
1905 237 1971 266 licet
1986 238 2120 274 dignitate
2130 238 2253 275 superior
2264 238 2302 269 sit.
2421 244 2425 247 '

1409 270 1545 309 ingressus
1555 274 1687 317 orationis
1698 273 1803 307 civilis,
1826 275 1851 303 81
1864 274 2008 304 humanus.
2032 275 2149 312 Quintil.
2167 276 2213 305 lib.
2228 286 2251 312 3.
2267 287 2327 315 cap.
2341 284 2367 311 8.

1409 313 1495 347 Agere
1506 311 1530 340 se
1542 311 1661 340 civdem.
1701 311 1776 352 Suet.
1788 312 1818 351 in
1828 311 1922 341 Tiber.
1934 317 2048 350 cap.26.
2073 313 2173 343 Verum
2196 314 2328 345 liberatus
2347 321 2443 351 metu,
2464 318 2527 348 civi-

1427 349 1484 393 lem
1496 349 1521 378 se
1531 349 1683 378 admodum
1690 350 1766 392 (inter
1777 350 1865 384 initia,
1887 360 1920 379 ac
1931 351 2014 388 paulo
2026 351 2118 381 minus
2129 361 2212 388 quam
2227 354 2366 391 privatum
2378 355 2443 391 egit.
2480 356 2525 386 Sic

1408 387 1524 417 civilior
1535 409 1543 421 ,
1566 387 1801 423 [πολιτυωπςζῷν]
1824 387 1907 416 Ovid.
1923 400 1948 423 4.
1966 387 2046 417 Trist.
2063 400 2088 424 4.
2106 398 2148 424 13.

1501 424 1561 468 lpse
1573 424 1754 467 patcrpatriae
1763 446 1770 458 ,
1793 425 1861 468 quid
1873 426 1949 455 enim
1961 425 2070 455 civilius
2081 425 2130 455 illo
2141 427 2155 455 ‘2
2176 427 2227 457 Sec.

1373 461 1581 505 civi—Linum
1595 484 1602 497 ,
1624 465 1683 491 fitis
1705 462 1724 491 f.
1747 464 1941 498 [mm-rotam]
1962 463 2033 501 quasi
2057 464 2152 494 Civilis
2173 474 2248 494 mos:
2271 466 2318 503 qui
2337 467 2363 496 ἃ
2381 465 2525 499 urbanitate

1409 501 1519 529 dicitur.
1560 499 1725 535 Plerumque
1736 510 1786 537 pro
1796 500 1974 531 Humanitate
1986 501 2107 538 ponitur.

1407 537 1563 581 Clementia
1575 539 1599 566 S<
1612 537 1738 566 civilitas.
1775 538 1851 567 Suet.
1865 539 1894 567 iri
1906 540 2013 576 August.
2027 549 2088 577 cap.
2103 548 2145 576 51.
2168 539 2330 570 Clementiae
2347 543 2373 571 &
2388 541 2523 573 civilitatis

1425 585 1486 609 eius
1496 575 1582 604 multa
1593 577 1617 605 ἃ
1630 585 1730 611 magna
1746 575 1915 605 documenta
1925 577 2045 606 fuerunt.
2168 607 2171 608 .

1404 610 1527 649 Jadtator
1548 613 1697 656 civilitatis..
1718 613 1808 657 'Suet
1833 614 1861 642 in
1885 614 1983 644 Claud.
2003 624 2063 652 cap.
2077 623 2119 651 35.
2158 615 2255 645 Primis
2280 615 2389 653 imperii
2408 617 2521 654 diebus,

1424 652 1669 718 ῗυειηίείυειηιτωὶ
1664 651 1809 687 diximus)
1828 652 1944 687 jactator
1960 652 2101 683 civilitatis
2112 675 2120 689 ‚
2142 663 2234 691 neque
2250 654 2379 683 convivia
2397 654 2466 684 inire
2476 665 2522 686 au-

1437 698 1467 718 us
1480 698 1495 718 e
1529 711 1536 724 ,
1560 699 1586 717 ni
1601 699 1608 717 i
1621 710 1628 723 ,
1672 698 1696 718 c.

1405 725 1527 755 Civilitas
1540 748 1548 760 ‚
1570 736 1620 764 pro
1641 726 1753 755 Politica
1768 725 1899 763 scientiar,
1932 733 1963 757 ut
1983 727 2129 758 Civilitatis
2149 729 2261 767 corpori
2276 733 2367 768 partes
2385 729 2518 768 affiguet,

1423 766 1473 793 &c
1498 764 1616 801 Quintil.
1631 763 1678 792 lib.
1692 773 1717 793 2.
1730 773 1790 802 cap.
1807 775 1847 799 15-

1405 801 1553 831 Civilitatis
1563 801 1712 839 particulae.
1736 802 1855 839 Quintil.
1867 802 1934 832 ibid.

1366 838 1599 874 Civittfrna,
1622 840 1885 875 Adv.[m>=i·nx315]

1403 877 1548 921 Civiliter,
1574 878 1591 906 i.
1607 886 1629 906 c.
1653 877 1693 906 Ex
1705 878 1829 907 instituto
1844 878 1911 914 juris
1923 877 2022 908 civilis.
2044 878 2196 914 Jaboienus
2205 880 2234 908 in
2248 878 2267 910 1.
2289 889 2375 917 quum
2387 879 2518 912 haeredes.

1420 916 1442 952 ς.
1464 922 1531 944 item
1545 925 1644 952 quaero.
1658 915 1689 944 D.
1702 915 1737 944 de
1747 917 1848 952 acquir.
1863 915 1968 954 possess.
1991 916 2019 945 Si
2030 919 2151 947 vinxeris
2160 915 2276 947 liberum
2291 918 2443 950 hominem.
2456 924 2518 951 euni

1420 960 1447 981 te
1459 953 1595 997 possidere
1604 963 1660 982 non
1673 959 1750 990 puto.
1773 954 1847 991 quod
1856 964 1941 991 quum
1954 955 1992 984 ita
2003 954 2029 984 se
2040 955 2151 991 habeat,
2172 956 2354 985 multominus
2364 965 2378 984 a
2391 962 2419 986 te
2432 967 2480 994 pet
2489 958 2517 986 il-

1419 990 1478 1035 lum
1489 1001 1531 1035 res
1541 1001 1600 1034 cius
1620 990 1927 1028 *offidebuntunneque
1939 993 2014 1021 enim
2027 999 2219 1023 rerumnatura
2228 994 2338 1031 recipit,
2350 999 2382 1023 ut
2393 1004 2443 1031 per
2453 1004 2516 1027 eum

1418 1029 1524 1073 aliquid
1535 1030 1606 1073 9⁰5³&
1624 1039 1671 1073 ere
1681 1029 1824 1067 poffimus,
1844 1040 1928 1067 quem
1940 1031 2060 1060 civiliter
2070 1032 2099 1060 in
2110 1041 2171 1061 mea
2183 1032 2318 1069 potestate
2329 1042 2388 1061 non
2400 1032 2495 1063 habeo.

1400 1066 1531 1104 Alioquin
1548 1067 1690 1101 CiViliter,
1712 1067 1751 1096 Ex
1765 1068 1905 1097 civilitatis
1939 1068 2095 1107 raescripto‚
2117 1070 2135 1099 i.
2150 1079 2174 1099 e.
2196 1070 2261 1099 Non
2270 1071 2414 1107 tyrannice
2422 1070 2517 1109 signifu

1421 1112 1482 1141 cat,
1504 1105 1545 1135 vel
1557 1105 1742 1135 monarcliice.
1764 1105 1860 1141 Juven.
1878 1117 1901 1141 ς.
1926 1108 2044 1137 'at.112.
2181 1107 2316 1137 —solum

1493 1143 1649 1187 Posuimus,
1672 1149 1807 1172 utcoenes
1816 1143 1942 1174 civiliter.
2038 1145 2056 1174 i.
2069 1154 2094 1174 e.
2116 1144 2183 1175 Non
2196 1145 2247 1175 tibi
2264 1145 2296 1175 sit
2310 1146 2389 1183 panis
2405 1145 2514 1184 lautus,

1417 1182 1556 1248 l{cp{eteris
1565 1181 1689 1211 convivis
1699 1181 1815 1219 vulgaris
1826 1203 1834 1217 ‚
1857 1188 1887 1211 ut
1901 1190 1959 1211 non
1979 1182 2011 1212 sit
2034 1183 2108 1213 inter
2125 1193 2177 1213 nos
2195 1183 2319 1214 delectus
2338 1184 2513 1216 serculorum.

1442 1229 1457 1248 u
1481 1229 1544 1248 aeus.

1398 1256 1488 1294 Magis
1498 1258 1544 1295 pie
1555 1266 1637 1301 quanm
1649 1256 1767 1301 civiliter
1777 1278 1785 1291 ,
1806 1257 1824 1287 i.
1837 1267 1861 1287 e.
1883 1257 1920 1287 Ut
1933 1256 2014 1287 decet
2023 1259 2122 1288 civem.
2145 1258 2203 1288 Liv.
2218 1264 2260 1296 38.
2276 1262 2320 1293 56.

1399 1294 1577 1324 Contendere
1588 1294 1714 1324 civiliter.
1754 1295 1811 1325 Cic.
1826 1305 1849 1325 1.
1862 1296 1919 1325 Off.
1935 1302 1978 1332 38.
2009 1296 2047 1326 Ut
2060 1298 2135 1326 enim
2145 1306 2230 1334 quum
2242 1296 2360 1328 civiliter
2371 1299 2515 1329 contendi-

1417 1343 1496 1369 mus,
1517 1332 1665 1362 alitersiest
1676 1333 1821 1369 inimicus,
1842 1333 1920 1363 aliter
1935 1334 1952 1362 si
1972 1335 2158 1372 competitor:
2181 1344 2246 1365 cum
2267 1335 2353 1366 altero
2375 1340 2513 1367 certarnen

1417 1371 1530 1400 lionoris
1541 1381 1572 1400 ac
1583 1371 1725 1414 digiiitatis
1740 1371 1794 1400 est:
1818 1381 1881 1401 etim
1896 1372 1980 1401 altero
1989 1373 2091 1410 capitis
2106 1374 2132 1402 ἃ
2145 1373 2233 1403 famae.

1396 1408 1459 1452 Plus
1469 1419 1550 1446 quam
1565 1409 1694 1440 civiliter.
1734 1408 1817 1439 Ovid.
1836 1419 1878 1440 12.
1894 1410 1965 1440 Met.
1984 1415 2045 1448 583.
2075 1411 2092 1440 i.
2109 1421 2133 1440 e.
2162 1411 2229 1441 Non
2248 1411 2366 1441 civiliter
2379 1433 2388 1448 ,
2408 1421 2466 1442 non
2482 1416 2513 1444 ue

1416 1456 1505 1476 civem
1520 1448 1623 1476 decuit.
1664 1445 1706 1476 De
1717 1446 1861 1485 Neptuno.

1358 1485 1380 1515 C
1389 1497 1397 1514 i
1407 1495 1425 1514 v
1436 1488 1446 1514 ἱ
1456 1495 1473 1514 c
1484 1496 1501 1514 u
1510 1495 1522 1515 s
1531 1508 1539 1521 ,
1563 1485 1623 1521 Adj.
1645 1482 1771 1521 [ὲςυιᾷς]
1792 1485 1878 1522 Quod
1888 1485 1922 1514 ad
1933 1486 2007 1515 cives
2017 1487 2155 1523 pertinet,
2177 1493 2207 1517 ut
2218 1487 2328 1517 Corona
2339 1487 2437 1524 civica,
2452 1499 2511 1527 quae

1394 1524 1509 1567 dabatur
1527 1523 1564 1552 ob
1584 1524 1673 1552 civem
1688 1523 1841 1558 servatum,
1868 1524 1944 1553 hoste
1964 1523 2064 1553 occiso.
2106 1526 2166 1555 Cic.
2186 1535 2235 1564 pro
2255 1525 2343 1554 Plane.
2358 1534 2402 1563 72.
2425 1527 2465 1556 Ad
2480 1526 2509 1557 id

1393 1568 1477 1591 etiam
1486 1562 1599 1599 gregarii
1609 1561 1710 1590 milites
1717 1561 1823 1590 faciunt
1833 1562 1914 1591 inviti
1924 1584 1932 1597 ,
1954 1568 1985 1591 ut
2000 1571 2134 1593 coronam
2149 1564 2218 1593 dent
2238 1562 2354 1593 civicam
2365 1585 2374 1600 ,
2396 1564 2423 1594 δι
2439 1563 2466 1594 se
2476 1565 2509 1595 ab

1393 1600 1487 1637 aliquo
1501 1600 1619 1628 servatos
1628 1598 1682 1628 effe
1693 1599 1839 1629 fateantur.

1392 1637 1435 1682 De
1455 1638 1541 1681 civ-ica
1554 1646 1677 1672 corona,
1699 1636 1767 1680 fiiri.
1786 1636 1834 1667 lib.
1849 1641 1891 1667 16.
1909 1647 1969 1675 cap.
1981 1649 2007 1673 4.
2030 1637 2104 1668 Hinc
2123 1638 2218 1668 civicae
2239 1648 2368 1675 coronae,
2389 1639 2508 1671 militum

1409 1682 1517 1705 virtutis
1530 1676 1634 1713 insigne
1648 1674 1834 1705 clariflrmum.
1876 1675 2050 1713 Jampridem
2064 1686 2129 1705 vero
2144 1679 2170 1706 Sc
2185 1677 2342 1706 clementiae
2362 1677 2508 1715 imperato.

1409 1724 1470 1744 rum
1479 1736 1486 1750 ,
1509 1714 1652 1752 postquam
1664 1712 1787 1742 civilium
1797 1712 1934 1743 bellorum
1948 1714 2064 1752 profano
2076 1715 2207 1744 meritum
2220 1715 2308 1753 coepit
2322 1716 2409 1746 videri
2420 1717 2507 1747 civem

1409 1752 1620 1795 non-occidere.
1661 1750 1773 1781 Cedunt
1792 1751 1824 1781 iis
1842 1751 1961 1781 murales
1979 1751 2163 1790 vallaresque,
2186 1754 2212 1782 &
2227 1762 2330 1788 aureae,
2352 1763 2506 1791 quanquam

1406 1797 1500 1828 pretio
1510 1789 1717 1819 antecedentes.
1758 1788 1905 1819 Cedunt&
1917 1790 2050 1824 rostratae,
2072 1791 2195 1828 quamvis
2214 1791 2243 1820 in
2258 1790 2370 1820 duobus
2387 1793 2506 1823 maxime

1406 1828 1569 1872 adhoc—aivi
1578 1827 1718 1871 celebres-z
1742 1826 1783 1857 M.
1795 1827 1915 1856 Varrone
1932 1837 1948 1857 e
1960 1828 2083 1865 piraticis
2094 1828 2173 1858 bellis
2185 1851 2192 1863 ,
2216 1829 2300 1858 dante
2311 1829 2415 1866 Magno
2430 1830 2506 1861 Pom*

1405 1875 1473 1904 pelo
1485 1875 1492 1896 ε
1515 1873 1584 1896 item
1596 1865 1635 1895 M.
1649 1866 1766 1903 Agrippa
1775 1887 1783 1899 ,
1803 1864 1945 1895 tribuente
1957 1865 2060 1895 Caesare
2072 1876 2087 1896 e
2099 1866 2197 1896 Siculis
2207 1888 2215 1902 ‚
2237 1877 2297 1904 quae
2309 1868 2334 1897 ἃ
2351 1867 2407 1905 ipsa
2417 1868 2506 1905 pirati-

1406 1914 1438 1933 ca
1450 1905 1535 1933 fuere.
1566 1903 1644 1947 lbid.
1658 1914 1683 1940 5.
1715 1902 1809 1946 Civica
1825 1903 1909 1941 iligna
1928 1905 2019 1941 primo
2039 1904 2109 1940 fuit,
2131 1905 2226 1942 postea
2244 1906 2331 1942 magis
2355 1905 2458 1942 placuit
2472 1914 2506 1937 ex

1406 1942 1499 1971 esculo
1510 1941 1572 1977 jovi
1582 1941 1663 1971 sacra.
1703 1940 1897 1978 variatumque
1909 1944 1934 1972 &
1947 1948 2012 1971 cuni
2022 1952 2125 1980 quercu
2136 1942 2173 1972 est
2181 1965 2189 1978 ‚
2211 1952 2243 1972 ac
2259 1944 2321 1972 data
2332 1944 2436 1981 ubique
2447 1954 2505 1982 quae

1404 1981 1511 2014 fuerat,
1533 1979 1672 2008 custodito
1686 1984 1795 2008 tantum
1806 1980 1913 2009 honore
1923 1979 2039 2018 glandis.

1385 2017 1512 2047 Civicam
1523 2026 1654 2047 coronam
1666 2017 1733 2046 civis
1743 2037 1750 2051 .,
1772 2017 1863 2046 salutis
1872 2017 1925 2047 suae
1934 2018 2014 2048 causa
2024 2040 2032 2054 ,
2058 2017 2179 2048 servatus
2190 2018 2220 2048 in
2230 2018 2325 2056 praelio
2336 2019 2426 2053 dabat,⁴
2446 2026 2504 2056 quae

1404 2062 1465 2085 erat
1478 2056 1562 2093 iligna
1573 2078 1581 2089 ,
1601 2055 1730 2084 frondem
1742 2055 1847 2084 habens
1858 2065 2019 2093 perennem.
2038 2056 2105 2086 Haec
2116 2056 2214 2086 Festus.
2237 2056 2359 2086 Geulib.
2373 2067 2396 2092 ς.
2412 2062 2502 2094 cap.6.

1404 2094 1499 2123 Civica
1510 2103 1614 2137 corona
1623 2092 1792 2131 appellatur,
1814 2103 1895 2130 quam
1908 2094 1974 2124 civis
1986 2094 2040 2123 civi
2053 2116 2060 2129 ,
2082 2104 2097 2123 a
2108 2104 2163 2130 quo
2172 2094 2289 2124 servatus
2302 2094 2376 2124 estin
2389 2096 2485 2133 praelio
2494 2118 2504 2132 ‚

1405 2133 1504 2161 testem
1513 2138 1574 2160 vitae
1588 2130 1732 2167 salutisque
1744 2137 1881 2168 perceptae
1892 2132 1946 2161 dat.
1985 2132 2022 2161 Ea
2031 2132 2063 2161 fit
2078 2141 2094 2162 e
2110 2132 2210 2161 fronde
2231 2142 2349 2170 querna:
2372 2135 2503 2170 quoniam

1404 2170 1482 2200 cibus
1491 2169 1630 2206 victusque
1640 2168 1841 2205 antiquiffimus
1853 2180 1988 2207 querceus
1999 2170 2061 2208 capi
2073 2169 2167 2199 solitus
2179 2170 2217 2200 sit.
2258 2170 2300 2200 Fi:
2319 2171 2404 2200 etiam
2417 2181 2451 2201 ex
2462 2171 2503 2202 ilia

1405 2217 1437 2238 ce
1455 2217 1461 2237 :
1484 2208 1560 2245 quod
1571 2217 1655 2245 genus
1664 2207 1795 2244 superiori
1811 2209 1969 2244 proximum
1987 2209 2034 2237 est.
2084 2207 2113 2238 V.
2135 2208 2205 2238 ibid.
2225 2209 2251 2238 δι
2267 2209 2344 2247 apud
2357 2209 2424 2239 Plin.
2441 2209 2459 2239 l.
2476 2215 2500 2240 ci

1404 2245 1503 2283 quibus
1513 2245 1722 2274 conditionibus
1733 2245 1852 2280 daretur,
1874 2245 1917 2275 vel
1934 2254 1992 2274 nori
1999 2246 2119 2275 daretur.

1383 2283 1492 2314 Dicitur
1503 2286 1527 2313 δι
1540 2284 1637 2312 Civica
1648 2282 1731 2311 absol.
1763 2282 1859 2312 Civica
1869 2284 1972 2312 donare
1982 2283 2113 2321 aliquem.
2135 2282 2254 2320 Quintil.
2266 2283 2313 2313 lib.
2326 2286 2352 2313 6.
2364 2293 2424 2322 cap.
2439 2295 2464 2319 4.

1382 2322 1463 2352 Arma
1475 2322 1562 2351 civica
1572 2321 1646 2358 apud
1661 2321 1744 2350 Ovid.
1763 2330 1786 2350 1.
1797 2321 1864 2350 Fast.
1876 2331 1919 2350 22.
1941 2321 2135 2359 intelliguntur
2149 2322 2249 2353 Peritia
2262 2322 2377 2352 dicendi
2389 2323 2418 2352 in
2427 2321 2500 2359 judi·

1402 2361 1446 2390 cio
1457 2381 1465 2395 ‚
1489 2369 1542 2397 qua
1553 2360 1595 2388 vel
1607 2358 1765 2388 accusamus
1775 2380 1783 2393 ,
1805 2356 1850 2388 vel
1860 2359 2038 2389 defendimus
2049 2369 2109 2389 reos
2118 2381 2127 2396 ‚

1462 2397 1556 2427 Civica
1567 2407 1617 2435 pro
1629 2397 1742 2434 trepidis
1753 2404 1837 2433 quum
1849 2396 1914 2426 tulit
1930 2407 2005 2428 arina
2014 2398 2076 2427 reis.

1380 2434 1457 2465 Bella
1468 2436 1565 2464 civica.
1589 2434 1671 2464 Ovid.
1689 2444 1712 2464 1.
1726 2434 1761 2463 de
1771 2434 1846 2463 Pont.
1860 2445 1885 2464 2.
1902 2439 1962 2465 126.

1474 2473 1577 2502 Clausit
1589 2475 1614 2502 &
1629 2479 1729 2502 aeterna
1741 2473 1828 2502 civica
1843 2472 1915 2502 bella
1925 2473 1990 2503 sera.

1380 2510 1477 2542 Civica
1489 2513 1556 2547 Jura.
1581 2512 1647 2541 Hor.
1662 2520 1685 2539 1.
1699 2510 1780 2548 Epist.
1794 2519 1817 2545 3.
1831 2519 1876 2545 23.

1650 2563 1689 2569 —
1697 2547 1743 2577 seu
1755 2548 1844 2578 civica
1853 2549 1914 2585 jura

1470 2585 1652 2624 Respondete
1667 2596 1754 2624 paras.

1377 2624 1482 2655 Motus.
1508 2626 1607 2655 ticina.
1621 2624 1710 2653 Carm.
1725 2634 1746 2653 1.
1761 2634 1784 2653 1.

1377 2663 1514 2700 Quercus.
1546 2663 1576 2692 V.
1600 2663 1672 2691 Serv.
1686 2663 1714 2690 in
1726 2662 1797 2697 Virg.
1811 2665 1836 2691 6.
1854 2660 1916 2692 AEn.
1929 2669 1993 2698 772.

1377 2699 1480 2730 Rabies
1491 2723 1498 2734 ,
1520 2701 1629 2730 Bellum
1641 2700 1732 2729 civile.
1764 2698 1865 2735 Hor.3.
1880 2700 1968 2728 Carm.
1982 2708 2028 2735 24-
2041 2701 2086 2728 26.

2073 2472 2102 2503 h.
2113 2481 2138 2503 e.
2161 2468 2279 2508 civita,
2299 2471 2353 2503 five
2363 2457 2498 2504 intestffia.

1338 2739 1360 2770 C
1369 2742 1381 2768 ῐ
1391 2749 1408 2767 υ
1419 2748 1430 2767 s
1440 2760 1448 2773 ,
1470 2739 1583 2774 [mcv]
1608 2738 1716 2768 fluvius
1726 2737 1852 2767 Thraciae
1860 2747 1894 2766 ex
1905 2736 2045 2768 Paeonibus
2056 2738 2082 2767 ὁὶ
2093 2735 2232 2774 Rhodope
2242 2740 2338 2765 monte
2347 2730 2493 2773 profluens.

1376 2777 1418 2806 Est
1427 2778 1452 2805 δι
1463 2777 1536 2806 urbis
1545 2783 1658 2810 nomen,
1670 2785 1764 2813 quam.
1776 2782 1807 2805 ut
1816 2775 1926 2805 testatur
1934 2775 2031 2805 Strabo
2041 2775 2087 2804 lib.
2106 2783 2147 2804 12.
2170 2774 2259 2812 Philip
2283 2783 2313 2803 us
2325 2773 2456 2803 Demetrii
2466 2774 2492 2804 F.

1394 2816 1493 2844 evertit
1503 2837 1510 2848 ,
1532 2815 1664 2851 deditque
1686 2814 1780 2842 Prusiae
1803 2813 1893 2848 Zelae,
1915 2814 1961 2852 qui
1982 2814 2054 2842 lianc
2072 2813 2189 2847 evertit,
2212 2814 2238 2841 ὁὶ
2293 2811 2394 2849 yrleam
2412 2811 2493 2842 Prusae

1394 2851 1523 2882 vicinam.
1552 2853 1575 2882 ls
1587 2862 1601 2881 a
1613 2852 1698 2881 ruinis
1710 2861 1754 2880 eas
1767 2853 1901 2887 excitans,
1911 2853 2005 2887 Cium,
2015 2861 2030 2880 a
2042 2852 2067 2881 se
2079 2850 2252 2880 Prufiadem:
2275 2849 2411 2888 Myrleam
2421 2859 2492 2886 vero,

1393 2890 1428 2920 ab
1439 2899 1526 2920 uxore
1539 2892 1690 2929 Apameam
1704 2890 1869 2920 nominavit.

1777 2977 1807 3012 C
1903 2972 1918 3011 Ῑ
2015 2975 2044 3010 Ζ

1335 3034 1358 3065 C
1369 3045 1377 3064 1
1388 3043 1404 3064 z
1416 3042 1457 3064 A}
1467 3043 1501 3068 A,
1522 3032 1668 3070 [Κιξσιεφ]
1692 3031 1839 3063 Castellum
1852 3039 1910 3065 erat
1922 3031 2132 3062 munitissimum
2144 3052 2151 3065 ,
2173 3026 2246 3060 lacui
2261 3029 2378 3060 nomine
2389 3030 2490 3069 Stipha-

1372 3083 1409 3140 iSia
1425 3072 1725 3139 ,bindPhazci‘ngonetica
1744 3072 1874 3109 regione,
1896 3072 2043 3107 adjacens,
2064 3070 2140 3107 quod
2154 3068 2215 3105 post
2234 3067 2371 3098 desertum
2387 3068 2440 3105 est,
2460 3070 2488 3098 ut

1392 3117 1431 3140 tra
1453 3120 1469 3138 0
1501 3116 1564 3138 ocet
1586 3120 1594 3138 1
1618 3133 1623 3138 .
1642 3120 1684 3139 [2.

1335 3148 1516 3183 cizicus,
1550 3147 1579 3178 V..
1602 3154 1778 3177 citamus.

1802 3218 1831 3254 C
1919 3215 1948 3253 L
2030 3215 2058 3251 A

1333 3302 1356 3332 C
1366 3313 1381 3331 i.
1391 3304 1408 3331 K
1417 3312 1432 3330 s
1441 3303 1460 3331 fi
1471 3312 1486 3329 ι
1495 3311 1512 3330 A
1523 3323 1531 3335 ‚
1551 3300 1595 3330 vel
1607 3306 1637 3330 ut
1648 3300 1774 3338 quaedam
1795 3300 1900 3330 habent
1916 3297 2085 3337 exemplaria
2095 3319 2103 3332 ‚
2125 3295 2147 3326 C
2155 3308 2171 3326 i„
2181 3306 2200 3326 A
2208 3307 2225 3326 v
2235 3307 2252 3326 o
2261 3308 2277 3326 r.
2287 3307 2306 3326 A
2315 3319 2323 3332 ,
2345 3295 2439 3328 Scisiio
2457 3292 2486 3326 li·

1371 3338 1540 3376 gnorumvel
1553 3339 1742 3376 przcsegniina,
1752 3340 1862 3367 auctore
1875 3338 1969 3366 Nonio
1980 3349 2006 3371 4.
2021 3342 2083 3372 473.
2103 3335 2185 3364 Varro
2200 3344 2219 3363 1.
2232 3336 2267 3364 de
2278 3336 2309 3364 R.
2324 3335 2354 3365 R.
2367 3345 2427 3372 cap.
2441 3344 2483 3369 40.

1370 3377 1492 3407 Demum
1505 3377 1533 3405 in
1545 3377 1697 3413 oleagineis
1709 3376 1859 3405 seminibus
1868 3375 1978 3404 arbores
1988 3374 2141 3403 videndum
2151 3395 2158 3407 ,
2183 3379 2214 3401 ut
2222 3373 2251 3401 sit
2262 3374 2296 3402 de
2307 3380 2403 3402 tenero
2413 3380 2484 3401 ramo

1370 3424 1404 3444 ex
1417 3422 1530 3451 utraque
1539 3423 1616 3452 parte
1628 3413 1797 3451 aequabiliter
1807 3412 1947 3451 praecisum
1957 3434 1965 3447 ,
1988 3421 2054 3449 qvas
2067 3411 2110 3440 alii
2127 3410 2245 3439 clavolas
2257 3433 2263 3445 ,
2286 3410 2331 3440 alii
2343 3411 2427 3440 taleas
2440 3418 2484 3447 ap·

1392 3452 1477 3481 ellant
1487 3475 1494 3486 ,
1516 3462 1547 3481 ac
1558 3453 1664 3482 faciunt
1677 3452 1786 3481 circiter
1799 3451 1921 3489 pedales.
1948 3450 2023 3479 conf.
2042 3459 2059 3478 c
2070 3460 2085 3477 L
2094 3458 2112 3477 A
2121 3458 2137 3477 v
2149 3459 2167 3477 A
2176 3470 2184 3483 ,
2206 3449 2284 3484 cujus
2294 3449 2391 3477 dimin.
2401 3447 2446 3477 est.

1385 3498 1441 3519 tem
1453 3488 1576 3518 Vehiculi
1590 3498 1694 3526 geiius3
1717 3490 1793 3518 unde

1332 3527 1355 3557 C
1365 3539 1380 3556 L
1390 3539 1407 3556 A
1420 3538 1434 3555 B
1444 3538 1459 3556 υ
1471 3538 1486 3556 1..
1497 3531 1511 3556 λ
1524 3538 1537 3555 a
1549 3538 1556 3555 ι
1567 3537 1578 3555 s
1590 3549 1597 3561 ,
1618 3537 1642 3556 e.
1664 3524 1724 3560 ridi.
1747 3535 1787 3561 ut,
1801 3524 1899 3555 Cursus
1907 3523 2063 3557 clabularis,
2076 3524 2122 3559 qui
2131 3522 2264 3552 militibus
2273 3522 2493 3565 concedebatur.v
2534 3561 2535 3566 1

1369 3566 1477 3602 quoties
1492 3575 1527 3594 ex
1540 3564 1599 3593 aliis
1609 3565 1637 3593 in
1651 3564 1703 3593 alia
1717 3564 1778 3593 loca
1790 3564 1915 3593 celeriter
1925 3562 2061 3591 transferri
2076 3571 2122 3590 eos
2141 3567 2298 3598 oporteret,
2320 3569 2350 3590 ut
2361 3561 2398 3590 est
2417 3561 2445 3588 in
2461 3557 2479 3588 l.

1369 3613 1413 3632 22.
1427 3603 1495 3632 Cod.
1512 3603 1547 3631 de
1561 3602 1638 3631 cursu
1651 3602 1774 3639 public-o.
1811 3599 1950 3631 Nonnulli
1968 3599 2090 3629 scribunt
2108 3598 2277 3633 (juvantis,
2300 3606 2329 3628 ut
2350 3597 2478 3627 Ammian-

1370 3650 1414 3670 20.
1425 3652 1451 3676 4.
1485 3641 1511 3668 V.
1537 3640 1619 3668 Vales.
1640 3641 1667 3668 in
1685 3639 1739 3668 loc.

1336 3676 1500 3713 Chion,
1521 3677 1551 3706 is.
1574 3677 1592 3706 f.
1617 3675 1711 3713 [ii-Ha,
1735 3676 1814 3710 λύμη,
1834 3675 1926 3710 πτῖρωι]
1947 3673 2099 3703 conflictus
2118 3674 2144 3702 Sc
2159 3679 2255 3702 mutua
2274 3654 2479 3711 profligatiosa

1372 3713 1488 3742 „aaran
1500 3736 1508 3750 ,
1530 3716 1604 3751 quod
1616 3716 1653 3743 est
1664 3718 1781 3752 Aniputo
1792 3736 1800 3748 ,
1818 3714 1926 3749 frango.
1967 3712 2037 3741 Nam
2049 3711 2077 3739 in
2090 3712 2177 3748 prima
2189 3710 2383 3747 significatione
2400 3710 2480 3744 denq-
2530 3719 2531 3730 i
2547 3719 2549 3723 ⁴

1370 3759 1411 3782 tat
1431 3753 1564 3781 Arborum
1586 3762 1675 3781 ramos
1691 3752 1854 3788 infringere,
1876 3758 1905 3779 ut
1925 3756 2008 3779 vento
2023 3748 2066 3777 vel
2081 3749 2169 3777 nimio
2188 3748 2327 3778 fructuum
2349 3747 2476 3785 pondere.

1372 3790 1447 3819 Hinc
1458 3790 1618 3818 transfertur
1629 3790 1663 3818 ad
1680 3789 1760 3818 aliam
1772 3789 1894 3825 quamvis
1904 3788 2036 3823 jacturam
2048 3793 2095 3815 aut
2109 3786 2242 3815 damnum
2253 3808 2261 3820 ,
2283 3787 2422 3823 praecipue
2437 3791 2479 3812 ve-

1373 3837 1404 3856 ro
1415 3828 1489 3864 quod
1501 3828 1528 3855 in
1540 3827 1613 3856 bello
1623 3828 1661 3856 iit.
1703 3828 1770 3856 Plin.
1781 3828 1826 3854 lib.
1845 3830 1885 3854 ιδ.
1896 3834 1954 3862 cap.
1968 3834 2010 3860 ³²·
2042 3825 2062 3854 A
2079 3833 2132 3859 quo
2145 3824 2247 3852 deinde
2262 3829 2389 3861 tempore
2403 3821 2479 3856 majo·
2528 3829 2529 3842 1

1369 3866 1421 3895 stas
1436 3865 1530 3901 Populi
1545 3865 1626 3893 Rom.
1641 3864 1803 3896 resurrexit,
1826 3872 1884 3900 quze
1896 3869 1959 3892 ante
1971 3862 2070 3890 vastata
2081 3861 2207 3890 cladibus
2216 3861 2314 3891 fueram

1371 3902 1506 3939 Contagia
1517 3903 1602 3930 cladis
1614 3902 1715 3932 subitae.
1742 3902 1825 3930 Ovid.
1843 3912 1865 3935 ς.
1877 3900 1956 3928 Trist.
1969 3911 1993 3934 4.
2008 3908 2050 3934 33.

1426 3939 1577 3976 Quumque
1589 3939 1635 3968 alii
1647 3941 1775 3977 fugerent
1784 3938 1879 3969 subitae
1889 3938 2015 3974 contagia
2024 3935 2126 3972 cladis,
2144 3937 2195 3966 ἃς.
2392 3967 2423 4000 cl
2441 3967 2479 3998 dis

2426 3979 2439 3999 a

2578 2334 2595 2352 -Ι

2600 2416 2603 2431 i

2558 2483 2591 2502 ii

2595 2516 2604 2560 ‘i

2595 2567 2602 2597 s.

2593 2669 2604 2699 {i
