2667 4145
218 70 251 110 2
813 43 852 95 P
887 44 934 93 R
970 41 1028 91 AE
1060 39 1095 88 r
1125 37 1177 86 A
1209 35 1257 84 T
1292 35 1310 84 1
1344 33 1396 82 o
1466 27 1591 82 Edit.
1623 27 1817 81 [onam.
1858 41 2028 95 1735·

219 157 481 186 cAi-›iomcon
588 150 660 188 Sub
685 147 763 196 ipsis
788 143 1010 183 incunabulis
1038 134 1305 194 Typographiae
1328 134 1369 172 A.

218 198 299 235 Jon.
314 207 357 227 Μ
372 194 512 231 JANUA.
541 200 584 237 sc.
601 204 703 244 1460.
723 196 785 233 sol.
801 194 936 243 prodiit
951 192 1057 228 Liber
1077 199 1139 236 qui
1152 186 1281 222 dicitur
1299 183 1375 240 Ca-

220 261 485 292 Trioricox,
511 259 587 286 non
607 247 752 296 quidem
780 245 930 294 optimae
951 246 1008 275 aut
1037 234 1228 290 spectandae
1258 232 1376 289 erudi-

220 303 347 342 tionis,
376 299 454 339 sed,
483 305 521 335 ut
548 305 714 343 tempora
733 293 846 329 tulere
873 289 1000 338 quibus
1025 285 1157 323 Auctor
1185 282 1372 322 inclaruit,

220 362 297 388 non
317 347 444 386 infimae
477 353 537 383 aut
558 345 712 392 vulgaris
734 343 854 384 samae3
886 347 1014 389 neque.
1031 336 1089 374 (in
1110 333 1213 369 rebus
1238 330 1377 388 prteser-

219 401 286 437 tim
315 396 579 442 Theologicis)
613 401 851 437 mawopere,
885 392 924 421 ut
955 382 1166 439 quibusdam
1195 381 1286 417 olim
1313 379 1377 417 usu

220 447 338 486 venit,
366 442 652 481 contemnendus
670 421 751 484 ἴα]
801 432 1060 480 Coniplettitur
1092 437 1218 479 praeter
1250 427 1379 484 Gram-

223 494 396 535 maticalia
415 491 601 532 nonnulla,
623 501 700 538 quae
721 490 757 522 in
775 485 898 520 limine
927 493 1046 529 operis
1065 484 1260 517 occurrunt
1273 505 1282 519 ,
1319 480 1379 511 Dl-

222 544 322 579 Hieme:
349 555 414 589 quae
441 542 512 585 saepe
549 543 742 573 inveniuntur
764 538 794 567 in
822 531 916 566 Biblia
942 534 980 571 (ς
1003 535 1033 564 in
1051 530 1134 563 ditiis
1152 528 1321 562 Sanfflorum
1342 524 1380 565 &⁴

222 596 312 627 etiam
332 593 486 624 Poetarum
506 587 671 632 sbcundum
697 582 827 617 ordinem
851 579 1007 625 Alphabeti
1042 578 1173 612 ordinate
1201 574 1378 619 subjunifi‘lar.

223 629 299 680 Diu
319 647 391 675 erat
411 637 512 686 quod
531 649 575 673 ex
596 635 667 671 hoc
695 632 795 667 fonte
824 628 919 667 suam
950 630 986 664 in
1012 627 1052 674 L.
1068 626 1108 664 L.
1131 625 1381 672 cognitionem

225 688 364 728 Scholae
383 687 596 723 derivabant.
643 681 745 718 Adeo
768 691 843 716 non
861 680 992 714 mirum
1009 676 1031 712 fi
1043 682 1097 712 tot
1114 675 1303 728 doctorum
1316 672 1384 708 ho-

225 739 365 776 minum
391 737 532 783 ingenia
558 734 594 768 in
630 729 838 767 recudendo
878 727 1058 767 exercuit,
1101 725 1138 760 ὃς
1170 723 1382 777 posteriores

227 785 479 832 Gloffographi
506 783 538 818 se
557 777 818 828 aliquantulum
841 775 952 813 laudis
974 773 1189 821 comparasse
1213 771 1384 825 existima-

226 843 333 875 runt,
361 833 384 869 ss
409 833 672 869 CATHOLICI
709 827 951 864 auctoritatem
982 826 1019 859 in
1051 823 1145 858 suam
1175 822 1383 856 sententiam

228 884 401 922 adducere
419 881 621 928 potuerint,
648 876 705 913 vel
719 879 756 913 in
770 872 998 921 Compendia
1011 871 1189 908 redactum
1210 871 1247 905 in
1266 868 1385 924 lucem

229 933 396 982 proferre.
447 927 760 976 interpretationes
779 925 957 972 praecipue
976 921 1125 958 Biblicas
1138 947 1146 962 ,
1179 920 1229 955 uti
1250 917 1385 972 dicium

229 983 300 1023 est,
326 980 511 1017 continere
531 975 736 1025 profitetur,
765 971 962 1027 cujusmodi
991 969 1146 1055 execisspli
1172 968 1270 1052 caula
1290 977 1387 1013 prin-

255 1033 260 1038 ”
514 1028 520 1033 ’
658 1026 663 1031 ’
979 1049 985 1055 .
1104 1030 1121 1054 a
1138 1029 1194 1053 ma
1216 1029 1253 1052 in
1272 1028 1306 1051 er
1337 1027 1388 1050 re·-

196 1070 202 1076 ’
230 1041 384 1115 f:‘lpt{rt1i¹11‘V
387 1025 738 1124 zeiigiaxzbtssbtiidigi
753 1024 1023 1108 ggsfgrbesdgisfio
1044 1067 1270 1116 virginitatis,
1299 1027 1388 1100 ssent

230 1130 252 1146 “
279 1128 408 1164 dicitur
441 1126 480 1161 in
511 1121 870 1170 interpretationibus.
911 1117 1156 1164 Hieronymus
1182 1126 1269 1169 vero
1300 1112 1387 1149 dicit

231 1179 252 1195 “
307 1175 380 1213 uod
391 1174 516 1212 Aalma
524 1171 693 1221 fignificat
704 1168 958 1207 Absconditam
968 1168 1145 1214 virginem
1159 1165 1195 1201 δι
1208 1167 1384 1218 secretam.

231 1228 252 1245 “
278 1190 338 1264 {Be
358 1224 430 1262 hoc
454 1223 570 1261 dicam
599 1222 636 1258 in
662 1220 820 1267 Virg0.”
869 1216 982 1254 Porro
1016 1223 1135 1253 autem
1165 1225 1243 1250 non
1271 1219 1388 1248 tritam

231 1282 291 1314 aut
314 1273 496 1322 vulgarem
521 1271 689 1309 Hominis
715 1270 752 1304 in
771 1267 887 1305 studio
909 1264 1122 1312 Theologiae
1147 1262 1389 1299 eruditionem

233 1324 423 1362 ostendunt
457 1334 497 1358 ea
528 1332 604 1370 quae
631 1319 737 1355 habet
762 1319 798 1353 in
818 1327 909 1352 voce
937 1317 1088 1357 interpres.
1139 1313 1160 1329 ‘⁶
1187 1311 1277 1349 Item
1302 1316 1389 1365 nota

232 1375 254 1392 “
282 1372 381 1423 quod
398 1373 555 1420 primuni
577 1368 759 1416 scripturas
782 1366 907 1402 veteris
925 1363 1120 1400 testamenti
1139 1360 1182 1397 de
1197 1361 1332 1396 hebreo
1350 1371 1387 1394 in

233 1424 255 1441 “
280 1434 428 1471 grecum
459 1419 676 1468 septuaginta
706 1418 914 1462 interpretes
947 1412 1205 1448 transtulerunt.
1257 1408 1389 1463 Secun-

234 1474 255 1489 “
282 1472 364 1507 dani
379 1470 576 1506 editionem
594 1466 718 1516 aquila.
745 1463 903 1501 Tertiam
926 1462 962 1498 δε
981 1467 1141 1509 quartam
1161 1458 1387 1513 theodocion

235 1523 256 1539 “
283 1522 318 1556 &
346 1519 503 1568 symacus
530 1516 734 1555 ediderunt,
764 1513 871 1549 ambo
898 1510 994 1559 judei
1024 1508 1189 1558 proseliti.
1251 1508 1389 1553 Quinta

235 1572 256 1588 “
284 1580 369 1605 vero
396 1569 431 1604 δε
454 1567 606 1615 vulgaris
627 1565 686 1602 illa
707 1563 952 1610 interpretatio
977 1562 1042 1602 (ita
1066 1562 1096 1592 in
1116 1555 1304 1602 posterioribus
1328 1555 1388 1589 edi-

235 1621 257 1637 “
282 1617 401 1652 tionibus
419 1617 491 1650 reae
517 1617 693 1661 corrigitur)
722 1614 819 1658 cujus
847 1617 950 1648 autor
979 1620 1056 1645 non
1081 1612 1244 1656 apparet,
1273 1606 1309 1641 &
1338 1605 1387 1641 ob

235 1670 257 1686 “
283 1667 355 1703 hoc
376 1666 446 1702 fine
466 1665 614 1701 nomine
638 1662 836 1710 interpretis
858 1661 982 1710 quinta
1006 1657 1117 1694 editio
1148 1660 1385 1711 nuncupatur.

235 1719 257 1736 “
282 1715 441 1753 Preterea
457 1714 588 1750 sextam
609 1713 645 1748 &
665 1712 849 1759 septimam
878 1708 1075 1755 editionem
1105 1708 1271 1753 origenes
1292 1714 1387 1759 miro

236 1769 257 1785 “
283 1765 405 1801 labore
435 1763 591 1810 repperit
622 1762 657 1797 &
684 1773 767 1797 cum
799 1760 922 1795 ceteris
945 1756 1145 1804 supradietis
1171 1753 1388 1790 editionibus

234 1818 256 1834 “
282 1813 510 1860 comparavit.
559 1809 621 1847 Hii
644 1810 722 1847 sunt
744 1810 862 1857 itaque
891 1809 953 1857 qui
985 1805 1168 1853 scripturas
1192 1802 1318 1840 sanetas
1344 1801 1388 1838 de

236 1867 258 1883 “
284 1863 418 1899 hebreo
438 1862 474 1897 in
495 1871 643 1909 grecum
673 1864 873 1899 verterunt,
909 1857 1041 1905 quique
1069 1855 1175 1890 etiam
1201 1863 1390 1907 numeran-

236 1915 258 1933 “
284 1920 348 1949 tur.
399 1910 494 1950 Nam
511 1909 706 1954 latinorum
724 1909 958 1954 interpretum
977 1904 1132 1953 quedam
1151 1902 1196 1939 de
1219 1912 1329 1950 greco
1350 1913 1387 1936 in

235 1965 258 1982 ‘⁶
284 1961 442 1999 nostrum
464 1958 648 2008 eloquium
666 1955 913 1993 transtulerunt
930 1961 969 1991 ut
987 1953 1153 1990 meminit
1174 1951 1306 2006 sanstus
1330 1962 1389 2006 au-

235 2015 257 2031 “
280 2011 435 2060 gustinus
452 2020 609 2058 quorum
625 2006 780 2042 infinitus
804 2005 851 2041 est
865 2015 1042 2041 numerus,
1093 2001 1129 2037 Si
1149 2002 1207 2037 cui
1220 2012 1317 2036 enim
1337 2011 1389 2035 iri-

235 2064 257 2081 ‘¹
285 2062 362 2109 quit
386 2060 508 2107 primis
523 2057 605 2094 fidei
621 2055 843 2103 temporibus
861 2053 905 2090 ad
922 2063 1046 2089 manus
1064 2051 1161 2086 venit
1178 2049 1298 2104 codes
1310 2059 1390 2104 gre-

236 2112 257 2130 “
285 2122 345 2147 cus
366 2116 472 2157 atque
499 2104 754 2155 aliquantulum
782 2102 844 2140 fibi
870 2102 1048 2150 utriusque
1076 2099 1198 2148 lingue
1224 2104 1388 2153 periti-am

235 2161 258 2178 “
284 2157 406 2199 sensit,
432 2157 529 2193 ausus
554 2156 601 2191 est
618 2155 731 2190 statim
752 2153 996 2200 interpretari,
1026 2157 1129 2197 atque
1156 2147 1240 2184 inde
1261 2146 1390 2184 accidit

235 2211 257 2227 “
283 2205 558 2245 innumerabiles
577 2210 661 2252 aput
681 2203 809 2238 latinos
829 2200 976 2238 extitisse
992 2201 1212 2245 interpretes.
1251 2195 1310 2234 De
1328 2195 1390 2232 he-

235 2260 258 2277 “
284 2258 373 2294 breo
389 2263 506 2292 autem
531 2255 569 2289 in
588 2253 739 2289 latinum
761 2251 945 2299 eloquium
963 2246 1220 2285 tantummodo
1247 2247 1391 2299 ierony-

235 2302 256 2325 “
283 2317 362 2343 mus
383 2304 554 2351 presbiter
577 2303 683 2338 trium
701 2300 901 2348 linguarum
927 2299 1059 2346 peritus
1086 2296 1223 2332 easdem
1245 2296 1390 2341 icriptu-

216 2357 256 2374 “‘
282 2367 334 2391 ras
353 2353 530 2391 convertit
549 2351 829 2400 eloquenterque
860 2346 1064 2388 transfudit,
1097 2346 1194 2391 cujus
1217 2346 1389 2391 interpre-

234 2406 255 2423 “
285 2405 372 2440 tatio
396 2403 523 2438 merito
546 2401 670 2436 ceteris
689 2398 888 2434 antefertur.
937 2395 1032 2432 Nam
1062 2395 1097 2430 &
1126 2395 1174 2431 est
1193 2394 1387 2429 verborum

234 2455 255 2471 “
284 2452 441 2489 tenacior
464 2451 499 2486 &
521 2450 557 2485 in
578 2449 692 2485 verbis
712 2447 849 2488 clarior,
874 2452 989 2494 atque,
1012 2450 1137 2491 utpote
1155 2456 1174 2479 a
1197 2442 1385 2479 christiano

235 2504 257 2521 ‘⁶
282 2504 483 2548 interprete,
505 2499 631 2534 verior.
644 2500 662 2514 '³
710 2495 817 2532 Hunc
837 2502 958 2531 tamen
979 2505 1062 2530 cum
1081 2492 1155 2528 aliis
1169 2490 1388 2540 quampluri-

234 2554 302 2590 mis
324 2548 510 2586 articulum
528 2559 571 2583 ex
592 2549 679 2588 Papia
698 2543 906 2592 transcripsit
929 2555 1037 2591 quem
1058 2553 1140 2578 cum
1161 2544 1331 2586 Hugutione
1354 2539 1387 2577 se

234 2603 271 2639 in
290 2601 355 2636 hac
378 2610 414 2634 re
431 2604 592 2633 autorem
614 2593 767 2631 habuisse
787 2593 947 2641 plurimis
970 2593 1007 2627 in
1036 2591 1125 2627 locis
1153 2601 1228 2626 non
1250 2589 1388 2626 dubitat

234 2648 403 2700 profiteri.
455 2646 630 2688 Miramur
663 2654 749 2691 ergo
781 2654 907 2678 eorum
943 2641 1134 2676 hominum
1171 2640 1387 2686 imperitiam

235 2700 297 2749 qui
317 2701 432 2741 Pupiam
456 2694 498 2731 ad
522 2701 660 2729 zetatem
681 2691 819 2726 Cathalzci
840 2690 1052 2731 detrudunt,
1081 2691 1141 2737 qui
1158 2696 1279 2724 tamen
1296 2686 1387 2725 mul-

234 2753 278 2787 tis
296 2747 395 2784 annis
415 2741 581 2792 praecessit
601 2742 635 2777 &
662 2740 746 2776 huic
772 2739 1045 2788 compilationi,
1073 2745 1113 2773 ut
1131 2736 1288 2774 universa
1315 2736 1388 2774 fere

236 2810 309 2835 vox
333 2797 369 2832 in
390 2792 582 2832 Catholico
603 2789 775 2837 explicata
793 2789 883 2825 clare
909 2787 1060 2828 indicat,
1090 2787 1268 2834 originem
1290 2785 1388 2823 dedit

237 2850 272 2884 ἃς
291 2848 550 2892 argumentum.
603 2838 660 2876 De
680 2841 772 2882 Papia
784 2845 882 2874 vetate
895 2837 1015 2884 postea
1034 2834 1243 2871 videbimus,
1295 2834 1388 2872 Illud

236 2885 369 2933 interea
388 2904 462 2928 non
494 2889 685 2926 tacendum
712 2886 813 2935 quod
839 2884 1104 2934 Typographiae
1126 2882 1388 2931 praeclarissimae

238 2946 365 2993 pariter
388 2943 423 2977 &
443 2937 625 2977 utilissimae
651 2937 730 2972 artis
752 2934 872 2972 Promi
903 2937 962 2971 vix
990 2934 1143 2971 arbitrati
1174 2933 1251 2969 sunt
1277 2932 1310 2969 se
1337 2945 1390 2969 re.-

238 2993 389 3030 nascenti
420 2992 488 3036 jam
518 2988 736 3035 optimarum
766 2985 892 3021 artium
919 2983 1063 3019 culturae
1087 2982 1212 3019 melius
1237 2982 1389 3030 potuisse

239 3041 418 3079 consulere
440 3048 546 3086 quam
566 3034 590 3071 si
610 3036 652 3071 ab
677 3033 769 3070 hisce
787 3032 945 3080 auspiciis
961 3033 1100 3068 initium
1128 3031 1325 3072 sumerent,
1353 3032 1389 3068 ὃς

237 3087 488 3128 humanissimis
510 3083 628 3122 studiis
657 3082 705 3119 sui
728 3083 862 3119 inventi
890 3082 1060 3128 primitias
1088 3079 1181 3129 quasi
1209 3080 1390 3117 consecra-

240 3145 325 3177 rent.
377 3137 500 3171 Statim
522 3135 617 3170 enim
633 3132 711 3180 post
729 3142 836 3168 unam
857 3130 1044 3166 alteramve
1064 3130 1100 3165 in
1118 3129 1216 3165 libris
1236 3128 1389 3177 gravifli-

241 3189 289 3226 nii
309 3185 505 3231 argumenti
528 3189 697 3219 tentatam
726 3191 892 3227 operam,
931 3177 1067 3226 prodiit
1093 3177 1294 3226 Moguntice
1322 3181 1389 3215 im-

241 3226 397 3274 mensum
417 3232 503 3268 istud
523 3243 631 3279 opus,
659 3229 759 3278 quod
779 3230 840 3264 vix
861 3227 1031 3264 nascentis
1055 3227 1153 3267 artis,
1181 3226 1238 3263 sed
1255 3237 1296 3262 ve
1325 3234 1387 3263 etae

241 3287 359 3333 potius
380 3283 414 3318 δι
440 3280 482 3316 ad
498 3280 669 3316 summam
694 3279 932 3314 maturitatem
953 3274 1125 3324 perductae
1148 3275 1270 3312 reatus
1317 3278 1388 3312 ixe-

240 3336 295 3370 ris.
347 3330 493 3368 Constat
509 3328 602 3364 soliis
625 3339 713 3373 372,
739 3325 845 3363 nullis
864 3337 948 3374 quas
971 3331 1102 3361 vocant
1127 3322 1308 3372 signaturis
1329 3336 1388 3372 pa.

240 3385 447 3431 ginarumve
460 3378 645 3414 notatione
654 3374 869 3415 distiiit'tum,
897 3374 1031 3411 rudiori
1050 3372 1196 3421 quidem
1216 3373 1388 3410 characte-

241 3443 321 3468 rum
348 3429 462 3464 sorma
493 3437 599 3474 quam
624 3425 803 3460 hodiernae
827 3434 945 3471 operae
968 3424 1147 3470 patiuntur
1166 3422 1386 3469 expressum,

223 3479 298 3516 sed
316 3476 491 3514 luculenta
512 3473 587 3510 satis
610 3474 644 3508 ἃ
667 3484 733 3519 pro
754 3475 833 3509 artis
857 3471 1002 3508 infantia
1021 3470 1079 3507 tali
1102 3482 1210 3519 quam
1226 3483 1318 3518 pene
1336 3471 1387 3507 di-

239 3529 330 3565 xeris
358 3523 581 3572 perpolitam.
636 3519 864 3571 Unaquaeque
891 3522 1021 3570 pagina
1047 3521 1083 3555 in
1118 3520 1202 3556 duas
1235 3520 1385 3568 aequales

277 3623 324 3658 [a]
343 3621 363 3636 “
385 3619 437 3649 Etsi
457 3618 477 3648 F.
487 3628 502 3647 R
512 3628 530 3647 A
541 3628 552 3647 s
562 3628 581 3646 »i
592 3626 631 3646 us
657 3616 860 3648 Roterodamus
884 3617 907 3648 C
917 3626 935 3646 A
946 3625 993 3645 Tu
1004 3626 1021 3645 ο
1031 3626 1047 3644 1.
1058 3626 1068 3644 1
1079 3625 1120 3644 co
1132 3625 1152 3644 N
1170 3614 1314 3651 januensis
1330 3614 1386 3644 infa

239 3661 260 3676 ‘⁸
280 3667 337 3689 met
361 3659 386 3687 St
408 3657 484 3686 velut
503 3656 537 3684 de
554 3655 638 3690 gradu
657 3654 788 3689 dejiciat.
809 3665 860 3691 qua
881 3656 1011 3685 Latinitas
1031 3654 1167 3691 spectatur
1181 3677 1190 3688 ,
1224 3663 1275 3689 ego
1292 3660 1386 3682 tamen

239 3699 259 3713 ‘⁴
281 3698 309 3725 in
328 3695 408 3725 rebus
427 3693 607 3729 Theologicis
624 3701 680 3720 non
698 3694 936 3722 contemnendum
956 3691 1053 3721 sentio.
1073 3692 1088 3702 ”
1130 3691 1191 3718 Phil.
1211 3691 1331 3726 Bosqm'er.
1356 3691 1384 3718 in

238 3735 320 3766 Nous
342 3733 376 3761 :iil
396 3732 486 3765 Gcrson
503 3731 539 3758 de
556 3730 647 3758 Laude
666 3730 764 3766 Script.
806 3731 826 3743 ¹⁸
841 3729 910 3764 Jo».
921 3740 940 3758 N
952 3740 969 3758 N
981 3739 994 3758 ε
1005 3740 1024 3758 ni
1051 3729 1074 3758 G
1087 3738 1100 3757 a
1112 3739 1130 3757 N
1141 3738 1183 3757 ov
1194 3738 1207 3757 ε
1218 3737 1260 3756 Ns
1274 3737 1286 3756 11
1297 3737 1318 3755 Μ
1339 3736 1385 3756 co-

239 3775 258 3788 ““
279 3776 429 3808 gnomento
445 3768 467 3796 C
479 3778 496 3796 A
508 3776 650 3795 'roLlCO
663 3776 681 3794 N
693 3775 877 3796 sm—-cum
897 3767 944 3796 suo
964 3767 1013 3795 illo
1033 3766 1215 3795 vocabulario
1229 3765 1304 3801 quod
1320 3765 1387 3794 licet

237 3812 256 3826 ⁸⁸
277 3820 291 3838 a
310 3805 443 3846 plerisque
465 3805 559 3840 susque
577 3805 667 3840 deque
684 3803 747 3838 fiat,
769 3811 861 3832 tamen
882 3804 937 3832 illis
959 3806 996 3832 ad
1025 3806 1134 3841 potiora
1154 3805 1205 3833 viae
1226 3803 1305 3831 initia
1325 3802 1386 3832 sub-

1430 132 1618 170 columnas
1646 131 1835 171 dividitur,
1863 143 2013 181 quarum
2043 137 2192 180 utraque
2225 128 2329 165 lineis
2363 135 2412 165 66
2435 129 2591 173 constat}
2642 121 2643 150 1

1431 183 1592 228 margine
1610 180 1667 217 seu
1686 179 1872 217 intervallo
1898 180 2048 228 spatioso
2070 179 2146 215 satis
2165 177 2341 214 distinsta:
2370 177 2498 216 Charta
2514 191 2591 216 non

1433 227 1545 267 nitida
1569 229 1625 264 sed
1647 229 1827 283 grandior.
1879 228 2027 277 Legitur
2046 228 2090 263 ad
2113 228 2248 264 calcem
2272 228 2412 274 operis,
2450 229 2471 246 “
2492 226 2593 265 Altis-

1435 281 1455 297 “
1482 279 1556 315 fimi
1574 277 1726 325 presidio
1748 279 1846 323 cujus
1870 277 1959 314 nut'u
1981 277 2169 314 infantium
2192 275 2316 322 lingue
2339 273 2429 312 fiunt
2458 276 2591 313 diserte.

1435 329 1456 346 “
1483 327 1657 374 Quique†
1675 338 1828 362 numero
1844 327 1924 375 sepe
1945 325 2098 374 parvulis
2119 323 2251 360 revelat
2269 325 2368 372 quod
2381 325 2593 371 sapientibus

1436 378 1456 394 “
1484 376 1583 413 celat.
1635 374 1706 411 Hic
1721 375 1810 411 liber
1835 378 2008 424 egregius.
2033 371 2251 410 catholicon.
2279 373 2461 410 dominice
2481 375 2593 410 incar·
2615 384 2618 391 ’

1437 427 1458 443 “
1485 424 1645 461 nacionis
1671 425 1769 460 annis
1795 436 1826 460 M
1836 436 1855 460 c
1866 436 1885 461 c
1896 436 1915 461 c
1924 436 1971 460 eL
1981 435 2007 460 x
2028 422 2132 460 Alma
2147 424 2184 457 in
2202 422 2289 459 urbe
2305 423 2520 472 moguntina
2534 434 2595 459 na-

1437 476 1458 491 “
1485 474 1599 510 cionis
1618 472 1736 508 inclite
1755 474 1969 519 germanice.
2020 472 2141 517 Quam
2164 470 2222 506 dei
2242 471 2436 508 clemencia
2455 478 2528 508 tam
2548 470 2610 517 alf
2648 495 2667 508 ¹.

1437 525 1458 540 ‘⁶
1485 531 1523 559 to
1544 523 1679 569 ingenii
1705 522 1842 558 lumine
1876 521 2050 569 donoque
2079 521 2236 567 gratuito
2271 522 2396 557 ceteris
2424 526 2597 557 terrarum

1438 574 1459 589 ‘⁶
1486 571 1695 607 nacionibus
1712 571 1867 617 preferre
1886 569 2128 617 illustrareque
2142 567 2308 615 dignatus
2323 570 2379 606 est.
2430 569 2518 606 Non
2542 580 2597 605 ca-

1438 622 1459 638 “
1484 620 1578 656 lami.
1603 618 1678 654 stili.
1707 627 1767 655 aut
1792 631 1910 667 penne
1935 619 2112 665 suffragio.
2148 617 2207 653 sed
2235 619 2325 654 mira
2363 624 2595 666 patronarum

1437 671 1458 687 ‘⁶
1484 670 1753 716 formarumque
1784 668 1982 705 concordia
2012 667 2260 715 proporcione
2292 667 2328 704 &
2351 666 2507 704 modulo
2530 668 2595 704 im-

1438 720 1459 736 “
1485 716 1616 766 press'us
1633 724 1737 765 atque
1752 717 1931 754 consectus
1947 717 2003 753 esti

1538 769 1618 800 Hinc
1640 765 1693 811 tibi
1708 766 1806 810 fimeie
1822 763 1906 810 paier
1924 775 1993 800 nato
2012 777 2080 800 cum
2092 765 2220 811 flamine
2237 765 2321 809 fiicro

1536 818 1610 848 Lam
1629 813 1667 854 ἰῇ·
1684 814 1771 849 bonor
1789 815 1903 849 domino
1919 818 1996 849 trino
2013 814 2167 849 tribuatur
2189 813 2227 856 (5
2247 827 2307 849 uno

1534 863 1650 906 Ecclefie
1666 863 1754 898 laude
1776 863 1849 898 libro
1868 864 1919 898 hoc
1936 863 2071 898 catholice
2088 863 2196 908 plaude

1534 914 1594 958 Q
1615 911 1737 947 laudare
1754 916 1833 957 piam
1846 914 1958 958 semper
1973 925 2029 948 non
2046 912 2144 960 lingue
2160 915 2297 948 mariam.

2150 965 2215 997 Deo
2226 963 2357 1009 gracias.

1513 1011 1732 1060 Quanquam
1755 1012 1874 1059 operis
1892 1011 2143 1060 colophonem
2159 1011 2209 1048 sui
2231 1011 2390 1048 nominis
2412 1011 2600 1059 praeconio

1442 1062 1560 1097 ornari
1575 1060 1695 1097 noluit
1712 1059 1977 1109 ‘typographus
1988 1090 1998 1104 ‚
2023 1071 2141 1111 neque
2159 1072 2199 1098 ea
2212 1060 2253 1097 fit
2268 1060 2397 1097 chartae
2416 1066 2502 1096 nota
2521 1072 2600 1110 quae

1440 1108 1606 1148 Fiusn
1638 1110 1750 1146 libros
1781 1122 1800 1146 a
1827 1113 1960 1147 caeteris
1990 1111 2199 1159 distinguat,
2232 1121 2300 1147 nos
2319 1117 2441 1146 tamen
2457 1111 2603 1147 credere
2657 1108 2661 1149 'J

1441 1171 1517 1196 non
1539 1157 1655 1195 sinunt
1671 1161 1827 1196 rationes
1846 1172 1865 1196 a
1888 1159 2089 1197 dofflffimis
2112 1161 2150 1196 in
2177 1159 2244 1196 hac
2266 1171 2304 1196 re
2327 1158 2538 1196 hominibus
2554 1158 2604 1195 al-

1441 1208 1517 1245 latae
1537 1207 1626 1244 istud
1646 1219 1738 1255 opus
1770 1209 1812 1244 ab
1840 1208 1911 1245 alio
1928 1220 2035 1258 quam
2056 1221 2075 1245 a
2092 1206 2369 1257 praestantisfimo
2385 1206 2450 1244 illo
2470 1207 2604 1245 artifice

1442 1257 1568 1294 exiisse.
1618 1256 1735 1303 Maius
1754 1258 1801 1294 est
1820 1257 1921 1307 quod
1949 1265 2075 1295 movet
2109 1257 2164 1296 Cl.
2186 1257 2521 1300 TR1THEM1us,
2548 1258 2604 1293 vit
2632 1269 2635 1276 ¹

1442 1309 1479 1343 in
1498 1308 1706 1354 antiquitate
1734 1306 2211 1353 explorandaversatiflimus
2237 1314 2343 1355 atque
2361 1307 2414 1343 isti
2439 1307 2532 1343 aetati
2552 1307 2604 1342 vi-
2664 1328 2666 1345 ε

1442 1355 1560 1392 vendo
1589 1355 1818 1402 conjunaus:
1850 1355 2050 1404 praecessisse
2075 1358 2248 1393 nimirum
2271 1356 2357 1394 huic
2379 1355 2533 1393 editioni
2559 1354 2605 1392 de

1443 1417 1510 1453 qua
1530 1405 1634 1441 verba
1648 1406 1794 1442 facimus
1811 1404 1975 1447 alteram,
1995 1406 2031 1442 ἃ
2050 1405 2161 1454 longe
2176 1405 2485 1447 venerabiliorem,
2513 1415 2601 1446 non,

1442 1462 1481 1491 ut
1499 1454 1675 1495 nostram,
1713 1456 1807 1502 typis
1832 1453 1910 1492 susis
1937 1455 1974 1491 δε
1994 1456 2190 1492 mobilibus
2217 1455 2400 1496 excusam,
2434 1452 2493 1490 sed
2522 1464 2603 1502 quae

1439 1511 1537 1541 erant
1553 1503 1722 1539 nascentis
1733 1505 1814 1540 artis
1824 1505 1861 1551 ἡ
1873 1503 1999 1541 rudera
2010 1532 2020 1546 ,
2048 1516 2093 1541 ex
2104 1504 2232 1552 ligneis
2242 1504 2380 1541 tabellis
2396 1502 2537 1540 summo
2551 1503 2602 1539 la-

1440 1554 1529 1590 bore
1554 1552 1741 1600 exsculptis
1756 1581 1765 1594 ‚
1793 1560 2041 1602 perpetuoque
2072 1560 2198 1590 tenore
2225 1555 2263 1590 in
2281 1553 2462 1590 literarum
2484 1553 2603 1600 apiCes

1442 1601 1601 1650 effigiatis
1615 1601 1820 1649 expressam.
1871 1602 1992 1640 Credo
2011 1614 2087 1640 non
2104 1604 2170 1639 erit
2186 1603 2384 1640 verendum
2403 1601 2608 1650 quidquam.

1442 1664 1461 1689 a
1479 1652 1603 1688 nostrae
1629 1651 1820 1699 disciplinae
1848 1651 2011 1689 laudibus
2042 1652 2237 1689 detra&um
2260 1653 2324 1694 iri,
2350 1650 2374 1688 fi
2405 1651 2601 1693 constaret,

1442 1713 1549 1739 unam
1569 1701 1760 1738 hominum
1783 1707 1920 1738 aetatem
1933 1729 1943 1743 ,
1970 1702 2047 1738 imo
2067 1713 2143 1750 quae
2161 1703 2252 1738 intra
2267 1701 2506 1750 quinquennii
2527 1700 2602 1748 spa-

1440 1751 1570 1787 tiolum
1595 1752 1836 1792 contineatur,
1862 1752 1900 1787 in
1916 1762 2026 1798 opere
2047 1753 2137 1788 tanti
2162 1751 2361 1787 moliminis
2384 1751 2420 1786 &
2441 1750 2602 1797 sumptus

1441 1800 1508 1837 sese
1527 1800 1646 1836 denuo
1672 1799 1873 1837 exercuisse.
1929 1800 2068 1837 Verum
2090 1799 2178 1837 istud
2196 1799 2299 1838 nihili
2316 1800 2382 1841 est,
2408 1811 2526 1848 neque
2548 1799 2603 1835 ul-

1439 1850 1477 1886 lo
1502 1849 1616 1886 modo
1635 1848 1821 1886 verisimile
1840 1849 1953 1886 videri
1970 1849 2087 1898 potest
2104 1851 2143 1886 in
2162 1856 2258 1886 tanta
2277 1848 2470 1886 MStorum
2488 1849 2600 1886 varie·-

1440 1906 1510 1935 tate
1534 1899 1570 1935 &
1595 1900 1632 1934 in
1651 1905 1724 1936 arte
1741 1898 1906 1936 nondum
1933 1898 2143 1936 confirmata
2174 1910 2266 1947 opus
2295 1905 2400 1934 tantae
2424 1897 2532 1935 molis
2555 1897 2602 1934 ad

1441 1947 1609 1985 incudem
1628 1947 1724 1985 fuisse
1741 1956 1969 1994 revocatum3
1995 1948 2186 1996 praesertim
2198 1959 2301 1989 cum,
2330 1947 2430 1996 quod
2445 1947 2603 1984 nonnul·

1439 1997 1510 2034 lam
1538 1997 1780 2034 auctoritatem
1809 1997 1927 2034 seeum
1946 1997 2065 2039 affert,
2093 1997 2183 2034 istud
2210 1996 2436 2034 Tamiram
2449 2008 2483 2032 11
2514 2008 2601 2044 por-

1440 2054 1600 2087 tentum,
1628 2053 1800 2094 quantum
1827 2046 1936 2084 literis
1962 2046 2148 2094 proditum
2176 2047 2244 2089 est,
2270 2058 2387 2094 neque
2415 2046 2601 2082 contineat

1441 2094 1726 2144 conquifitillima
1735 2095 1957 2144 Bibliotheca
1970 2124 1979 2137 ,
2006 2108 2123 2145 neque
2133 2095 2311 2144 usurpavit
2320 2094 2601 2132 dottiffimorum

1441 2145 1631 2182 hominurn
1649 2144 1877 2182 oculatiffinia
1895 2145 2071 2182 industria.
2121 2145 2271 2183 Accedit
2284 2156 2395 2193 porro
2416 2144 2516 2193 quod
2533 2144 2602 2181 ho-

1442 2196 1597 2237 minem,
1625 2196 1687 2243 qui
1710 2196 1853 2232 unicam
1885 2194 2084 2232 editionem
2109 2194 2263 2232 tractasse
2291 2194 2452 2236 videtur,
2479 2193 2601 2231 fallere

1440 2251 1580 2292 poterat
1609 2255 1685 2292 quae
1719 2250 1866 2281 caeteros
1895 2245 2001 2280 etiam
2027 2243 2170 2286 fefellit,
2198 2243 2404 2292 pervulgata
2425 2244 2532 2280 nimis
2554 2242 2601 2280 de

1440 2305 1479 2329 ea
1500 2305 1536 2329 re
1557 2293 1664 2334 fama,
1691 2294 1748 2342 vel
1767 2294 1804 2329 in
1825 2292 1878 2329 his
1901 2294 2004 2330 rebus
2020 2293 2193 2340 judicium
2217 2305 2294 2330 non
2311 2293 2388 2329 satis
2410 2292 2599 2330 subastum.

1439 2342 1507 2379 Sed
1527 2349 1709 2390 utcunque
1731 2345 1768 2378 in
1784 2341 2051 2391 Typographiae
2068 2342 2275 2390 primordiis
2300 2343 2359 2379 ista
2382 2341 2502 2379 Editio
2523 2353 2601 2378 non

1439 2391 1528 2428 adeo
1549 2403 1774 2440 praepropere
1799 2391 2005 2448 ut-quidam
2026 2391 2154 2428 volunt
2176 2392 2241 2429 fuit
2262 2393 2383 2428 iterata
2397 2419 2407 2433 ,
2434 2390 2531 2427 idem
2550 2397 2602 2432 ta·
2648 2410 2651 2414 -

1441 2453 1524 2477 men
1553 2440 1714 2477 saeculuni
1744 2442 1782 2477 in
1818 2440 2042 2477 vindicandis
2072 2441 2180 2478 literis
2213 2439 2447 2478 felicissimum
2477 2440 2599 2488 saepius

1439 2489 1758 2528 Carnoncou
1782 2490 1884 2538 prelo
1909 2489 2098 2527 commisit.
2148 2489 2287 2527 Prodiit
2316 2491 2412 2526 enim
2449 2490 2470 2506 “
2492 2501 2601 2538 quam

1438 2539 1458 2556 “
1485 2538 1745 2586 diligentiffime
1767 2539 1996 2576 emendatum
2020 2547 2124 2587 atque
2147 2539 2345 2576 corredtuni
2364 2538 2526 2576 Venetiis
2545 2539 2601 2576 in-

1439 2589 1461 2605 “
1485 2590 1594 2636 genio
1614 2600 1654 2625 ac
1674 2588 1830 2636 impensa
1845 2587 2046 2626 Hermanni
2068 2588 2328 2627 Liechtenstein
2360 2587 2599 2626 Coloniensi&

1439 2638 1461 2655 ‘⁵
1487 2639 1592 2674 Anno
1615 2637 1737 2674 natalis
1756 2636 1910 2674 Domini
1931 2650 1971 2674 M.
1994 2650 2023 2674 c.
2045 2650 2075 2675 c.
2095 2650 2125 2675 c.
2145 2650 2174 2674 c.
2194 2650 2226 2674 L.
2250 2649 2347 2674 xxx
2361 2650 2374 2673 1
2388 2650 2441 2674 11.
2471 2637 2600 2674 od'tavo

1441 2687 1461 2704 “
1485 2685 1568 2724 Klas
1591 2684 1759 2723 Octobris
1780 2690 1797 2703 '’
1823 2686 1881 2734 [b].
1931 2686 2102 2724 Proxime
2120 2694 2238 2724 autem
2261 2687 2367 2732 (nam
2387 2685 2518 2723 eodeni
2538 2698 2599 2723 an-

1439 2747 1490 2772 no
1514 2736 1681 2783 prodiiss'e
1701 2736 1971 2784 Norimbergae,
2003 2742 2043 2773 ut
2069 2736 2180 2773 visum
2206 2736 2253 2772 est
2279 2735 2371 2773 Viro
2400 2734 2599 2772 doctissimo

1441 2786 1502 2821 vix
1524 2785 1570 2821 est
1587 2783 1798 2830 verisimile)
1825 2786 1915 2822 intra
1935 2786 2207 2834 quadriennium
2221 2785 2383 2822 Venetiis
2400 2784 2525 2822 itidem
2538 2796 2603 2832 per

1442 2835 1596 2870 eundem
1628 2834 1830 2879 Liechtenstein
1855 2835 1922 2871 An.
1949 2835 1992 2871 sc.
2018 2841 2122 2882 1487.
2156 2846 2190 2880 7.
2218 2834 2292 2872 Cal.
2312 2833 2404 2872 Dec.
2465 2834 2602 2880 Quarta

1443 2882 1572 2919 deinde
1593 2882 1712 2921 Editio
1727 2891 1914 2931 procurata
1934 2891 2006 2920 erat
2031 2885 2052 2900 “
2066 2883 2228 2921 Veneriis
2249 2885 2397 2932 ingenio
2420 2883 2601 2921 Rom-:Ti

1442 2932 1464 2948 ‘⁶
1490 2931 1760 2970 LocATELm
1792 2933 1982 2969 mandante
2008 2932 2123 2969 nobili
2152 2934 2231 2970 viro
2254 2933 2423 2970 Domino
2451 2932 2601 2971 OCTA-

1442 2981 1464 2997 “
1489 2991 1632 3019 vrauo
1660 2982 1816 3019 Scoro
1839 2984 1915 3018 cive
1935 2980 2179 3019 Modoetiensi
2199 2994 2294 3019 anno
2322 2982 2442 3018 natalis
2465 2981 2599 3019 Domi-

1490 3032 1528 3067 ni
1554 3043 1656 3077 1495.
1689 3043 1730 3067 12
1755 3030 1928 3068 Calendas
1953 3031 2186 3068 Decembres.
2206 3034 2222 3048 ”
2271 3031 2443 3079 Vertente
2472 3030 2598 3068 saeculo

1440 3078 1542 3117 Per.
1567 3080 1781 3118 AEoinius
1810 3079 1876 3117 Vir
1903 3079 2115 3117 doetissimus
2135 3082 2169 3117 &
2191 3083 2227 3117 in
2248 3088 2402 3129 utroque
2431 3079 2515 3129 Jurc
2538 3079 2600 3117 Li-

1442 3131 1612 3166 centiatus
1635 3129 1799 3163 catholicon
1810 3131 1902 3178 typis
1922 3131 2048 3166 iterum
2067 3129 2264 3172 commisit,
2291 3143 2309 3167 a
2324 3141 2397 3178 quo
2417 3130 2460 3167 sc.
2480 3129 2601 3163 aurium

1438 3174 1546 3221 prodiit
1564 3178 1657 3225 Ludg.
1683 3185 1785 3223 1506.
1805 3177 1892 3214 lbid.
1911 3178 2031 3215 denuo
2055 3190 2118 3227 per
2141 3179 2309 3223 Ascenfium
2332 3192 2345 3215 1
2358 3192 2372 3224 5
2385 3191 2436 3225 ¹4·
2462 3178 2600 3216 Postre-

1441 3238 1504 3263 mo
1523 3227 1677 3276 denique
1691 3239 1773 3264 cum
1793 3227 1858 3263 hac
1873 3227 2044 3270 Rubrica‚
2080 3229 2100 3245 “
2122 3229 2268 3265 Summa
2288 3241 2363 3277 quae
2380 3227 2599 3266 Catholicon

1440 3278 1462 3292 “
1489 3277 1685 3324 appellatur
1704 3275 1831 3314 Fratris
1848 3275 2022 3325 Johannis
2041 3277 2222 3326 Januenfis
2252 3278 2335 3314 sacri
2359 3278 2494 3313 ordinis
2517 3274 2598 3314 Fra-

1441 3327 1463 3342 “
1487 3332 1582 3362 trum
1601 3325 1876 3363 Praedicatorum
1895 3337 2008 3374 nuper
2031 3326 2207 3364 Parrhisiis
2224 3327 2387 3374 diligenti
2401 3326 2599 3373 castigatio-

1440 3376 1462 3391 “
1488 3386 1532 3410 ne
1553 3375 1737 3411 emendata
1759 3385 1822 3421 per
1842 3375 2152 3422 praestantissiiiium
2172 3378 2286 3413 virum
2313 3376 2515 3423 magistrum
2532 3374 2596 3412 Pe-

1439 3425 1462 3440 “
1488 3429 1581 3459 trum
1602 3423 1768 3472 Egidium
1793 3425 1830 3459 in
1852 3430 2005 3473 utroque
2032 3424 2116 3473 Jure
2142 3425 2360 3462 licentiatum
2376 3452 2385 3466 ,
2423 3436 2492 3460 una
2512 3436 2596 3461 cum

1439 3473 1462 3488 “
1486 3472 1606 3508 multis
1627 3472 1869 3509 additionibus
1886 3480 1960 3509 tum
1978 3475 2147 3522 castigatis
2162 3482 2236 3510 tum
2251 3474 2489 3520 plurimorum
2507 3484 2598 3521 poe-

1439 3522 1464 3537 “
1489 3526 1602 3560 tarum
1626 3522 1804 3558 sententiis
1822 3524 1982 3570 apprime
2011 3523 2201 3572 propositis
2231 3523 2385 3560 adductis
2409 3523 2445 3559 &
2464 3523 2595 3570 proba-

2488 3575 2511 3590 “
2537 3574 2590 3609 tis,

1437 3617 1459 3632 “
1478 3616 1743 3648 niinistravit.Facile
1750 3623 1843 3647 autem
1854 3618 1985 3654 inventis,
1997 3620 2104 3649 credite
2116 3620 2194 3654 mihi,
2203 3620 2307 3649 addere
2318 3630 2326 3655 ς
2340 3619 2454 3648 difficile
2465 3629 2530 3648 vero
2540 3621 2592 3649 ini-

1438 3654 1458 3670 “
1476 3656 1546 3684 tium
1558 3655 1710 3685 invenire.’'
1721 3656 1939 3683 LeanitAHnnus
1950 3658 2056 3687 deViris
2066 3658 2268 3687 illustOrdinis
2281 3657 2493 3686 Praedicatorum
2507 3657 2588 3693 lib.4.

1473 3692 1518 3727 [b]
1543 3692 1664 3721 Eandem
1685 3699 1753 3730 puto
1772 3692 1926 3722 editionem
1954 3704 2035 3730 quam
2051 3696 2157 3725 indicat
2177 3695 2348 3724 Bibliotheca
2369 3695 2546 3730 Sarraziana,
2568 3696 2590 3726 Ι.

1443 3734 1503 3764 ¹8⁴-
1526 3730 1640 3759 Summa
1660 3740 1719 3768 quie
1739 3737 1853 3759 vocatur
1871 3731 2017 3760 Catholicon
2034 3733 2109 3762 edita
2126 3743 2140 3762 a
2154 3731 2276 3770 'johanne
2296 3733 2324 3759 de
2343 3731 2433 3767 sanun
2453 3733 2508 3762 fine
2526 3733 2590 3762 loco

1440 3768 1611 3833 &Utemssore
1632 3768 1782 3802 editionis,
1804 3775 1925 3798 attamen
1942 3771 2015 3799 circa
2037 3776 2116 3806 ¹48²·
2156 3771 2251 3800 Editio
2269 3769 2406 3800 rarissima.
2456 3770 2527 3799 Vide
2543 3770 2593 3800 Fa,

1441 3803 1520 3832 bricii
1565 3805 1671 3835 iblioth.
1696 3806 1752 3834 Lat.
1771 3805 1853 3834 Tom.
1871 3815 1894 3840 ζ.
1916 3816 1942 3844 p.
1958 3812 2021 3844 ⁶7¹·

1443 3030 1464 3046 <t

278 3874 295 3907 †
316 3872 366 3901 Pro
386 3871 600 3906 Saepenumero,
621 3868 754 3897 nisierror
768 3869 805 3897 eit
828 3867 1004 3904 Typothetae.

1510 3872 1528 3906 †
1541 3871 1558 3906 †
1578 3871 1668 3904 Immo
1681 3872 1862 3905 Ruaimeiita.
