2604 4222
133 208 202 247 276
553 200 577 233 A
676 197 696 231 S
794 195 816 229 S
931 205 943 226 ι
1816 186 1844 221 A
1939 188 1960 220 S
2058 187 2079 221 S

193 284 263 320 Quae
276 283 309 311 sit
328 290 335 314 1
347 281 457 319 inquit)
478 278 584 308 assertio
593 277 712 307 secunda
722 299 730 311 ‚
752 272 950 312 perobscurum
961 271 1005 301 est.
1047 271 1105 308 Ego
1120 271 1154 300 ad
1172 275 1296 300 veterem
1384 267 1514 298 omnibus
1524 265 1629 303 semper
1638 266 1759 302 publicis
1767 267 1888 296 consiliis
1898 267 2008 299 (livinus
2024 268 2160 304 quosdam
2172 266 2338 301 sacerdotes,
2357 276 2425 303 quos
2434 266 2512 296 Man.
2561 250 2571 288 f

194 320 438 351 manumissionum
451 327 556 347 molen]
570 317 691 354 spectare
701 312 906 343 contenderim.
945 309 1047 351 Scribit
1057 310 1133 338 enim
1148 309 1206 338 Vai.
1219 308 1296 337 Nlax.
1385 313 1426 335 tes
1436 312 1537 334 vocant
1552 326 1559 337 ,
1581 305 1768 333 adhibuerunt
1778 327 1786 338 ,
1809 307 1834 335 ἃ
1845 305 2049 335 Lacedaeinonii
2064 306 2174 343 regibus
2193 304 2247 334 suis
2266 314 2397 342 augurem
2410 303 2514 334 assesso-
2564 323 2568 331 .

196 360 244 388 lib.
257 369 282 387 2.
303 367 362 395 cap.
378 367 399 386 i.
442 356 554 385 Athenis
566 355 720 383 institurum
738 348 919 379 memorabile
935 348 1072 376 servatum
1083 368 1091 381 ,
1112 354 1144 375 ut
1158 347 1301 383 ingratitu-
1388 353 1446 373 rem
1461 343 1606 371 dederunt.
1650 342 1680 370 V.
1704 352 1752 378 pro
1764 342 1874 372 Cluent.
2601 358 2602 361 ,

198 397 270 426 dinis
283 396 426 424 convietus
438 404 452 422 a
466 391 708 430 patrouolibertus
718 387 853 417 libertatis
870 387 929 420 iure
943 393 1098 414 exii-eretur.
1141 385 1179 413 Ab
1199 383 1301 413 code-n
1390 380 1526 411 Assessoris
1539 380 1653 408 nomine
1666 380 1764 415 injure
1777 403 1784 413 ,
1807 381 1948 410 Minorem
1965 380 2085 414 iudicem
2099 380 2289 417 significamus.
2332 379 2390 408 Hos
2411 379 2439 407 iri
2449 389 2514 409 con·
2565 394 2568 399 ·
2601 383 2604 398 l

200 432 424 470 quoqueibidein
437 432 551 459 refertur
562 452 569 464 ‚
599 426 779 458 Massilienses
788 432 843 454 tres
861 425 891 452 in
901 423 1002 452 eodem
1020 421 1248 451 manumissiones
1262 430 1304 449 re·
1411 419 1476 447 siliis
1487 418 1618 446 adhibere
1631 417 1763 447 solebant.
1781 418 1799 447 l.
1818 418 1923 456 penult.
1937 413 2021 448 &ule
2035 418 2069 447 D.
2083 419 2118 447 de
2129 418 2202 446 offic.
2214 416 2297 446 assess.
2310 419 2336 447 &
2347 417 2363 445 l.
2379 426 2400 444 1.
2415 417 2503 446 Ceod
2601 431 2604 437 ·

200 472 289 501 scindi
297 469 444 508 permisisse
453 490 460 503 ‚
482 468 499 496 11
510 476 550 496 ter
559 466 591 495 ab
602 466 703 495 eodem
711 464 862 501 deceptum
874 462 1021 490 dominum
1030 461 1229 497 cognoverint:
1252 468 1305 487 nec
1411 458 1437 486 ὃ(
1449 456 1491 485 his
1500 455 1591 484 causas
1600 454 1726 491 delegare
1734 478 1742 491 ‚
1764 466 1832 493 quos
1842 456 1934 485 nescio
1946 466 1981 484 an
1989 456 2138 492 aliquando
2151 455 2293 484 Pedaneos
2305 452 2456 492 appellatos
2467 441 2517 491 pu'-
2559 478 2562 482 .
2601 457 2604 480 i'

202 516 299 547 quarto
311 508 395 537 errori
409 506 631 535 subveniendum
644 501 758 540 putasse.
800 500 836 530 Ni
851 509 910 528 rem
924 498 1003 528 malis
1024 508 1108 528 unam
1130 498 1305 534 eandemque
1411 501 1512 528 temus,
1533 502 1549 521 a
1561 502 1677 529 quorum
1685 494 1784 523 ordine
1796 494 1867 524 nihil
1879 493 1990 523 differre
2004 494 2135 522 dicuntur
2146 492 2256 522 Novell.
2271 496 2314 521 60.
2336 493 2459 529 quamvis
2470 493 2515 522 Pe.
2560 505 2574 516 ·
2597 481 2603 516 1

202 546 356 583 intelligere
369 544 444 581 apud
457 542 561 572 diversa
572 543 712 570 traiciatam
721 538 879 568 tribunalia.
1414 531 1519 560 daneos
1530 531 1609 559 datos
1619 552 1627 565 ‚
1649 537 1696 559 aut
1703 531 1844 568 delegatos
1854 532 1962 568 judices
1972 531 2122 568 significare
2131 530 2285 560 existimem
2298 530 2333 559 ad
2341 540 2425 559 unam
2435 539 2516 567 atque
2567 545 2572 558 i
2602 522 2604 550 l

185 586 293 618 Etideo
305 593 356 612 nec
366 582 537 611 assertionem
549 579 743 616 denegandam
753 578 785 605 iis
798 599 806 611 ‚
825 576 873 613 qui
886 584 921 604 ex
935 573 1073 610 ejusmodi
1086 573 1166 604 causa
1180 574 1208 602 in
1225 572 1307 601 liber·
1414 569 1529 599 alteram
1551 568 1659 597 causam
1672 591 1680 603 ‚
1702 569 1844 599 Assessbres
1867 577 2005 607 perpetuo
2026 568 2080 598 suis
2103 568 2261 597 Praesidibus
2279 568 2379 597 servire
2419 568 2517 605 quibus
2564 585 2568 593 ·
2599 563 2602 581 ³

204 630 291 653 tatem
303 619 525 650 vindicabuntur.
548 617 683 653 Traianus
697 616 732 644 ad
750 614 818 644 Plin.
828 614 877 643 lib.
893 623 934 642 10.
949 612 1033 650 Epist.
1047 621 1091 649 71.
1131 612 1224 648 Agitur
1241 619 1307 639 vero
1415 607 1501 636 causae
1513 613 1619 644 partem
1630 608 1767 636 committi
1775 608 1944 643 justinianus
1954 606 2154 644 permittitillis
2164 612 2270 642 totam,
2290 590 2401 636 Novels.
2415 611 2460 640 82.

206 661 277 690 inibi
289 660 324 688 de
333 658 426 696 pueris
434 655 573 694 expositis.
612 654 793 684 Assertionem
804 674 812 689 ‚
833 652 861 681 h.
874 661 898 680 e.
922 650 1066 679 Libertatis
1076 650 1307 679 vindicationem.
1416 643 1559 674 Assessores
1569 643 1704 680 judicum.
1727 645 1781 680 Jul.
1791 646 1899 676 Firmic.
1914 645 1963 674 lib.
1979 654 2002 679 1.
2020 654 2080 682 cap.
2093 655 2117 678 ς.

188 698 302 729 Affertio
324 702 336 732 1
348 693 439 738 inquit
449 693 599 737 Priscianus
613 692 661 720 lib.
679 692 742 734 18.)
762 698 817 720 tam
834 691 853 719 A
869 689 998 718 servitute
1008 688 1037 716 in
1047 687 1213 731 libertatem,
1226 695 1308 722 quam
1362 683 1485 726 Asspss
1496 692 1536 710 or.
1548 692 1556 709 1
1566 691 1605 724 uls
1616 703 1623 717 ,
1646 682 1707 720 Ulp.
1722 685 1751 712 in
1764 683 1781 712 1.
1804 683 1859 712 Lex
1871 683 2009 712 Cornelia.
2033 683 2065 712 D.
2088 682 2130 712 De
2144 683 2224 718 injur.
2241 684 2266 712 8(
2279 681 2375 712 famos.
2386 679 2472 709 libell.

207 739 231 780 A
242 735 368 777 libertate
383 743 411 761 in
422 732 563 761 servitium
574 730 645 759 trahi
654 729 802 767 significat:
825 727 902 766 quod
912 726 986 765 apud
998 725 1108 755 Livium
1126 726 1155 754 in
1166 724 1261 754 multis
1272 723 1309 752 le·
1362 723 1382 750 A
1391 731 1402 749 s
1413 731 1424 749 s
1433 722 1448 749 ἑ
1458 730 1474 748 1)
1484 730 1520 764 ⁰2
1542 723 1612 748 onis.
1635 721 1748 757 antique
1759 743 1766 756 ‚
1789 722 1869 752 Idem
1879 721 1952 757 quod
1964 720 2083 750 Assessor.
2106 720 2216 750 Nonius
2231 730 2254 749 1.
2277 730 2339 757 3¹2·

206 783 297 811 glmus
311 772 399 816 locis—
417 808 422 814 ¹
849 803 854 809 ²
1073 802 1078 808 .
1198 801 1203 806 ι
1293 798 1299 804 ⁴
1362 759 1424 788 Ass
1436 768 1449 786 E
1460 768 1518 787 ssu
1531 767 1577 785 iza
1590 779 1599 797 ⁷.
1620 767 1651 787 ae.
1675 757 1856 795 [παςεὲεκῖοι]
1879 759 1940 796 Uip,
1954 759 1984 787 in
2001 758 2020 788 1.
2037 768 2060 796 3.
2075 758 2109 788 D.
2131 758 2172 787 De
2192 758 2354 795 proxenetis
2365 779 2373 792 ‚
2403 756 2521 788 Facilius
2568 778 2569 781 =
2599 772 2604 781 ι

151 814 211 843 Ass
221 821 235 840 11
245 821 261 839 a
270 820 289 838 T
299 820 315 838 o
327 820 342 838 a
353 831 361 844 ‚
382 817 446 837 or-is.
468 817 506 836 111.
526 803 693 843 [ἐκὸικκνῖε]
714 805 753 834 est
773 804 825 839 (ut
834 802 1026 837 aitDo-natus)
1047 800 1158 831 Vindex
1169 800 1265 829 alienat
1282 798 1313 827 11-
2011 797 2016 802 ”
2600 792 2602 802 ’

190 849 321 879 bertatis:
343 845 519 884 quialiquem
529 855 563 873 ex
574 844 702 873 servitute
714 844 744 872 in
760 841 917 871 libertatem
936 839 1098 869 vindicabat
1144 839 1213 867 item
1225 859 1233 872 ,
1254 837 1312 873 Qui

191 889 222 918 in
236 886 394 915 servitutem
409 883 540 912 vindicat.
560 882 648 916 Liv.3.
662 892 734 916 C-44·
747 881 807 917 Jam
822 890 838 909 a
848 880 874 909 vi
882 886 940 908 tuta
951 887 1017 912 erat,
1029 887 1114 914 quum
1125 876 1235 905 assertor
1242 874 1313 903 nihil

190 933 261 962 opus
270 922 450 952 multitudine
458 921 598 950 concitata
611 921 657 949 ait:
671 920 697 948 se
706 920 765 956 jure
775 917 879 955 grassari
892 927 948 946 iton
957 915 1097 945 vi.Rursus
1107 914 1224 948 ibidem,
1236 916 1310 946 <246-

192 964 287 999 Quum
303 962 415 990 instaret
432 958 543 988 affer-tor
557 958 657 996 puellaz
676 964 707 986 ut
723 957 876 987 vindicaret
887 977 894 989 ,
923 953 1120 991 sponsoresque
1139 952 1234 985 daret,
1257 952 1310 979 Sec.

190 1000 353 1031 Asserrorem
364 1003 446 1027 vocat
456 996 556 1034 puellae
567 996 608 1026 M.
623 995 770 1025 Claudium
782 1017 790 1029 ‚
811 994 858 1030 qui
877 993 992 1021 instabat
1009 1000 1040 1020 ut
1060 990 1152 1020 [cilius
1163 989 1315 1025 Virginiaiii

189 1038 345 1106 {indicaret
359 1036 482 1073 usquein
495 1035 635 1073 posterum
647 1034 739 1069 diem,
760 1033 832 1062 datis
842 1030 1033 1069 sponsoribus,
1050 1029 1110 1057 fore
1128 1035 1160 1057 ut
1175 1037 1207 1056 ea
1219 1027 1315 1064 poliri-

211 1077 236 1105 ie
256 1076 388 1105 iliei·etur.

192 1113 411 1144 Acconimodare
425 1111 451 1140 se
462 1109 620 1139 assertorem
628 1108 745 1138 veritati.
791 1107 823 1136 V.
846 1116 866 1136 A
875 1116 892 1135 c
902 1116 919 1135 0
928 1116 945 1134 o
955 1116 975 1134 M
985 1116 1006 1134 M
1017 1114 1034 1134 o
1045 1115 1062 1133 p
1073 1114 1100 1133 o.

153 1154 217 1183 Ass
229 1161 293 1181 sav
304 1162 312 1179 r
323 1161 357 1186 0,
378 1150 416 1179 Ivi
432 1171 439 1183 ,
460 1151 533 1177 itum
545 1170 552 1182 ‚
575 1145 757 1183 [ἐπιὸὶιλεύω]
774 1148 826 1174 i‘re.
874 1144 952 1173 Idem
976 1143 1052 1180 quod
1074 1140 1188 1179 simplex
1209 1139 1314 1170 Servio.

193 1190 251 1220 Cic.
265 1200 290 1219 2.
308 1188 390 1219 Tusc.
404 1190 448 1224 36.
469 1186 545 1216 Toto
555 1195 672 1223 corpore
683 1191 765 1221 atque
776 1182 908 1212 omnibus
918 1181 1030 1219 ungulis
1050 1180 1103 1216 (ut
1111 1179 1234 1214 dicitur)
1249 1187 1317 1206 con-

192 1228 314 1257 tentioni
327 1227 402 1256 vocis
416 1224 571 1254 asserviunt.

155 1268 321 1298 Asssssvo
333 1287 342 1301 ‚
373 1261 594 1301 [wwwdziav]
615 1264 671 1290 are.
699 1259 854 1297 Diligenter
870 1257 1019 1288 custodire.
1050 1255 1110 1285 Cic.
1137 1265 1160 1288 ς.
1181 1254 1257 1282 Verr.
1272 1263 1314 1287 ςς.

191 1304 268 1334 Dum
286 1313 328 1333 res
346 1302 532 1338 judicaretur,
554 1300 698 1328 hominem
712 1304 745 1327 ut
764 1296 938 1326 asservarent.
960 1293 1026 1330 Caes
1047 1304 1069 1323 1.
1090 1292 1160 1323 Bell.
1176 1291 1257 1321 Civil.
1270 1300 1317 1319 21.

193 1343 292 1372 Muros
302 1340 426 1370 asservari
436 1338 524 1375 jubet.
992 1334 993 1337 ’

193 1379 330 1410 Asservare
339 1387 438 1415 magna
452 1376 608 1414 diligentia.
629 1374 716 1404 Plaut.
730 1372 810 1411 Capt.
826 1382 850 1401 1.
861 1380 887 1401 2.
901 1373 928 1400 ά,

191 1417 330 1448 Asservare
342 1417 371 1445 in
385 1424 532 1445 carcerem.
555 1413 611 1442 Liv.
628 1423 652 1448 ς.

192 1456 320 1490 Aliquem
334 1453 412 1483 domi
426 1452 487 1482 suae.
509 1451 567 1481 Cic.
584 1461 606 1480 1.
623 1451 653 1479 in
665 1449 747 1479 Catil.
763 1458 805 1484 19.

192 1493 324 1524 Asservari
333 1491 475 1522 custodiis.
496 1489 554 1519 Cic.
567 1498 592 1526 7.
609 1488 684 1517 Verr.
695 1496 740 1525 77.
1034 1519 1036 1523 .

193 1531 258 1562 Sale
269 1553 277 1567 ,
298 1531 342 1561 vel
354 1529 385 1560 In
398 1528 452 1558 sale
459 1527 590 1557 asservare
598 1535 703 1556 carnes.
724 1524 793 1555 Plin.
803 1523 852 1554 lib.
867 1533 892 1560 9.
908 1532 968 1560 cap.
980 1530 1026 1557 25.

192 1570 291 1607 Ignem
302 1567 435 1598 inferula.
455 1565 526 1595 Plin.
543 1565 589 1594 lib.
604 1574 629 1602 7.
645 1574 707 1602 cap.
723 1566 765 1599 56.
1202 1587 1207 1599 ⁴

194 1608 348 1641 Affirvare,
369 1615 420 1644 pro
441 1604 600 1634 Observare.
622 1603 676 1632 i.e.
697 1600 797 1631 Oculis
815 1598 922 1636 aliquid
942 1596 1100 1631 custodire,
1120 1594 1270 1631 animoque
1289 1594 1320 1622 in

211 1645 331 1675 modum
339 1642 518 1682 speculatoris
528 1663 537 1677 ‚
558 1651 594 1670 ne
604 1650 655 1669 nos
666 1639 773 1669 silentio
781 1638 923 1674 tacitoque
932 1640 1084 1674 praetereat.
1104 1633 1170 1663 Ter.
1180 1632 1281 1662 Heaut.
1292 1641 1317 1669 3.

216 1692 240 1720 3.
252 1693 296 1720 32.
334 1682 417 1719 Atqui
425 1690 501 1711 nunc
512 1680 578 1709 here
589 1701 597 1714 ‚
617 1678 664 1707 hic
674 1677 726 1707 tibi
740 1675 914 1706 asservandus
922 1674 968 1703 est.

156 1721 178 1753 A
187 1732 199 1751 s
208 1731 220 1751 s
230 1731 264 1751 as
274 1732 285 1750 1
295 1731 316 1749 A
325 1730 345 1749 T
354 1730 370 1749 13
378 1730 390 1749 s
402 1741 410 1755 ‚
431 1718 529 1756 lllyriae
540 1716 639 1756 populi
650 1717 679 1745 in
695 1721 837 1745 conventu
848 1712 1050 1742 Scardonitano
1060 1731 1068 1745 .
1087 1710 1159 1738 inter
1170 1717 1218 1738 eos
1230 1708 1277 1745 qui
1286 1717 1320 1737 eo

195 1764 336 1789 conventu
347 1758 390 1795 jus
400 1756 504 1786 habent
513 1755 642 1785 Italicum
653 1776 661 1789 .,
683 1754 880 1789 immunesque
893 1751 1032 1779 dicuntur.
1055 1747 1124 1777 Plin.
1143 1756 1168 1783 3.
1182 1756 1227 1776 21.

158 1799 361 1831 Ass-assor.
382 1796 572 1829 Assrssio,
594 1793 814 1823 Asstsrrmx.
854 1789 886 1819 V.
908 1796 1078 1817 assrnao.

159 1838 181 1867 A
191 1846 202 1865 s
210 1845 222 1865 s
231 1845 247 1864 iz
256 1846 273 1864 v
283 1839 299 1864 Ξ
309 1844 324 1863 a
334 1844 350 1863 o
359 1856 367 1868 ,
389 1835 403 1869 [
415 1831 594 1868 ὃιοιξεξοαέμακ
602 1850 610 1861 ,
635 1827 777 1867 ἓιιχυώζω
786 1848 794 1859 ,
821 1823 957 1865 ἰχυρλξω]
979 1829 1033 1854 are.
1077 1823 1152 1854 Inter
1173 1822 1231 1861 ipsa
1245 1832 1323 1860 argu-

196 1880 291 1903 menta
301 1871 537 1908 probationesque
554 1868 704 1898 admiscere
715 1867 774 1897 vim
788 1866 875 1896 animi
893 1872 1001 1893 motum
1023 1872 1077 1892 ue:
1100 1861 1176 1898 quod
1200 1860 1323 1890 declarat

197 1911 318 1948 Quintil.
340 1909 388 1939 lib.
403 1920 426 1945 ς.
444 1918 505 1946 cap.
520 1917 561 1937 12.
586 1916 672 1945 quum
691 1906 798 1942 inquit,
821 1903 910 1933 Altera
928 1912 962 1931 ex
982 1912 996 1930 a
1020 1900 1179 1930 everatione
1195 1898 1326 1937 probatio

197 1950 254 1984 est,
277 1950 297 1978 E
310 1949 399 1977 fohoc
412 1947 485 1982 feci,
505 1945 550 1975 Tu
562 1945 615 1974 hoc
629 1944 698 1973 mihi
714 1942 824 1972 dixisti:
849 1943 874 1970 &
888 1964 895 1976 .
918 1941 943 1970 O
959 1940 1067 1969 facinus
1078 1938 1236 1975 indignum.
1257 1936 1324 1965 Haec

197 1986 333 2055 {aldlaliim
346 1996 371 2021 ς.
387 1985 446 2015 Cic.
459 1995 486 2021 4.
503 1983 580 2014 Verr.
592 1987 637 2012 61.
675 1981 811 2012 Affeverat
821 1979 848 2009 se
856 1980 915 2015 ejus
929 1979 969 2007 rei
983 1978 1014 2006 in
1032 1976 1128 2015 primis
1137 1976 1278 2005 adtionem
1287 1973 1326 2003 es-

212 2035 227 2054 e
261 2030 380 2054 aturum.
978 2029 982 2030 ⁷

199 2063 354 2094 Asseverare
365 2059 522 2090 firmissime.
544 2058 603 2088 Cic.
619 2069 660 2088 10.
675 2058 730 2087 Att.
745 2060 788 2086 16.
828 2055 922 2085 Unum
938 2053 1008 2083 illud
1025 2051 1176 2083 firmissime
1196 2050 1327 2080 assevera-

219 2101 267 2130 bat
277 2123 285 2136 ‚
307 2100 324 2129 si
333 2098 458 2129 damnati
468 2097 676 2127 restituerentur
687 2118 695 2131 ‚
715 2096 745 2124 in
755 2093 872 2124 exilium
880 2092 906 2122 se
915 2093 1028 2121 iturum.

201 2139 356 2170 Asseverare
366 2138 401 2166 de
411 2146 439 2165 re
453 2135 553 2172 aliqua.
574 2135 631 2164 Cic.
644 2135 679 2163 de
691 2133 762 2163 Clar.
776 2133 853 2162 Orat.
866 2136 931 2164 ²08·
971 2129 1083 2159 Deinde
1097 2127 1219 2162 interest,
1232 2134 1326 2156 coram

218 2177 314 2206 videre
324 2174 563 2213 quemadmodum
572 2172 738 2202 adversarius
749 2172 785 2200 de
795 2178 903 2208 quaque
912 2179 940 2198 re
952 2167 1091 2197 asseveret.

201 2214 356 2246 Asseverare
370 2213 530 2250 gravitatem
542 2233 549 2247 ,
571 2210 735 2240 Constanter
746 2219 802 2247 prae
812 2207 839 2236 se
850 2208 931 2236 ferre.
955 2205 1045 2235 Tacit.
1062 2214 1103 2241 13.
1119 2205 1187 2232 Ann.
1204 2207 1246 2235 18-

201 2253 371 2285 Asseverare.
394 2260 444 2289 pro
455 2249 534 2279 Serio
545 2250 647 2277 dicere.
670 2248 729 2277 Cic.
745 2248 773 2276 in
782 2246 885 2279 Bruto,
898 2253 962 2280 292.
1005 2242 1081 2272 Bella
1098 2241 1188 2270 ironia
1199 2262 1207 2275 ,
1226 2240 1243 2268 si
1254 2241 1330 2276 joca-

220 2300 314 2320 remur
325 2300 332 2319 :
355 2289 393 2318 sin
407 2287 587 2317 asseveramus
598 2309 605 2321 ,
620 2286 685 2315 vide
694 2295 730 2314 ne
740 2284 837 2322 religio
845 2282 927 2312 nobis
937 2289 993 2311 tam
1005 2280 1166 2310 adhibenda
1176 2279 1208 2308 sit
1217 2300 1226 2314 ,
1245 2287 1329 2315 quam

224 2329 244 2358 fi
259 2327 448 2357 testimonium
462 2326 629 2354 diceremus.

167 2370 188 2399 Δ
196 2378 208 2398 s
218 2377 230 2397 s
239 2377 255 2396 a
264 2377 280 2396 v
291 2370 306 2395 ἓ
316 2376 332 2394 r<
341 2375 358 2394 o
370 2375 385 2393 a
397 2387 405 2399 ,
427 2361 655 2400 [Jziqguaissopcus]
670 2361 718 2390 ¹“iri.
729 2358 794 2389 s’ass.
808 2358 898 2394 Cic.4.
911 2358 1035 2387 Verr.26.
1050 2356 1121 2392 Qiae
1131 2355 1168 2385 est
1178 2355 1226 2383 ista
1235 2353 1332 2383 defen-

204 2406 264 2435 sio‘?
285 2410 377 2433 utrum
392 2401 554 2431 asseveratur
565 2401 592 2429 in
605 2400 659 2429 hoc
669 2422 677 2435 ,
698 2409 733 2428 an
744 2404 866 2427 tentatur
877 2398 891 2426 ἶ)
929 2396 1050 2432 [Forma
1061 2392 1246 2431 impersonali.

168 2447 188 2475 A
199 2454 211 2474 s
220 2453 231 2472 s
243 2453 255 2471 iz
264 2452 282 2471 v
294 2452 307 2470 s
317 2451 332 2470 a
342 2451 361 2469 A
371 2450 389 2469 N
401 2450 420 2468 >r
431 2450 468 2468 ita
479 2461 487 2474 ⁷
510 2439 565 2472 ius.
589 2437 686 2467 issime.
713 2437 781 2466 Adv.
803 2433 1049 2471 [o‘negvgtgof-mm]
1070 2431 1129 2461 Cic.
1148 2441 1189 2466 15.
1213 2432 1267 2459 Att.
1286 2440 1328 2465 19.

205 2481 309 2511 Statius
319 2478 421 2516 scripsit
431 2477 465 2506 ad
475 2487 519 2505 me
529 2499 536 2509 ,
557 2476 682 2505 locutum
693 2474 784 2504 secum
796 2472 849 2502 eise
861 2473 1000 2509 Quintum
1013 2471 1179 2500 Ciceronem
1196 2468 1278 2498 valde
1292 2467 1334 2497 as-

204 2519 359 2548 severanter
370 2538 377 2550 ,
398 2516 457 2544 haee
465 2515 490 2543 se
500 2515 569 2544 serre
579 2524 636 2542 non
646 2512 730 2551 posse.
754 2512 832 2541 idern
846 2522 871 2546 4.
891 2510 972 2539 Acad.
985 2513 1031 2538 60.
1052 2507 1147 2538 Multo
1164 2507 1249 2536 etiam
1266 2505 1332 2535 asse-

205 2555 388 2586 verantiusin
397 2554 493 2591 Syria,
527 2562 613 2590 quum
623 2551 826 2586 essetmecum,
856 2550 882 2578 ἃ
903 2547 987 2586 paulo
1005 2553 1154 2583 antequam
1174 2544 1241 2574 esset
1258 2553 1332 2573 mor-

210 2602 283 2624 tuus.

171 2635 191 2664 Α
201 2644 212 2663 s
221 2643 232 2664 s
242 2642 281 2661 av
293 2641 332 2660 aa
342 2634 359 2659 Κ
369 2639 388 2658 ’1-
397 2639 411 2658 E
421 2651 430 2664 ‚
450 2629 517 2658 Adv.
540 2625 774 2664 [Bufffflgwm'mr]
795 2625 883 2654 Idem.
895 2623 966 2653 Gell.
982 2622 1061 2660 lib.7.
1076 2632 1137 2660 cap.
1153 2631 1178 2658 5.
1218 2619 1334 2657 Tragoe-

210 2671 268 2700 dias
281 2676 424 2708 poetarum
435 2666 572 2696 nobilium
581 2665 647 2694 scite
658 2671 741 2702 atque
755 2663 903 2693 asseverate
915 2661 1047 2691 aCtitavit.

171 2710 193 2740 A
203 2719 215 2738 s
224 2719 236 2738 s
246 2719 260 2737 a
268 2718 286 2737 v
298 2717 311 2736 a
320 2717 336 2735 R
347 2716 365 2735 A
375 2715 396 2734 'r
405 2716 414 2733 1
423 2715 440 2734 0
450 2727 457 2739 ,
478 2705 548 2733 (inis,
570 2703 589 2732 f.
613 2699 817 2739 [ὂὶιχνριο-μές]
835 2700 993 2730 Affirmatio.
1011 2697 1131 2735 Quintil.
1145 2696 1223 2732 lib.4.
1241 2704 1332 2732 cap.2.

211 2747 307 2783 Quum
316 2743 464 2782 praesertim
475 2741 649 2779 quorundam
660 2739 788 2778 probatio
797 2739 853 2768 sola
863 2738 895 2767 fit
910 2738 939 2766 in
953 2736 1150 2766 asseveratione
1166 2736 1192 2766 &
1210 2734 1335 2772 perseve-

210 2784 300 2814 rantia
311 2805 319 2819 ,
341 2788 372 2811 ut
385 2780 432 2810 ille
446 2779 576 2818 parasitus
587 2801 594 2813 ,
611 2780 662 2808 ἅτ.

211 2821 415 2853 Asseveratione
430 2818 571 2847 affirmare.
595 2816 651 2845 Cic.
667 2824 708 2851 ¹3·
730 2816 783 2844 Att.
795 2823 842 2852 23.
883 2814 971 2844 Omni
984 2813 1036 2844 tibi
1052 2810 1251 2842 asseveratione
1265 2809 1335 2838 affir-

230 2870 277 2889 mo
289 2881 297 2895 ,
319 2857 395 2895 quod
407 2856 475 2885 milii
485 2855 579 2884 credas
589 2854 682 2882 velim.

175 2900 196 2930 A
206 2909 218 2928 s
226 2908 237 2927 s
248 2907 283 2927 ie
292 2907 309 2926 c
320 2907 337 2925 o
347 2918 355 2931 ‚
377 2896 391 2931 [
404 2893 563 2930 ὲππξηςαὶιω]
583 2895 638 2921 sire.
677 2891 786 2919 Siccare
799 2912 807 2926 ‚
828 2890 872 2919 vel
887 2889 1041 2927 Diligenter
1052 2888 1162 2917 siccare.
1192 2884 1333 2915 Columel.

212 2936 260 2965 lib.
276 2945 316 2965 12.
333 2944 394 2971 cap.
409 2942 452 2968 15.
491 2929 681 2974 Tum'rursum
691 2929 719 2956 iii
731 2928 788 2957 sole
797 2928 944 2957 assiccavit.

176 2976 197 3005 A
207 2985 218 3003 s
228 2984 239 3003 s
248 2985 257 3002 1
268 2983 286 3002 0
294 2982 311 3002 0
321 2981 354 3001 113
363 2979 405 3000 co
417 2992 425 3005 ‚
449 2967 676 3005 [imffngusiopwu]
692 2967 746 2995 ere.
768 2966 879 2995 Siccum
890 2965 957 2994 fieri.
973 2963 1112 2995 Columel.
1124 2962 1173 2993 lib.
1188 2971 1231 2992 12.
1242 2970 1333 2999 cap.9.

213 3009 358 3049 Express'os
369 3009 398 3038 in
412 3007 533 3037 cratibus
544 3005 667 3043 pandere
677 3025 686 3040 ‚
707 3003 775 3033 dum
785 3003 969 3033 assiccescant.

176 3052 410 3082 11551ουου8,
449 3044 480 3074 V.
507 3053 628 3073 assas.

175 3090 388 3119 AssinaLA‚
416 3083 446 3112 V.
470 3090 640 3111 assioiso.

176 3127 216 3156 As
226 3135 237 3154 s
248 3127 286 3154 11)
297 3134 310 3152 a
319 3133 351 3158 0,
374 3121 420 3151 edi
431 3143 438 3156 ‚
459 3120 561 3154 essum,
585 3116 765 3154 [περπῷεόω
787 3112 923 3152 παρεῷεὗω
933 3137 941 3150 ‚
963 3111 1103 3151 viu'pnpm]
1127 3115 1182 3143 Ere.
1233 3111 1337 3142 Assiste-

213 3173 258 3198 re,
279 3159 470 3198 juxtasedere:
493 3158 549 3187 sine
563 3156 656 3193 aliquo
664 3161 751 3184 motu.
774 3153 859 3183 Ovid.
877 3164 900 3189 5.
915 3153 982 3182 Fast.
995 3163 1043 3189 45.

304 3197 480 3228 Assidetinde
487 3196 550 3232 Jovi
561 3217 571 3231 ‚
593 3194 669 3230 Jovis
679 3193 718 3222 est
728 3191 855 3222 fidissima
864 3192 962 3220 custos.

212 3238 287 3269 Huic
299 3236 416 3266 assident
429 3257 437 3270 ‚
459 3244 510 3272 pro
520 3235 575 3263 hoc
584 3232 719 3262 laborant.
740 3230 799 3259 Cic.
810 3239 859 3267 pro
870 3229 960 3259 Plane.
973 3234 1016 3262 28.

214 3276 334 3342 Affidere
344 3273 418 3312 apud
426 3272 547 3310 aliquam
558 3280 626 3300 rem.
648 3269 736 3299 Plaut.
751 3267 825 3298 Rud.
841 3277 866 3297 2.
880 3270 906 3296 6.
917 3273 964 3302 48.
1005 3265 1062 3302 Qui
1071 3264 1146 3303 apud
1154 3264 1287 3294 carbones
1301 3262 1339 3293 as-

245 3324 250 3342 i
275 3319 331 3342 ent.

214 3351 336 3382 Assidere
347 3350 377 3378 in
386 3348 477 3386 aliqua
484 3357 521 3376 re.
542 3346 600 3376 Cic.
613 3354 639 3382 7.
656 3344 730 3375 Verr.
744 3353 805 3374 111.
847 3341 944 3379 Quum
953 3340 1108 3379 lacrymans
1120 3340 1150 3369 in
1162 3349 1273 3369 carcere
1283 3349 1339 3369 ma-

234 3396 276 3418 ter
290 3389 386 3416 nostes
400 3387 515 3423 diesque
527 3384 662 3414 assideret.

215 3425 462 3461 Assiderejudiciis.
484 3423 574 3452 Tacit.
589 3432 612 3451 1.
633 3423 704 3450 Ann.
717 3429 763 3457 75.

216 3464 339 3529 Asside‘}
346 3460 555 3500 magistratibus.
578 3460 654 3489 Suet.
665 3458 758 3488 Tiber.
775 3466 836 3494 cap.
847 3465 891 3492 35.
931 3453 1014 3484 Unde
1025 3455 1052 3484 &
1062 3451 1176 3483 Assessor
1187 3452 1278 3482 dietus
1289 3453 1336 3482 est.

263 3524 269 3530 .
294 3511 322 3530 iri
336 3511 372 3530 ra.

218 3539 337 3570 Assidere
345 3535 538 3604 ῗυέετηὲουΗε
549 3558 556 3571 ,
578 3534 696 3565 Assidere
706 3533 813 3569 literis;
833 3541 883 3571 pro
900 3530 1043 3560 Assiduum
1061 3528 1124 3559 esse.
1146 3527 1215 3557 Plin.
1245 3528 1275 3556 111
1292 3527 1340 3557 Pa-

235 3587 270 3606 ne
294 3577 436 3610 .&i.3.
496 3575 575 3606 1.ς.

217 3587 339 3647 affigere
349 3612 443 3641 insano
455 3634 463 3647 ,
476 3584 584 3649 fpro'Ad
594 3610 727 3640 insaniam
737 3608 864 3647 proxime
874 3606 1016 3637 accedere.
1039 3604 1105 3634 Hor.
1118 3613 1141 3633 1.
1153 3602 1237 3641 Epist.
1255 3614 1278 3639 5.
1296 3612 1338 3639 13.

311 3651 411 3680 Parcus
425 3649 461 3678 ob
477 3648 592 3679 haeredis
603 3657 698 3679 curam
709 3669 717 3683 ,
738 3647 914 3683 nimiumque
930 3644 1038 3674 severus

314 3687 415 3717 Assidet
432 3686 538 3716 insano.

238 3726 384 3757 Est&vox
395 3724 536 3759 militaris,
556 3724 603 3752 Vir
624 3745 630 3752 .
655 3722 727 3757 ciri,
755 3737 792 3742 —-
804 3721 902 3750 nostris
916 3719 962 3757 qui
978 3716 1118 3747 moenibus
1137 3714 1235 3745 assidet
1252 3714 1338 3743 urbis.

239 3763 287 3794 Sil.
299 3774 324 3799 9.
337 3766 402 3796 624.
433 3778 469 3782 —
483 3768 565 3798 atque
582 3772 596 3791 a
620 3761 680 3790 rdet
695 3769 780 3789 arces.
801 3758 835 3788 al.
859 3758 983 3788 Obsidet.
1006 3756 1082 3786 Curt.
1100 3765 1127 3790 4.
1147 3763 1191 3789 31.
1228 3751 1342 3782 Assideri

238 3801 311 3832 urbi.
332 3799 440 3830 Sallust.
460 3798 646 3835 Amissumque
657 3798 793 3835 oppidum
804 3795 912 3826 assideri
924 3795 978 3824 sine
989 3793 1084 3832 praelio
1095 3791 1234 3822 audiebat.

185 3841 246 3871 Ass
255 3850 264 3868 1
274 3849 292 3867 D
303 3847 347 3868 ΕΝ
357 3847 369 3866 s
381 3859 390 3871 ‚
409 3835 506 3865 Partic.
536 3833 725 3872 [παςεδὶεύων]
746 3834 916 3872 H01.Epod.
937 3843 961 3869 5.
981 3842 1027 3868 99.

277 3876 312 3906 Et
329 3874 460 3912 inquietis
477 3873 594 3902 assidens
611 3872 779 3910 praecordiis.

187 3917 250 3948 Ass
261 3925 273 3943 s
284 3923 359 3944 ssio
374 3934 383 3947 ‚
401 3912 472 3941 onis.
493 3911 511 3939 f.
534 3908 733 3946 [mgnum-is]
755 3907 954 3946 spseassidendi
965 3908 1050 3936 at‘tus.
1068 3904 1126 3934 Cic.
1148 3913 1189 3934 11.
1205 3902 1280 3934 Fam.
1296 3910 1342 3939 27.

225 3952 295 3989 Quae
305 3958 352 3981 tua
361 3947 552 3979 fueritassessio
563 3970 572 3982 ,
592 3947 679 3976 oratio
689 3969 697 3982 ,
718 3946 904 3976 conformatio
919 3945 1004 3974 animi
1018 3943 1073 3972 mei
1087 3964 1096 3978 ,
1117 3943 1168 3972 &c.

187 3991 208 4022 ,Δ
217 4000 229 4020 s
238 4000 250 4019 s
259 3999 274 4018 11
283 3999 295 4019 s
304 3999 316 4018 s
326 3998 343 4017 0
352 3998 369 4017 R
380 4009 388 4023 ‚
410 3987 464 4017 oris
494 3996 530 4015 m.
554 3982 690 4020 [otiieolisa‘o⁴
701 4006 709 4019 ‚
729 3981 883 4020 π’ςεὸρῶψ]
913 3982 1000 4018 Cujus
1022 3980 1146 4010 officium
1167 3978 1206 4008 est
1231 3976 1346 4007 assidere

225 4027 350 4066 praefidi,
369 4031 452 4063 atque
461 4022 611 4053 consulere.
633 4021 692 4051 Cic.
706 4031 729 4050 1.
747 4021 782 4050 de
791 4020 884 4050 Divin.
896 4030 941 4055 95.
979 4019 1109 4054 Namque
1127 4018 1153 4046 Sc
1169 4015 1346 4046 Athenienses

1364 910 1590 944 AssasTRUr,
1622 908 1652 938 V.
1676 919 1901 940 ADSESTsslx.

1364 949 1575 981 ΑεειυίιΑ,
1598 956 1628 975 re.
1651 947 1669 976 f.
1693 948 1804 985 Festus,
1830 948 1979 984 Adfidelae,
2002 947 2102 977 mensae
2116 953 2270 984 vocantur,
2290 947 2326 977 ad
2345 957 2412 985 quas
2428 946 2526 978 sedem
2568 971 2570 973 .

1365 1024 1519 1057 Λεεῑυο,
1541 1023 1585 1051 edi
1598 1045 1606 1057 ‚
1626 1022 1729 1067 essum,
1751 1021 1928 1060 [καθέζομεα]
1949 1025 2004 1052 ere.
2026 1023 2093 1052 Diff.
2114 1023 2148 1054 ab
2168 1023 2310 1059 Affideoe,
2331 1023 2436 1062 quippe
2454 1021 2525 1052 illud

1403 1061 1441 1090 est
1453 1061 1582 1097 (authore
1592 1060 1660 1090 Vall.
1671 1061 1763 1098 lib.5.)
1784 1062 1866 1100 Apud
1876 1061 1997 1098 aliquem
2008 1061 2093 1090 officii
2105 1062 2190 1099 gratia
2199 1062 2310 1091 sedere:
2334 1067 2433 1099 utputa
2443 1070 2527 1098 aegro-
2566 1066 2567 1069 ’
2602 1077 2604 1086 ι

1370 1633 1392 1663 A
1402 1642 1414 1661 s
1424 1641 1435 1661 s
1445 1642 1454 1659 1
1464 1641 1482 1660 D
1494 1640 1512 1659 u
1521 1640 1541 1659 u
1549 1640 1561 1659 s
1572 1653 1579 1666 ‚
1600 1631 1660 1667 Adj.
1684 1627 1882 1667 [ὲλῖρῖλειπἹΘ-
1892 1654 1900 1667 ,
1919 1629 2115 1663 deffiniri-owe&-
2124 1654 2133 1667 ‚
2148 1631 2350 1668 ωεςσλιπιιςῶν]
2372 1630 2451 1670 Jugis
2460 1652 2468 1665 ‚
2484 1629 2535 1660 fre-

1399 796 1475 833 quod
1488 795 1577 824 Graeci
1592 794 1754 829 εςμκνΔι-ηιών
1777 797 1938 835 appellant.
1959 805 2017 833 peti
2038 796 2114 835 apud
2138 806 2185 826 eos
2209 797 2330 834 poterit,
2352 795 2431 832 siquis
2451 795 2520 826 forte

1401 834 1571 863 conditionis
1582 855 1590 867 ‚
1611 832 1655 862 vel
1663 835 1792 864 amicitiae
1803 857 1811 870 ,
1835 834 1878 864 vel
1896 834 2047 871 assessurae,
2066 833 2112 864 vel
2128 832 2244 871 alic'ujus
2256 834 2368 864 alterius
2379 833 2522 870 hujusmo-
2600 829 2604 857 l

1403 873 1431 900 di
1446 878 1599 909 proxeneta
1610 870 1701 900 fuerit.

1401 993 1443 1014 tes
1456 985 1584 1014 flamines
1598 984 1670 1014 sacra
1688 985 1802 1015 faciunt.

1402 1106 1481 1134 tum,
1505 1104 1553 1127 aut
1573 1108 1686 1136 regem,
1707 1106 1754 1129 aut
1774 1099 1931 1142 praesidem,
1953 1100 2023 1134 hoc,
2045 1109 2060 1128 a
2080 1099 2147 1129 Sido
2164 1101 2281 1129 duflum
2305 1106 2413 1129 motum
2439 1104 2525 1130 notat.

1403 1137 1468 1179 Ter.
1485 1137 1582 1165 Heaut.
1599 1147 1621 1166 1.
1638 1148 1659 1166 1.
1673 1147 1718 1174 72.
1761 1138 1871 1171 Ashdo,
1891 1143 2040 1166 accurrunt
2049 1137 2134 1173 servi,
2157 1137 2253 1167 soccos
2269 1137 2426 1167 detrahunt.

1403 1175 1506 1204 Aslidat
1517 1184 1559 1203 eo.
1578 1173 1652 1218 §sto
1661 1176 1696 1204 de
1708 1175 1739 1205 R.
1753 1175 1786 1205 R.
1800 1177 1829 1204 iri
1843 1185 1903 1212 cap.
1916 1175 1951 1204 de
1961 1175 2080 1205 brassicae
2089 1175 2302 1205 medicamentis
2313 1198 2321 1212 ,
2339 1175 2392 1205 Ubi
2403 1175 2432 1204 in
2439 1174 2528 1208 scutra
2568 1199 2569 1203 ,

1424 1212 1598 1256 ferveseceris
1607 1213 1639 1256 id
1650 1213 1760 1249 lotium⁷
1772 1214 1820 1243 sub
1831 1213 1924 1242 sellam
1934 1213 2085 1251 supponito
2096 1213 2247 1252 pertusam:
2269 1224 2304 1243 eo
2314 1213 2414 1243 mulier
2422 1207 2527 1244 affidat'.

1408 1251 1529 1280 Aslidere
1539 1250 1753 1294 innaliquolcco.
1775 1251 1861 1281 Plaut.
1875 1250 1934 1281 Aul.
1946 1262 1972 1286 4.
1988 1261 2011 1280 1.
2027 1261 2071 1280 20.
2112 1252 2144 1281 ln
2155 1262 2200 1281 ara
2210 1252 2256 1281 hic
2264 1251 2376 1281 assidam
2385 1250 2527 1280 sacra.Cic;

1424 1299 1449 1318 2.
1464 1289 1500 1318 de
1512 1288 1602 1332 Divin.
1615 1294 1639 1323 8.
1679 1289 1755 1319 Tum
1767 1290 1795 1319 in
1806 1289 1978 1318 bibliotheca
1985 1299 2046 1327 qure
2058 1289 2086 1318 in
2096 1289 2188 1327 Lyceo
2200 1289 2239 1319 est
2248 1311 2257 1325 ,
2277 1289 2433 1318 assedimus.

1404 1327 1501 1364 Super.
1525 1326 1584 1355 Cic.
1598 1336 1624 1356 2.
1642 1327 1677 1371 de
1690 1327 1748 1357 Fin.
1761 1338 1802 1364 59.
1844 1328 1871 1357 Si
1889 1327 1982 1356 scieris
2012 1328 2125 1364 (inquit
2144 1327 2320 1364 Carneades)
2341 1327 2465 1365 aspidem
2482 1335 2530 1356 00-

1425 1365 1501 1394 culte
1511 1364 1595 1393 latere
1603 1365 1724 1403 uspiam,
1747 1367 1773 1395 82
1783 1364 1855 1395 velle
1866 1365 2073 1402 imprudentem
2085 1365 2207 1403 aliquem
2221 1365 2304 1403 super
2324 1375 2385 1395 eam
2395 1364 2530 1401 assidere3

1424 1403 1504 1469 cigjus
1516 1412 1590 1469 insprds
1600 1403 1652 1470 ttibi
1663 1403 1885 1433 emolumentum
1896 1404 1988 1433 futura
1999 1403 2047 1439 sit,
2068 1403 2197 1442 improbe
2211 1403 2328 1440 feceris,
2350 1403 2400 1433 nisi
2413 1412 2532 1433 monue«

1425 1451 1446 1470 ri
1472 1450 1534 1470 nea
1558 1450 1566 1469 i
1589 1452 1625 1471 a.
2525 1440 2528 1447 “
2570 1443 2571 1447 ’

1405 1478 1531 1521 Etsimul
1540 1477 1686 1509 afficiamus
1696 1501 1704 1514 ,
1725 1459 1856 1517 inquam.
1879 1479 2023 1509 sividetur.
2045 1479 2104 1509 Cic.
2116 1489 2140 1509 1.
2157 1479 2241 1509 Acad.
2256 1490 2298 1516 14.

1405 1517 1537 1551 assidere,
1550 1526 1615 1546 curn
1627 1517 1904 1547 Accusativo.Sallust.
1916 1517 1945 1547 ‘m
1954 1518 2158 1555 Jugurth.c.1x.
2168 1517 2353 1547 Adherbalem
2364 1516 2462 1546 dextra
2468 1516 2542 1552 asse-s

1426 1555 1543 1622 (312,ῑοῗὲ
1547 1556 1660 1621 ¹:medius
1671 1555 1800 1585 extribus
1811 1577 1819 1592 ,
1844 1556 1922 1593 quod
1942 1557 2019 1594 apud
2030 1555 2168 1586 Numidas
2177 1556 2279 1585 honori
2288 1556 2414 1590 ducitur,
2435 1554 2540 1593 ,Iugura¹

1410 1678 1516 1712 quens,
1533 1676 1692 1712 continuus.
1730 1668 1788 1698 Liv.
1813 1680 1837 1705 5.
1861 1669 1931 1699 Beli.
1951 1669 2064 1699 Maced.
2103 1669 2282 1706 Accedebat,
2312 1670 2388 1707 quod
2408 1668 2476 1698 alter
2488 1668 2536 1698 de·
2568 1674 2571 1691 1

1409 1716 1594 1751 crimuni-jam
1617 1716 1706 1745 prope
1732 1716 1839 1736 annum
1859 1707 1980 1736 assiduus
1999 1708 2029 1736 iri
2048 1707 2137 1737 oculis
2163 1707 2312 1738 hominum
2332 1708 2430 1737 fuerat.
2465 1706 2536 1736 Cha.

1409 1744 1488 1774 risius
1512 1744 1561 1773 lib.
1587 1755 1610 1774 1.
1650 1744 1785 1774 Adsiduus
1805 1745 1920 1782 quidam
1939 1755 1989 1783 per
2008 1746 2027 1774 d
2051 1745 2196 1780 scribunt,
2230 1745 2303 1784 quasi
2320 1755 2336 1775 a
2353 1741 2485 1775 Sedendo
2499 1743 2537 1773 i-
2569 1748 2571 1755 '

1409 1789 1536 1826 guratum
1551 1792 1563 1826 ³.
1579 1782 1625 1826 sed
1636 1789 1735 1812 errarit.
1770 1782 1843 1812 Nam
1853 1793 1918 1813 cum
1933 1794 1948 1812 a
1960 1784 2056 1813 Servio
2064 1784 2162 1814 Tullio
2172 1784 2331 1822 populusin
2341 1784 2463 1821 quinque
2474 1780 2537 1811 clas-
2570 1774 2572 1782 ’

1409 1824 1450 1850 les
1461 1820 1655 1864 essetdivisus,
1676 1827 1707 1850 ut
1716 1819 1868 1855 tributum,
1891 1827 1974 1859 prout
1985 1822 2101 1860 quisque
2110 1821 2277 1860 possideret,
2297 1822 2428 1851 inferret:
2451 1820 2535 1849 ditio..
2557 1840 2559 1843 -

1410 1869 1454 1888 res
1466 1881 1474 1892 ,
1495 1868 1542 1895 qui
1554 1859 1620 1888 asses
1629 1859 1732 1888 dabant
1743 1881 1750 1894 ,
1766 1858 1943 1889 Assiduidic'ti
1953 1858 2024 1889 sunt.
2065 1860 2099 1890 Et
2110 1860 2245 1897 quoniam
2254 1859 2303 1889 soli
2313 1859 2433 1897 negotiis
2445 1856 2538 1896 publi-

1413 1897 1453 1940 cis
1466 1896 1624 1933 frequenter
1635 1897 1750 1940 aderant
1760 1919 1778 1939 ‚q
1789 1905 1838 1926 eos
1852 1898 1899 1935 qui
1918 1897 2078 1935 frequenter
2097 1897 2214 1933 adsunt,
2235 1898 2368 1928 1111111003,
2381 1896 2416 1928 ab
2430 1895 2535 1926 Assibus
2557 1911 2559 1922 .

1412 1935 1555 1964 dixerunt.
1595 1934 1626 1963 V.
1647 1937 1718 1964 inira
1729 1935 1854 1964 Asliduus
1867 1957 1874 1970 ‚
1895 1934 2042 1973 Locuples.

1411 1972 1539 2003 Assiduus
1552 1971 1623 2001 bella
1636 1972 1706 2010 gerit
1716 1995 1724 2007 ,
1745 1982 1796 2010 pro
1807 1973 1925 2002 Assidue.
1948 1973 2070 2011 Propert.
2085 1975 2133 2005 lib.
2146 1985 2172 2006 2.
2190 1984 2232 2005 12.
2245 1977 2288 2004 16.

1413 2010 1539 2040 Assiduus
1555 2020 1665 2039 mecum
1676 2011 1738 2040 fuit.
1762 2010 1819 2040 Cic.
1829 2021 1880 2049 pro
1895 2011 1964 2040 Coel.
1982 2022 2024 2042 10.

1412 2048 1540 2079 Assiduus
1550 2048 1588 2077 est
1599 2049 1628 2077 in
1636 2049 1755 2086 praediis.
1778 2048 1836 2078 Cic.
1847 2059 1897 2087 pro
1909 2048 1989 2079 Rosc.
2000 2051 2088 2082 Amet.
2105 2061 2148 2089 5¹·

1414 2086 1504 2116 Cantu
1513 2085 1618 2115 assiduo
1628 2086 1745 2116 resonat.
1766 2086 1838 2124 Virg.
1851 2097 1877 2123 7.
1892 2088 1955 2118 AEn.
1970 2097 2013 2118 12.

1414 2124 1561 2155 Febricula
1574 2124 1687 2154 assidua.
1712 2124 1770 2154 Cic.
1785 2135 1826 2154 10.
1840 2125 1914 2155 Fam.
1928 2135 1972 2155 21.

1412 2161 1492 2206 Fletu
1502 2162 1619 2205 alicujus
1629 2162 1736 2192 assidiio
1749 2169 1864 2200 augetur
1873 2163 1984 2193 alterius
1995 2164 2129 2194 molestia.
2149 2163 2209 2195 Cic.
2222 2173 2274 2203 pro
2284 2162 2396 2193 Cluent.
2417 2159 2461 2192 16.

1413 2200 1526 2244 Frigore
1537 2201 1642 2243 assiduo
1651 2201 1732 2230 ustus.
1756 2201 1841 2230 Ovid.
1855 2211 1880 2237 3.
1894 2201 1974 2231 Trist.
1985 2212 2011 2232 2.
2024 2209 2067 2237 ²8·

1412 2238 1558 2268 Fructibus
1569 2239 1680 2268 assiduis
1691 2238 1754 2268 lassa
1763 2238 1878 2269 senescit
1889 2240 1999 2270 humus.
2023 2240 2107 2270 Ovid.
2122 2251 2146 2270 1.
2159 2240 2195 2270 de
2206 2240 2284 2270 Pont.
2295 2251 2322 2276 4.
2336 2249 2380 2275 14.

1413 2276 1490 2313 Ignis
1499 2298 1507 2311 ,
1538 2276 1610 2318 Dum
1621 2286 1699 2306 meus
1710 2276 1815 2306 assiduo
1827 2277 1989 2316 luceatigne
1999 2278 2087 2308 focus.
2169 2278 2266 2309 Tibul.
2281 2288 2304 2308 1.
2319 2287 2342 2307 1.
2354 2280 2381 2307 6.

1415 2313 1505 2344 Labor
1515 2314 1635 2358 asiiduus
1646 2317 1671 2344 ἅ
1683 2315 1871 2358 quotidianus.
1895 2316 1952 2345 Cic.
1967 2326 1991 2353 3.
2003 2317 2038 2346 de
2048 2317 2125 2346 Orat.
2138 2327 2181 2353 55.

1416 2352 1513 2383 Labor
1523 2353 1643 2382 assiduus
1651 2375 1659 2387 ,
1682 2352 1769 2382 aliter.
1791 2352 1911 2383 Martias.
1924 2354 1959 2383 de
1972 2354 1990 2384 S
2012 2356 2064 2384 est.
2080 2364 2103 2384 1.

1510 2390 1636 2420 Assiduus
1650 2392 1731 2424 ia&et
1743 2401 1795 2420 nec
1812 2391 1953 2429 Babylona
1968 2392 1993 2421 la
2015 2403 2054 2422 or.
2149 2390 2250 2421 Sensus
2270 2391 2309 2420 est
2319 2413 2327 2427 ‚
2349 2396 2380 2419 ut
2395 2363 2542 2420 Turnebus
2573 2406 2576 2419 ο

1387 2458 1388 2461 ,
1435 2434 1532 2466 putat,
1554 2428 1619 2458 Non
1628 2423 1682 2458 else
1695 2436 1773 2458 tanto
1782 2429 1875 2459 labore
1886 2451 1893 2462 ,
1913 2437 2026 2467 tamque
2037 2430 2161 2469 impense
2172 2429 2339 2459 laudandam
2349 2427 2519 2459 Babvlonem
2532 2447 2541 2463 ,
2574 2433 2578 2468 5

1437 2474 1468 2496 ut
1481 2473 1617 2504 perpetuo
1632 2467 1661 2495 iri
1671 2467 1847 2496 laudatorum
1868 2477 1916 2497 ore
1935 2468 2064 2498 versetur.
2106 2469 2131 2499 Is
2150 2468 2227 2497 enim
2246 2467 2284 2497 est
2295 2461 2426 2498 Assiduus
2443 2465 2539 2501 labor,

1438 2514 1526 2541 quum
1539 2504 1646 2534 Assidue
1659 2504 1786 2534 laudatur
1803 2505 1938 2543 Babylon.
1980 2507 2018 2537 Al.
2041 2506 2168 2543 Assyrius.

1419 2541 1502 2572 Motu
1511 2543 1616 2572 assiduo
1626 2543 1755 2572 labuntur
1764 2552 1900 2582 tempora.
1923 2544 2007 2574 Ovid.
2025 2555 2066 2580 1ς.
2082 2545 2154 2575 Met.
2170 2554 2231 2581 179.

1418 2580 1534 2610 Noctes.
1558 2581 1625 2610 Hor.
1637 2581 1726 2619 Epod.
1743 2591 1784 2617 15.
1797 2591 1840 2616 1³-

1420 2618 1545 2656 Operam
1554 2618 1687 2662 assiduam
1700 2619 1765 2649 dare
1776 2619 1858 2649 ludis.
1879 2619 1988 2650 Lucret.
1999 2620 2048 2650 lib.
2060 2630 2085 2655 4.
2096 2630 2161 2658 971.

1420 2656 1626 2686 Recordatione
1638 2657 1741 2686 assidua
1751 2657 1867 2687 laetetur.
1892 2658 1951 2688 Cic.
1971 2669 1999 2688 1..
2008 2659 2044 2688 de
2059 2658 2119 2689 Fin.
2135 2668 2180 2695 57.

1421 2694 1543 2737 Venatus
1551 2694 1679 2724 assiduus.
1701 2695 1773 2733 Virg.
1787 2706 1812 2730 9.
1833 2696 1896 2726 AEn.
1913 2706 1978 2733 245.

1421 2732 1474 2761 Ver
1485 2732 1630 2762 assiduum.
1654 2732 1727 2770 Virg.
1740 2743 1765 2762 2.
1780 2733 1880 2771 Georg.
1896 2744 1958 2771 149.

1421 2770 1564 2813 Vertigine
1576 2771 1679 2814 assidua
1689 2771 1793 2809 rapitur
1806 2771 1919 2801 coelum.
1942 2772 2024 2802 Ovid.
2039 2781 2064 2802 2.
2082 2772 2153 2802 Met.
2167 2781 2212 2809 70.

1421 2808 1548 2838 Alliduus
1560 2830 1568 2843 ‚
1590 2809 1647 2852 Qui
1664 2809 1783 2852 diligens
1793 2809 1830 2838 est
1842 2810 1871 2838 in
1880 2818 1910 2838 re
1925 2810 2076 2840 domestica
2087 2810 2217 2840 curanda.
2239 2807 2298 2840 Cic.
2318 2808 2354 2837 de
2371 2807 2479 2838 Senest.
2499 2805 2549 2840 ³6.*
2572 2804 2573 2808 ’

1440 2846 1556 2890 Semper
1568 2846 1634 2890 boni
1645 2847 1797 2884 assiduique
1815 2847 1923 2876 domini
1940 2848 2039 2877 referta
2048 2842 2254 2882 cellavinaria,
2279 2846 2397 2882 olearia,
2420 2847 2447 2875 δι
2461 2851 2545 2882 pena·
2578 2859 2581 2866 =

1442 2894 1481 2913 ria
1493 2884 1532 2913 est
1544 2906 1552 2920 ,
1573 2884 1693 2927 villaque
1705 2892 1763 2914 tota
1775 2884 1900 2923 locuples
1911 2885 1958 2915 est.
2548 2896 2553 2902 ⁸

1422 2921 1532 2951 Affidua
1542 2932 1579 2966 ac·
1590 2922 1708 2960 diligens
1723 2922 1862 2960 scriptura.
1885 2923 1944 2952 Cic.
1957 2932 1980 2952 1.
1997 2923 2033 2952 de
2044 2923 2120 2954 Orat.
2137 2933 2198 2959 150.
2235 2922 2264 2952 Si
2277 2920 2397 2951 subitam
2415 2920 2441 2950 &
2452 2917 2546 2948 fortui-
2578 2947 2579 2951 ,

1441 2966 1499 2989 tam
1512 2967 1666 2989 orationem
1678 2961 1877 2990 commentatio
1891 2963 1916 2991 6(
1928 2961 2060 2998 cogitatio
2076 2962 2157 2992 facile
2169 2961 2274 2996 vincit,
2295 2960 2366 2989 hanc
2382 2957 2470 2996 ipsam
2484 2964 2546 2995 pro-
2578 2953 2582 2964 ¹

1441 2998 1515 3040 septo
1526 2998 1630 3027 assidua
1640 3008 1672 3027 ac
1687 2998 1805 3035 diligens
1814 2998 1944 3036 scriptura
1954 2999 2102 3037 superabit.
2514 3023 2518 3028 .
2533 2992 2536 2996 ’

1425 3036 1572 3071 Assiduus,
1593 3035 1739 3079 Locuples.
1767 3035 1836 3065 Gell.
1859 3036 1906 3066 lib.
1923 3041 1965 3066 16.
1984 3047 2044 3076 cap.
2061 3048 2102 3067 10.
2144 3036 2270 3066 Assiduus
2289 3036 2317 3064 in
2331 3043 2384 3064 xri
2404 3031 2474 3063 Tab.
2495 3027 2546 3069 pro

1442 3073 1611 3112 Locuplete‚
1634 3076 1660 3103 &
1673 3073 1752 3103 facile
1768 3083 1870 3103 munus
1878 3075 1997 3104 faciente
2009 3098 2016 3111 ‚
2039 3075 2129 3105 didius
2140 3075 2175 3104 ab
2187 3074 2309 3108 Assibus,
2331 3073 2359 3102 id
2370 3072 2408 3101 est
2419 3080 2470 3100 aere
2480 3069 2548 3098 dan-

1446 3112 1483 3140 do
1496 3133 1509 3155 ³.
1531 3122 1617 3155 quum
1630 3112 1659 3155 id
1670 3118 1796 3154 tempora
1807 3112 1857 3141 Rei
1881 3135 1886 3141 .
1908 3112 2096 3150 postularent:
2118 3120 2166 3143 aut
2182 3124 2197 3142 a
2215 3112 2337 3141 muneris
2351 3120 2399 3148 pro
2419 3105 2547 3137 familiari
2576 3105 2578 3111 ’

1445 3159 1528 3192 copia
1539 3150 1659 3179 faciendi
1670 3150 1833 3193 assiduitate.
1856 3122 1953 3179 Cioin
1961 3150 2062 3188 Topic.
2079 3161 2122 3180 10.
2162 3151 2238 3181 Tum
2249 3149 2356 3179 notatio
2367 3170 2375 3183 ,
2396 3155 2460 3176 cum
2476 3142 2547 3174 cxvi

1444 3187 1520 3217 verbi
1542 3194 1735 3231 argumentum
1747 3187 1859 3230 aliquod
1876 3188 2002 3224 elicitur,
2024 3189 2079 3218 hoc
2095 3189 2197 3219 niodo:
2220 3188 2291 3217 Cum
2309 3187 2355 3215 lex
2370 3184 2440 3215 ffiliss
2455 3181 2549 3213 sentia

1445 3225 1551 3254 assiduo
1561 3226 1703 3269 Vindicem
1714 3225 1848 3254 alliduuiri
1860 3225 1914 3255 csse
1925 3227 2020 3261 jubeat
2031 3249 2039 3262 ,
2062 3226 2320 3264 locupletemjubet
2332 3221 2475 3261 locupleti.
2497 3219 2548 3249 [ο-
2576 3243 2591 3254 ,,,

1446 3262 1544 3307 cupies
1554 3273 1630 3292 enini
1642 3263 1761 3293 assiduus
1782 3263 1835 3299 (ut
1845 3264 1883 3292 ait
1892 3263 1979 3293 AElius
1991 3265 2002 3298 )
2023 3264 2177 3303 appellatus
2187 3265 2221 3294 ab
2233 3273 2284 3293 aere
2302 3261 2404 3292 dando.
2427 3256 2545 3296 Quintil.
2576 3269 2577 3274 ¹

1445 3301 1495 3330 lib.
1509 3312 1532 3335 ς.
1547 3311 1606 3339 cap.
1622 3312 1662 3330 10.
1677 3310 1779 3344 p.412.
1802 3300 1893 3344 Burin.
1913 3301 2012 3331 Festus.
2057 3303 2181 3333 Assiduus
2195 3303 2314 3334 dicitur.
2336 3300 2382 3335 qui
2401 3299 2430 3327 in
2447 3307 2480 3326 ea
2501 3304 2547 3330 re,
2584 3307 2588 3321 ‘-

1446 3339 1717 3377 quamfrequentera
1739 3346 1774 3374 it,
1796 3341 1868 3376 quasi
1880 3339 2033 3370 consedisse
2044 3341 2178 3370 videatur.
2220 3339 2272 3369 Alii
2289 3337 2441 3369 assiduum,
2463 3334 2548 3364 Locu-
2586 3343 2588 3349 ’

1448 3377 1554 3415 pletein
1565 3399 1582 3421 ,Π
1594 3377 1722 3420 quasimu
1736 3384 1828 3406 torum
1836 3376 1930 3406 assium
1940 3399 1948 3413 ‚
1970 3378 2076 3409 dietum
2087 3385 2226 3416 putarunt.
2269 3376 2393 3406 Aliieum
2404 3373 2451 3412 qui
2459 3371 2548 3409 sump-
2585 3403 2587 3405 ¹

1446 3421 1480 3458 ’(1.1
1511 3414 1747 3458 rofino-militabat
1759 3436 1768 3450 ,
1788 3413 1821 3443 ab
1833 3413 1885 3444 asse
1896 3415 1989 3444 dando
2000 3424 2130 3446 vocatum
2143 3416 2342 3446 existimarunt.
2595 3437 2597 3439 .

1429 3452 1483 3483 Alli
1507 3462 1533 3481 ui
1548 3452 1717 3496 {fidejussores
1730 3474 1738 3487 ‚
1759 3452 1922 3482 dicebantur
1933 3452 2089 3491 locupletes
2102 3477 2109 3490 ,
2137 3463 2221 3491 quam
2235 3450 2400 3488 Riarqcfiacam
2412 3449 2548 3476 cautionem
2586 3463 2587 3466 =

1447 3499 1524 3534 nunc
1532 3490 1660 3520 dicimus.
1700 3489 1818 3519 Budaeus
1830 3489 1893 3519 loco
1903 3500 1970 3519 mox
1983 3492 2161 3522 adducendo.
2202 3490 2312 3527 [Gallis
2329 3487 2462 3517 nimirum
2481 3487 2547 3512 Caie-
2598 3494 2600 3499 >

1447 3535 1502 3571 ψη
1518 3528 1656 3564 lrourgeaise
1667 3527 1769 3557 dicitur
1785 3527 1935 3564 Fidejuss'or
1950 3528 2085 3564 idoneus,
2107 3530 2153 3567 qui
2165 3529 2259 3558 sedem
2269 3528 2298 3556 in
2316 3526 2379 3555 loco
2391 3526 2418 3554 St
2435 3520 2550 3551 domici·
2582 3530 2583 3554 j
2597 3531 2599 3545 =

1448 3565 1639 3608 liumncertiiin
1652 3565 1742 3609 habet.
1784 3565 1945 3602 Quomodo
1963 3566 2025 3597 sane
2040 3567 2161 3606 suspicor
2177 3567 2207 3595 in
2222 3576 2276 3595 xri
2297 3563 2398 3594 tabulis
2409 3560 2547 3591 Assiduum
2582 3574 2583 3579 =

1449 3603 1593 3645 vindicem
1603 3603 1738 3640 intelligi,
1760 3603 1845 3632 ὶικιςιὶν
1857 3625 1865 3638 ‚
1887 3603 1939 3632 sive
1949 3604 2084 3634 Sessorem
2095 3627 2103 3640 ,
2123 3611 2154 3634 ut
2162 3605 2258 3642 Nepos
2268 3608 2364 3636 vocat,
2382 3601 2399 3629 i.
2413 3609 2436 3628 e.
2449 3598 2546 3629 civemn

1453 3640 1490 3684 ab·
1504 3641 1651 3683 Aslidendo
1665 3663 1672 3676 ‚
1695 3641 1741 3678 qui
1757 3642 1785 3670 in
1800 3641 1863 3670 loco
1874 3648 1935 3684 ..ut
1949 3642 2080 3679 appellari
2116 3642 2179 3672 ossit
2191 3665 2199 3677 ,
2224 3641 2352 3672 resideat.
2373 3643 2447 3666 certa
2458 3657 2466 3669 ‚
2487 3642 2549 3672 1³1⁰-
2581 3633 2599 3671 ⁴.

1450 3688 1563 3716 priaque
1572 3679 1634 3707 icdc
1645 3701 1652 3713 ,
1674 3689 1755 3716 quem
1766 3679 1895 3708 Germani
1912 3689 2022 3717 quoque
2037 3653 2159 3710 similiter
2178 3679 2283 3716 Sesshast
2295 3685 2393 3707 vocare
2403 3672 2549 3704 consueve-

1448 3722 1514 3745 runt
1524 3738 1532 3751 9
1553 3724 1583 3745 ut
1593 3717 1773 3760 distinguatur
1785 3727 1799 3745 a
1812 3716 1980 3753 Vagiibundo
1991 3740 1999 3753 ‚
2020 3718 2064 3747 vel
2076 3717 2251 3748 domicilium
2268 3721 2393 3745 mutante
2409 3713 2437 3741 in
2448 3711 2547 3750 horasy
2590 3719 2595 3725 ··

1452 3760 1484 3782 ut
1504 3755 1624 3797 emedio
1638 3755 1781 3797 discedere
1793 3764 1856 3796 cum
1867 3753 1959 3784 lubuit
1978 3754 2067 3793 possit.
2110 3756 2278 3792 Quanquam
2291 3751 2374 3792 possit
2388 3750 2471 3780 etiam
2483 3744 2552 3776 Dili·
2584 3774 2587 3785 ,V

1451 3800 1517 3833 gens
1527 3791 1661 3835 intelligi,
1684 3798 1713 3821 ut
1723 3792 1758 3821 ad
1771 3791 1853 3821 oflicii
1865 3792 2049 3822 assiduitatem
2068 3793 2200 3822 referatur
2215 3791 2372 3830 epitheton.
2413 3787 2504 3823 Quam
2519 3783 2548 3811 in
2597 3803 2604 3818 ¹;

1451 3830 1615 3870 sententiam
1631 3829 1762 3859 inclinare
1780 3829 1887 3858 videtur
1897 3829 2017 3860 Gronov.
2035 3831 2070 3860 de
2082 3831 2141 3860 Pec.
2156 3831 2215 3860 Vet.
2232 3841 2257 3865 4.
2269 3840 2293 3866 9.
2305 3839 2320 3858 a
2332 3829 2372 3866 131.
2395 3833 2477 3863 quem
2493 3829 2550 3850 om·

1450 3875 1520 3908 nino
1542 3867 1571 3895 V.
1595 3867 1666 3910 Nam
1678 3868 1752 3904 quod
1762 3867 1939 3896 Grammatici
1954 3868 1987 3897 ab
2002 3879 2036 3898 eo
2050 3869 2156 3898 distum
2169 3867 2364 3901 contendunt,
2386 3861 2461 3899 quod
2479 3856 2550 3889 Affes
2597 3883 2599 3885 .

1452 3903 1535 3947 ἀμπ’,
1557 3914 1639 3934 merae
1651 3905 1763 3942 ineptiae
1773 3904 1848 3939 sunt.
1867 3914 1931 3941 quas
1942 3905 2051 3935 Tullius
2059 3916 2184 3944 quoque,
2202 3912 2234 3936 ut
2245 3904 2357 3940 assolet,
2373 3900 2447 3932 AElio
2460 3897 2554 3927 aueio-
2581 3902 2586 3934 j

1453 3941 1658 3983 ri=relinquere.
1680 3952 1761 3980 quam
1774 3941 1821 3971 sibi
1835 3942 1979 3977 asciscere,
2001 3944 2108 3973 maluit.
2540 3940 2543 3944 ⁴
2581 3938 2584 3970 l

1432 3978 1575 4008 Assiduum
1596 3978 1844 4025 scriptorem-‚pro
1867 3980 2035 4018 Locuplete‚
2057 3983 2083 4012 ἃ
2102 3981 2291 4019 probatissimo
2312 3981 2427 4010 authore
2449 3969 2552 4015 Gellius

1451 4016 1559 4054 posuit,
1581 4027 1663 4054 quem
1674 4017 1761 4048 Graeci
1773 4027 1884 4054 ιχεῃυον
1896 4021 2050 4055 νςφερέῃυον
2061 4026 2162 4050 vocant
2171 4039 2179 4052 ,
2195 4019 2223 4049 11.
2234 4028 2259 4048 e.
2276 4019 2399 4057 32¹6ng
2409 4034 2418 4049 2
2435 4005 2552 4076 migne:
