2604 4222
119 111 191 145 712
546 91 575 127 C
678 88 709 124 R
805 84 828 118 Α

124 186 146 216 C
154 195 170 215 r.
178 194 196 214 A
206 193 218 213 s
227 183 286 212 εἴτ
296 190 315 210 Α
323 190 335 210 s
345 202 353 215 ‚
373 178 435 209 atis.
455 176 475 206 f.
499 173 575 212 Apul.
588 171 623 201 de
633 167 779 232 Munxdgfii
790 155 1056 228 {sagiiitgiffggrssass
1069 150 1145 181 Adeo
1156 146 1210 177 illis
1224 154 1273 175 co-

129 229 243 291 Cizgffs}
253 220 358 289 ssstcvoff:
370 213 868 290 nsssffivizffirfiorgraesns'inguescere.
908 227 1046 274 Coluniel.
1066 225 1115 254 lib.
1126 229 1232 288 gil-cipp.
1246 229 1273 254 9.

679 277 722 308 vel
742 276 801 305 aliis
821 273 965 301 frumentis
980 273 1071 295 minus
1096 271 1140 291 cra
1163 269 1178 288 e
1191 264 1272 291 cant,

167 291 721 364 &ectukr'xlpgiiipgjlpeccquilzrrggcpdem’
742 313 802 343 Nec
819 307 930 339 aliunde
949 303 1034 340 inagis
1046 323 1054 337 ,
1075 307 1157 336 quam
1177 304 1275 334 purga-

169 370 271 401 mentis
280 369 339 404 eius
348 367 407 396 sues
418 361 617 429 crassescunt.i’
637 387 853 421 antdenfiorem.
893 380 962 411 Pun-
974 377 1021 407 lib·
1033 385 1058 406 2.
1074 383 1135 412 cap·
1150 380 1195 408 43.
1218 368 1276 405 Qui

172 406 336 438 etan-estere
347 426 355 439 ’
375 396 603 464 Lmffiordirnrssfgteiir
614 453 622 465 ,
641 437 693 458 nec
703 423 840 456 crassescat
850 421 878 449 in
888 418 985 448 nubes.

192 453 282 480 neque
298 444 325 471 in
339 439 465 470 nebulam
858 454 1041 487 crassescente
1063 449 1130 478 limo
1145 446 1230 484 usque
1247 444 1277 472 in

172 483 287 513 Ponitur
305 489 354 517 pro
374 474 519 519 Diirescere
533 469 606 509 apud
627 467 746 500 Plin.35.
760 473 783 498 5.
795 469 835 498 pr.

194 520 320 549 duritiem
332 522 456 553 pum¹c¹s'
745 537 833 566 ficare.
855 531 920 561 Cael.
933 523 1115 559 Aure1.Tard.
1131 533 1154 557 ς.
1170 530 1197 550 2.

139 557 398 625 ἓὲῗκεεῖῑιέιῑιὲῗῑῖῐ
406 558 464 618 idbe'.
482 537 780 613 iiiiisfjsrpgasesirsiiiiel.
791 571 876 603 Tard.
890 580 914 604 5.
926 577 951 603 3.
973 563 1079 595 viscosa
1097 557 1275 590 crassificatio.

141 634 186 662 Cii
197 642 213 660 A
224 641 254 659 ss
265 639 281 658 o
296 650 303 664 ‚
323 630 375 656 are.
396 621 516 654 Crassum
524 619 647 649 reddere.
668 613 747 652 Apul.
760 621 781 648 3.
804 611 839 640 de
851 607 927 638 Asino
938 616 964 643 p.
980 612 1039 639 139.
1062 599 1111 630 Pili
1132 596 1279 627 crassantur

141 707 163 737 C
173 668 307 736 iirhsstsais'r
315 712 333 731 υ
342 711 353 730 s
365 723 373 736 ,
393 709 423 735 a,
443 706 499 728 um.
524 693 618 724 Partic.
639 696 680 726 ut,
700 689 751 718 Aer
761 684 885 716 densiore
895 688 1027 712 terrarum
1042 675 1130 706 halitu
1141 670 1279 703 crassatus.

178 742 309 773 Ammian.
326 749 366 774 ¹9-
377 749 402 772 4.
650 766 656 772 ·

177 780 292 818 Spiritus
305 775 438 806 crassatus.
459 772 537 802 Idem
555 769 610 812 loc.
630 772 678 796 cit.
693 802 701 811 Ἰ
843 798 848 803 ·

142 819 186 849 Cr.
197 828 215 846 A
225 826 256 846 ss
267 819 282 844 Ᾰ
294 826 312 843 μ.
322 823 336 842 ε
345 823 363 842 N
379 835 386 847 ,
407 811 468 839 inis.
491 818 517 837 n.
539 805 660 842 [vrum]
680 798 816 846 Lolumel.
827 796 879 841 lib.

178 855 268 891 quieta
281 861 348 888 aqua
361 848 507 878 crassamen
518 842 630 880 aliquod
640 843 667 870 in
678 848 735 868 imo
746 842 888 875 reperitur.

141 929 164 960 C
174 892 364 959 ξῖἓιὲῗὶιίῃῆᾟ
376 879 697 957 pigapi'miiaexpisffzsstj
718 910 880 942 Crassitudo.
917 905 987 950 Gell.
1003 912 1044 939 17.
1057 910 1116 937 cap.
1125 909 1162 942 9..
1174 894 1282 940 Surculi

178 968 234 995 duo
250 971 326 994 erant
337 968 445 994 teretes,
467 955 621 998 oblonguli,
634 954 692 991 pari
704 950 891 990 crassamento,
904 936 1279 980 ejusdemquelongitudinis.

178 1003 407 1034 Crasl'anientum,
428 1006 478 1035 pro
491 995 652 1025 Crass-amen.
693 987 827 1032 Columel.
838 985 884 1013 lib.
900 992 938 1010 12.
951 990 1010 1016 cap.
1028 987 1068 1006 12.
1092 975 1165 1018 Nam
1176 980 1282 1017 quoties

588 1027 769 1062 diffunditur,
788 1021 898 1058 aliquod
913 1017 1122 1048 crassamentum
1138 1022 1168 1041 in
1184 1020 1240 1040 inio
1252 1010 1281 1037 si-

891 800 1058 830 12.cap.25.
1079 787 1194 824 Semper
1204 785 1232 813 in
1242 792 1281 812 re-

928 829 1027 862 Rursus
1038 836 1099 863 cap.
1113 834 1158 860 41.
1183 823 1280 852 Donec

195 1042 276 1069 etiam
286 1049 332 1076 per
343 1038 457 1072 longum
467 1041 576 1070 tempus

196 1078 260 1107 mile
270 1077 329 1106 faeci
338 1074 480 1112 reperitur.

143 1117 349 1148 Cassa-ruo,
370 1112 600 1149 CRAs'riNus3
621 1102 653 1131 V.
676 1110 777 1131 CRAS.

142 1154 165 1183 C
175 1164 215 1182 im
225 1163 243 1181 ¹r
252 1162 297 1181 fflc
309 1160 354 1186 is,
376 1150 405 1179 is.
428 1147 447 1176 f.
491 1142 634 1181 nestrum]
656 1139 752 1170 Herbae
764 1146 805 1175 ger

179 1191 244 1220 mile
255 1211 263 1225 ,
285 1189 319 1218 de
328 1197 379 1225 qua
396 1186 462 1216 Plin.
491 1183 526 1212 ib.
537 1186 580 1211 26.
592 1189 651 1216 cap.
667 1187 708 1206 io.

142 1228 376 1257 CRATAEGUM.
415 1223 446 1252 V.
467 1224 708 1250 cARTnaGoN.
1011 1243 1015 1251 1

142 1266 431 1295 ΟιΑτΞοόΝοΝ,
451 1260 504 1288 sive
521 1251 824 1286 CRATAEocoiuou,
845 1255 873 1275 n.
895 1239 1098 1281 [κρμᾶισῃρνον]
1119 1235 1284 1268 Genusher-

179 1303 228 1332 bae.
270 1299 449 1333 Plin.lib.27.
462 1305 521 1332 cap.
534 1300 558 1327 8.
581 1292 781 1326 Crataeogonon
799 1286 878 1321 spicae
898 1282 983 1312 tritici
1002 1278 1088 1324 simile
1110 1277 1166 1310 est,
1189 1273 1284 1316 multis

179 1339 290 1369 calamis
301 1347 335 1367 ex
350 1345 404 1366 una
421 1334 512 1364 radice
528 1328 707 1362 micantibus,
726 1324 930 1358 multorumque
952 1316 1152 1356 geniculorum.
1192 1311 1286 1342 Nasci-

179 1385 224 1406 tur
239 1378 266 1405 iri
282 1375 393 1412 opacis,
412 1372 516 1402 semine
529 1368 615 1403 milii,
638 1365 815 1396 vehementer
826 1359 921 1398 aspero
933 1357 1020 1395 gustu.
1057 1354 1099 1384 De
1120 1352 1172 1381 hac
1193 1349 1283 1380 multo

143 1412 415 1485 Cssiiuazzaislsqesdi}
426 1408 652 1476 afiiigllssppiecate
663 1462 671 1474 ,
692 1444 778 1469 mater
785 1434 890 1473 Scyllae.
913 1432 996 1463 Ovid.
1012 1439 1054 1467 ¹3·
1070 1428 1139 1459 Met.
1153 1435 1217 1464 749.

258 1488 354 1518 Nereis
365 1486 407 1515 liis
418 1490 513 1515 contra
522 1481 641 1511 resecuta
650 1476 784 1508 Crataeide
794 1481 894 1503 natam.
1128 1502 1134 1511 1
1222 1497 1229 1507 Ι
1244 1496 1250 1507 x
1267 1493 1291 1510 τ’

142 1526 291 1557 CRKTER
302 1547 311 1560 ,
332 1524 392 1553 eris.
416 1532 452 1551 m.
480 1522 508 1549 in
526 1517 641 1549 accusat.
671 1522 821 1545 craterem,
847 1509 891 1540 vel
903 1506 1056 1556 .c¹'³te,‘'(².,-.[
1067 1501 1184 1553 geatwa]
1205 1504 1251 1527 >m
1268 1507 1286 1526 se

181 1565 292 1599 κρατεῖν,
314 1562 388 1598 quod
399 1560 435 1589 est
444 1559 570 1591 Tenere,
590 1555 633 1584 vel
643 1562 750 1591 capere.
789 1548 838 1578 Vel
852 1554 944 1586 potius
962 1549 1007 1572 >mv
1018 1554 1036 1571 22⁴
1052 1552 1183 1586 κε’κςοιποι,
1203 1538 1233 1567 id
1251 1536 1290 1566 est

178 1602 289 1633 mistum
300 1602 348 1629 est.
387 1597 419 1627 V.
439 1594 625 1630 Snalrenburg.
646 1591 707 1621 Ind.
726 1590 752 1618 'n
764 1588 838 1618 Curt.
862 1586 911 1614 Vas
928 1593 965 1628 ex
980 1592 1037 1626 quo
1055 1579 1202 1622 bibebatur
1214 1598 1222 1610 ,
1245 1573 1290 1618 vel

179 1638 353 1669 hauriebatur
361 1637 451 1674 potius
463 1632 594 1663 vinumin
605 1629 720 1659 calices:
742 1636 797 1664 quo
808 1625 891 1654 etiam
906 1622 959 1651 diis
968 1620 1121 1652 libabatur,
1144 1625 1174 1645 in
1188 1613 1288 1643 mediis

180 1677 278 1707 mensis
289 1675 356 1712 poni
375 1673 491 1702 solitum.
530 1670 601 1706 Virg.
615 1677 638 1705 7.
654 1667 714 1697 ffin.
731 1669 793 1700 5²8-
1025 1694 1082 1724 Cic·
1094 1695 1120 1721 6.
1135 1690 1209 1719 verr·
1225 1697 1287 1724 131.

272 1714 394 1742 Crateras
408 1718 521 1747 magnos
533 1708 653 1736 statuunt
663 1726 671 1739 ,
691 1705 716 1733 δι
727 1703 791 1731 vina
799 1703 944 1744 coronant.

179 1751 248 1783 Ideo
261 1748 404 1788 praeteribo
415 1770 422 1783 ,
443 1746 516 1784 quod
527 1745 573 1774 iste
586 1742 689 1773 mensas
706 1739 852 1777 Delphicas
862 1746 877 1765 e
886 1742 1024 1765 marmore
1035 1753 1043 1767 ,
1065 1736 1180 1761 crateras
1190 1736 1225 1756 ex
1235 1735 1288 1755 aare

203 1788 378 1818 ulcherrimas
392 1808 400 1821 ,
419 1786 475 1813 vim
486 1783 634 1813 maximam
652 1779 775 1809 vasorum
792 1773 999 1806 Corinthiorum
1009 1792 1017 1806 ,
1039 1779 1073 1798 ex
1085 1766 1214 1796 omnibus
1225 1763 1290 1794 aedi-

179 1800 231 1858 Eos
242 1825 322 1855 sacris
335 1822 469 1862 Syracusis
479 1819 595 1850 abstulit.
628 1817 668 1848 Al.
690 1814 900 1846 Pulcherrimos.
931 1810 998 1841 Stat.
1011 1817 1054 1839 10.
1065 1804 1156 1836 Theb.
1169 1811 1233 1841 307.

806 1144 850 1165 ius
860 1155 868 1170 ,
889 1132 969 1169 cuius
982 1128 1076 1159 semen
1086 1125 1195 1156 testium
1205 1122 1243 1152 est
1254 1121 1284 1151 fi-

371 1876 408 1883 -
420 1860 539 1890 Bacchus
555 1858 583 1886 in
596 1856 667 1886 altos

260 1901 382 1930 Crateras
393 1921 400 1933 ,
423 1896 580 1935 paterasque
588 1894 669 1924 redit.

182 1939 291 1970 Alienus
300 1944 394 1968 crater.
417 1935 487 1972 Virg.
501 1945 524 2001 of.
538 1934 794 2000 sffinbmeqfflerbam

460 1989 494 1994 —-
519 1981 592 2008 uiqu
622 1980 640 2008 p
659 1979 670 1998 r

273 2012 420 2049 Indulgent
433 2011 497 2040 vino
507 2032 515 2045 ,
537 2010 561 2039 ἃ
574 2011 804 2038 vertuntcrateras
813 2002 929 2032 ahenos.
1023 1999 1042 2028 i.
1050 2005 1075 2027 e.
1095 1994 1204 2025 Potane.

185 2052 323 2088 Antiquos.
346 2049 417 2086 Virg.
431 2059 455 2084 9.
468 2048 527 2079 AEn.
541 2049 603 2076 266.
788 2079 794 2086 ι
851 2078 856 2084 .

262 2088 372 2118 Cratera
380 2087 533 2123 antiquum,
551 2092 631 2121 quem
642 2082 689 2112 dat
699 2081 812 2111 Sidonia
822 2077 909 2107 Dido.

186 2126 295 2164 Argenti
308 2131 431 2155 crateres.
453 2125 470 2152 i.
483 2133 507 2152 e.
529 2121 664 2158 Argentei.
687 2117 755 2148 Pers.
764 2127 791 2147 2.
804 2116 914 2151 Sat.52.

186 2165 278 2201 Capax
292 2172 365 2192 urnae
374 2168 466 2191 crater.
488 2158 584 2195 Juven.
597 2167 639 2187 12.
653 2157 708 2187 Sat.
718 2166 763 2192 44.
775 2160 777 2162 “

187 2201 312 2231 Caelatus.
335 2199 416 2230 Ovid.
429 2204 454 2233 8.
469 2198 535 2227 Met.
548 2200 611 2231 668.

189 2239 321 2269 Corneus.
344 2236 460 2267 Martial.
478 2245 517 2265 12.
533 2244 575 2271 32.

265 2276 369 2306 Etcum
380 2274 506 2308 lucerna,
526 2273 802 2306 corneoquecratere.
994 2298 1002 2306 ⁴
1207 2293 1214 2301 ὁ

184 2314 332 2345 Delicatus.
373 2312 430 2341 Cic.
446 2321 470 2340 2.
491 2312 543 2339 litt.
562 2319 602 2345 ¹4·
626 2306 767 2344 Quoniam
778 2308 857 2342 putas
866 2297 1134 2340 praetermittendum
1147 2295 1228 2326 nobis
1238 2290 1293 2324 esse

204 2352 258 2380 hoc
269 2359 393 2388 tempore
404 2357 505 2378 cratera
517 2347 596 2377 illum
605 2346 762 2386 delicatum.
925 2352 931 2360 ·

185 2390 295 2420 fractus
304 2394 390 2417 crater
400 2388 429 2416 in
440 2386 535 2416 hostes.
557 2385 623 2414 Stat.
641 2393 662 2411 1.
677 2380 773 2411 Achill.
788 2389 849 2415 114.

185 2425 328 2463 Impreisus
339 2425 425 2461 signis.
448 2424 520 2460 Virg.
535 2434 558 2458 ς.
571 2422 631 2452 AEn.
645 2422 706 2456 536.

184 2465 334 2495 Inauratus.
356 2462 438 2491 Ovid.
450 2471 475 2490 2.
490 2458 553 2490 Fast.
564 2469 628 2496 251.

185 2502 312 2539 Magnus.
335 2500 405 2536 Virg.
417 2509 442 2528 2.
457 2500 555 2535 Georg.
572 2506 636 2532 457.
827 2527 834 2535 .

266 2539 297 2567 Er
307 2546 405 2571 magno
419 2536 541 2574 Hylaeum
557 2533 676 2570 Lapithis
687 2536 790 2561 cratere
797 2532 960 2558 minantem.
1033 2561 1040 2569 .
1223 2559 1228 2564 ,
1252 2558 1259 2565 .

186 2576 293 2607 Sodalis
305 2571 424 2604 Veneris.
467 2574 532 2603 Hor.
544 2582 568 2609 3.
581 2573 671 2601 Carm.
687 2575 728 2602 18.
743 2578 769 2605 7.
790 2568 927 2596 Crateram
941 2563 1054 2594 Veneris
1064 2560 1186 2591 sodalem
1199 2559 1293 2595 dixit,

206 2615 268 2651 quia
281 2613 335 2642 sine
347 2612 444 2641 Cerere
459 2613 484 2641 &
496 2610 592 2640 Libero
604 2610 684 2646 friget
694 2607 795 2636 Venus.
815 2603 946 2642 Porphyr.

186 2652 295 2681 Solidus
304 2660 368 2679 auro
376 2657 469 2678 crater.
491 2649 561 2685 Virg.
577 2657 603 2676 2.
619 2647 678 2676 ffin.
692 2648 755 2678 765.

185 2690 268 2719 Vacui
280 2697 355 2718 mero
367 2694 490 2716 crateres.
512 2687 577 2715 Stat.
590 2695 615 2714 2.
627 2682 717 2713 Theb.
729 2684 774 2718 76.

186 2727 304 2757 Induere
318 2735 420 2754 corona
434 2733 563 2761 magnum
575 2728 683 2752 cratera.
703 2719 774 2756 Virg.
785 2726 810 2754 3.
826 2716 886 2746 JEn.
901 2724 964 2751 525.

276 2763 350 2792 Tum
361 2771 436 2800 pater
446 2760 571 2791 Anchises
581 2767 712 2797 magnum
719 2762 821 2787 cratera
834 2762 936 2784 corona

275 2800 386 2835 Induit,
406 2799 583 2837 implevitque
595 2806 680 2827 mern.

187 2839 323 2869 Lacesl‘ere
333 2838 451 2874 aliquem
464 2845 563 2874 magno
573 2841 685 2865 cratere.
707 2831 795 2861 Valet.
809 2841 833 2866 ς.
848 2830 947 2867 Argon.
963 2835 1025 2864 571.

187 2877 289 2907 Sillitur
301 2882 412 2912 argento
422 2881 517 2904 crater.
540 2873 623 2903 Ovid.
635 2877 660 2906 8.
675 2871 744 2901 Met.
753 2872 817 2903 669.
1130 2898 1137 2905 ·
1255 2897 1261 2904 ·

188 2914 304 2982 Cratkeri
323 2922 372 2950 pro
389 2911 455 2942 Vase
475 2912 504 2941 in
524 2921 578 2949 quo
598 2909 676 2941 cibus
695 2907 839 2945 coquitur,
859 2902 903 2935 vel
921 2901 1022 2933 mensae
1033 2903 1192 2939 apponitur.
1207 2895 1291 2928 Ovid.

226 2975 231 2982 .
261 2953 291 2980 ‘as
306 2974 310 2979 .
326 2960 386 2985 522-

208 2963 220 2988 5
266 2989 347 3018 Nunc
358 2988 428 3025 dape
438 3009 446 3022 ,
466 2996 541 3016 nunc
550 2984 637 3024 posito
648 2982 745 3014 mensae
752 2981 876 3012 enituere
889 2978 987 3016 Lyaeo:

313 3026 397 3054 Terra
412 3026 511 3054 rubens
520 3030 605 3053 crater
616 3045 624 3059 ,
644 3020 745 3059 pocula
753 3021 828 3057 fagus
838 3023 922 3047 erant.
1006 3013 1147 3058 Craterem
1161 3010 1294 3058 refertxad

205 3064 313 3101 Dapes3
338 3062 434 3091 Pocula
444 3063 476 3091 ad
491 3062 607 3099 Lyaeum.
647 3060 759 3096 [Immo
769 3063 917 3091 utrumque
926 3058 1067 3097 potorium
1084 3059 1147 3084 vas,
1168 3048 1215 3092 sed
1231 3049 1295 3093 Cra-

206 3108 246 3131 ter
259 3102 327 3129 haud
337 3100 422 3128 dubie
432 3099 540 3133 maioris
550 3097 673 3136 generis,
692 3095 846 3129 undevina,
856 3091 962 3130 cyathis
971 3089 1076 3124 hausta,
1088 3087 1198 3117 Poculis
1207 3109 1214 3122 ,
1236 3096 1254 3116 1.
1267 3095 1291 3115 e.

206 3139 304 3176 pateris
313 3138 354 3166 vel
365 3137 470 3174 scyphis
481 3134 672 3165 infundebant.

190 3177 280 3207 Crater
292 3198 298 3210 ,
320 3176 432 3210 Signum
444 3175 547 3203 caelcste
559 3196 567 3208 ,
589 3173 662 3209 quod
674 3171 759 3201 oritur
769 3168 879 3198 decimo
889 3167 966 3196 sexto
981 3163 1094 3194 Calend.
1106 3162 1188 3192 Mart.
1201 3161 1294 3199 vespe.

208 3224 245 3243 re.
267 3213 298 3243 V.
322 3215 390 3241 Arat-
402 3222 427 3241 v.
441 3217 504 3247 448.
525 3212 548 3240 St
561 3211 618 3246 cjus
634 3211 808 3246 Interpretes.
840 3206 915 3235 conf.
937 3210 1110 3232 CRATERR
1119 3211 1149 3244 A.
1209 3236 1215 3243 η

190 3251 282 3280 Crater
293 3270 300 3284 ,
321 3250 357 3278 est
369 3259 449 3286 quarn
461 3248 541 3286 vulgo
559 3246 658 3277 Pelvim
670 3245 812 3284 appellant
823 3244 850 3272 in
862 3240 985 3272 fontibus
1002 3240 1164 3281 manufactis
1179 3258 1187 3272 ‚
1208 3236 1238 3265 id
1255 3236 1294 3280 est

209 3288 324 3318 salientis
335 3297 408 3323 aquze
418 3285 655 3323 conceptaculum.
696 3283 762 3313 Plin.
778 3293 800 3317 ς.
820 3281 900 3318 Epist.
910 3284 935 3309 6.
956 3279 991 3307 ad
1013 3276 1218 3319 Apollinarem,
1240 3274 1293 3303 Hic

209 3324 440 3361 jiixral'oiiticulus
454 3334 459 3352 :
483 3324 511 3352 in
522 3323 574 3352 hoc
583 3329 667 3352 crater
678 3343 686 3356 ,
705 3321 777 3350 circa
788 3317 941 3356 siphunculi
954 3314 1047 3353 plures
1066 3312 1181 3342 miscent
1198 3321 1295 3347 jucun-

211 3363 345 3391 dissimum
358 3371 488 3390 murmur.
528 3360 634 3390 Ibidem
647 3358 728 3396 paulo
740 3358 809 3386 infra
819 3378 826 3390 ,
849 3356 868 3385 E
878 3354 993 3384 stibadio
1005 3361 1074 3388 aqua
1087 3350 1163 3393 velut
1172 3348 1295 3386 expressa

209 3399 366 3429 cubantium
378 3399 498 3436 pondere
511 3420 519 3432 ,
541 3397 707 3435 siphunculis
722 3395 826 3428 effluit,
848 3399 943 3422 cavato
954 3389 1045 3427 lapide
1054 3387 1213 3431 suscipitur,
1237 3396 1296 3423 gra-

209 3438 256 3503 cil}
266 3446 396 3466 marmore
411 3435 567 3465 continetur
579 3457 587 3470 ,
608 3439 689 3471 atque
705 3434 743 3462 ita
758 3429 869 3462 occulte
883 3429 1023 3468 perforato
1033 3448 1041 3462 ,
1063 3433 1093 3456 ut
1112 3424 1229 3462 impleat
1243 3433 1295 3453 nec

209 3484 237 3504 rc
260 3475 351 3502 undet.

192 3511 282 3542 Crater
292 3511 318 3539 in
328 3518 420 3539 monte
432 3510 510 3539 IEtna
520 3508 689 3547 appellatum
699 3506 736 3536 cst
747 3506 896 3540 Foramen,
916 3512 964 3541 per
984 3501 1060 3545 quod
1079 3501 1151 3539 ignis
1173 3498 1295 3535 cinisque

212 3550 364 3582 evomitur,
385 3549 459 3583 quod
475 3557 558 3584 quum
569 3545 716 3583 aliquando
731 3544 838 3572 duobus
858 3543 886 3571 in
904 3542 972 3571 locis
984 3541 1042 3569 lieri
1058 3540 1202 3572 videatur,
1224 3537 1294 3566 duos

211 3586 262 3616 esl‘e
275 3582 424 3618 huiusmodi
435 3593 549 3613 crateres
563 3584 666 3612 dixere.
706 3582 801 3610 Strabo
812 3603 819 3614 ,
840 3579 900 3618 lpsa
910 3588 974 3608 vero
986 3578 1087 3619 montis
1106 3576 1194 3605 IEtna:
1216 3584 1295 3603 cacu-

212 3626 284 3653 mina
298 3623 467 3657 flagrantibus
486 3622 621 3650 incendiis
641 3619 828 3655 multipliciter
846 3618 942 3646 murari
956 3613 1129 3644 manifestum
1151 3612 1196 3642 est.
1219 3621 1295 3641 nunc

212 3662 322 3696 quidem
344 3661 369 3687 in
385 3668 517 3688 craterem
537 3658 682 3687 collabitur
704 3657 790 3691 ignis,
812 3664 888 3684 nunc
908 3652 1009 3682 divisus
1030 3652 1187 3688 egreditur,
1209 3650 1294 3678 modo

212 3699 289 3735 igniti
302 3697 423 3725 defluunt
435 3698 492 3729 rivi,
506 3697 589 3724 modo
597 3697 711 3724 flammae
723 3700 769 3721 aut
778 3694 885 3725 fumus,
905 3692 1024 3727 suligove
1035 3690 1211 3725 consurgunt.
1226 3686 1292 3716 Plin.

213 3736 259 3765 lib.
274 3745 296 3767 3.
309 3744 363 3769 cap.
379 3740 402 3765 ἢ.
427 3734 507 3762 Mons
524 3734 603 3762 Aitna
616 3732 756 3761 nocturnis
776 3733 858 3758 mirus
876 3729 1028 3757 incendiis:
1052 3734 1138 3755 crater
1149 3725 1208 3759 ejus
1220 3730 1297 3762 patet

213 3773 316 3802 ambitu
329 3771 471 3799 stadiorum
484 3771 589 3806 viginti.
615 3771 645 3798 V.
668 3769 782 3804 Diogen.
794 3768 882 3796 Laert.
894 3768 923 3796 in
937 3766 995 3794 Vita
1006 3765 1110 3794 Pluton.
1126 3765 1153 3792 S.
1170 3768 1211 3796 ²8·
1229 3762 1297 3796 ejus-

232 3821 263 3838 uc
275 3810 344 3837 lnter
355 3818 392 3842 ip.

197 3822 286 3876 (ἕως.
297 3868 305 3879 ,
326 3819 430 3886 Vi>f²¹g0
440 3865 447 3877 .
468 3843 513 3874 seu
522 3843 611 3873 hiatus
621 3849 706 3873 terrae.
727 3842 812 3872 Ovid.
827 3852 849 3879 ς.
865 3841 935 3872 met.
948 3849 1012 3876 424.
1022 3839 1058 3868 de
1069 3837 1185 3868 Plutone
1195 3835 1297 3868 Proser-

215 3885 307 3921 pinam
319 3888 441 3917 rapiente
450 3901 458 3914 ,

1709 51 1737 86 C
1834 51 1866 87 R
1963 51 1992 86 A

1644 133 1720 161 ——iri
1735 132 1850 169 gurgitis
1866 132 1922 162 ima

1441 174 1607 203 Contortum
1617 171 1711 200 valido
1721 170 1857 207 sceptrum
1869 168 1959 206 regale
1970 168 2074 198 lacerto

1442 210 1592 240 Condidit:
1615 209 1667 237 icta
1680 208 1754 237 viam
1767 207 1848 236 tellus
1861 208 1888 235 iii
1904 212 2002 236 tart.ua
2016 205 2082 235 fecit
2092 227 2100 241 ,

1405 287 1411 293 .
1443 249 1478 278 Et
1489 257 1591 285 pronos
1605 254 1700 275 currus
1712 245 1806 274 medio
1819 252 1925 274 cratere
1937 243 2052 282 recepit.
2136 243 2163 272 h.
2178 252 2202 272 e.
2224 242 2257 273 In
2274 241 2396 272 mediam
2412 250 2492 273 voras

1386 296 1489 323 ginem.

1366 324 1456 359 Item,
1477 323 1559 352 Sinus
1581 320 1607 348 in
1625 319 1706 348 litore
1721 319 1865 356 Campano
1881 341 1889 354 ,
1910 329 1925 347 a
1940 318 2048 348 Miseno
2067 317 2226 347 Athenaeum
2238 316 2322 353 usque
2345 317 2490 353 extensus,

1384 360 1547 428 (ἐυθΙοέΓςυε
1557 366 1636 397 paene
1647 356 1812 387 coeuntibus
1824 356 2022 395 promontoriis
2033 357 2203 391 incurvatus,
2226 361 2256 386 ut
2266 355 2304 385 est
2315 357 2411 386 auctor
2422 355 2493 385 Stra-

1409 410 1425 428 o
1450 409 1456 427 i
1481 421 1486 427 .
1499 409 1522 433 5.

1328 437 1350 467 C
1360 446 1376 466 [ι
1385 441 1401 466 Ti
1410 447 1429 465 T
1439 439 1454 465 Ε
1465 446 1477 464 i³
1489 445 1517 469 A,
1528 444 1558 463 ae.
1579 434 1597 462 f.
1620 433 1708 467 Idem,
1720 431 1794 469 quod
1808 430 1983 460 Crater.Hor.
2002 439 2024 465 3.
2036 430 2205 467 Carm.18.7.
2220 431 2244 460 ἂ
2255 439 2279 460 2.
2298 430 2382 460 Serm.
2399 441 2426 465 4.
2443 432 2494 464 80.'

1446 474 1511 504 Sive
1522 472 1610 509 gravis
1622 471 1708 499 veteri
1721 475 1832 499 craterae
1840 469 1922 498 limus
1932 467 2052 497 adhaesit.
2137 468 2176 497 Al.
2200 468 2340 498 Craterrae.
2360 477 2385 505 q.
2402 468 2435 496 V.

1330 511 1352 542 C
1361 521 1376 540 a
1386 521 1403 540 A
1413 521 1432 540 T
1441 521 1454 540 e
1464 521 1479 539 R
1488 514 1526 539 ῑτ
1535 519 1548 538 s
1557 519 1569 538 s
1581 531 1588 543 ‚
1609 519 1638 537 ae.
1662 518 1699 537 m.
1723 508 1839 537 Gemma
1861 506 1899 535 est
1913 506 1984 534 inter
2004 504 2167 542 chrysolithi
2189 507 2216 536 ἄν.
2238 506 2334 536 elestri
2355 505 2490 535 colorem.

1370 549 1438 578 Plin.
1452 548 1499 577 lib.
1515 557 1557 584 37.
1576 556 1636 583 cap.
1655 556 1696 574 io.

1331 586 1376 616 CR
1388 590 1403 615 Ti
1416 595 1480 615 τῃ
1491 595 1535 614 RA
1551 606 1559 619 ,
1579 594 1609 613 ae.
1633 584 1651 612 s.
1676 582 1747 612 Vasis
1756 592 1843 619 genus
1854 604 1862 617 ,
1884 580 1960 618 quod
1977 589 2054 609 nunc
2070 580 2188 609 Situlam
2209 589 2340 610 vocamus
2350 601 2359 616 ,
2379 581 2494 610 auctore

1368 625 1463 654 Nonio
1477 634 1519 658 15.
1534 626 1575 658 36.
1600 621 1713 650 Naevius
1726 621 1852 657 Lycurgo
1864 642 1871 654 ,
1898 620 1967 648 Nam
1986 625 2017 647 ut
2035 617 2132 646 ludere
2152 617 2286 647 laetanteis
2297 619 2369 647 inter
2382 618 2408 647 se
2424 618 2494 647 vidi-

1367 671 1428 691 mus
1468 668 1560 698 ropter
1576 668 1707 692 amnem,
1729 659 1853 688 craterris
1869 657 1977 686 sumere
1998 665 2099 692 aquam
2113 665 2147 684 ex
2161 655 2246 684 fonte.
2285 655 2360 685 Varr.
2379 656 2414 685 de
2432 655 2493 685 Vita

1366 700 1433 737 Pop.
1473 708 1528 728 om.
1541 697 1588 726 lib.
1601 708 1623 732 3.
1642 697 1678 726 ad
1689 696 1870 726 Sibaritanam
1883 694 2006 732 praedam
2018 715 2026 728 ,
2048 694 2077 722 in
2092 703 2145 730 qua
2155 692 2216 722 sunt
2226 693 2351 730 tripodes
2362 714 2371 727 ,
2393 700 2494 723 crater-

1367 748 1403 767 rae
1415 759 1422 772 ‚
1443 745 1572 766 anancaea
1591 734 1692 771 pocula
1713 733 1853 763 nobilium
1870 732 2094 762 Tarentinarum.
2135 730 2166 760 V.
2188 730 2281 760 Barth.
2302 731 2339 760 ad
2355 739 2380 760 2.
2398 730 2493 761 Theb.

1367 776 1434 804 Stat.
1454 785 1481 812 p.
1494 783 1556 809 300.
1570 774 1596 802 ἃ
1610 773 1732 810 Interpp.
1752 771 1809 801 Cic.
1825 781 1849 799 2.
1863 771 1898 800 de
1913 770 1973 799 Nat.
1987 769 2072 798 Deor.
2085 778 2146 804 ¹14-

1368 813 1498 842 Craterrae
1509 810 1679 840 vocabulum
1694 810 1812 839 trahitur
1826 819 1841 838 a
1852 808 1963 838 Cratere
1975 829 1982 841 ,
2004 807 2079 843 quod
2095 815 2143 835 vas
2161 806 2200 835 est
2221 806 2289 835 vini.
2311 806 2412 835 Festus.
2452 805 2495 835 Al.

1389 852 1516 880 Creterae.
1534 849 1647 884 [Parum
1655 847 1762 877 constat
1772 846 1950 876 diversumne
1961 845 2017 874 hoc
2030 854 2044 873 a
2055 844 2175 879 Cratere,
2183 843 2230 872 seu
2240 843 2359 879 Cratera,
2373 853 2409 872 an
2418 844 2496 873 idem

1389 888 1455 917 vasis
1467 896 1553 925 genus
1567 886 1659 915 fuerit.
1700 886 1826 915 Adducta
1835 890 1909 913 certe
1921 893 1935 912 a
1947 883 2043 912 Nonio
2062 882 2126 911 loco
2143 882 2178 911 de
2190 881 2301 911 Potorio
2317 881 2379 912 vase
2391 881 2496 910 intelli-

1386 926 1476 963 genda
1486 926 1624 954 videntur.
1666 923 1810 952 Ciceronis
1821 922 1896 951 haud
1909 920 2010 955 dubie,
2031 921 2094 956 quia
2109 919 2237 949 Graecum
2249 919 2342 955 κρριτῆς
2356 920 2495 956 exprime-

1386 973 1414 992 re
1426 964 1532 996 debuit.
1545 964 1570 992 Sc
1582 961 1695 999 Hydriae
1712 964 1766 998 jam
1778 971 1804 990 v.
1818 959 1947 989 anteced.
1959 959 2134 990 meminerat.
2146 967 2181 986 ne
2192 956 2392 994 hancintelligi
2403 963 2495 994 putes.

1333 1002 1354 1032 C
1364 1012 1380 1031 Ρ.
1389 1005 1405 1030 Ᾰ
1415 1012 1434 1029 T
1444 1002 1459 1030 ἒ
1467 1012 1484 1030 R
1494 1011 1511 1029 u
1521 1010 1533 1030 s
1543 1022 1552 1035 ,
1574 1001 1592 1028 i.
1615 1009 1653 1028 m.
1685 1000 1699 1034 [
1711 993 1852 1034 Κεφ-κτεὶς]
1880 997 2032 1027 Statuarius
2050 995 2154 1025 nobilis
2167 1017 2175 1029 ,
2200 1005 2285 1033 quem
2302 994 2498 1033 probatissimis

1378 1041 1458 1076 signis
1471 1038 1602 1068 Palatinas
1615 1037 1714 1066 domos
1730 1036 1865 1066 Caesarum
1881 1033 2026 1072 replevisse
2038 1034 2134 1062 auctor
2145 1033 2183 1062 est
2197 1032 2264 1062 Plin.
2277 1033 2326 1062 lib.
2339 1037 2382 1070 36.
2395 1042 2456 1071 cap.
2470 1043 2496 1068 ς.

1369 1077 1468 1107 Fuit&
1478 1076 1545 1105 alter
1557 1076 1683 1104 Craterus
1697 1075 1788 1112 pictor
1800 1096 1808 1109 ‚
1829 1074 1876 1111 qui
1888 1072 2044 1103 Comoedos
2060 1070 2177 1101 Athenis
2193 1071 2225 1100 in
2240 1071 2363 1109 Pompeo
2385 1070 2498 1109 pinxit,

1388 1115 1456 1144 teste
1468 1114 1569 1143 eodem
1582 1113 1648 1142 Plin.
1663 1111 1710 1142 lib.
1727 1121 1770 1148 35.
1790 1122 1850 1149 cap.
1868 1122 1911 1141 11.

1369 1153 1496 1183 Craterus
1507 1175 1514 1187 ,
1538 1151 1658 1180 Macedo
1668 1161 1683 1180 e
1694 1149 1843 1179 comitibus
1856 1148 2024 1183 Alexandri,
2045 1146 2093 1186 qui
2104 1147 2189 1177 etiam
2198 1156 2241 1176 res
2257 1148 2318 1183 eJ'us
2335 1146 2421 1184 gestas
2435 1144 2500 1175 scri-

1389 1191 1460 1229 psit,
1482 1190 1561 1226 cujus
1573 1189 1704 1218 meminit
1713 1188 1743 1217 in
1756 1187 1869 1216 Aristide
1880 1186 2048 1217 Plutarchus.

1369 1230 1497 1259 Craterus
1512 1250 1520 1263 ,
1544 1227 1672 1256 Medicus
1680 1227 1747 1255 item
1758 1225 1811 1255 fuit
1819 1224 1950 1262 insignis,
1972 1225 2008 1254 de
2026 1234 2082 1261 quo
2094 1222 2154 1253 Cic.
2168 1231 2210 1252 12.
2223 1223 2277 1252 Att.
2297 1231 2340 1258 13.
2364 1222 2500 1252 Commo·
2517 1224 2522 1225 ⁷

1390 1276 1436 1296 vet
1447 1276 1492 1295 me
1504 1265 1590 1295 Attica
1600 1287 1608 1300 ,
1629 1264 1676 1294 etsi
1686 1263 1814 1293 assentior
1826 1263 1948 1292 Cratero.
1989 1262 2081 1299 Hujus
2091 1262 2200 1291 servum
2217 1260 2310 1290 scribit
2330 1260 2500 1298 Porphyrius

1389 1305 1490 1343 Tyrius
1499 1304 1547 1333 lib.
1562 1313 1584 1332 1.
1608 1300 1663 1332 rm&
1677 1300 1765 1338 λῖπχῦς
1780 1302 1825 1328 ’νῦν
1838 1299 1952 1337 ’efflabis-gor
1965 1322 1972 1334 ,
1995 1300 2095 1329 morbo
2105 1299 2235 1328 inusitato
2245 1298 2388 1333 affedtum,
2412 1306 2500 1334 quum

1389 1343 1595 1373 medicamenta
1605 1350 1662 1370 non
1672 1339 1849 1377 prodessent,
1871 1340 1895 1369 vi
1920 1348 1976 1374 era,
1994 1338 2074 1376 piscis
2095 1338 2126 1367 in
2136 1337 2254 1366 formam
2271 1336 2406 1374 figurata,
2427 1334 2500 1366 &ab

1390 1391 1425 1410 eo
1442 1381 1591 1415 devorata,
1614 1378 1709 1408 sanum
1724 1377 1837 1407 facftum.
1919 1377 1981 1412 ujus
1999 1376 2107 1406 Crateri
2124 1375 2257 1404 meminit
2274 1375 2362 1405 etiam
2386 1373 2457 1404 Hor.
2470 1382 2498 1405 2.

1389 1419 1476 1449 Serm.
1490 1427 1514 1453 3.
1529 1423 1590 1446 161.
1623 1415 1725 1445 Persius
1743 1425 1767 1451 3.
1791 1415 1845 1444 Sat.
1859 1418 1904 1450 65.

1464 1456 1503 1486 Ec
1511 1455 1578 1492 quid
1588 1464 1659 1491 opus
1674 1453 1789 1484 Cratero
1800 1462 1917 1490 magnos
1926 1451 2088 1490 promittere
2101 1456 2211 1481 montes
2220 1451 2234 1480 ‘3

1337 1496 1359 1527 C
1368 1506 1384 1525 iz
1393 1496 1438 1524 ΚΤ
1447 1504 1480 1523 izs
1492 1515 1500 1529 ,
1521 1494 1581 1523 etis.
1603 1502 1640 1522 m.
1663 1489 1804 1528 [xejrns]
1828 1491 1999 1524 Thebanus.
2034 1489 2217 1527 philosophus
2234 1489 2358 1527 Cynicus
2367 1510 2376 1524 ‚
2398 1487 2502 1532 Dioge-

1374 1534 1417 1563 nis
1431 1531 1598 1569 discipulus,
1620 1530 1667 1566 qui
1682 1537 1714 1559 ut
1723 1529 1821 1558 Suidas
1832 1551 1841 1564 ,
1863 1529 1988 1566 itemque
1998 1527 2139 1564 Diogenes
2154 1527 2218 1557 sunt
2241 1528 2368 1557 auctores
2378 1549 2387 1562 ,
2407 1536 2438 1555 in
2452 1536 2501 1564 pe-

1374 1571 1485 1601 cuniam
1498 1579 1612 1599 omnem
1622 1567 1800 1597 substantiam
1810 1567 1939 1604 redigens
1950 1588 1958 1601 ,
1980 1566 2056 1603 apud
2070 1565 2238 1602 trapezitam
2249 1563 2379 1602 deposuit
2392 1565 2443 1594 hac
2458 1564 2498 1594 le-

1375 1619 1408 1647 ge
1424 1631 1431 1643 ,
1453 1614 1483 1637 ut
1493 1608 1510 1636 si
1525 1607 1573 1636 filii
1586 1605 1746 1644 philosophi
1761 1604 1848 1634 essent
1859 1627 1867 1639 ,
1887 1614 1951 1634 eam
1969 1603 2160 1641 indigentibus
2176 1603 2284 1632 civibus
2303 1603 2477 1632 distribueret
2492 1623 2503 1638 ‚

1375 1647 1464 1677 nihilo
1479 1644 1660 1683 philosophos
1670 1643 1795 1681 indigere
1809 1643 1979 1672 existimans.
2019 1642 2048 1671 Si
2058 1648 2151 1671 autem
2159 1641 2271 1676 idiotae,
2292 1643 2332 1670 eis
2349 1640 2499 1670 redderet:

1375 1692 1407 1715 ut
1427 1684 1518 1713 vacuis
1542 1684 1642 1713 virtute
1661 1681 1759 1711 saltem
1770 1691 1838 1719 opes
1849 1681 2064 1718 opitularentur.
2104 1679 2280 1709 Philostratus
2289 1684 2384 1708 autem
2397 1678 2426 1707 in
2439 1678 2502 1708 vita

1374 1722 1535 1761 Apollonii,
1557 1723 1583 1751 δι
1595 1719 1705 1750 Diocles
1716 1719 1894 1749 substantiam
1906 1720 1985 1748 aiunt
2003 1718 2034 1747 in
2054 1727 2128 1747 mare
2148 1717 2313 1755 projecisse,
2333 1722 2365 1746 ut
2385 1715 2502 1745 liberius

1374 1758 1623 1800 philosopharetur.
1665 1758 1787 1787 Emicuit
1803 1764 1898 1786 autem
1920 1756 2055 1786 Demetrii
2070 1755 2232 1785 Poliorcetae
2254 1754 2444 1793 temporibus,
2464 1754 2503 1784 ad

1376 1808 1461 1836 quern
1471 1797 1582 1827 Thebas
1593 1796 1766 1826 obsidentem
1779 1794 1872 1825 missus
1882 1795 1988 1833 legatus
1998 1816 2007 1831 ‚
2028 1794 2076 1824 sua
2082 1793 2246 1824 austeritate
2257 1793 2291 1824 ab
2301 1792 2446 1822 obsidione
2454 1801 2504 1831 pa-

1376 1839 1435 1867 triae
1446 1836 1574 1865 removit.
1615 1835 1716 1864 Auctor
1726 1833 1897 1863 Plutarchus.

1379 1876 1601 1950 Cgtteqppm
1619 1873 1766 1902 indoctum
1781 1880 1900 1909 puerum
1922 1871 2049 1907 vidisset,
2069 1870 2254 1909 paedagogum
2278 1870 2339 1906 eius
2362 1867 2503 1907 percussit.

1429 1918 1518 1942 uinti.
1541 1922 1548 1940 i
1571 1921 1615 1940 .1.
1628 1920 1689 1948 cap.
1701 1920 1726 1946 9.

1377 1951 1449 1982 Item
1458 1950 1571 1985 Crates,
1594 1947 1783 1983 Atheniensis,
1807 1952 1892 1986 poeta
1911 1946 2037 1977 comicus
2058 1947 2179 1984 antiquae
2201 1945 2372 1980 Comoediae,
2392 1944 2504 1974 auditor

1400 1988 1558 2018 Polemonis
1568 1986 1725 2024 philosophi
1737 2008 1745 2021 ,
1766 1992 1797 2015 ut
1804 1986 1888 2015 tradit
1899 1986 2005 2015 Suidas.
2028 1985 2059 2014 V.
2071 1984 2172 2014 Meurs.
2187 1983 2318 2014 Biblioth.
2331 1982 2502 2013 Attic.lib.2.

1378 2027 1473 2057 Crates
1484 2025 1614 2055 Mallotes
1621 2025 1827 2062 grammaticus,
1846 2021 1895 2053 sub
1907 2023 2057 2053 Ptolemaeo
2068 2022 2263 2058 Philometore,
2273 2021 2385 2059 aequalis
2397 2021 2506 2050 Aristar·

1397 2064 1444 2094 chi
1456 2063 1647 2101 grammatici,
1669 2062 1921 2098 cognominabatur
1931 2061 2070 2097 Criticus,
2091 2061 2143 2091 sive
2162 2060 2336 2090 Homericus.
2357 2059 2460 2097 scripsit
2472 2060 2503 2088 in

1397 2100 1484 2132 Iliada
1495 2103 1521 2131 ἅ
1536 2100 1686 2138 Odysseam
1707 2099 1793 2129 libros
1813 2108 1848 2129 ix
1863 2100 2138 2129 commentariorum.
2159 2099 2262 2128 Auctor
2279 2098 2387 2127 Suidas.
2427 2097 2502 2133 Hic,

1400 2146 1430 2170 ut
1441 2140 1479 2169 ait
1496 2138 1650 2176 Tranquill.
1675 2139 1704 2167 in
1723 2138 1819 2168 lib.-de
1835 2137 1964 2168 Illustrib.
1988 2138 2138 2167 Grammat.
2153 2146 2215 2174 cap.
2231 2145 2256 2166 2.
2280 2135 2400 2165 studium
2414 2144 2503 2172 gram-

1399 2177 1505 2207 maticae
1514 2178 1618 2215 primus
1627 2174 1856 2206 Romamintulit.
1879 2175 1973 2205 missus
1989 2176 2064 2205 enirn
2074 2175 2109 2205 ad
2119 2174 2253 2204 Senatum
2271 2174 2306 2203 ab
2325 2172 2418 2202 Attalo
2437 2181 2503 2210 rege

1397 2215 1447 2245 sub
1458 2216 1544 2253 ipsam
1555 2215 1635 2244 Ennii
1647 2221 1765 2243 mortem
1774 2236 1782 2248 ,
1803 2213 1936 2252 plurimas
1946 2213 2068 2243 acroases
2080 2213 2162 2248 fecit,
2184 2212 2345 2247 assidueque
2358 2221 2408 2248 per
2418 2219 2504 2240 omne

1396 2253 1666 2321 Eempusffegatlipnis
1676 2251 1818 2287 disseruitg
1841 2252 1941 2281 nostris
1953 2261 2064 2290 quoque
2086 2249 2249 2289 exemplum
2267 2249 2320 2279 fuit
2337 2250 2374 2278 ad
2392 2249 2506 2278 imitans

1419 2301 1474 2321 um.
1531 2301 1585 2320 aeci
1611 2301 1635 2320 e.

1339 2329 1445 2360 Cam
1456 2339 1508 2364 as,
1530 2330 1561 2359 is.
1582 2327 1602 2357 f.
1624 2326 1749 2365 [πιῤῥὶς]
1769 2326 1878 2358 Tabula
1891 2326 2043 2357 viminibus
2061 2331 2204 2356 contexta.
2238 2324 2422 2360 PlautPoen.
2439 2333 2463 2359 5.
2475 2332 2503 2354 2.

1377 2372 1423 2403 ὂς.
1444 2367 1502 2397 Sub
1514 2367 1612 2396 cratim
1623 2366 1769 2403 utijubeas
1780 2364 1834 2396 sese
1846 2363 1975 2403 supponi.
2014 2365 2069 2394 Sed
2085 2364 2208 2393 usitatius
2222 2363 2251 2391 in
2268 2362 2368 2401 plurali
2386 2362 2500 2391 utimur.

1375 2405 1435 2436 Liv.
1455 2416 1496 2435 10.
1511 2411 1552 2441 38.
1576 2404 1617 2434 lbi
1633 2405 1732 2434 mediis
1743 2405 1802 2434 fere
1813 2404 1904 2434 castris
1915 2403 1994 2433 locus
2008 2403 2047 2433 est
2064 2401 2213 2440 conseptus
2229 2400 2366 2438 cratibus,
2387 2398 2502 2438 pluteis-

1378 2454 1432 2481 que
1445 2443 1574 2473 &linteis
1584 2444 1738 2472 contestas.

1377 2482 1483 2513 AEratae.
1506 2481 1572 2510 Stat.
1583 2492 1610 2517 4.
1621 2479 1713 2511 Theb.
1731 2490 1791 2510 110.
1971 2514 1974 2516 ,

1471 2519 1610 2549 Omnibus
1621 2525 1709 2548 aeratae
1726 2522 1908 2557 propugnant
1920 2518 2034 2557 pec'tora
2043 2522 2139 2547 crates.

1377 2556 1511 2588 Arbuteae.
1536 2557 1608 2594 Virg.
1626 2567 1646 2586 ι.
1662 2556 1736 2586 Geor
1758 2580 1762 2585 .
1778 2559 1840 2585 166.

1376 2595 1489 2627 Ficariae
1499 2602 1603 2627 crates,
1625 2594 1726 2624 Catoni
1754 2594 1830 2624 ib.2.
1850 2593 1885 2622 de
1895 2592 1928 2623 R.
1944 2592 1977 2623 R.
1990 2602 2051 2631 cap.
2064 2597 2109 2628 48.
2131 2591 2188 2622 Ubi
2209 2590 2292 2629 praeci
2315 2590 2337 2620 it
2354 2585 2500 2620 seminario

1396 2634 1504 2671 imponi
1514 2640 1601 2662 crates
1609 2632 1721 2662 sicarias.
1763 2631 1818 2662 Sed
1826 2641 1886 2668 quae
1895 2631 1947 2660 sint
1961 2629 2059 2660 ficariae
2073 2636 2178 2665 crates,
2198 2629 2274 2658 haud
2297 2628 2348 2657 atis
2362 2628 2499 2665 pervium.

1397 2670 1481 2702 IVlulti
1493 2671 1566 2701 enirn
1577 2670 1673 2708 multa.
1714 2669 1863 2700 Turnebus
1874 2675 1968 2698 autem
1979 2668 2030 2698 Eas
2041 2667 2173 2705 intelligit
2184 2689 2192 2701 ,
2213 2667 2313 2705 quibus
2324 2665 2368 2695 fici
2380 2665 2446 2694 dum
2456 2664 2505 2694 sic-

1397 2716 1494 2739 cantur
1503 2709 1644 2738 acclinatis
1655 2709 1684 2737 in
1694 2707 1837 2738 testudinis
1848 2716 1955 2736 morem
1966 2728 1974 2742 ,
1995 2705 2123 2735 adversus
2138 2706 2266 2739 iniuriam
2280 2704 2381 2742 pluviae
2402 2701 2504 2731 nostis-

1398 2756 1452 2784 que
1470 2757 1560 2776 rorem
1577 2746 1787 2780 defenduntur,
1809 2746 1844 2774 de
1862 2745 1961 2782 quibus
1981 2742 2118 2774 Columel.
2139 2743 2232 2772 scribit
2246 2741 2294 2772 lib.
2317 2751 2358 2770 12.
2379 2750 2440 2776 cap.
2458 2750 2501 2773 ις.

1399 2785 1454 2815 Sed
1465 2787 1490 2814 Sc
1500 2786 1530 2814 in
1542 2784 1661 2814 cratibus
1673 2784 1758 2813 stratae
1767 2783 1836 2813 ficus
1847 2779 1982 2812 siccantur
1996 2783 2026 2811 in
2041 2781 2098 2811 sole
2109 2803 2116 2816 ,
2139 2781 2215 2816 quod
2228 2776 2390 2814 θηλοπτὲαίεεν
2415 2778 2504 2807 Graeci

1397 2829 1507 2853 vocant.
1531 2822 1597 2852 Haec
1615 2822 1738 2852 Turneb.
1760 2819 1867 2851 Advers.
1879 2824 1961 2856 6.23.
1983 2820 2058 2850 conf.
2082 2819 2171 2850 Pitisc.
2196 2816 2262 2848 Lex.
2301 2813 2504 2854 [9ιιλοπιΜευι
2554 2820 2555 2823 ’

1399 2861 1435 2890 Η.
1447 2861 1485 2890 St.
1509 2856 1578 2889 Vide
1589 2859 1670 2890 Thes.
1684 2859 1729 2889 Gr.
1743 2858 1830 2896 ejusd.
1849 2858 1883 2888 T.
1901 2868 1925 2888 1.
1940 2858 1995 2888 col.
2011 2863 2092 2892 1¹80-

1379 2898 1457 2929 Rara.
1479 2898 1576 2934 Juven.
1591 2908 1631 2927 11.
1651 2898 1704 2927 Sat.
1719 2903 1763 2932 8²-

1470 2937 1543 2966 Sicci
1559 2943 1633 2973 terga
1642 2935 1696 2965 suis
1705 2945 1762 2964 rara
1772 2934 1927 2972 pendentia
1941 2939 2016 2963 crate

1472 2974 1560 3004 Moris
1571 2981 1628 3003 erat
1639 2973 1781 3011 quondam
1791 2973 1864 3002 festis
1875 2972 1980 3002 servare
1990 2969 2100 3000 diebus.

1381 3008 1554 3042 Stercotariae
1566 3018 1661 3041 crates.
1685 3011 1755 3040 Cato
1765 3020 1824 3049 cap.
1843 3021 1885 3040 io.

1380 3046 1487 3080 Textae.
1511 3046 1577 3078 Hor.
1598 3049 1684 3087 Epod.
1697 3058 1723 3078 2.
1737 3059 1782 3084 45.

1475 3087 1667 3124 Claudensque
1677 3087 1760 3116 textis
1772 3086 1891 3115 cratibus
1902 3084 1996 3114 laetum
2006 3092 2093 3122 pecus
2102 3101 2112 3119 ‚

1512 3125 1636 3154 Distenta
1644 3124 1824 3153 siccetubera.

1381 3163 1525 3192 Vimineae.
1549 3163 1617 3200 Virg.
1632 3173 1654 3192 ι.
1668 3163 1766 3199 Georg.
1780 3172 1824 3204 ος.

1381 3199 1493 3230 Solvere
1504 3207 1590 3230 crates
1603 3202 1737 3229 favorum.
1761 3199 1833 3235 Virg.
1846 3209 1873 3233 4.
1887 3197 1986 3234 Georg.
1999 3201 2064 3232 214.

1381 3239 1474 3276 Spinae
1484 3243 1586 3272 crates.
1609 3236 1732 3275 Metaph.
1758 3237 1840 3266 Ovid.
1855 3241 1880 3270 8.
1896 3235 1962 3264 Met.
1974 3237 2038 3268 806.

1476 3276 1584 3304 Ventris
1597 3282 1654 3304 erat
1663 3286 1713 3313 pro
1725 3282 1820 3304 ventre
1832 3274 1926 3302 locus:
1951 3272 2072 3310 pendere
2084 3269 2195 3309 putares

1474 3310 1586 3348 PecTus,
1609 3313 1635 3343 Sc
1652 3324 1666 3342 a
1683 3311 1765 3350 spinae
1779 3311 1976 3341 tantummodo
1988 3316 2062 3339 crate
2073 3309 2171 3338 teneri.

1381 3346 1494 3381 Ponitur
1503 3351 1585 3380 etiam
1601 3361 1649 3388 pro
1662 3352 1738 3381 Ocea
1749 3349 1823 3388 apud
1834 3349 1906 3385 Virg.
1923 3357 1944 3377 1.
1965 3347 2064 3384 Georg.
2076 3357 2121 3382 95.

1473 3389 1594 3418 Multum
1608 3388 1694 3423 adeo,
1716 3388 1803 3418 rastris
1813 3387 1908 3423 glebas
1921 3386 1965 3421 qui
1976 3385 2076 3421 frangit
2090 3384 2194 3413 inertes

1473 3425 1667 3463 Vimineasque
1680 3425 1762 3455 trahit
1774 3432 1861 3454 crates
1873 3446 1881 3458 ,
1901 3424 1979 3460 juvat
1995 3432 2065 3452 arva.
2148 3421 2182 3451 Et
2193 3416 2261 3450 Plin.
2274 3423 2316 3452 18.
2331 3418 2373 3453 18.
2400 3416 2503 3462 Semed
2544 3444 2553 3448 -

1401 3464 1529 3502 protinus
1540 3464 1686 3500 injiciunt.
1708 3463 1848 3499 cratesque
1858 3462 1985 3490 dentatas
1995 3460 2075 3498 super
2086 3459 2207 3489 trahunt.

1346 3500 1394 3532 CR
1407 3504 1525 3531 A‘riefi
1537 3513 1599 3536 La,
1620 3512 1650 3531 κ.
1673 3502 1692 3531 f.
1715 3497 1846 3537 [τοίῤῥιον]
1866 3499 1965 3529 dimin.
1997 3498 2029 3528 In
2056 3507 2110 3535 qua
2129 3496 2184 3526 cibi
2202 3496 2349 3525 torrentur.
2380 3493 2502 3524 Martiali

1383 3541 1431 3569 hb·
1447 3549 1617 3606 ¹4s'zizrziyatibi
1628 3586 1711 3606 curva
1720 3575 1850 3605 craticula
1862 3574 1943 3604 sudet
1952 3573 2045 3604 ofella.

1386 3613 1518 3651 Argentea
1529 3613 1668 3644 craticula.
1693 3614 1800 3644 Petron.
1821 3623 1880 3650 cap.
1894 3621 1938 3647 31.

1348 3652 1371 3681 C
1382 3662 1396 3680 a
1409 3663 1426 3680 A
1438 3662 1473 3680 τι
1485 3662 1502 3681 c
1512 3662 1529 3681 υ
1540 3663 1555 3682 1.
1565 3662 1581 3681 υ
1592 3662 1612 3680 M
1623 3674 1630 3687 ,
1652 3652 1669 3681 i.
1693 3661 1720 3682 n.
1743 3662 1758 3681 a
1771 3652 1867 3681 Graeco
1883 3646 1974 3687 κςοιτέω
1992 3649 2156 3681 deducitur,
2185 3643 2276 3682 inquit
2295 3644 2395 3675 Festus.
2436 3640 2505 3681 Qui-

1387 3690 1451 3718 dam
1467 3688 1608 3724 κρατάνιον,
1636 3689 1680 3719 vel
1697 3686 1848 3726 κςκηάωμρι
1863 3687 1975 3725 legunt,
1996 3686 2116 3723 Scaliger
2134 3685 2153 3713 A
2167 3690 2251 3713 crate.

1349 3725 1471 3757 CRA'ri
1483 3729 1526 3756 οὔ
1538 3738 1552 3755 c
1564 3737 1617 3761 us,
1639 3736 1672 3763 a,
1693 3737 1748 3757 um.
1772 3726 1832 3762 Adj.
1861 3724 2046 3754 Cancellatus.
2083 3723 2152 3752 Cato
2168 3721 2199 3750 R.
2216 3721 2248 3751 R.
2265 3730 2326 3758 cap.
2340 3728 2381 3755 13.
2405 3717 2505 3761 Lucer-

1386 3774 1435 3794 nas
1446 3764 1588 3794 craticulas
1597 3765 1673 3795 duas.
1714 3765 1815 3802 Popma
1827 3764 1912 3800 legit,
1936 3760 2117 3791 Etcraticulas
2132 3769 2138 3789 z
2159 3758 2206 3788 sed
2216 3758 2263 3787 alii
2281 3766 2379 3786 omnes
2390 3765 2508 3791 conjun-

1388 3809 1464 3839 gunt.
1507 3801 1620 3838 [immo
1637 3812 1695 3831 non
1704 3811 1820 3832 omnes:
1844 3811 1909 3830 nani
1919 3799 1979 3829 sunt
1988 3799 2099 3837 quisine
2111 3796 2211 3833 copula
2222 3796 2317 3831 legunt
2331 3805 2337 3824 :
2359 3794 2506 3829 Lucernas,

1387 3840 1539 3869 craticulas.
1569 3839 1715 3870 aliialiter.
1757 3840 1810 3868 Vix
1820 3839 1929 3868 admitti
1945 3837 2033 3875 potest
2051 3835 2120 3864 istud
2143 3833 2297 3863 Craticulus
2320 3832 2506 3866 adjectivum,

1387 3886 1441 3907 nec
1452 3877 1530 3914 quale
1542 3877 1716 3916 sitintelligo.
1754 3876 1935 3907 Craticulatas
1951 3874 2046 3914 potius
2059 3871 2170 3903 dixisset
2188 3872 2273 3908 Cato,
2295 3870 2315 3900 si
2332 3870 2368 3900 ad
2385 3870 2508 3936 Crffiipfli

2596 126 2604 136 .
2578 0 2604 119 ‹.1.-aei
