2604 4222
161 132 228 173 562
621 122 648 156 C
745 120 779 153 O
879 116 911 150 G

158 209 360 238 Coomrus
373 228 381 240 ,
402 206 442 236 us.
463 215 500 234 m.
522 203 610 232 Valer.
627 201 701 231 Max.
716 210 738 234 ς.
755 210 777 235 ς.
791 204 845 228 ext.
860 207 883 226 r.
911 195 954 239 'Ut
969 194 1003 224 ad
1013 193 1178 229 jucundiora
1189 192 1303 236 cognitu

196 246 347 275 veniamus.
377 246 537 280 [Supinum
550 240 683 278 posterius
699 239 752 266 lioc
769 237 959 266 Grammaticis
969 231 1110 269 appellare
1121 230 1235 267 placuit,
1245 239 1303 265 qui-

196 283 247 312 bus
261 283 287 312 se
298 289 445 320 opponunt
457 280 591 315 ,Iuniores
629 277 659 305 V.
682 274 754 303 Voss‘.
767 275 802 302 de
814 272 887 301 llnal.
903 279 925 306 3.
943 279 984 313 1⁴1.
998 271 1022 312 ξι
1036 269 1073 310 fle
1084 267 1187 296 constr.
1205 277 1264 304 cap.
1279 272 1306 300 8.

195 322 286 350 Sane.
298 321 368 349 Min.
382 328 404 355 3.
419 329 442 354 9.
466 318 558 353 ibique
570 315 654 344 Periz.
676 313 765 347 Junge
778 310 843 339 Fest.
864 308 942 351 supra
954 316 982 335 in
998 305 1154 349 ipio-verbo
1169 312 1304 334 extremo.

159 358 207 387 Co
217 369 234 387 G
244 367 357 386 N1T10
367 378 376 392 θ
396 357 466 385 (mis,
489 355 506 383 f,
538 355 551 388 [
563 353 644 383 7vo751<
655 372 663 383 ,
692 350 805 381 γνώμαις
820 369 827 381 ‚
853 344 1001 378 ὶπιγνωσῑί]
1034 344 1092 372 CIC.
1114 352 1137 371 1.
1157 342 1240 372 Acad.
1260 351 1302 377 15.

196 395 318 424 Caelestia
329 401 421 423 autem
431 393 474 420 vel
488 389 585 429 procul
594 387 646 417 esse
658 398 671 415 a
682 386 770 415 nostra
781 383 940 425 cognitione
950 380 1080 410 censeret.

194 432 225 463 In
238 433 322 462 causae
333 431 490 465 cognitione
501 427 605 456 versari.
630 424 738 461 Ulpian.
753 423 780 450 in
790 421 807 450 1.
821 419 985 449 haeredibus.
999 419 1030 447 D.
1042 419 1077 447 de
1089 416 1165 446 dolo.
1217 454 1223 460 .

193 470 315 500 Deorum
327 465 513 505 cognitionem
527 472 631 500 capere.
673 461 729 489 Cic.
744 469 769 487 2.
785 460 820 487 de
830 458 894 487 Nat.
912 457 993 486 Deor.
1011 465 1070 490 140.
1095 455 1165 489 Quae
1183 462 1305 496 primum

212 517 259 536 eos
274 508 358 536 humo
369 505 500 533 excitatos
511 523 518 535 .
541 500 625 530 celsos
646 500 670 528 Sc
683 499 789 526 erectos
805 495 946 525 constituit
960 516 968 530 ,
989 500 1020 523 ut
1034 494 1151 522 deorum
1168 492 1306 529 cognitio-

212 555 275 574 nem
285 566 292 579 ‚
314 542 409 572 caelum
421 542 557 569 intuentes
566 559 572 570 ,
593 546 692 573 capere
702 534 818 572 pollent.
1125 568 1130 573 Π

192 582 302 612 Natiirae
313 589 408 609 manca
417 577 538 614 cognitio
548 573 803 610 contemplatioque
814 570 1023 607 quodammodo
1033 575 1114 606 atque
1123 567 1253 597 inchoata
1262 566 1303 601 fit,

211 620 228 648 {i
242 618 315 647 nulla
329 617 400 646 actio
411 625 500 644 rerum
512 612 701 647 consequatur.
724 610 782 638 Cic.
796 618 819 638 1.
832 608 889 638 Off.
906 617 966 643 151.

191 656 333 685 Poetarum
345 654 443 691 gratior
454 651 585 688 cognitio.
608 650 625 677 i.
638 658 662 677 e.
687 647 788 676 Lectio.
809 645 929 683 Quintil.
943 645 990 675 lib.
1007 654 1030 673 1.
1046 653 1106 682 cap.
1123 652 1148 672 1.

191 693 437 730 Cognitionenique
446 698 534 718 rerum
546 694 592 715 aur
613 685 784 715 occultarum
796 706 804 717 ,
821 690 869 725 aut
882 682 1087 712 admirabilium
1108 682 1143 710 ad
1165 680 1246 711 beate
1264 679 1304 709 vi-

209 731 330 759 vendum
344 726 517 757 necessariam
533 725 670 754 ducimus.
700 724 756 752 Cle.
775 732 796 751 1.
810 722 867 750 Osi.
886 731 927 758 13.

189 769 328 804 Attingere
339 765 528 802 cognitionem
539 771 637 791 rerum.
661 761 718 790 Cic.
736 770 758 789 1.
772 759 830 789 Off.
846 764 888 792 18.

188 805 278 835 Multa
289 804 411 840 cognitio
424 811 513 830 rerum
528 800 594 828 inde
605 799 687 827 venit.
711 796 831 834 Quintil.
845 796 893 826 lib.
907 806 932 826 2.
947 805 1008 834 cap.
1022 806 1048 832 4.

186 843 218 872 In
230 851 317 870 rerum
331 840 490 877 cognitione
501 837 605 867 versari.
631 836 688 865 Cic.
705 846 726 865 1.
742 835 799 865 Off.
816 840 858 867 18.

187 878 506 916 Cognitio&judicium.
546 876 604 904 Cic.
621 879 661 903 16.
676 876 728 902 Att.
744 880 785 906 18.
811 872 925 901 Plancus
935 871 990 909 ipse
1008 881 1058 908 pro
1069 870 1182 907 ingenio
1195 870 1222 899 δε
1236 878 1301 906 pru-

205 917 296 946 dentia
308 916 351 944 sua
367 925 422 943 non
434 914 463 942 sit
476 913 658 943 dubitaturus.
670 912 736 948 quin
750 908 1056 944 decretumConsulum,
1067 917 1186 945 quorum
1200 908 1260 944 lege
1272 908 1298 936 δε

203 952 441 983 Senatusconsulto
453 951 576 986 cognitio
589 950 760 984 &judicium
773 949 825 977 fuit
834 970 841 983 ‚
861 947 1013 977 conservet.

184 992 276 1021 Genus
285 991 475 1028 cognitionum
484 988 687 1017 labefactatum.
729 987 786 1015 Cic.
802 990 843 1014 16.
856 987 907 1014 Att.
925 988 966 1014 i6.
990 984 1025 1012 ad
1041 982 1169 1019 Capiton.
1190 979 1298 1011 Praeser-

202 1030 251 1058 tim
269 1038 352 1065 quum
365 1028 418 1056 lioc
433 1036 533 1064 genere
546 1025 740 1063 cognitionum
752 1023 926 1058 labefactam,
945 1023 1004 1051 acta
1019 1021 1167 1050 Caesarisin
1180 1020 1297 1048 dubium

201 1074 315 1095 ventura
329 1066 483 1095 videantur.

180 1103 275 1140 Imago
286 1103 462 1140 cognitionis.
484 1101 573 1130 Tacit.
586 1109 610 1136 3.
627 1100 695 1128 Ann.
716 1109 757 1134 ¹7-
782 1099 799 1127 i.
813 1108 835 1126 e.
857 1097 992 1126 Simulata
1007 1095 1146 1132 judicialis
1161 1094 1293 1132 cognitio.

181 1142 308 1171 Studium
321 1140 487 1178 cognitionis
498 1140 585 1168 vincit
599 1137 768 1167 consociatio
782 1135 930 1165 hominum
948 1140 1030 1172 atque
1047 1133 1170 1162 societas.
1196 1133 1254 1162 Cic.
1270 1142 1294 1162 1.

180 1179 373 1247 ViDsflsnilrgsiilis
383 1215 507 1248 rationis,
529 1215 555 1243 ἂ
569 1212 736 1250 cognitionis
746 1233 754 1247 ‚
776 1213 802 1241 Sc
813 1210 943 1245 scientiae,
964 1210 1153 1245 virtutumque
1165 1208 1294 1238 omnium

199 1254 272 1283 estin
285 1261 386 1283 mente.
410 1253 467 1282 Cic.
485 1264 508 1289 5.
521 1253 556 1280 de
573 1252 630 1280 Fin.
647 1259 690 1285 34.

178 1291 303 1321 Praetoria
321 1291 453 1329 cognitio.
494 1288 612 1326 Quintil.
634 1287 717 1322 lib.3.
733 1296 792 1322 cap.
805 1288 831 1315 6.
861 1284 927 1314 Aliis
938 1284 976 1313 est
989 1294 1050 1321 cap.
1066 1288 1092 1316 8.
1123 1283 1188 1312 Non
1207 1283 1292 1312 debes

198 1331 272 1367 apud
297 1330 441 1358 Praetorem
461 1334 555 1365 petere
572 1324 834 1359 fideicommissum,
865 1322 912 1351 sed
933 1323 1007 1360 apud
1029 1320 1178 1350 Consules:
1203 1322 1292 1356 major

198 1368 273 1396 enim
291 1367 414 1396 Praetoria
427 1363 700 1401 cognitionesumnia
713 1362 758 1391 est.

177 1404 447 1442 Solivaga&jejuna.
478 1402 535 1431 Cic.
551 1411 573 1430 1.
586 1400 643 1430 Off.
661 1409 720 1435 ¹57-
742 1398 797 1428 Nisi
811 1407 841 1427 ea
850 1397 945 1432 virtus,
961 1406 1021 1434 quae
1038 1395 1144 1426 constat
1155 1405 1189 1424 ex
1201 1396 1291 1425 homi.

197 1443 280 1472 nibus
290 1442 400 1471 tuendis
409 1463 417 1476 ‚
439 1441 466 1469 id
478 1441 515 1469 est
526 1449 559 1469 ex
570 1438 699 1467 societate
710 1437 816 1474 generis
826 1435 951 1470 humani,
971 1435 1087 1472 attingat
1098 1434 1289 1470 cognitionem

196 1490 286 1510 rerum
299 1502 306 1515 ‚
328 1479 445 1516 solivaga
459 1478 581 1515 cognitio
592 1476 721 1511 &jejuna
732 1475 868 1503 videatur.

176 1518 310 1555 Accipere
324 1518 358 1546 ad
370 1517 568 1553 cognitionem.
603 1514 632 1542 In
653 1523 673 1541 A
684 1522 700 1541 c
710 1522 767 1542 cii>
777 1523 785 1540 i
795 1521 822 1540 o.

174 1556 320 1585 Adducere
332 1556 359 1583 in
368 1554 566 1591 cognitionem.
603 1551 635 1581 In
655 1561 675 1579 A
685 1561 703 1579 n
714 1560 732 1579 D
743 1560 761 1579 u
770 1559 787 1578 c
795 1559 822 1578 o.

175 1592 333 1630 Amplexari
343 1592 541 1629 cognitionem.
581 1589 611 1618 In
633 1598 652 1617 A
662 1599 683 1617 M
692 1598 706 1616 P
715 1599 730 1616 L
739 1597 753 1616 iz
761 1597 779 1616 x
787 1597 804 1615 o
813 1596 838 1616 R.

174 1631 280 1668 Capere
294 1631 491 1667 cognitionem.
515 1628 571 1657 Cic.
585 1637 609 1656 2.
621 1627 655 1655 de
666 1626 728 1655 Nat.
742 1625 823 1655 Deor.
839 1632 900 1657 140.

172 1668 337 1697 Continetur
348 1668 469 1696 officium
478 1665 588 1702 aliquod
599 1662 922 1701 cognitionefflcientia.
944 1660 1002 1691 Cic.
1015 1669 1038 1690 1.
1048 1659 1106 1690 Off.
1121 1668 1164 1697 13.

172 1705 244 1735 Dare
254 1707 444 1743 cognitionem
459 1704 609 1741 aliquarum
625 1711 714 1731 rerum
724 1700 871 1737 aliquibus.
910 1698 968 1728 Cic.
985 1703 1026 1728 16.
1038 1700 1089 1728 Ate
1102 1702 1144 1728 16.
1158 1698 1194 1728 ad
1206 1697 1286 1738 Capi.

190 1751 249 1773 ton.
271 1745 289 1773 i.
301 1753 325 1773 e.
348 1743 448 1772 Eorum
465 1741 575 1771 arbitrio
593 1750 634 1769 res
646 1739 840 1773 dijudicandas
855 1737 1024 1775 permittere.

172 1781 319 1811 Ducuntur
328 1791 363 1810 ex
371 1781 534 1817 cognitione
547 1777 644 1807 officia.
666 1777 726 1806 Cic.
740 1786 762 1805 1.
776 1775 835 1805 Off.
851 1783 912 1811 153-

171 1819 282 1848 Habere
298 1819 485 1853 cognitionem
501 1816 653 1846 faciliorem
664 1836 673 1850 ,
694 1813 812 1844 Facilius
821 1811 959 1849 cognosci.
982 1811 1039 1841 Cic.
1063 1822 1086 1846 ς.
1103 1811 1138 1840 de
1147 1810 1206 1840 Fin.
1220 1820 1264 1848 34,

170 1856 290 1887 Inserere
301 1854 385 1886 caiisae
395 1855 593 1892 cognitionem.
614 1852 724 1890 Ulpian.
737 1851 793 1881 inl.
806 1851 824 1880 fi
836 1851 904 1888 quis.
918 1851 939 1887 §.
951 1851 1060 1880 merito.
1074 1849 1107 1879 D.
1122 1850 1157 1879 de
1168 1849 1246 1880 dolo.

169 1895 290 1932 Dignum
302 1894 471 1931 cognitione.
493 1892 551 1921 Cic.
564 1901 587 1920 1.
597 1890 654 1921 Off.
666 1900 711 1920 20.

169 1932 364 1969 cognitionem
375 1931 605 1969 prudentiamque
616 1929 737 1965 sequitui·
748 1926 916 1957 considerata
933 1924 1013 1954 aerio.
1038 1924 1095 1954 Cic.
1111 1934 1134 1954 1.
1148 1924 1205 1954 Off.
1219 1933 1281 1959 150.

168 1969 233 1999 Dies
246 1970 430 2007 cognitionis,
453 1969 517 2005 Quo
530 1968 616 2003 judex
627 1966 733 2003 aliquos
752 1967 781 1994 in
800 1965 843 2001 jus
862 1970 963 1997 vocat,
984 1962 1068 1999 vulgo
1090 1961 1283 2000 Affignationis

187 2008 308 2037 dicitur:
329 2006 554 2043 quandoquidem
566 2014 599 2033 eo
611 2004 670 2042 ipso
681 2003 765 2033 debet
781 2003 817 2032 de
829 2001 906 2032 causa
923 2000 1062 2038 cognosci.
1085 2000 1150 2038 Ulp.
1167 2001 1196 2029 in
1214 2000 1234 2030 l.
1256 2002 1283 2031 &

186 2046 246 2083 post
253 2046 385 2075 edictum.
407 2045 441 2074 D.
452 2045 487 2073 de
495 2043 607 2080 judiciis
621 2064 628 2077 ,
651 2041 737 2078 Quod
747 2041 764 2070 si
776 2041 798 2070 is
809 2041 855 2078 qui
867 2039 991 2069 edictum
1002 2039 1222 2077 peremptorium
1232 2039 1283 2068 im.

185 2084 303 2120 petravit
311 2106 318 2117 ,
341 2082 407 2112 absit
416 2082 461 2111 die
470 2081 639 2119 cognitionis
650 2101 657 2114 ,
673 2082 724 2110 &o-

166 2120 302 2150 Sustinere
318 2121 515 2158 cognitionem.
538 2119 566 2147 V.
588 2118 726 2148 Sustinere
737 2126 787 2154 pro
802 2115 939 2149 Differre,
959 2114 989 2143 in
1010 2124 1048 2144 su
1058 2122 1204 2143 sTiNizo.

166 2158 357 2188 Differentiam
367 2160 437 2187 inter
450 2156 672 2192 Jurisdictionem
691 2156 717 2185 Sc
737 2154 935 2191 cognitionem
949 2153 1078 2181 videmus
1096 2152 1125 2180 in
1137 2152 1212 2181 Suet.
1226 2151 1281 2181 Ne-

184 2206 243 2225 ron.
258 2206 318 2234 cap.
335 2206 375 2229 iq.
391 2198 417 2225 ἃ
430 2195 504 2224 alibi.
527 2193 685 2230 jurisdictio
702 2193 778 2222 enim
796 2191 935 2220 ordinaria
949 2191 975 2219 &
995 2190 1199 2227 magistratuum
1218 2190 1276 2226 est3

184 2234 313 2271 Cognitio
333 2233 546 2263 extraordinaria
564 2234 588 2260 ἃ
600 2232 668 2260 meri
685 2230 805 2267 imperii.
840 2230 914 2258 Suet.
929 2227 1024 2258 Tiber.
1037 2237 1098 2265 cap.
1114 2236 1156 2262 31.
1180 2228 1280 2257 Cetera

183 2282 293 2309 quoque
314 2282 362 2309 per
371 2271 578 2308 magistratus&
591 2269 650 2305 jure
670 2268 810 2297 ordinario
829 2266 993 2304 agebantur,
1015 2266 1068 2295 &c.
1090 2264 1167 2294 Idem
1177 2265 1276 2295 Claud.

182 2319 239 2347 cap.
256 2321 297 2345 ις.
329 2309 537 2346 Neg.·iiteinque
547 2307 715 2343 cognitionis
724 2316 782 2335 rem
794 2327 801 2340 ‚
818 2304 864 2334 sed
879 2303 1010 2333 ordinarii
1025 2303 1091 2339 juris
1101 2303 1155 2331 esse
1166 2325 1175 2337 ,
1196 2313 1277 2340 agere

181 2347 287 2377 causam
307 2347 451 2376 confestim
469 2345 544 2384 apud
559 2345 586 2375 se
603 2344 702 2382 coegit.
743 2343 774 2372 V.
796 2341 906 2372 Salmas.
932 2343 968 2371 de
987 2341 1076 2370 Modo
1090 2339 1165 2370 Usur.
1176 2350 1236 2378 cap.
1249 2349 1274 2377 3.

203 2407 208 2413 .
225 2393 283 2414 111.
294 2384 310 2413 s
324 2407 330 2414 .

125 2395 329 2453 Cogntur}
340 2444 348 2457 ,
370 2422 433 2451 oris.
454 2431 491 2450 m.
515 2420 646 2456 [γνωςὴμ
665 2417 783 2454 γνώμων,
804 2413 951 2451 &louvia-if]
973 2415 1040 2445 olim
1056 2414 1210 2449 dicebatur,
1226 2415 1275 2452 qui

160 2469 235 2489 nunc
248 2460 407 2490 Procurator
417 2458 563 2496 judicialis.
603 2458 660 2487 Cic.
681 2467 703 2486 1.
720 2456 793 2486 Verr.
808 2466 851 2490 54.
874 2455 923 2484 Me
944 2453 1117 2483 defensorem
1136 2453 1276 2482 calamita-

159 2505 219 2527 tum
239 2497 365 2531 suarum,
386 2507 431 2526 me
456 2497 574 2526 ultorem
594 2496 774 2530 injuriarum,
794 2503 839 2522 me
857 2492 1031 2530 cognitorem
1049 2492 1117 2528 juris
1138 2490 1196 2527 sui,
1228 2500 1274 2520 me

159 2538 280 2565 actorem
289 2535 374 2564 causae
382 2535 467 2563 totius
481 2534 534 2563 effe
545 2533 700 2562 voluerunt.

158 2573 291 2609 Cognitor
301 2573 338 2602 est
350 2595 359 2607 ,
380 2579 410 2602 ut
421 2572 510 2601 Festus
520 2572 559 2600 ait
568 2593 575 2605 ,
596 2570 652 2607 Qui
662 2570 740 2599 litem
748 2567 860 2598 alterius
870 2566 982 2605 suscipit
990 2575 1084 2596 coram
1093 2576 1128 2596 eo
1139 2588 1148 2602 ,
1170 2566 1215 2595 cui
1225 2565 1272 2596 da-

177 2618 220 2640 tus
229 2612 266 2640 est
275 2632 282 2645 ‚
308 2611 468 2639 Procurator
479 2617 570 2638 autem
582 2609 699 2637 absentis
711 2607 824 2635 nomine
839 2607 914 2634 actor
927 2605 965 2634 fit.
1006 2604 1139 2634 Asconius
1156 2604 1185 2633 in
1195 2604 1271 2633 Divi-

177 2649 318 2678 nationem
331 2648 390 2677 Cic.
409 2657 450 2677 11.
473 2647 530 2683 Qui
543 2646 669 2674 defendit
688 2644 818 2681 (inquit)
839 2643 955 2672 alterum
969 2643 997 2671 in
1015 2642 1142 2678 judicio,
1163 2648 1210 2671 aut
1225 2642 1271 2671 Pa-

176 2693 272 2715 tronus
295 2685 396 2715 dicitur
409 2707 417 2721 ,
439 2685 457 2713 fi
474 2691 565 2713 orator
577 2684 629 2713 est:
651 2689 698 2712 aut
714 2682 885 2715 Advocatus,
906 2680 923 2709 si
942 2687 989 2709 aut
1005 2680 1047 2716 jus
1066 2679 1202 2717 suggerit,
1223 2687 1270 2709 aut

174 2724 346 2762 praesentiam
360 2723 434 2752 suan-i
445 2721 607 2752 commodat
618 2722 725 2749 amico:
747 2728 794 2748 aut
805 2719 964 2748 Procurator
975 2739 983 2751 .
1007 2718 1024 2746 si
1037 2718 1181 2754 negotium
1192 2717 1271 2746 susci-

197 2763 234 2791 it:
257 2767 304 2791 aut
315 2761 465 2798 Cognitor.
487 2759 504 2788 fi
519 2759 658 2797 praesentis
674 2756 781 2787 causam
805 2757 884 2785 novit
897 2777 905 2791 ,
926 2758 952 2785 δι
968 2755 1004 2784 sic
1022 2761 1114 2784 tuetur
1134 2762 1166 2784 ut
1180 2755 1268 2785 suam.

176 2773 246 2836 ἔτεα
257 2799 430 2835 cognitorem
441 2798 541 2827 Cicero
555 2806 589 2834 ap
612 2795 705 2825 ellavit
714 2793 951 2824 familiarissimum
965 2792 1147 2821 defensorem.
1170 2793 1270 2822 Hacte-

175 2847 226 2866 nus
238 2836 375 2866 Asconius.
415 2835 473 2866 Cic.
488 2845 536 2873 pro
547 2834 589 2863 Ro
603 2844 626 2863 c.
639 2834 717 2863 Com.
732 2843 774 2867 54.
797 2831 874 2867 Quid
889 2830 1079 2860 interestinter
1088 2840 1152 2859 eum
1164 2831 1210 2867 qui
1220 2840 1270 2868 per

174 2874 297 2912 selirigat
311 2896 319 2909 .
341 2874 420 2910 &qui
432 2873 605 2909 cognitorem
616 2872 683 2900 dat‘?
703 2871 748 2908 qui
760 2869 844 2907 perse
856 2869 933 2898 litem
944 2868 1130 2902 contestatur,
1153 2868 1200 2896 sibi
1217 2868 1268 2897 soli

174 2913 261 2950 petit:
284 2911 363 2942 alteri
372 2919 455 2940 nemo
466 2910 568 2948 potest,
589 2909 637 2938 nisi
647 2908 694 2943 qui
705 2908 830 2944 cognitor
841 2907 878 2936 est
888 2907 984 2936 faetus.
1025 2905 1103 2935 Itane
1112 2906 1199 2935 vero‘?
1222 2916 1267 2935 co-

174 2951 265 2987 gnitor
278 2950 295 2979 si
310 2949 401 2979 fuiss'et
410 2956 473 2978 tuus
484 2971 491 2984 ‚
513 2947 587 2984 quod
606 2945 711 2976 viciss'et
729 2944 834 2979 judicio
847 2965 855 2979 ‚
875 2944 959 2973 ferres
974 2949 1064 2973 tuum.
1085 2943 1134 2973 suo
1150 2945 1267 2974 nomine

173 2989 269 3025 petiit,
291 2988 365 3024 quod
375 2986 504 3021 abstulit,
526 2986 592 3020 sibi,
614 2983 731 3013 nontibi
743 2982 844 3019 exegit.
867 2981 992 3011 Budaeus.

154 3025 289 3055 Ascribere
304 3026 476 3062 cognitorem
488 3023 578 3053 alicui.
602 3022 659 3051 Cic.
674 3032 700 3055 4.
717 3020 791 3050 Verr.
810 3023 870 3048 106.

153 3062 223 3092 Dare
234 3065 262 3092 in
274 3064 393 3100 aliquam
401 3072 460 3092 reni
471 3062 653 3099 cognitorem.
675 3059 733 3089 Cic.
745 3067 796 3096 pro
805 3057 885 3087 Rosc.
897 3055 976 3086 Com.
988 3063 1033 3092 32.

152 3099 211 3130 Effe
225 3102 407 3138 cognitorem.
430 3100 496 3129 Hor.
511 3109 535 3129 2.
550 3100 636 3129 Serm.
651 3107 675 3133 ς.
688 3102 731 3135 38.

344 3154 381 3158 —
390 3138 421 3167 sis
431 3138 558 3175 cognitor
568 3135 632 3174 ipse.

153 3174 231 3204 Facta
239 3176 276 3205 est
285 3175 390 3219 sponsio
401 3185 465 3205 curn
476 3175 618 3212 cognitore
628 3180 677 3202 tuo
687 3171 731 3201 de.
754 3169 811 3199 Cic.
827 3180 850 3203 ς,
866 3168 941 3199 Verr.
954 3177 1014 3205 137.
1035 3168 1083 3198 ubi
1102 3168 1135 3199 V,
1157 3169 1244 3201 Graev,

154 3211 220 3241 Fieri
232 3220 400 3249 cognitorem
415 3223 464 3251 pro
474 3213 576 3249 aliquo.
615 3211 673 3240 Cic.
685 3220 712 3245 4.
727 3208 798 3237 Verr.
817 3210 877 3236 106.
900 3207 994 3243 Quum
1009 3213 1137 3244 praeterea
1155 3215 1214 3238 tota
1223 3209 1263 3239 Si-

172 3250 234 3279 cilia
248 3251 365 3280 muitum
384 3252 545 3280 auctoritate
567 3251 592 3280 Sc
607 3250 691 3286 gratia
705 3245 811 3284 posset,
833 3246 960 3274 invenire
981 3245 1123 3274 neminem
1138 3245 1263 3276 Siculum

173 3288 280 3322 potuit,
302 3290 348 3325 qui
362 3298 411 3325 pro
420 3288 446 3318 se
454 3289 582 3325 cognitor
594 3287 680 3316 fieret.

154 3323 334 3360 cognitorum
353 3335 456 3354 nornen
475 3335 532 3354 non
553 3326 660 3362 semper
677 3322 748 3352 bene
767 3320 872 3355 audiit,
895 3319 958 3356 quia
977 3319 1079 3348 alienas
1096 3319 1158 3349 lites
1175 3321 1263 3359 turpis

173 3363 285 3427 {wael-llus
295 3363 373 3392 causa
387 3363 586 3401 suscipiebant;
608 3362 728 3398 ideoque
747 3358 871 3389 Sectores
890 3359 916 3386 ὁὶ
932 3356 1099 3394 Cognitores
1116 3359 1263 3394 conjunxit

206 3408 249 3427 ani
264 3409 303 3429 ius
313 3422 320 3433 ‚
354 3422 360 3430 .
396 3405 436 3430 16.

117 3435 165 3465 Co
176 3446 193 3463 c
204 3445 222 3463 n
233 3441 295 3465 ιτῦ
306 3447 320 3465 R
331 3409 417 3472 [ξηζεε.
439 3438 458 3467 f.
480 3436 653 3471 Procuratio,
673 3435 727 3465 sive
741 3433 845 3464 Munus
863 3441 918 3470 quo
935 3431 995 3469 quis
1011 3431 1153 3469 fungitur,
1175 3443 1262 3470 quum

154 3474 182 3502 in
192 3474 251 3502 soro
262 3475 298 3502 est
310 3476 435 3510 cognitor
443 3475 527 3505 causae
537 3475 656 3504 alterius.
698 3474 772 3502 Suet.
787 3473 816 3501 in
830 3469 923 3500 Vitell.
935 3479 995 3507 cap.
1010 3479 1036 3498 2.
1047 3470 1076 3498 in
1088 3480 1143 3508 quo
1156 3471 1191 3499 de
1202 3473 1262 3507 ejus

153 3510 300 3545 majoribus
310 3512 426 3542 diiserit:
446 3513 530 3549 Cujus
551 3512 667 3548 (inquit)
688 3510 759 3540 filius
771 3507 937 3539 sectionibus
951 3510 976 3537 δ’(
987 3509 1137 3544 cognituris
1149 3508 1261 3538 uberius

152 3549 347 3589 compendium
356 3551 459 3579 nactus.
500 3550 680 3586 Cognitiones
690 3557 747 3577 non
758 3548 829 3576 dixit
839 3568 846 3582 ,
867 3546 914 3574 sed
923 3545 1085 3582 Cognituras
1098 3567 1105 3580 ,
1126 3556 1161 3574 ne
1172 3547 1207 3575 de
1216 3548 1258 3582 ju.

153 3585 298 3621 diceluqui
310 3587 453 3616 videretur.
474 3587 544 3617 Sunt
554 3588 601 3624 qui
612 3586 722 3623 legant,
743 3584 922 3618 Consuturis,
943 3583 989 3612 sed
1000 3583 1176 3620 perridicule.
1189 3584 1260 3613 Tur-

152 3622 247 3651 nebus.
270 3622 299 3651 V.
320 3623 404 3653 Gron.
417 3625 452 3654 de
464 3625 563 3653 l'ecun.
577 3624 635 3653 Vet.
650 3635 675 3659 4.
689 3633 713 3659 3.
728 3622 836 3652 Salmas.
848 3622 881 3650 ad
893 3621 940 3656 jus
951 3622 1001 3650 Att.
1020 3622 1045 3650 8ι
1056 3621 1134 3650 Rom.
1148 3631 1175 3658 p.
1193 3629 1255 3658 331.

115 3659 188 3726 (Ξίὲσ,
197 3667 283 3724 ςκίιὶιῖι
294 3669 310 3688 ο
322 3669 341 3688 Ν
353 3663 480 3697 Ai.1S,iS.
504 3671 539 3691 m.
564 3661 656 3691 Officii
669 3670 765 3697 genus,
779 3667 809 3690 ut
825 3658 987 3689 Rationalis.
1002 3658 1032 3687 V.
1046 3658 1203 3696 Symniacli.
1215 3669 1257 3689 10.

176 3707 202 3734 pi
229 3718 234 3725 .
266 3705 289 3725 2.
299 3703 366 3725 extr.

96 3764 98 3766 ,
115 3733 303 3763 Cocuosci
315 3744 328 3761 ii
339 3745 346 3762 i
357 3744 424 3768 i.is‚
445 3744 469 3764 e.
490 3734 630 3773 Improbat
639 3735 754 3765 Goclen.
771 3733 859 3764 Probl.
874 3732 994 3762 Gramm.
1010 3743 1033 3768 ς.
1049 3742 1093 3770 34.
1134 3733 1209 3764 Hinc

114 3771 216 3800 Cocu
227 3780 262 3798 os
273 3780 345 3798 ciiii
356 3781 371 3798 L
382 3780 440 3799 vrri
451 3782 485 3812 ¹¹2
505 3773 650 3807 [ἀναλόγως]
676 3774 741 3802 Adv.
765 3772 850 3801 Idem.
870 3771 946 3808 Vulg.
962 3772 1077 3808 liiterpr.
1095 3771 1159 3808 Sap.
1176 3781 1217 3808 13.
1232 3782 1256 3807 ς.

114 3808 162 3838 Co
173 3818 190 3851 c
200 3809 308 3850 rsit-iiiii.
320 3817 365 3841 is,
387 3817 410 3837 e.
433 3810 606 3849 [fuvatoy]
628 3810 683 3845 Qui
703 3809 885 3846 cognoscitur.
931 3808 1002 3838 Geli.
1025 3808 1073 3838 lib.
1085 3818 1130 3838 20.
1152 3818 1212 3846 cap.
1226 3821 1254 3845 4.

151 3845 199 3875 His
210 3845 271 3873 solis
281 3844 438 3880 cognobiles
447 3846 563 3874 fuerunt.
607 3847 637 3875 Et
646 3847 787 3876 Onomust.
804 3847 861 3875 Ver.

149 3883 276 3925 Compar.
329 3882 396 3910 Cato
412 3886 436 3910 6.
452 3881 496 3923 lib.
511 3882 673 3918 Originum,
694 3885 732 3913 lta
754 3893 787 3912 ue
806 3893 857 3919 ego
872 3905 879 3917 ,
902 3882 1011 3919 inquit,
1034 3883 1256 3920 cognobiiiorem

166 3926 356 3957 cognitionem
367 3918 419 3948 eise
429 3919 551 3947 arbitror.
589 3919 682 3948 Refert
695 3921 744 3949 Cel
757 3943 762 3949 .
776 3920 825 3949 lib.
838 3930 882 3950 20.
895 3930 955 3958 cap.
965 3932 990 3956 4.
1005 3921 1040 3949 ad
1052 3921 1145 3950 finem.

1816 105 1844 139 C
1940 109 1973 142 O
2073 110 2104 144 G

1367 189 1388 218 C
1398 190 1414 217 ὃ
1426 197 1442 217 c
1453 197 1486 221 0,
1508 186 1550 224 Egi
1563 207 1570 221 ,
1592 187 1683 230 actum
1695 207 1702 218 η
1725 186 1856 222 [amdam]
1877 188 1931 216 ere.
1954 198 1969 217 a
1983 189 2041 219 Con
2055 192 2081 220 ἂν
2097 192 2150 227 Ago
2162 192 2368 228 compositum
2391 193 2519 229 significat

1404 226 1436 255 ln
1446 235 1531 253 unum
1539 223 1681 267 colligere.
1704 223 1768 253 Ter.
1781 224 1988 269 Heaot.1.1.94.
2009 228 2090 264 Quasi
2099 230 2204 260 talenta
2213 231 2248 259 ad
2257 223 2418 267 quindecirri
2429 235 2515 270 coegi.

1403 263 1435 293 ln
1446 272 1532 291 unum
1545 261 1647 297 aliquid
1660 271 1769 298 cogere.
1793 263 1912 298 Quintil.
1930 264 1978 294 lib.
1994 275 2017 295 1.
2035 275 2096 304 cap.
2112 277 2135 304 ς.

1405 301 1489 330 Nodo
1501 309 1594 328 comas
1604 300 1703 335 coegit.
1726 300 1788 328 Sen.
1803 300 1916 338 Hippol.
1931 312 1957 337 4.

1404 338 1540 368 Diductos
1553 346 1660 370 cogere.
1684 336 1750 365 Hor.
1766 346 1789 372 3.
1803 337 1893 368 Carm.
1906 348 1932 373 9.
1949 345 1991 373 18.

1497 374 1574 411 Quid
1586 374 1601 402 si
1612 373 1695 411 prisca
1707 375 1777 403 redit
1787 375 1881 405 Venus
1892 398 1900 411 ,

1535 411 1724 448 Diduc'tosque
1735 413 1800 448 jugo
1811 414 1887 451 cogit
1897 414 2004 444 aheneo
2013 416 2028 444 ³?

1424 450 1537 488 gratiam
1550 450 1642 483 iubet,
1665 451 1691 478 oz
1710 451 1856 487 conjungit
1873 452 1984 481 invitos.

1403 488 1642 525 Dispersacogere.
1666 488 1725 516 Cic.
1740 497 1762 516 i.
1774 489 1809 517 de
1820 489 1896 518 Orat.
1913 499 1974 525 191.

1402 526 1451 569 jus
1460 526 1540 569 civile
1551 527 1579 553 in
1591 530 1664 554 certa
1675 534 1773 567 genera
1784 536 1892 563 cogere.
1933 527 1991 556 Cic.
2003 537 2028 557 2.
2050 528 2084 558 de
2093 529 2170 559 Orat.
2184 539 2245 565 142.
2281 530 2423 560 Pollicitus
2440 530 2466 560 se
2475 532 2519 566 jus

1420 563 1502 593 civile
1515 586 1522 597 ,
1545 564 1618 600 quod
1627 572 1702 591 nunc
1717 563 1845 593 diffusum
1865 566 1889 594 81
1901 565 2059 602 dissipatum
2073 568 2128 603 est,
2150 569 2180 596 in
2198 574 2272 598 certa
2290 577 2392 605 genera
2411 570 2518 599 coactu.

1421 611 1480 630 runi
1491 623 1499 635 ,
1521 602 1545 630 6<
1554 601 1588 629 ad
1597 607 1682 629 artem
1693 601 1774 629 facile
1784 602 1966 638 redacturum.

1400 639 1497 669 Nubes
1507 645 1647 675 coguntur
1658 638 1692 667 ad
1702 645 1819 669 montes.
1842 639 1948 669 Luc-ret.
1967 639 2014 669 lib.
2027 644 2052 670 6.
2065 650 2130 678 734.

1673 692 1711 696 -—
1720 676 1754 705 ad
1765 677 1834 706 altos
1844 677 1965 715 denique
1981 685 2091 709 montes

1480 712 1623 742 Contrusae
1633 713 1721 743 nubes
1732 722 1867 752 coguntur
1878 737 1886 751 ,
1908 716 1992 752 vique
2004 724 2177 753 premuntur.

1400 751 1474 781 Oves
1485 760 1584 787 cogere
1596 752 1679 780 intro.
1701 751 1784 781 Plaut.
1798 753 1896 783 Bacch.
1909 764 1932 789 ς.
1942 763 1969 783 2.
1983 763 2025 789 1ς.

1398 789 1484 819 Pecus
1495 799 1604 826 cogere.
1626 789 1698 826 Virg.
1712 799 1734 825 3.
1747 789 1804 819 Ecl.
1817 801 1862 820 ²0.

1396 827 1520 870 Pecudes
1530 836 1627 863 cogere
1638 827 1758 866 stabulis.
1783 828 1854 866 Virg.
1865 831 1890 858 6.
1910 829 1967 858 Ecl.
1980 834 2025 864 89.

1396 864 1485 894 Voces
1498 875 1525 907 iri
1537 865 1643 893 nodum
1653 874 1771 902 cogere,
1792 866 1925 903 significat
1945 867 2110 897 Orationem
2131 866 2288 906 syllogismo
2301 867 2347 899 vel
2366 868 2510 907 enthyme-

1415 909 1488 931 mate
1498 901 1651 932 includere.
1673 902 1774 932 Lucan.
1787 906 1821 933 ad
1834 905 1921 934 Pison.
1937 915 1980 941 59.

1475 940 1528 969 Seu
1542 941 1617 976 juvat
1627 940 1746 970 astrictas
1758 942 1785 970 in
1798 943 1904 972 nodum
1914 952 2012 980 cogere
2021 952 2103 973 voces
2115 965 2123 978 ,

1475 977 1509 1006 Et
1518 978 1581 1007 dare
1591 977 1682 1007 subtili
1692 979 1799 1010 vivacia
1810 981 1894 1010 verba
1904 987 2026 1017 catenae,
2046 982 2098 1011 &c.

1392 1015 1508 1052 Agmen.
1531 1016 1589 1044 Cic.
1606 1026 1647 1052 15.
1663 1018 1716 1046 Att.
1735 1026 1776 1053 13.
1809 1018 1838 1048 V.
1861 1028 2002 1048 AGMEN.

1392 1054 1472 1082 Acies
1485 1054 1513 1082 in
1526 1053 1627 1091 praelia.
1649 1054 1722 1091 Virg.
1735 1065 1760 1091 9.
1774 1056 1836 1086 AEn.
1848 1060 1912 1092 463.

1392 1091 1525 1127 Undique
1535 1092 1644 1122 auxilia.
1668 1092 1739 1130 Virg.
1753 1099 1777 1126 8.
1792 1094 1854 1123 AEn.
1866 1104 1892 1131 7.

1391 1129 1526 1176 Coliortes
1536 1129 1678 1159 Luceriam
1689 1132 1777 1168 coegi.
1799 1132 1857 1161 Cic.
1871 1138 1895 1166 8.
1909 1133 1962 1161 Att.
1977 1140 2019 1161 12.
2041 1132 2092 1162 Cn.
2103 1132 2223 1170 Magnus
2235 1133 2269 1162 ad
2282 1133 2385 1163 Domit.

1390 1167 1527 1210 Coliortes
1539 1176 1667 1204 coegerat
1677 1169 1774 1205 viginti
1786 1179 1820 1198 ex
1829 1170 1956 1199 finitimis
1966 1170 2134 1204 regionibus.
2155 1171 2221 1201 Caes.
2235 1181 2258 1201 1.
2269 1171 2337 1201 Bell.
2348 1170 2430 1201 Civil.
2445 1172 2491 1208 155

1390 1204 1493 1248 Copias
1504 1215 1602 1242 cogere
1615 1207 1643 1234 in
1655 1213 1741 1236 unum
1751 1207 1854 1237 locum.
1876 1207 1940 1237 Caes.
1953 1217 1977 1237 2.
1995 1208 2063 1238 Bell.
2076 1208 2146 1238 Gall.
2161 1219 2185 1245 ς.

1387 1242 1548 1288 Exercitum
1560 1244 1694 1280 cogerein
1706 1254 1794 1274 unum
1806 1245 1909 1276 locum.
1933 1246 1991 1275 Cic.
2008 1256 2050 1282 15.
2067 1246 2141 1276 Fam.
2153 1257 2179 1281 4.

1388 1280 1540 1346 Ciolnsilium
1551 1282 1615 1325 cogi
1624 1282 1658 1311 de
1668 1281 1770 1319 aliquo.
1812 1283 1931 1320 Quintil.
1943 1283 1990 1314 lib.
2003 1293 2029 1321 7.
2039 1293 2101 1323 cap.
2115 1293 2138 1320 3.
2161 1283 2204 1314 De
2214 1292 2272 1313 uno
2288 1284 2364 1313 enim
2382 1293 2431 1314 reo
2442 1293 2507 1315 con·

1417 1329 1423 1346 i
1437 1328 1494 1348 ium
1505 1326 1621 1355 cogitur.

1385 1355 1491 1400 Milites
1503 1366 1611 1401 cogere.
1635 1356 1699 1387 Caes.
1716 1369 1740 1394 5.
1753 1357 1822 1388 Bell.
1834 1358 1904 1389 Gall.
1918 1368 1959 1396 39.

1384 1393 1597 1437 Alultitiirlinem
1608 1396 1753 1425 hominum
1764 1406 1879 1433 cogere,
1902 1407 2025 1432 armare,
2047 1397 2188 1427 instruere.
2212 1397 2270 1427 Cic.
2279 1406 2333 1434 pro
2345 1397 2446 1427 Caecin.
2460 1405 2502 1434 ς9.

1383 1431 1482 1461 Socios
1493 1433 1527 1461 ad
1542 1432 1637 1462 locum
1648 1433 1777 1471 aliquem.
1800 1434 1875 1472 Virg.
1890 1446 1915 1470 4.
1928 1436 1990 1465 ffin.
2005 1441 2068 1470 289.

1383 1469 1489 1507 Cogere
1503 1470 1631 1514 adyerba
1643 1493 1651 1505 ,
1674 1471 1834 1502 convocare
1845 1473 1879 1502 ad
1890 1474 2067 1502 concionem.
2090 1473 2212 1511 Propert.
2223 1472 2272 1502 lib.
2285 1483 2313 1509 4.
2330 1482 2353 1502 1.
2368 1481 2411 1510 13.

1465 1508 1587 1538 Buccina
1598 1509 1715 1546 cogebat
1725 1510 1827 1548 priscos
1835 1511 1870 1540 ad
1883 1510 1967 1541 verba
1978 1511 2111 1547 Quirites.

1381 1544 1514 1589 Senatum
1522 1556 1630 1584 cogere.
1669 1546 1807 1585 Cic.3.de
1818 1548 1877 1578 Fin.
1889 1558 1916 1586 7.
1938 1549 2138 1579 DumSenatus
2153 1553 2297 1586 cogeretur
2317 1547 2389 1577 nihil
2409 1557 2498 1586 operae

1400 1583 1519 1620 Reipub.
1541 1585 1700 1615 detrahens.
2460 1599 2463 1606 ¹

1381 1621 1508 1657 Ἂῖῃιιζω
1526 1619 1563 1651 τὴν
1583 1624 1656 1654 βελὺν
1668 1644 1678 1659 ,
1699 1623 1744 1652 vel
1755 1620 1792 1652 τνῘν
1809 1620 1927 1659 pexeium.
1948 1623 1984 1652 H.
1996 1623 2035 1652 St.

1379 1658 1486 1703 Cogere
1500 1661 1651 1701 pecuniam
1663 1671 1677 1690 a
1687 1660 1844 1691 civitatibus
1859 1662 2008 1691 statuarum
2017 1661 2141 1692 nomine.
2163 1661 2222 1692 Cic.
2238 1671 2264 1697 4.
2282 1661 2359 1691 Verr.
2372 1670 2434 1697 140.

1377 1695 1528 1726 Pecuniam
1541 1707 1639 1735 cogere
1648 1708 1684 1728 ex
1694 1700 1820 1729 decumis
1831 1700 2039 1737 imperatorum.
2062 1699 2119 1729 Cic.
2132 1709 2182 1738 pro
2193 1699 2287 1730 Rabir.
2300 1698 2390 1730 Postli.
2400 1708 2445 1736 3⁰·

1378 1735 1482 1778 Aurum
1497 1745 1598 1772 cogere
1609 1737 1638 1765 in
1650 1736 1712 1766 usus
1723 1737 1870 1768 humanos.
1891 1737 1960 1768 Hor.
1976 1746 2000 1774 3.
2016 1736 2106 1768 Carm.
2121 1747 2145 1775 3.
2161 1748 2206 1774 51.
2452 1742 2455 1745 “

1377 1772 1494 1810 Stipem.
1519 1773 1576 1804 Cic.
1590 1783 1616 1803 2.
1629 1775 1665 1804 de
1675 1774 1770 1812 Legib.
1783 1784 1829 1805 22.

1375 1810 1567 1848 Stipendium.
1594 1812 1688 1850 Cic.3.
1707 1813 1782 1842 Verr.
1797 1822 1843 1848 70.

1377 1848 1486 1915 Cogqire
1500 1848 1605 1886 aliquid
1624 1851 1667 1881 ad.
1708 1851 1772 1881 Sen.
1790 1850 1838 1880 lib.
1855 1859 1878 1880 1.
1895 1850 1931 1881 de
1948 1850 2011 1887 Ita,
2032 1850 2118 1888 Quod
2142 1850 2286 1887 exundat,
2306 1850 2341 1881 ad
2355 1850 2497 1882 salutarem

1396 1895 1443 1915 mo
1467 1896 1513 1916 um
1529 1897 1637 1921 cogere.

1377 1923 1483 1968 Cogere
1493 1925 1528 1954 ad
1543 1925 1647 1955 fiscum.
1687 1925 1785 1956 Paulus
1796 1925 1815 1955 l.
1828 1926 1857 1955 in
1868 1926 2003 1956 fraudem.
2025 1926 2059 1958 D.
2073 1926 2169 1962 dejur.
2181 1926 2236 1957 fise.
2269 1925 2335 1962 Ejus
2353 1926 2428 1957 bona
2448 1927 2493 1964 qui

1394 1962 1443 2006 sibi
1454 1969 1572 2006 mortem
1582 1963 1717 1993 conscivit
1728 1985 1736 1999 ,
1758 1974 1815 1993 non
1827 1970 1891 1994 ante
1899 1965 1933 1994 ad
1949 1964 2044 1994 fiscum
2061 1971 2215 2002 coguntur,
2237 1974 2320 2002 quam
2337 1965 2415 2003 prius
2431 1974 2495 1996 con-

1395 2000 1508 2035 stiterit,
1529 2002 1608 2036 cujus
1620 2002 1743 2031 criminis
1752 2002 1838 2040 gratia
1847 2012 1945 2032 manus
1954 2003 2000 2032 sibi
2011 2002 2145 2032 intulerit.

1375 2036 1526 2067 Tumultus
1535 2048 1643 2076 cogere.
1667 2040 1750 2069 Ovid.
1765 2050 1787 2077 3.
1800 2040 1880 2077 Epist.
1891 2040 1984 2070 Sabin.
1997 2050 2042 2078 73.

1471 2076 1504 2105 Et
1516 2086 1632 2114 magnos
1642 2099 1650 2112 ,
1673 2079 1757 2107 video
1767 2099 1775 2112 ,
1796 2079 1871 2115 cogit
1883 2079 1950 2107 mihi
1961 2085 2039 2115 rapta
2050 2077 2184 2109 tumultus
2194 2100 2203 2114 ‚

1400 2150 1405 2157 ⁸
1504 2116 1674 2152 Arniataeque
1689 2122 1788 2152 petunt
1803 2116 1929 2153 Pergama
1946 2117 2022 2146 mille
2035 2123 2115 2146 rates.

1373 2149 1450 2181 Vites
1461 2154 1593 2189 cogendae
1603 2154 1631 2182 in
1643 2152 1748 2183 sulcum
1758 2174 1766 2189 ,
1787 2155 1805 2183 i.
1816 2165 1840 2184 e.
1864 2154 1894 2183 ln
1906 2155 2033 2184 ordinem
2043 2153 2258 2193 componendae‚
2275 2157 2322 2183 aut
2331 2158 2406 2184 certe
2415 2163 2490 2185 aran-

1392 2189 1443 2219 dae.
1466 2190 1540 2234 Virg.
1557 2201 1582 2219 2.
1603 2191 1700 2228 (Jeorg.
1720 2196 1764 2221 62.
1787 2192 1907 2221 Servius.

1373 2226 1478 2271 Cogere
1492 2238 1520 2256 in
1533 2229 1668 2258 ordinem.
1699 2229 1826 2272 ⁸Budaeus
1836 2252 1843 2264 ,
1866 2230 1978 2266 Antiqui
1996 2239 2082 2268 quum
2099 2228 2250 2267 significare
2260 2228 2393 2259 volebant
2403 2229 2491 2259 homi-

1391 2274 1456 2293 nem
1468 2272 1538 2295 inter
1548 2266 1600 2295 sure
1621 2267 1793 2297 conditionis
1812 2268 1942 2297 homines
1965 2268 2143 2298 retinendum
2163 2267 2440 2304 continendumque.
2460 2267 2490 2297 id

1388 2302 1428 2331 est
1448 2304 1499 2338 (ut
1511 2304 1593 2348 vulgo
1605 2304 1767 2346 loquimur)
1781 2305 1828 2341 suo
1842 2305 1914 2340 statu
1931 2314 2074 2333 contentum
2090 2305 2133 2342 effii
2143 2306 2289 2341 cogendum:
2312 2305 2345 2334 Iri
2362 2306 2488 2336 ordinem

1388 2350 1453 2369 eum
1466 2341 1662 2379 Redigendiiin
1673 2364 1680 2377 ,
1703 2343 1746 2372 vel
1758 2344 1841 2372 etiam
1850 2344 2014 2381 Cogendum
2030 2343 2212 2378 dictitabant,
2233 2343 2288 2371 hoc
2298 2343 2336 2372 est
2346 2343 2420 2372 Inter
2431 2343 2489 2373 vul-

1390 2387 1466 2425 gares
1480 2381 1505 2409 &
1524 2381 1660 2417 gregarios
1674 2382 1925 2411 annumerandum.
1967 2381 2036 2411 Plin.
2057 2382 2092 2411 ad
2111 2380 2279 2416 Falconem,
2300 2390 2324 2410 1.
2346 2380 2428 2419 Epist.
2440 2391 2484 2417 23.

1389 2416 1527 2451 Consulis,
1541 2428 1575 2446 an
1589 2418 1745 2447 existimem
1757 2426 1785 2448 te
1795 2420 1823 2448 in
1833 2419 1974 2448 tribunatu
1994 2419 2087 2449 causas
2096 2429 2176 2456 agere
2189 2419 2298 2448 decere.
2337 2418 2486 2448 Plurimum

1385 2454 1468 2485 refert
1489 2455 1622 2492 quidesse
1642 2456 1827 2486 Tribunatum
1844 2464 1940 2494 putes:
1971 2457 2087 2487 Inanem
2103 2457 2247 2490 umbram,
2269 2458 2295 2486 ἅτ
2312 2455 2366 2485 sine
2381 2458 2486 2487 honore

1384 2501 1508 2536 nomen:
1533 2504 1567 2523 aii
1579 2494 1741 2531 potestatem
1753 2494 1961 2530 sacrosanctam.
1972 2497 1998 2525 ἃ.
2008 2505 2088 2533 quam
2098 2495 2126 2523 in
2135 2494 2262 2523 ordinem
2275 2494 2345 2532 cogi,
2360 2502 2416 2524 uta
2426 2494 2486 2524 nul-

1386 2529 1432 2565 10,
1453 2538 1490 2560 ita
1503 2532 1597 2561 nease
1609 2532 1725 2569 quidem
1747 2532 1866 2562 deceat?
1886 2532 1965 2562 Ideni
1983 2543 2009 2562 2.
2031 2532 2113 2570 Epist.
2129 2536 2154 2562 6.
2176 2532 2212 2561 ad
2231 2532 2339 2562 Avitum
2351 2554 2358 2566 ,
2378 2532 2486 2570 frugali-

1384 2573 1468 2597 tatem
1479 2568 1552 2598 suam
1562 2570 1706 2599 ostendere
1718 2571 1830 2605 volens,
1851 2572 1877 2600 &
1899 2572 1928 2599 in
1947 2571 2022 2600 victu
2043 2570 2256 2608 parsimoniam,
2278 2569 2418 2607 eleganter
2430 2571 2483 2600 hoc

1381 2606 1467 2649 verbo
1478 2606 1540 2636 usus
1552 2608 1589 2637 est
1604 2630 1611 2642 ,
1636 2607 1737 2637 Liberti
1758 2609 1888 2645 (inquit)
1910 2609 1966 2638 mei
1980 2618 2038 2638 non
2050 2609 2126 2638 idem
2135 2608 2211 2644 quod
2230 2617 2281 2645 ego
2295 2607 2394 2637 bibunt
2406 2630 2414 2643 ,
2436 2607 2482 2638 sed

1381 2643 1456 2673 idem
1465 2654 1517 2681 ego
1529 2646 1604 2682 quod
1616 2645 1722 2675 liberti:
1745 2648 1771 2675 ἃ
1787 2646 1946 2676 mehercule
1957 2646 1974 2675 si
1994 2646 2063 2684 gulae
2076 2653 2231 2683 temperes,
2253 2655 2311 2674 non
2327 2646 2365 2675 est
2385 2656 2482 2677 onero-

1380 2680 1459 2725 sum,
1481 2693 1535 2719 quo
1548 2684 1630 2712 utaris
1640 2683 1707 2721 ipse,
1728 2685 1935 2713 communicare
1947 2693 2012 2713 curn
2022 2683 2158 2719 pluribus.
2198 2682 2247 2713 Illa
2256 2693 2320 2720 ergo
2331 2684 2481 2720 reprimen-

1381 2719 1431 2754 da,
1452 2719 1499 2749 illa
1511 2721 1580 2758 quali
1599 2722 1628 2750 in
1640 2721 1767 2751 ordinem
1778 2722 1928 2759 redigenda
1939 2722 1976 2751 est
1987 2744 1995 2757 ‚
2017 2722 2033 2750 si
2043 2721 2198 2759 sumptibus
2208 2730 2313 2758 parcas.
2354 2722 2426 2751 Huic
2436 2731 2482 2751 au.

1380 2763 1441 2801 tem
1450 2759 1602 2795 opponitur
1612 2781 1620 2793 ,
1643 2759 1771 2789 Eximere
1790 2769 1915 2789 numer0.
1947 2760 2089 2790 Hactenus
2112 2759 2238 2788 Budaeus.
2278 2758 2330 2795 [ln
2354 2759 2479 2789 ordinem

1381 2797 1499 2838 cogitvel
1510 2797 1596 2834 redigi
1608 2797 1740 2826 dicuntur
1758 2797 1814 2826 Viri
1832 2798 1861 2826 in
1878 2798 2012 2836 potestate
2034 2797 2193 2831 constituti,
2214 2806 2279 2826 cum
2294 2796 2416 2834 ipsorum
2436 2806 2480 2826 au-

1381 2834 1508 2878 {toritate
1518 2834 1672 2871 posthabita
1686 2856 1694 2870 ,
1723 2835 1808 2864 veluti
1826 2836 1942 2873 privati,
1964 2836 2077 2865 &exuti
2095 2834 2247 2872 potestate,
2269 2836 2426 2865 tractantur.
2447 2834 2478 2864 V.

1378 2871 1452 2900 huet.
1467 2872 1562 2902 Claud.
1582 2882 1643 2915 cap.
1662 2878 1704 2907 38.
1727 2875 1753 2902 Sc
1767 2873 1844 2911 Vesp.
1861 2883 1903 2907 ις.
1925 2872 1984 2902 Liv.
1998 2882 2022 2909 3.
2035 2882 2077 2909 35.
2089 2874 2114 2902 ἃ
2126 2872 2232 2911 passim.

1361 2907 1467 2946 Cogere
1480 2931 1488 2943 ‚
1510 2910 1690 2946 [άνκβμζμῃ
1709 2910 1837 2947 βιωζεοῦαι
1849 2933 1857 2945 ‚
1875 2911 2021 2946 άψςόύόυ]
2046 2911 2076 2939 Vi
2089 2909 2269 2948 compellere.
2291 2909 2355 2940 Ter.
2364 2909 2475 2948 Adel.3.

1377 2956 1404 2981 4.
1415 2958 1460 2983 44.
1484 2947 1570 2985 Quod
1583 2958 1630 2977 vos
1639 2949 1682 2984 jus
1694 2949 1783 2986 cogit,
1807 2949 1836 2977 id
1849 2948 2141 2986 voliintateimpetret.
2168 2948 2236 2985 Virg.
2245 2956 2272 2977 2.
2286 2947 2347 2979 AEn.
2362 2951 2406 2984 56.

1552 3001 1588 3005 —
1599 2986 1666 3023 quid
1679 2995 1736 3015 iion
1747 2986 1873 3016 mortalia
1882 2988 1997 3024 pectora
2004 2987 2095 3024 cogis,

1427 3059 1433 3065 ·
1452 3023 1514 3051 Auri
1527 3022 1598 3052 sacra
1611 3023 1716 3053 fames?

1358 3058 1434 3089 Mori
1444 3070 1488 3089 me
1499 3061 1621 3098 denique
1631 3071 1722 3097 coges.
1744 3061 1815 3099 Virg.
1826 3070 1851 3091 2.
1865 3061 1920 3091 Ecl.
1932 3070 1957 3098 7.

1358 3098 1483 3140 Audaces
1494 3099 1620 3136 cogimur
1631 3100 1685 3128 ess'e
1693 3106 1779 3129 metu.
1804 3099 1888 3129 Ovid.
1903 3110 1927 3129 1.
1938 3098 2018 3129 Trist.
2029 3107 2054 3136 3.
2067 3101 2129 3129 106.

1358 3135 1387 3164 Si
1405 3145 1445 3164 res
1457 3144 1545 3173 coget.
1569 3137 1627 3167 Cic.
1644 3147 1668 3167 1.
1680 3137 1754 3166 Fam.
1767 3148 1791 3172 5.

1358 3173 1464 3202 Acerbe
1474 3175 1545 3211 cogi.
1568 3175 1625 3204 Cic.
1643 3185 1665 3204 1.
1680 3175 1799 3212 Philipp.
1813 3183 1856 3204 11.

1358 3210 1495 3240 Convicio
1504 3213 1657 3251 aliquorum
1668 3214 1740 3250 cogi.
1763 3213 1822 3242 Cic.
1838 3221 1862 3242 1.
1875 3212 1910 3249 Q.
1923 3211 1984 3242 frat.
2003 3221 2046 3248 14.

1358 3247 1442 3277 Fame
1454 3250 1525 3285 cogi.
1549 3250 1606 3279 Cic.
1621 3259 1644 3286 7.
1659 3250 1733 3279 Verr.

1356 3285 1441 3316 Prece
1454 3296 1553 3324 cogere
1562 3287 1691 3325 aliquem.
1716 3287 1781 3317 Hor.
1798 3297 1821 3317 1.
1833 3287 1915 3324 Epist.
1929 3297 1954 3322 9.
1968 3295 1995 3316 2.

1550 3340 1587 3346 ——
1596 3335 1659 3354 nam
1674 3335 1718 3354 me
1734 3331 1824 3362 rogat,
1849 3327 1874 3355 δι
1887 3334 1969 3362 prece
1980 3325 2064 3361 cogit.

1357 3360 1475 3391 Ratione
1483 3361 1603 3399 aliquem
1615 3362 1706 3400 aliqua
1717 3372 1825 3400 cogere.
1858 3362 1917 3392 Cic.
1931 3363 1966 3391 tle
1977 3362 2085 3391 Amicit.
2096 3364 2141 3391 26.

1376 3399 1460 3428 tione.
1499 3400 1642 3430 Mendose.

1355 3435 1406 3466 His
1416 3446 1450 3466 ne
1460 3437 1541 3466 rebus
1554 3447 1652 3467 manus
1660 3437 1757 3467 afferre
1767 3447 1824 3466 nori
1832 3437 1977 3472 dubitasti,
2002 3446 2018 3466 a
2029 3437 2128 3474 quibus
2140 3436 2222 3466 etiam
2234 3436 2330 3465 oculos
2342 3435 2469 3465 cohibere

1373 3474 1539 3511 religionum
1551 3476 1610 3510 jura
1621 3476 1776 3512 cogebant?
1798 3476 1829 3505 In
1847 3475 1958 3505 Verrem
1969 3476 2050 3512 (pag.
2061 3475 2153 3504 Lamb.
2166 3474 2178 3510 )
2192 3479 2251 3510 178.
2274 3474 2424 3510 Quomodo
2434 3481 2470 3502 ta·

1373 3522 1439 3541 men
1451 3513 1589 3549 cogebant
1598 3513 1667 3542 dicit
1680 3535 1688 3548 ,
1710 3512 1727 3541 si
1738 3514 1793 3542 hoc
1803 3512 1911 3542 efficere
1928 3522 1984 3541 non
2002 3519 2152 3549 potuerunt
2161 3513 2174 3540 ’ἕ
2198 3513 2226 3541 δί
2240 3510 2344 3540 obstare
2354 3520 2410 3540 non
2420 3520 2467 3549 po·

1372 3556 1494 3585 ruerunt,
1505 3560 1560 3587 quo
1573 3551 1664 3580 minus
1676 3550 1846 3579 afferretillis
1858 3560 1955 3579 manus
1966 3551 1979 3579 ἵ)
2005 3550 2059 3577 'dms
2071 3549 2294 3586 intelligendum,
2317 3549 2465 3586 (lugebant,

1371 3587 1389 3615 fi
1411 3597 1468 3616 non
1487 3597 1518 3617 ea
1539 3587 1641 3618 violare
1661 3588 1797 3617 voluisses.
1821 3588 1855 3621 H.
1868 3589 1906 3617 St.
1939 3588 1985 3617 Sic
1995 3587 2045 3623 Jus
2057 3588 2132 3625 cogit
2142 3587 2229 3624 supra.

1353 3624 1458 3691 Cffogere
1469 3635 1531 3692 aazia
1548 3633 1577 3654 ut
1597 3631 1711 3669 pareant
1729 3625 1831 3655 colono
1843 3647 1851 3660 ,
1871 3625 2010 3663 Praecepta
2035 3626 2142 3655 tradere
2157 3623 2335 3662 agriculturae.
2360 3623 2428 3661 Virg.
2439 3631 2462 3652 1.

1394 3672 1432 3691 m.
1448 3672 1470 3697 3.
1519 3670 1670 3700 etonyniia.

1351 3699 1434 3728 Aliud
1446 3710 1526 3743 quani
1539 3702 1690 3737 cogebatur
1700 3699 1807 3730 illatum
1819 3700 1865 3730 est.
1888 3700 1944 3730 Cic.
1961 3710 1984 3731 1.
1997 3700 2033 3730 de
2044 3700 2150 3730 Invent.
2164 3705 2208 3735 87.

1352 3737 1457 3773 Cogere
1469 3747 1495 3766 vi
1505 3740 1530 3767 δι.
1541 3739 1632 3768 minis.
1674 3738 1732 3768 Cic.
1746 3748 1770 3767 2.
1784 3739 1819 3767 de
1830 3738 1923 3775 Legib.
1939 3748 1979 3774 ¹4·
2001 3738 2066 3767 Nori
2084 3738 2179 3768 omnia
2190 3737 2218 3767 vi
2226 3746 2258 3767 ac
2267 3737 2350 3767 minis
2358 3742 2458 3773 cogere·

1369 3775 1433 3803 Ter.
1449 3775 1515 3804 Hec.
1531 3785 1556 3804 2.
1570 3785 1594 3805 2.
1610 3779 1654 3805 26.
1678 3776 1710 3804 Vi
1723 3777 1796 3813 coepi
1811 3786 1910 3813 cogere
1921 3783 1951 3804 ut
1960 3776 2070 3806 rediret.

1349 3812 1390 3841 Ad
1403 3821 1475 3841 arina
1485 3822 1586 3850 cogere
1597 3813 1726 3849 aliquem.
1750 3814 1832 3843 Ovid.
1850 3824 1872 3848 3.
1889 3815 1979 3843 Amor.
1996 3823 2035 3849 ις.
2047 3823 2072 3849 9.

1348 3850 1389 3878 Ad
1403 3851 1502 3886 gaudia
1516 3852 1585 3888 cogi.
1609 3852 1693 3880 Ovid.
1707 3860 1731 3879 2.
1742 3852 1777 3879 de
1789 3853 1848 3880 Arte
1864 3852 1921 3881 Am.
1933 3861 1997 3887 4¹9·

1350 3888 1391 3916 Ad
1405 3889 1542 3930 lacrymas.
1565 3889 1649 3918 Plaut.
1663 3889 1760 3917 Bacch.
1773 3899 1799 3923 4.
1811 3899 1835 3923 9.
1851 3898 1893 3924 57.

1349 3924 1390 3953 Ad
1399 3925 1569 3962 praeliacogi.
1594 3926 1664 3963 Virg.
1679 3935 1721 3956 12.
1735 3927 1797 3956 AEn.
1812 3931 1873 3962 581.

2129 417 2148 446 i.
2162 426 2186 446 e.
2211 416 2360 447 Discordes
2383 418 2471 448 redire
2491 419 2520 450 in

2204 3361 2356 3399 [Verburg.
2387 3359 2471 3400 Roga—

2431 3960 2460 3991 In
