2600 4177
465 129 495 164 C
591 129 626 166 H
720 131 748 168 A

36 206 86 237 CH
98 217 114 236 A
127 218 146 236 M
158 217 223 237 ,eri-t
232 219 277 238 uc
286 218 300 237 ii
311 231 319 243 ,
339 217 377 238 es.
399 210 604 246 [mtrem-admi]
623 212 714 242 Herba
730 214 783 251 est,
807 215 873 245 folia
887 216 991 248 habens
1006 217 1096 249 laricis
1109 217 1183 250 soliis

74 245 169 273 similia
180 268 187 280 ,
209 247 365 275 lumborum
377 247 494 284 &spina'
502 249 643 279 doloribus
655 253 774 288 propria.
796 252 865 282 Plin.
881 255 928 283 lib.
944 265 988 290 24.
1001 267 1061 293 cap.
1079 267 1118 292 ις.

40 282 88 311 CH
98 292 115 310 A
127 294 145 310 M
155 294 178 311 με
187 293 200 311 1²
209 295 219 311 1
230 293 249 311 T
258 294 277 312 Y
287 293 299 311 s
309 305 317 315 .
339 294 395 321 yos.
420 284 621 322 [κακεοωπῖτνς]
644 288 733 318 Herba
745 300 804 327 quse
818 291 912 321 Latine
929 294 1010 327 Aiuga
1019 295 1128 323 dicitur.
1151 294 1182 324 V.

30 327 31 330 ¹
78 319 143 347 Plin.
156 320 201 348 lib.
215 330 256 354 ²⁴·
271 331 331 357 cap.
344 325 370 350 6.
389 321 463 351 ivam
475 323 698 367 pharmacopolae
708 336 819 357 vocant.
837 329 917 365 Apul.
929 331 963 359 de
976 332 1059 361 Herb.
1074 335 1183 370 cap.26.

40 357 299 389 CHAMAEPrrYTNUS.
309 359 369 393 Adj.
383 361 622 396 [χοιιιααπιτυίνῷι]
637 362 736 393 Vinum
747 365 1184 405 ChamzepityinumDiosc.5.41.

39 394 61 423 C
71 404 89 422 H
99 405 116 422 A
128 404 148 422 M
157 405 179 422 ε
189 404 227 422 ri.
236 404 253 423 A
265 398 305 423 ΤᾸ
317 405 336 423 N
347 406 363 424 υ
374 406 386 425 s
398 418 405 430 ‚
427 397 444 426 i.
467 397 486 426 f.
508 397 599 427 Brevis
610 399 745 434 platanus.
771 402 838 432 Plin.
855 413 897 433 12.
906 401 935 434 a.

40 431 62 460 C
71 440 89 460 Η
102 441 119 459 A
130 441 149 459 M
158 442 181 459 με
190 440 203 459 i>
214 441 231 459 u
240 442 252 460 s
264 454 271 466 ,
294 434 481 468 [χωμαιῗπιις]
502 437 575 471 apud
596 437 705 467 Griecos
728 440 871 470 dicebatur
883 442 987 479 Sponsa
1001 465 1009 478 ,
1031 454 1090 480 quse
1105 451 1185 472 curru

73 477 133 497 non
152 467 353 498 subvehebatur
365 492 373 503 .
396 470 440 499 sed
469 473 587 508 pedibus
604 476 693 504 mariti
710 477 825 506 domum
842 480 966 516 petebat.
1009 481 1095 510 Moris
1110 482 1186 510 enim

75 511 132 534 erat
142 506 218 542 apud
231 516 279 535 eos
293 528 301 539 .
323 513 353 536 ut
364 508 503 539 Pausanias
517 511 573 545 ait,
597 519 626 540 ut
639 512 733 550 sponsa
751 514 888 545 locaretur
909 519 935 546 in
953 518 1070 555 nuptiali
1086 528 1166 548 curru
1178 540 1187 552 ,

73 542 170 581 sponso
185 544 212 572 ἀ
222 544 372 573 necessario
382 546 455 575 affini
465 548 543 583 juxta
553 550 703 579 comitante
712 574 719 585 ,
743 562 825 588 quem
837 556 988 590 parochum
1001 564 1118 585 vocant:
1141 566 1189 584 cu-

73 581 116 616 jus
128 589 208 610 axem
219 591 268 619 pro
280 582 585 615 foribusincendebant
596 609 604 623 ,
624 588 797 625 ursignarent
813 590 889 620 illam
905 593 942 621 ibi
957 600 1093 631 perpetuo
1112 602 1190 622 man-

73 617 162 661 suram
175 640 183 653 ,
204 628 294 656 neque
315 619 369 649 ulla
391 623 553 659 tempestate
574 625 640 654 inde
654 626 825 657 recess'uram.
855 631 957 659 Austor
973 631 1049 661 Alex.
1064 631 1098 660 ab
1110 631 1185 661 Alex.

74 655 121 684 lib.
131 665 156 684 2.
169 665 229 694 cap.
246 667 269 692 5.
293 657 336 687 vel
346 660 439 696 potius
451 660 546 690 Pollux
555 661 603 691 lib.
617 671 640 698 3.
652 664 742 700 Segm.
752 675 798 700 40.

39 692 62 723 C
70 702 90 722 Η
100 703 120 737 A
130 704 149 722 Μ
158 704 180 722 m
191 704 206 722 R
215 705 224 723 i
233 704 246 723 Ρ
255 704 268 723 i:
276 704 288 724 s
298 717 314 739 ,ι
329 695 534 739 [tqaficw'essm]
553 700 668 730 Arbores
678 701 740 731 sunt
755 712 789 731 ex
804 700 895 740 specie
913 704 1085 743 dactylorum
1094 727 1103 739 ,
1127 715 1187 743 quae

57 735 62 747 ⁵
74 732 100 760 ὃ(
112 741 140 759 in
151 731 231 761 Creta
241 753 250 765 ‚
270 734 296 762 ἃ
307 743 335 761 in
347 733 441 764 Sicilia
450 735 613 774 nascuntur,
633 738 703 768 folio
722 738 823 770 latiore
832 750 863 770 ac
873 742 972 777 molli,
993 744 1027 773 ad
1039 744 1124 773 vitilia
1136 744 1190 773 uti-

73 767 186 797 liffimae.
225 769 257 798 V.
279 770 347 800 Plin.
358 771 405 801 lib.
420 783 461 808 13.
472 783 532 812 cap.
543 786 570 810 4.

37 805 60 836 C
68 815 87 835 ir
97 815 115 834 A
127 816 147 834 M
155 816 204 848 aar
213 817 230 835 ο
238 817 252 836 1²
261 817 285 843 s,
305 808 500 847 [χοιμοᾶξωψ]
519 812 612 842 Herba
623 813 670 849 est,
681 814 716 844 de
726 825 779 851 qua
792 814 861 845 Plin.
874 816 922 846 lib.
934 820 978 848 26.
995 828 1056 855 cap.
1071 827 1096 855 7.
1127 816 1189 847 Eos·

72 843 262 888 dem-effeetus
282 845 372 876 lateris
389 848 532 879 doloribus
546 850 630 880 habet
643 852 830 891 chamaerops,
854 856 967 892 myrteis
985 857 1059 885 circa
1078 856 1188 886 caulem

73 889 189 918 geminis
198 882 270 912 foliis
282 905 290 918 ‚
313 885 449 922 capitibus
458 887 590 917 Graeculae
601 889 665 918 rosae
675 910 683 924 ,
704 899 739 919 ex
750 890 816 919 vino
826 899 902 928 pota.
926 894 955 923 V.
979 903 1187 924 CHAMAEDROPS.

37 917 60 948 C
69 928 89 947 Η
99 927 117 946 A
128 929 148 947 M
157 929 180 962 Ε.
191 929 229 949 sir
240 930 256 949 c
266 930 279 949 ii
291 943 299 957 ‚
320 922 515 960 [χαμαισύιιη]
536 925 627 955 Herba
643 927 682 957 est
702 928 786 958 lentis
800 928 866 958 folia
880 930 986 960 habens
998 954 1006 967 ,
1029 932 1100 960 nihil
1111 931 1138 961 se
1149 937 1190 961 at-

71 955 197 986 tollentia
208 979 216 992 ,
238 958 266 987 in
279 959 363 989 aridis
374 962 539 1000 petrosisque
554 964 676 994 nascens.
716 965 747 993 V.
770 965 838 996 Plin.
855 967 903 996 lib.
916 977 961 1004 24.
975 979 1037 1006 cap.
1050 978 1093 1005 ις.

36 993 59 1024 C
67 1003 85 1023 Η
95 1003 115 1037 Α.
124 1004 145 1022 Μ
156 1003 203 1023 AEz
214 999 229 1024 ἒ
239 1007 254 1024 1.
264 1006 281 1025 ο
290 1006 320 1032 N,
336 996 540 1035 [χαμοάζηλσν]
553 1000 643 1031 Herba
655 1003 701 1035 est,
714 1003 781 1033 teste
789 1004 857 1034 Plin.
871 1005 966 1042 lib.27.
982 1017 1092 1044 cap.10.
1106 1015 1188 1044 quam

25 1051 27 1054 ψ
70 1031 181 1075 quidam
191 1034 307 1063 eandem
317 1035 371 1064 effe
383 1037 502 1066 credunt
511 1048 574 1067 cum
586 1040 743 1077 Gnaphalio
755 1062 762 1076 ‚
783 1043 862 1077 cujus
876 1043 944 1073 folia
956 1045 991 1073 ita
1004 1044 1065 1073 alba
1077 1046 1103 1074 ἃ
1118 1045 1188 1074 mol-

24 1067 27 1092 l
68 1068 105 1098 lia
116 1068 195 1105 sunt,
215 1076 246 1100 ut
275 1071 337 1102 lane
347 1073 493 1104 videantur
508 1082 665 1107 tomentum
677 1100 685 1112 ,
708 1079 734 1107 δι
746 1089 797 1117 pro
813 1086 941 1110 tomento
955 1082 1129 1120 usurpentur.

23 1093 27 1156 l
69 1106 113 1136 Est
124 1108 149 1150 ᾇ
159 1107 234 1137 aliud
246 1109 412 1140 Chamaezeli
424 1122 511 1149 genus
521 1136 529 1148 ‚
547 1116 622 1151 quod
641 1117 667 1145 ἃ
680 1115 884 1155 Pentaphyllon
895 1129 910 1147 a
929 1119 1029 1149 Graecis
1042 1142 1050 1155 ,
1073 1121 1098 1150 ὅ(
1112 1130 1127 1149 a
1139 1119 1188 1149 La-

87 1151 152 1174 tinis
165 1145 398 1184 Quinquefolium
409 1150 580 1189 appellatur:
597 1153 675 1189 cujus
684 1156 813 1184 meminit
824 1156 899 1185 idem
910 1156 978 1186 Plin.
990 1157 1123 1192 lib.25.ca
1146 1168 1186 1192 .9.

35 1181 82 1212 Cu
94 1192 111 1210 A
121 1193 142 1211 M
152 1194 176 1211 ie
185 1193 227 1212 Ta
238 1195 257 1213 A
266 1195 282 1214 c
293 1196 310 1214 Η
323 1189 338 1215 ἓ
347 1197 367 1216 A
378 1209 387 1223 ,
407 1198 438 1218 ze.
460 1189 479 1218 f.
500 1189 614 1220 Cancer.
644 1191 714 1221 Plin.
729 1201 772 1228 3²·
787 1203 829 1223 η.
862 1194 1023 1224 Harduinus
1048 1195 1095 1225 hic
1132 1196 1189 1233 egit

22 1231 25 1260 Ι
70 1219 188 1250 Chaemae
200 1221 306 1252 striatae.

33 1257 57 1288 C
65 1267 83 1287 Η
95 1267 114 1287 A
123 1268 145 1286 M
154 1269 228 1294 AEvi,
240 1260 283 1289 vel
297 1261 319 1291 C
329 1271 350 1291 Η
361 1272 381 1291 A
389 1273 411 1291 Μ
421 1273 440 1292 A
451 1273 469 1293 v
478 1275 498 1300 r,
512 1273 601 1294 orum.
617 1274 653 1294 m.
665 1266 703 1304 pl.
718 1267 841 1306 Populus
850 1269 1004 1299 Germaniae
1016 1280 1104 1309 prope
1114 1270 1189 1300 Ami-

22 1326 23 1335 *
68 1295 195 1342 fiamzv.
215 1297 304 1328 Tacit.
318 1308 360 1336 13.
378 1300 448 1330 Ann.
463 1313 506 1338 ςς.
530 1302 659 1337 Ejusdem
672 1304 764 1334 Germ.
780 1315 824 1341 33.
839 1317 862 1336 1.
881 1309 1017 1337 Ammian.
1033 1318 1075 1345 17.
1088 1314 1113 1342 8.

33 1331 163 1363 CHAME
173 1344 249 1378 LjeA
263 1357 272 1371 ,
291 1336 476 1374 [χοιμελεάσι]
495 1340 588 1370 Herba
608 1351 668 1378 quat
683 1342 893 1374 similitudinem
911 1346 1042 1375 foliorum
1057 1346 1124 1376 oleae
1141 1347 1188 1375 ha-

68 1370 122 1415 bet.
161 1370 230 1403 Plin.
243 1373 290 1404 lib.
302 1384 347 1410 24.
365 1385 426 1413 cap.
443 1387 484 1413 ις.
507 1378 609 1416 Vulgus
620 1387 702 1410 vocat
712 1387 792 1416 pever
803 1390 929 1413 montano.
952 1383 1129 1414 matthiolus.
1152 1383 1185 1414 V·

65 1408 193 1454 D¹0s0;4-
209 1420 271 1448 172.
293 1412 374 1451 Apul.
388 1415 422 1443 de
434 1414 518 1462 Hprb.
532 1426 592 1454 cap.
611 1427 621 1446 i
631 1427 672 1447 ii.

33 1445 56 1476 C
63 1456 84 1476 Η
93 1457 111 1476 A
118 1457 138 1476 M
147 1457 163 1476 Ε
171 1457 187 1476 L
196 1458 215 1477 A
222 1452 236 1478 ῑ
244 1459 264 1478 T
271 1459 286 1479 ιι
295 1460 316 1486 s,
327 1452 522 1489 [χειμελοιπησ]
533 1454 634 1484 Vinum
645 1465 680 1485 ex
691 1456 847 1487 Chamelaea
857 1458 969 1488 faetum.
980 1459 1102 1490 Dioscor.
1111 1469 1185 1496 541.

21 1483 82 1515 ch
93 1495 278 1529 AlMizTAERA
289 1510 296 1524 ‚
317 1499 348 1518 ae.
378 1491 570 1527 [χαμεσικῐρρι]
591 1492 672 1522 Parva
692 1494 774 1524 socia.
815 1496 884 1525 Plin.
898 1497 947 1526 lib.
965 1501 1007 1533 36.
1030 1507 1091 1535 cap.
1107 1509 1131 1532 ς.
1159 1498 1185 1527 Is

65 1522 133 1552 fecit
145 1523 280 1568 Venerem
300 1528 326 1556 δι
339 1527 446 1557 Pothon
462 1530 487 1559 δι
508 1530 707 1561 Phaethontem
721 1554 729 1566 ,
750 1533 798 1570 qui
817 1534 996 1564 Samothrace
1015 1535 1188 1565 sanctissimis

65 1570 237 1607 caeremoniis
255 1563 394 1608 coluntur.
435 1566 505 1596 Item
526 1568 684 1606 Apollinem
708 1569 871 1601 Palatinum.
915 1572 1019 1602 Vestam
1041 1573 1186 1602 sedentem

65 1597 204 1643 laudatam
216 1610 245 1629 in
256 1601 415 1633 Servilianis
425 1603 513 1634 hortis
524 1627 532 1641 ,
553 1605 673 1643 duasque
692 1607 869 1638 chametaeras
881 1611 954 1639 circa
966 1621 1027 1640 eam
1038 1633 1046 1647 ,
1068 1620 1185 1648 quarum

0 1662 1 1665 ,
19 1645 23 1707 Ι
64 1646 144 1703 pares
154 1646 183 1666 in
197 1638 277 1682 Asinii
293 1643 482 1672 monumentis
492 1643 572 1678 sunt,
588 1645 635 1674 ubi
650 1647 676 1675 &
688 1645 870 1684 Canephorus
881 1648 1015 1684 ejusdem.
1038 1649 1075 1678 de
1085 1648 1186 1686 Cephi-

74 1674 164 1704 odoro
173 1675 314 1707 Praxitelis
329 1678 388 1708 filio
401 1680 532 1717 loquitur.
556 1682 682 1712 Budaeus.

19 1709 108 1794 §CikA
116 1723 137 1742 M
147 1722 190 1757 8¹15
201 1724 237 1743 Ni
247 1725 266 1744 A
275 1737 285 1751 ,
306 1726 337 1746 ae.
358 1716 376 1747 f.
405 1720 421 1754 [
433 1718 582 1755 χαμευνιόι]
610 1720 698 1750 Humi
719 1721 841 1752 cubatio.
863 1723 979 1753 Hieron.
1002 1723 1085 1762 Epist.
1098 1733 1125 1754 2.
1148 1721 1185 1754 ad

94 1758 264 1788 epotianum.

18 1786 78 1828 -Cii
87 1798 135 1831 AM
145 1799 164 1818 υ
173 1800 189 1818 L
197 1800 214 1819 c
222 1800 282 1835 us,
301 1791 321 1821 i.
335 1801 373 1821 m.
396 1802 412 1822 a
423 1792 590 1825 Marcellino
605 1795 708 1826 dicitur
718 1818 726 1831 ,
746 1797 861 1828 Humile
874 1798 1032 1837 plostellum
1048 1799 1122 1837 quod
1135 1805 1186 1829 tra·

18 1826 21 1895 ⁴
44 1833 47 1837 ’
63 1825 156 1861 bitur,
177 1827 307 1865 Selodia,
328 1836 399 1859 utre
421 1833 479 1861 erio
492 1833 522 1862 in
536 1834 651 1871 antiquo
664 1834 756 1864 lexico
771 1835 871 1866 Latino
893 1837 1008 1872 Graeco,
1028 1839 1182 1872 χοιμελκὶςε

0 1878 6 1895 1
18 1899 21 1907 Ι
62 1863 139 1894 haud
150 1865 205 1909 scio
214 1876 249 1895 an
259 1867 382 1898 nostrum
391 1841 537 1900 &namium
550 1872 617 1900 inde
628 1882 732 1902 nomen
747 1874 902 1910 invenerit,
925 1876 951 1905 δι
963 1882 1037 1905 certe
1049 1874 1184 1905 invenisse

0 1913 1 1926 i
60 1902 208 1970 probabile
217 1904 264 1934 est.
285 1905 353 1935 Haec
363 1905 486 1938 Turneb.
503 1909 612 1939 Advers.
628 1920 672 1940 22.
688 1920 729 1947 ¹3-

76 1940 277 1971 nstrumentum
289 1943 327 1973 est
336 1965 345 1979 ,
366 1953 421 1981 quo
442 1945 528 1976 humo
539 1957 613 1985 pene
624 1948 723 1986 reptile
732 1948 836 1985 aliquid
848 1949 1015 1980 trahebatur.
1059 1951 1183 1980 Graecam

81 1987 180 2008 vocem
190 1981 307 2010 retinuit
321 1982 457 2014 Ammian.
478 1992 520 2022 17.
530 1997 557 2022 4.
579 1985 661 2016 Unde
673 1986 826 2016 chamulcis
837 1987 981 2025 impositus
991 2011 999 2024 ,
1015 1989 1067 2019 &c.
1088 1988 1185 2019 Schef-

81 2015 131 2046 fer.
146 2017 180 2046 de
191 2017 232 2047 Re
244 2018 337 2049 Vehic.
350 2028 376 2049 2.
388 2030 414 2057 7.

29 2051 136 2083 CHAM
148 2064 187 2084 us
197 2077 204 2091 ‚
225 2056 244 2085 i.
265 2066 302 2086 m.
324 2053 463 2094 [χᾶμῶυ]
480 2059 578 2091 Genus
589 2061 670 2091 freni.
694 2062 813 2101 interpr.
828 2062 937 2100 Vulgat.
952 2073 980 2100 4.
993 2063 1060 2102 Reg.
1076 2074 1118 2100 19.
1135 2068 1181 2099 28.

63 2092 135 2121 conf.
154 2092 212 2129 Isaj.
224 2101 268 2130 37.
284 2104 330 2130 29.
350 2095 445 2126 lfidor.
458 2106 503 2127 20.
518 2103 561 2128 16.
1121 2122 1126 2126 ‹

16 2130 20 2204 ἱ
61 2129 106 2159 Est
114 2131 198 2160 etiam
211 2131 331 2162 Chamos
342 2155 350 2169 ‚
371 2135 509 2170 [χειμὺς]
529 2135 572 2166 vel
592 2136 730 2173 Chemos,
755 2137 867 2168 Idolum
878 2160 886 2175 ‚
907 2139 983 2176 quod
994 2138 1050 2169 alio
1065 2139 1182 2170 nomine

3 2182 7 2197 ι
82 2167 254 2207 Beelphegor
264 2170 366 2201 dicitur
378 2193 386 2205 ,
408 2178 440 2201 ut
449 2173 540 2210 inquit
551 2174 741 2213 Hieronymus
750 2177 785 2205 ad
795 2177 885 2213 Sajam
899 2176 948 2206 lib.
963 2188 987 2212 ς.

23 2204 77 2241 ιΘΗ
86 2216 105 2235 A
113 2216 135 2235 N
143 2216 176 2236 ss
187 2228 195 2243 ,
216 2208 338 2244 [Χιόνης]
358 2209 469 2240 Fluvius
479 2211 517 2240 est
531 2212 604 2242 inter
615 2214 759 2243 Albaniam
772 2216 798 2244 ἃ
810 2215 968 2245 Armeniam
982 2225 997 2244 a
1007 2215 1079 2253 Cyro
1090 2215 1181 2245 flumi-

16 2207 19 2297 ἒ
61 2252 96 2273 ne
107 2251 240 2283 exceptus
251 2268 259 2281 ‚
279 2256 346 2276 mox
354 2257 440 2285 quum
452 2249 491 2278 est
499 2249 587 2280 factus
601 2251 781 2289 navigabilis,
804 2253 834 2281 in
849 2262 925 2282 mare
942 2252 1072 2292 Caspium
1091 2263 1183 2283 erum—

62 2291 140 2319 pens.
161 2284 263 2314 Auctor
270 2284 368 2314 Strabo
378 2285 427 2315 lib.
442 2296 485 2316 11.

16 2327 19 2348 l

28 2318 75 2349 CH
85 2330 163 2349 ANN
173 2331 204 2358 a,
224 2331 263 2352 es.
285 2322 367 2353 Piscis
375 2330 462 2361 genus
472 2346 481 2360 ,
502 2335 585 2362 quem
596 2335 631 2356 ex
640 2326 727 2365 seipso
744 2327 894 2366 concipere
909 2336 945 2358 ex
968 2327 1073 2358 Ovidio
1096 2329 1182 2358 tradit

62 2357 130 2388 Plin.
140 2357 189 2389 lib.
204 2369 248 2395 32.
263 2361 387 2399 cap-ult.
409 2362 493 2392 Ovid.
505 2363 628 2394 Halieut.
642 2374 667 2395 v.
682 2371 744 2400 108.

28 2394 49 2425 C
57 2404 76 2425 Η
86 2399 102 2425 A
110 2406 127 2425 o
135 2406 166 2433 N,
178 2399 250 2428 onis.
262 2408 299 2428 m.
320 2399 422 2429 Heleni
432 2400 546 2437 Trojani
557 2409 635 2439 pater
647 2404 673 2433 ἃ
684 2413 788 2433 comes.
811 2403 843 2433 V.
857 2404 932 2433 Serv.
948 2404 978 2432 in
990 2403 1060 2433 illud
1072 2403 1144 2442 Virg.
1153 2413 1178 2442 3.

61 2433 121 2463 AEn.
134 2444 196 2471 3³5-
237 2436 447 2474 Chaoniamque
458 2449 572 2469 omnem
586 2441 711 2477 Trojano
723 2452 738 2471 a
752 2442 868 2471 Chaone
882 2442 962 2471 dixit.

27 2469 79 2515 ⁰¹¹.
85 2475 101 2501 A
109 2474 126 2501 ὃ
134 2481 154 2501 N
163 2483 178 2503 a
187 2482 199 2503 s
210 2495 218 2509 ‚
240 2475 366 2512 [Χάοιες]
386 2476 485 2514 Populi
506 2477 597 2516 Epiri,
617 2489 632 2509 a
644 2479 743 2516 quibus
758 2479 882 2509 Chaonia
901 2481 978 2518 regio
996 2478 1081 2510 dicta.
1105 2479 1176 2512 Plin.

59 2508 107 2547 lib.
117 2521 144 2547 4.
158 2521 221 2549 cap.
235 2522 259 2542 1.
277 2513 350 2550 Virg.
365 2522 390 2549 3.
401 2515 463 2544 AEn.
477 2524 540 2552 292.

137 2548 285 2587 Litoraque
298 2551 373 2590 Epiri
384 2551 502 2590 legimus
512 2576 520 2588 ,
540 2560 679 2592 portuque
690 2553 813 2584 subimus

137 2587 266 2617 Chaonio
276 2611 285 2625 ,
304 2591 330 2619 ἃ
341 2589 442 2619 celsam
457 2591 580 2622 Buthroti
592 2592 766 2622 ascendimus
776 2592 883 2623 urbem.

0 2625 4 2649 l
27 2621 99 2653 CHK
110 2626 127 2655 ὅ
137 2635 177 2654 Ni
188 2636 224 2662 A,
245 2627 377 2663 [xaeoir'n]
399 2628 460 2658 Pars
471 2628 496 2658 al
519 2629 595 2660 estris
604 2631 696 2668 Epiri,
718 2630 785 2660 licet
804 2631 971 2668 quandoque
986 2629 1105 2661 sumatur
1124 2640 1176 2670 pro

44 2667 118 2704 ,tota
128 2663 220 2702 Epiro.
249 2665 317 2695 Plin.
328 2666 356 2695 in
365 2676 484 2703 prooem.
497 2640 549 2698 lib.
562 2680 588 2704 4.
612 2668 711 2707 Epiros
721 2670 749 2698 in
758 2668 915 2698 universum
926 2668 1074 2706 appellata,
1097 2671 1179 2699 Acro-

0 2710 5 2741 Ἀ
59 2703 195 2768 celraluniis
203 2702 304 2743 incipit
315 2704 468 2736 montibus.
488 2705 521 2736 In
531 2716 564 2736 ea
571 2707 655 2745 primi
665 2706 793 2737 Chaones
803 2729 812 2743 ,
828 2716 844 2736 a
855 2707 956 2744 quibus
963 2706 1096 2738 Chaonia.
1119 2708 1179 2738 Vir—

61 2747 86 2776 gi
98 2762 104 2769 .
128 2749 166 2770 .c.

26 2773 220 2809 Cirr-tomus
233 2800 241 2814 ,
262 2779 415 2817 [xu6n&⁴]
435 2781 496 2818 Adi.

61 2814 157 2854 Campi
169 2817 296 2846 Chaonii.
318 2817 393 2856 Virg.
407 2828 431 2854 3.
441 2819 504 2850 AEn.
517 2827 579 2856 334.

47 2851 200 2884 ‚Columbae
215 2855 348 2885 Chaoniae
359 2857 442 2886 dierae
453 2857 487 2887 ab
502 2857 575 2896 Epiri
590 2864 683 2896 parte,
704 2859 735 2887 in
756 2867 810 2896 qua
829 2857 884 2894 (ut
893 2863 984 2895 poetae
994 2854 1177 2895 fabulantur)

16 2912 18 2931 Ι
75 2891 211 2923 columbae
225 2893 294 2922 olim
304 2894 459 2939 reddebant
468 2896 578 2926 oracula
587 2897 618 2926 in
633 2897 753 2926 Dodona
764 2896 835 2926 silva.
856 2895 928 2933 Virg.
943 2906 969 2932 9.
984 2895 1042 2926 Ecl.
1060 2905 1100 2932 13.

249 2947 286 2952 -—
297 2941 419 2962 carmina
433 2939 541 2963 tantum

135 2966 233 2998 Nostra
243 2969 337 2999 valent
347 2970 449 3008 Lycida
462 2971 517 3001 tela
530 2972 603 3001 inter
613 2971 713 3002 Martia
724 2993 732 3004 ,
754 2977 889 3009 quantum
1145 3009 1151 3015 Ι

136 3005 273 3037 Chaonias
282 3008 380 3038 dicunt
387 3007 478 3046 aquila
484 3010 616 3039 veniente
626 3009 777 3039 columbas.
861 3008 947 3045 Quod
957 3014 1050 3038 autem
1060 3009 1090 3038 in
1102 3009 1176 3047 Epiri

38 3062 46 3072 .
76 3041 125 3072 illo
134 3052 249 3074 nemore
259 3045 397 3075 columbae
409 3047 474 3076 dare
482 3046 609 3085 responsa
620 3048 752 3076 dicuntur
761 3069 769 3082 ,
789 3047 900 3077 Servius
913 3048 978 3076 ideo
990 3047 1057 3084 fingi
1075 3054 1175 3086 putat,

56 3080 246 3149 Fqb'ialifinglha
254 3083 709 3153 ThessalsatPteliad'ffilSZcmigmbae
717 3085 919 3116 vaticinatrices
933 3092 1079 3116 vocantur.

44 3127 180 3149 ¹rnes
239 3131 335 3151 aoniae.
390 3132 462 3153 a..
526 3133 569 3153 e.
641 3145 649 3153 .

57 3155 149 3186 Glans.
171 3157 244 3196 Virg.
256 3168 280 3188 1.
297 3159 397 3197 Georg.
409 3131 449 3195 8.3
582 3133 618 3160 47

0 3202 9 3234 r
53 3191 191 3232 Juppiter.
216 3196 303 3227 Valer.
316 3208 340 3227 1.
355 3198 453 3235 Argon.
466 3207 529 3236 303.

35 3213 173 3265 ‘Nemus
194 3233 262 3265 Stat.
275 3239 300 3265 6.
318 3235 409 3266 Theb.
423 3246 468 3273 99.

0 3300 5 3308 ι
46 3266 139 3336 fatris
153 3270 272 3302 Chaonii
285 3273 402 3312 glandes
412 3295 421 3311 ,
450 3275 470 3305 i.
485 3284 511 3306 e.
532 3274 609 3312 ¹lovis
627 3273 783 3314 Epirotici,
803 3279 835 3304 ut
853 3274 891 3304 ait
908 3272 1029 3305 Servius.
1058 3273 1132 3313 virg.
1145 3284 1171 3307 2.

102 3317 148 3338 eor
168 3332 174 3338 .
190 3313 206 3338 6
228 3333 235 3340 .

2 3345 11 3384 J
55 3344 136 3376 Sinus
145 3319 274 3378 chagnii.
295 3348 379 3379 Ovid.
394 3358 436 3386 13.
449 3350 518 3381 Met.
530 3359 595 3388 717.

0 3398 4 3410 v
57 3380 150 3417 Victus
159 3385 310 3422 Chaonius,
329 3387 348 3417 i.
360 3397 385 3417 e.
397 3387 550 3419 Glandium
560 3389 648 3419 cibus.
659 3388 758 3419 Claud.
772 3387 809 3418 de
817 3387 899 3426 Rapt.
913 3386 1036 3426 Proserp.
1046 3387 1174 3427 lib.3.47.

52 3428 55 3430 '
187 3424 315 3454 Chaonio
330 3426 409 3455 statui
419 3433 516 3464 gentes
525 3433 647 3457 avertere
659 3428 743 3456 vic‘tu.

17 3456 76 3531 [CH
84 3461 101 3487 A
109 3460 127 3489 ὅ
134 3468 157 3488 N
166 3461 203 3490 ii>
212 3472 226 3490 a
233 3472 246 3491 s
257 3484 266 3499 ,
287 3461 443 3499 [Xoeo‘udts]
463 3464 571 3495 Canum
580 3475 667 3503 genus
677 3475 712 3494 ex
722 3464 804 3494 Chais
815 3486 823 3499 ‚
844 3463 899 3493 hoc
913 3463 952 3493 est
961 3463 1034 3501 lupis
1044 3464 1174 3495 cervariis

60 3504 227 3536 conceptum
239 3521 248 3534 ,
268 3506 300 3530 ut
310 3501 421 3531 videtur
430 3501 530 3532 sentire
540 3503 707 3532 Hermolaus
720 3503 749 3532 in
760 3502 828 3532 Plin.
841 3507 868 3536 8.
883 3511 925 3533 ιο.
948 3501 1124 3532 verisimilius
1134 3511 1174 3532 ta-

18 3536 21 3580 l
59 3543 124 3564 men
138 3536 176 3565 est
188 3547 203 3566 a
220 3537 347 3568 Chaonia
360 3540 474 3577 regione
485 3541 589 3576 distos,
610 3540 848 3578 quemadmodum
859 3538 1030 3569 &Molossos
1044 3550 1059 3569 a
1070 3540 1174 3570 Molos-

18 3581 20 3614 ς
59 3571 112 3639 {lai
136 3574 316 3643 Οὴειέπὲᾱυηι
325 3586 427 3608 canum
437 3579 573 3617 originem
582 3579 666 3609 refert
673 3577 762 3615 Julius
772 3577 871 3608 Pollux
881 3577 916 3606 ad
927 3587 1035 3607 aeneum
1046 3587 1146 3608 canem
1156 3589 1173 3609 a

18 3615 20 3630 ⁴=
83 3618 101 3639 u
112 3620 165 3641 can
259 3615 265 3620 '
365 3637 372 3644 .

18 3639 99 3681 lCnA
110 3650 127 3678 ὅ
136 3622 212 3685 ε,οῃ.
232 3621 468 3689 ἰῐῐιιεῗὲἓῗιῖχάῷι]
487 3653 581 3684 Festus
593 3676 602 3690 ,
623 3654 715 3685 Chaos
735 3653 858 3692 appellat
874 3652 1009 3696 Hesiodus
1022 3653 1172 3684 Confusam

18 3691 21 3710 2
60 3687 198 3721 quandam
209 3689 242 3718 ab
253 3690 334 3719 initio
342 3693 493 3727 unitatem,
513 3692 639 3722 hiantem
650 3715 658 3728 ,
679 3698 878 3731 parentemque
888 3700 917 3719 in
928 3691 1109 3729 profundum.
1129 3692 1173 3722 Ex

59 3730 94 3752 eo
108 3725 134 3754 ἃ
140 3724 219 3760 χοίνειν
229 3727 316 3758 Graeci
325 3750 334 3764 ,
357 3729 387 3758 id
395 3739 447 3759 nos
454 3729 530 3759 hiare
537 3730 665 3760 dicimus.
687 3730 771 3760 Ovid.
785 3739 808 3758 1.
820 3729 889 3759 Met.
899 3737 926 3766 7.

136 3764 207 3793 Ante
216 3774 290 3795 mare
301 3767 328 3796 δι
337 3772 423 3797 terras
431 3789 440 3803 ‚
460 3769 486 3797 &
498 3767 573 3805 quod
586 3768 655 3805 tegit
666 3768 762 3798 omnia
772 3766 872 3797 caelum
882 3787 891 3802 ‚

137 3799 216 3830 Unus
223 3809 281 3832 erat
290 3809 351 3834 toto
363 3811 468 3836 naturae
476 3805 569 3836 vultus
580 3807 610 3835 in
619 3806 686 3836 orbe
694 3828 703 3842 ‚

137 3837 230 3874 Quem
241 3840 337 3871 dixere
348 3842 450 3880 chaos,
465 3843 541 3873 rudis
547 3844 736 3882 indigestaque
745 3841 845 3874 moles.
900 3837 975 3880 Virg.
986 3852 1013 3880 4.
1029 3843 1092 3875 AEn,
1105 3853 1166 3881 ςιο.

136 3875 305 3907 Tercentum
316 3885 394 3910 tonat
405 3891 453 3911 ore
463 3881 531 3911 deos
543 3903 552 3917 ,
572 3882 748 3919 Erebumque
761 3903 770 3917 ‚
790 3878 944 3917 Chaosque·

19 3921 21 3945 ι
59 3909 176 3943 AEternae
187 3916 277 3945 noctis
287 3916 380 3949 chaos.
401 3919 466 3949 Sen.
479 3918 559 3949 Med.
571 3929 595 3949 1.

20 3955 21 3958 ’
59 3948 152 4018 ΛΙτῧηι
165 3951 258 4021 ch‘izos.
295 3954 383 3986 Rufus
396 3956 417 3986 F
418 3957 489 3988 estus
499 3957 622 3988 Avienus
631 3967 691 3987 non
700 3956 800 3996 procul
809 3956 845 3986 ab
852 3955 944 3987 initio.

127 3998 145 4019 ο
155 3999 180 4020 i..
215 4012 223 4021 .

0 2520 7 2559 l

1582 144 1611 179 C
1708 143 1744 179 H
1842 147 1869 180 A
2332 160 2402 198 497

1282 222 1377 265 Atrum
1389 224 1474 253 chaos
1484 223 1566 253 rebus
1579 225 1691 259 induci,
1713 224 1847 263 significat
1859 226 2002 259 Summam
2020 229 2211 260 confusionem
2226 231 2252 261 ἃ
2261 230 2402 269 perturba-

1302 266 1407 289 tionem
1419 271 1516 291 rerum.
1539 263 1602 292 Sen.
1618 264 1709 299 Agam.
1723 267 1748 293 6.

1281 296 1408 326 Avidum.
1431 300 1494 327 Sen.
1512 300 1592 328 llere.
1607 301 1656 329 sur.
1668 311 1692 335 9.

1280 334 1401 364 Circum.
1423 336 1487 365 Sen.
1501 336 1601 367 Oetav.
1620 347 1644 373 7.

1281 370 1472 402 Cimmerium.
1493 374 1560 402 Stat.
1575 383 1598 409 3.
1612 374 1677 403 Silv.
1688 384 1712 404 2.
1725 384 1770 413 93.

1280 407 1420 439 Deforme.
1442 411 1505 440 Seri.
1521 411 1632 448 Thycst.
1650 423 1675 446 9.

1279 445 1412 475 Densum.
1435 449 1452 476 i.
1470 459 1493 477 e.
1521 449 1699 478 Profundum.
1721 450 1785 480 Sen.
1797 450 1879 482 Herc.
1893 452 1944 483 fur.
1960 462 2014 484 ιο..

1280 482 1467 514 Horrendum.
1489 485 1577 515 Valer.
1592 496 1616 515 2.
1632 489 1730 524 Argon.
1744 492 1788 522 86.

1280 520 1381 550 Imuin.
1404 522 1451 551 Sil.
1468 522 1516 551 lib.
1534 528 1651 558 13.438.

1280 558 1418 587 Extimuit
1428 567 1523 589 natura
1536 562 1627 590 chaos.
1651 562 1751 591 Lucan.
1768 563 1815 593 lib.
1831 574 1855 599 ς.
1871 566 1936 601 634.

1281 595 1389 627 Chaos.
1412 607 1462 639 pro
1476 597 1596 627 inferno.
1618 599 1691 633 Virg.
1705 604 1730 629 6.
1744 600 1805 630 ffin.
1817 606 1881 636 265.

1374 634 1439 667 Dii,
1461 635 1561 670 quibus
1571 637 1720 671 imperium
1732 638 1770 667 est
1781 640 1936 668 animarum
1950 661 1958 672 .
1979 638 2139 677 umbraeque
2148 639 2275 677 silentes,

1374 671 1407 700 Et
1417 671 1508 701 Chaos
1521 694 1529 708 ,
1549 675 1575 702 δι.
1592 673 1756 710 phlegeton,
1778 675 1839 705 loca
1850 679 1932 706 nocte
1946 677 2051 706 silentia
2062 677 2125 707 late.

1279 706 1397 738 Durum.
1418 709 1516 739 Claud.
1527 719 1553 739 2.
1567 711 1602 739 de
1615 710 1695 748 Rapt.
1709 712 1829 751 Proserp.
1846 722 1888 750 13.

1280 745 1368 775 Inane
1381 746 1474 776 chaos.
1505 747 1521 776 i.
1535 757 1559 776 e.
1582 747 1674 777 Vacua
1687 749 1766 778 Erebi
1780 760 1872 787 regna.
1893 751 1977 781 Ovid.
1990 762 2017 788 4.
2035 751 2102 781 Fast.
2115 754 2180 782 600.

1280 782 1461 814 Profundum.
1483 783 1572 815 Valet.
1586 785 1673 815 Flacc.
1690 796 1716 821 7.
1733 788 1831 824 Argon.
1843 797 1907 824 402.

1553 823 1724 860 ——qualesve
1737 826 1907 861 profundum

1374 858 1424 887 Per
1434 858 1518 888 chaos
1530 868 1679 890 occurrunt
1691 871 1771 892 ctrcae
1782 863 1836 892 siue
1848 864 1963 894 vocibus
1975 864 2089 895 umbrae.

1280 893 1457 926 Tartareum.
1480 897 1547 927 Stat.
1562 908 1604 927 12.
1617 898 1707 928 Theb.
1723 909 1786 935 77²-

1281 933 1469 963 Umbriferum
1483 935 1567 964 chaos
1575 957 1583 969 ,
1605 946 1656 974 pro
1666 937 1766 966 Nocte.
1787 937 1875 967 Rufus
1886 938 2006 968 Avienus
2017 940 2046 968 in
2054 939 2119 969 Sole
2127 960 2137 976 ‚

1474 987 1512 993 »-
1523 983 1608 1010 quum
1620 983 1668 1010 per
1679 974 1763 1003 chaos
1772 975 1954 1004 umbriferum
1969 978 2010 1005 vis

1375 1008 1515 1040 Flammea
1529 1012 1652 1048 pervaiit.
1748 1013 1766 1041 i.
1778 1022 1802 1042 e.
1827 1013 1875 1042 Per
1887 1014 2014 1043 tenebras
2027 1015 2185 1043 nocturnas.

1242 1044 1266 1076 C
1277 1056 1295 1075 Η
1308 1055 1351 1074 AR
1362 1056 1381 1075 A
1391 1067 1399 1082 ,
1421 1046 1528 1084 [χώρᾳ]
1550 1049 1644 1078 Genus
1658 1050 1767 1080 radicis.
1802 1050 1868 1080 Cres.
1882 1060 1905 1087 3.
1919 1051 1984 1080 Bell.
1999 1051 2077 1081 Civil.
2090 1057 2134 1087 48.
2166 1051 2209 1081 Est
2218 1051 2302 1081 etiam
2314 1061 2403 1089 genus
2425 1064 2427 1067 ’

1281 1084 1382 1113 radicis
1398 1085 1542 1115 inventum
1556 1086 1589 1116 ab
1599 1087 1632 1116 iis
1643 1088 1689 1124 qui
1702 1088 1810 1117 fuerant
1821 1098 1886 1117 cum
1903 1088 2010 1118 Valerio
2020 1111 2028 1123 ,
2050 1090 2124 1126 quod
2136 1100 2150 1118 a
2173 1089 2289 1127 pellatur
2303 1090 2403 1126 Cli-ara,

1280 1121 1357 1158 quod
1367 1122 1513 1152 admistum
1524 1123 1595 1154 lacte
1608 1125 1727 1155 multum
1740 1126 1865 1162 inopiam
1877 1126 1968 1155 levat:
1990 1127 2019 1155 id
2032 1127 2143 1155 similitu
2168 1129 2241 1156 inem
2255 1129 2333 1165 panis
2345 1128 2405 1157 effi.

1279 1159 1372 1188 ciebat
1384 1169 1389 1188 :
1412 1161 1471 1196 ejus
1483 1170 1540 1190 erat
1553 1172 1650 1199 magna
1662 1164 1752 1201 copia.
1777 1164 1847 1201 Quae
1860 1164 1891 1193 sit
1903 1163 1962 1193 haec
1974 1163 2058 1193 herba
2068 1164 2207 1201 quaesitum
2221 1165 2266 1194 est.
2299 1165 2403 1196 Plinius

1280 1196 1376 1232 libio.
1391 1206 1423 1226 ca
1447 1221 1453 1227 .
1466 1204 1492 1232 8.
1515 1199 1663 1237 Lapsanam
1676 1202 1848 1239 interpretari
1860 1202 1970 1231 videtur
1984 1212 2070 1238 quum
2082 1201 2182 1238 scribit,
2204 1203 2264 1232 Nec
2276 1212 2332 1231 non
2341 1204 2404 1233 olus

1279 1245 1391 1272 quoque
1405 1208 1522 1266 fisvestre
1533 1259 1540 1272 ,
1563 1240 1588 1267 &
1603 1239 1810 1276 triumphorum
1834 1240 1889 1269 divi
1903 1239 1969 1274 ,lulii
1985 1240 2156 1269 carminibus
2175 1241 2404 1277 praecipuejocis-

1280 1283 1335 1310 que
1345 1273 1509 1304 militaribus
1520 1275 1690 1306 celebratum
1703 1287 1708 1305 :
1731 1276 1843 1307 alternis
1853 1278 1958 1315 quippe
1969 1277 2089 1307 verfibus
2104 1278 2305 1315 exprobravere
2318 1278 2403 1316 lapsa-

1280 1319 1315 1339 na
1332 1310 1358 1339 se
1376 1311 1473 1341 vixisse
1488 1322 1502 1341 a
1525 1314 1563 1342 ud
1577 1314 1799 1352 Dyrrhachium,
1820 1316 1998 1352 praemiorum
2016 1315 2209 1353 parsimoniam
2231 1315 2402 1347 cavillantes.

1279 1347 1324 1378 Est
1341 1358 1434 1379 autem
1454 1350 1484 1379 id
1521 1361 1584 1387 yma
1606 1352 1737 1381 silvestris.
1779 1351 1840 1382 Alio
1858 1353 1923 1382 loco
1945 1353 2047 1383 Plinius
2066 1352 2216 1390 Lapsanam
2227 1353 2298 1382 inter
2310 1353 2405 1384 Braisi-

1278 1395 1325 1415 cas
1339 1386 1468 1417 silvestres
1481 1397 1609 1419 numerat
1620 1412 1627 1424 ,
1649 1390 1757 1427 pedalis
1775 1391 1947 1426 altitudinis,
1969 1390 2077 1420 hirsutis
2093 1391 2168 1420 foliis
2181 1412 2189 1426 ,
2213 1392 2278 1429 napi
2300 1391 2404 1421 similli.

1278 1424 1332 1453 mis
1342 1446 1350 1459 ,
1369 1426 1418 1454 nisi
1432 1426 1578 1456 candidior
1591 1426 1742 1458 efferflore.
1783 1429 1837 1458 Sed
1849 1429 1897 1458 lib.
1912 1439 1952 1464 19.
1966 1437 2027 1466 cap.
2041 1438 2065 1464 5.
2077 1429 2112 1457 de
2122 1429 2270 1466 generibus
2282 1429 2404 1459 brassicae

1277 1461 1411 1492 differens
1428 1464 1467 1492 ita
1481 1464 1583 1500 tradit,
1609 1465 1767 1495 Etiamnum
1782 1476 1870 1497 unum
1895 1466 2011 1496 silvestre
2030 1466 2118 1495 Graeci
2144 1467 2255 1496 cheram
2283 1473 2384 1496 vocant
2392 1490 2402 1506 ‚

1279 1499 1389 1529 Pontici
1402 1511 1499 1530 armon
1512 1524 1521 1537 ,
1543 1502 1589 1532 alii
1600 1502 1700 1532 leucen
1713 1526 1720 1539 ,
1743 1504 1827 1533 nostri
1839 1506 2020 1534 armoraciam
2031 1526 2039 1538 ,
2059 1503 2160 1534 fronde
2169 1503 2306 1541 copiosius
2320 1515 2405 1541 quam

1278 1547 1404 1575 corpore.
1446 1538 1526 1569 Hanc
1537 1541 1668 1570 testantur
1680 1541 1841 1579 scripturam
1853 1551 1959 1572 veteres
1971 1551 2068 1571 omnes
2079 1541 2143 1571 libri
2158 1564 2166 1576 ,
2188 1542 2235 1571 sed
2248 1541 2343 1572 Cherae
2354 1553 2404 1572 rio-

1277 1576 1355 1605 mine
1367 1576 1462 1606 offensi
1474 1577 1678 1608 correctoresne
1695 1580 1787 1609 dicam
1806 1590 1841 1609 an
1859 1580 2053 1618 depravatores
2064 1602 2071 1615 ,
2095 1580 2206 1615 Agrium
2224 1579 2403 1617 supposuetffi

1277 1613 1397 1643 liidorus
1408 1636 1416 1649 ,
1438 1617 1601 1646 Armoracea
1613 1639 1620 1652 ,
1643 1618 1753 1653 inquit,
1775 1617 1835 1647 haec
1850 1618 1888 1647 est
1908 1618 2013 1655 l⁴pl7<m³
2025 1627 2031 1646 :
2057 1625 2135 1646 vetus
2153 1618 2266 1647 lexicon
2285 1628 2404 1648 armora-

1276 1661 1356 1680 ceam
1368 1649 1493 1685 ῥαιΦοινιᾶΣι
1505 1655 1709 1692 interpretatur.
1750 1657 1804 1685 Sed
1816 1655 1916 1685 Plinius
1929 1657 1996 1686 duas
2005 1654 2103 1685 herbas
2120 1656 2149 1685 in
2170 1665 2253 1684 unam
2275 1656 2405 1685 confudit

1276 1688 1427 1727 Lapsanam
1440 1691 1465 1720 ἅ
1478 1691 1660 1728 Arinoraciam
1673 1715 1680 1727 ,
1703 1703 1763 1730 quae
1776 1694 1903 1724 caulibus
1915 1696 1939 1723 ἃ
1952 1694 2025 1722 soliis
2036 1700 2092 1722 tam
2104 1693 2258 1722 indiscretis
2270 1693 2333 1722 sunt
2343 1717 2350 1727 ,
2372 1701 2404 1725 ut

1277 1735 1314 1756 ne
1326 1737 1340 1756 a
1353 1728 1447 1765 peritis
1458 1729 1571 1765 quidem
1585 1731 1630 1759 vix
1646 1731 1775 1768 distingui
1786 1732 1887 1768 poffint
1901 1732 1948 1760 niii
1962 1732 2047 1760 flore:
2069 1741 2125 1768 quo
2142 1732 2245 1760 factum
2256 1731 2309 1760 effe
2321 1741 2402 1768 reor,

1277 1771 1309 1794 ut
1320 1765 1394 1801 quod
1408 1766 1443 1795 de
1454 1766 1542 1796 Chara
1555 1768 1626 1797 dixit
1639 1768 1724 1798 Caesar
1733 1791 1740 1804 ,
1763 1767 1798 1798 de
1812 1768 1931 1807 Lapsuna
1943 1769 2045 1799 Plinius
2055 1769 2197 1803 retulerit,
2219 1779 2304 1805 quum
2315 1780 2404 1799 armo-

1276 1812 1357 1832 racea
1367 1825 1375 1838 ,
1398 1811 1428 1832 ut
1441 1804 1499 1833 dixi
1510 1827 1517 1840 ,
1540 1806 1704 1835 indistint‘tae
1716 1808 1742 1836 ἃ
1753 1808 1870 1842 geminre
1880 1807 2025 1843 cujusdam
2038 1807 2068 1836 sit
2078 1817 2142 1836 cum
2160 1807 2268 1844 lapsana
2280 1808 2403 1837 similitu.

1276 1841 1350 1870 dinis
1360 1863 1368 1875 ,
1392 1842 1418 1871 ἃ
1433 1848 1548 1880 utraque
1558 1843 1661 1881 species
1675 1844 1706 1873 sit
1716 1844 1834 1874 brafficae
1846 1844 1978 1875 silvestris.
2021 1845 2097 1874 Dicit
2110 1853 2203 1874 autem
2225 1844 2311 1874 Caesar
2331 1847 2403 1875 radi-

1277 1888 1338 1908 cem
1350 1878 1426 1908 illam
1441 1880 1581 1910 inventam
1591 1882 1671 1911 fuisse
1682 1883 1715 1911 ab
1731 1883 1763 1911 iis
1775 1883 1896 1919 quicum
1906 1882 2017 1912 Valerio
2032 1883 2156 1917 fuerant.
2176 1883 2281 1912 milites
2298 1894 2347 1913 eos
2360 1885 2401 1913 in.

1275 1915 1404 1954 telligens
1414 1939 1422 1951 ,
1444 1918 1491 1955 qui
1503 1918 1575 1948 duce
1590 1919 1696 1949 Valerio
1713 1920 1742 1949 in
1752 1921 1810 1950 Asia
1820 1921 1929 1950 fuerant
1939 1920 2131 1950 Mithridatico
2146 1920 2238 1950 bello:
2263 1921 2402 1952 Valerium

1273 1962 1368 1983 autem
1380 1965 1478 1985 eorum
1499 1955 1600 1986 ducem
1619 1957 1844 1988 interficiendum
1856 1966 1964 1988 curarat
1979 1958 2107 1988 Fimbria.
2148 1957 2216 1988 Haec
2232 1959 2267 1988 ad
2285 1960 2401 1990 verbum

1273 2001 1310 2021 ex
1321 1992 1465 2023 Turnebo.
1490 1994 1599 2025 Advers.
1612 2005 1657 2031 24.
1670 2005 1695 2033 7.
1737 1997 1863 2033 [Agrion
1874 2003 1966 2026 tamen
1982 1996 2097 2026 retinuit
2107 1997 2184 2034 apud
2197 1996 2262 2025 Plin.
2282 1996 2402 2027 Hirdui-

1273 2039 1344 2065 nus,
1362 2031 1439 2060 nulla
1451 2033 1598 2062 mentione
1614 2033 1686 2063 fasta
1695 2034 1776 2063 variae
1793 2034 1822 2063 in
1837 2033 1899 2064 Mis.
1915 2034 2071 2072 scripturae,
2092 2034 2168 2069 quod
2187 2035 2280 2064 miror.
2324 2040 2401 2071 K²?9⁰¹'

1274 2069 1359 2097 etiam
1370 2068 1579 2106 Theophrastus
1587 2070 1690 2105 ῥάφκνον
1704 2070 1783 2105 ἄκων
1792 2072 1884 2102 vocari
1896 2071 1973 2107 lib.9.
1990 2071 2399 2103 docet.V.D.v0ff.not.adCaess

1235 2104 1258 2135 C
1268 2115 1287 2134 H
1300 2116 1317 2134 A
1330 2116 1344 2134 a
1357 2117 1375 2135 A
1386 2116 1403 2135 c
1414 2117 1427 2135 Ε
1438 2117 1457 2135 Ν
1467 2118 1489 2143 i,
1498 2107 1624 2138 Tauricae
1634 2109 1755 2146 regionis
1764 2110 1874 2147 populi,
1886 2110 1920 2139 ab
1934 2111 2042 2148 oppido
2052 2109 2176 2139 Charace
2187 2110 2223 2139 sic
2234 2111 2310 2142 dicti,
2324 2112 2401 2148 quod

1272 2144 1345 2173 inter
1355 2144 1438 2179 hujus
1447 2147 1570 2183 regionis
1579 2147 1661 2176 urbes
1673 2156 1700 2176 ci
1714 2155 1876 2177 nmemorat
1888 2147 2060 2178 Ptolemaeus.
2080 2147 2108 2177 V.
2122 2148 2190 2177 Plin.
2202 2148 2249 2177 lib.
2257 2159 2348 2186 4.cap.
2357 2159 2398 2180 12.

1235 2180 1258 2210 C
1268 2191 1287 2210 H
1299 2192 1317 2210 A
1328 2192 1344 2210 a
1353 2192 1373 2211 A
1385 2192 1402 2211 c
1412 2193 1421 2211 i
1430 2193 1450 2212 A
1459 2192 1472 2212 s
1482 2205 1490 2219 ,
1507 2193 1538 2213 ae.
1561 2184 1656 2214 Genus
1669 2185 1819 2222 tithymali.
1860 2185 1929 2215 Plin.
1940 2185 1987 2215 lib.
1999 2194 2045 2215 20.
2057 2194 2117 2223 cap.
2128 2191 2153 2219 8.
2176 2195 2306 2215 enarrans
2317 2186 2401 2225 tithy-

1271 2219 1337 2249 mali
1347 2229 1448 2258 genera
1459 2243 1467 2255 ,
1490 2221 1596 2251 Primus
1609 2224 1822 2260 cognominatur
1831 2223 1987 2258 characias,
2009 2223 2057 2261 qui
2073 2225 2099 2252 δι
2116 2222 2255 2253 masculus
2264 2225 2400 2255 existima.

1271 2262 1317 2287 tur
1330 2279 1338 2293 ,
1361 2259 1444 2288 ramis
1455 2259 1560 2296 digitali
1572 2259 1759 2296 craffitudine,
1780 2261 1870 2290 rubris
1881 2281 1889 2294 ‚
1910 2261 2020 2299 rugosis.
2062 2260 2187 2291 Ruellius
2197 2261 2268 2291 libro
2280 2271 2303 2298 3.
2329 2262 2401 2293 Cha-

1270 2295 1358 2325 racias
1369 2296 1454 2326 Gallis
1463 2307 1540 2327 nunc
1552 2307 1652 2334 magna
1667 2308 1703 2328 ex
1718 2304 1796 2336 parte
1812 2299 1949 2337 Expurgia
1969 2299 2131 2328 nominatur
2141 2321 2149 2335 ,
2170 2298 2289 2329 Rusticis
2309 2300 2400 2338 Evigi-

1271 2333 1341 2362 lium
1352 2335 1519 2364 matutinum
1528 2358 1536 2371 ,
1550 2343 1596 2365 aut
1608 2337 1670 2373 quia
1679 2344 1819 2374 repurget,
1835 2343 1883 2367 aut
1892 2336 2058 2367 antelucano
2069 2337 2189 2367 moliens
2199 2338 2397 2375 dejectionem,

1272 2372 1464 2409 expergiscere
1473 2372 1629 2403 sumentem
1642 2381 1732 2410 cogat.

1232 2408 1255 2438 C
1266 2419 1287 2438 Η
1295 2420 1313 2438 A
1323 2419 1340 2438 R
1348 2419 1367 2438 A
1375 2420 1392 2439 c
1401 2419 1421 2439 T
1430 2421 1464 2445 Ε,
1478 2420 1565 2441 arum.
1579 2412 1598 2442 f.
1609 2412 1715 2442 Gradus
1725 2412 1851 2450 puritatis
1861 2413 1890 2441 in
1902 2422 1979 2442 auro.
2002 2411 2034 2442 V.
2046 2409 2136 2442 Pitisc.
2148 2412 2396 2452 Lex.Rom.Antiq.

1232 2446 1255 2476 C
1265 2457 1284 2476 Η
1296 2457 1314 2475 A
1323 2457 1340 2475 R
1351 2458 1369 2476 A
1380 2456 1425 2477 CT
1436 2458 1449 2477 a
1459 2458 1475 2476 a
1485 2470 1494 2483 ,
1515 2450 1578 2478 Eris.
1600 2460 1638 2478 m.
1661 2450 1837 2486 [κωμικῆς]
1857 2449 1954 2480 Latine
1965 2450 2069 2480 dicitur
2083 2450 2210 2487 Signum,
2222 2451 2266 2480 vel
2278 2451 2395 2489 Insigne,

1268 2485 1345 2522 quod
1356 2486 1489 2515 animanti
1500 2486 1545 2515 vel
1556 2487 1603 2516 alii
1615 2488 1653 2516 rei
1662 2488 1843 2524 imprimitur,
1856 2495 1887 2518 ut
1899 2488 2022 2526 dignosci
2032 2488 2123 2525 poffit.
2146 2489 2284 2518 Columel.
2296 2490 2342 2518 lib.
2351 2500 2361 2519 1
2370 2500 2394 2521 1.

1269 2532 1331 2561 cap.
1343 2533 1369 2553 a.
1390 2524 1452 2553 Nec
1463 2524 1556 2554 minus
1568 2526 1673 2561 majora
1687 2526 1867 2563 quadrupeda
1879 2527 2037 2555 charactere
2045 2523 2143 2563 signari
2155 2526 2268 2556 debent.
2291 2527 2394 2558 Pallad.

1268 2557 1302 2590 R.
1313 2558 1346 2590 R.
1359 2570 1385 2591 2.
1402 2566 1444 2591 16.
1467 2562 1529 2591 Hoc
1540 2563 1633 2592 mense
1644 2564 1745 2592 maturi
1757 2563 1822 2601 agni
1835 2566 1860 2593 ἃ
1872 2564 2003 2593 animalia
2017 2564 2112 2593 omnia
2122 2564 2231 2594 minora
2247 2566 2274 2594 ἂ
2290 2567 2396 2601 majora

1267 2599 1427 2665 cliarathere
1438 2599 1588 2666 signantur.
1616 2600 1648 2631 V.
1669 2600 1742 2631 Voff.
1755 2605 1781 2631 6.
1794 2600 1913 2632 Institut.
1936 2602 2012 2632 Hinc
2022 2601 2105 2639 vulgo
2116 2602 2217 2631 dicitur
2228 2603 2324 2633 Sermo
2339 2605 2397 2633 ani-

1269 2637 1307 2666 mi
1326 2647 1340 2666 c
1363 2639 1467 2667 arac'ter
1481 2647 1495 2666 e
1521 2660 1527 2667 .

1265 2674 1415 2704 Charaster
1424 2697 1432 2711 ,
1453 2675 1547 2705 Genus
1558 2676 1584 2705 ὃς
1596 2675 1680 2713 figura
1691 2675 1815 2706 dicendi.
1856 2675 1927 2706 Gell.
1939 2676 1989 2707 lib.
2004 2687 2030 2714 7.
2043 2680 2162 2715 cap.'14.
2184 2677 2218 2707 Et
2229 2678 2258 2707 in
2271 2679 2395 2709 carmine

1287 2714 1314 2742 ἃ
1323 2713 1352 2742 in
1365 2712 1453 2742 soluta
1465 2713 1608 2749 oratione,
1632 2723 1732 2750 genera
1749 2714 1863 2745 dicendi
1881 2715 2035 2752 probabilia
2055 2715 2120 2745 sunt
2135 2715 2186 2744 tria
2195 2737 2203 2751 ,
2224 2725 2284 2753 quae
2305 2716 2393 2747 Graeci

1282 2752 1446 2786 χαεςικτῖιςοκ
1457 2757 1569 2781 vocant.
1607 2751 1668 2781 Cic.
1680 2752 1710 2780 in
1720 2752 1797 2783 Orat.
1814 2762 1875 2789 134.
1906 2753 1962 2782 Sed
1985 2753 2042 2788 jam
2063 2753 2120 2790 ipsa
2136 2753 2227 2783 forma
2247 2754 2342 2789 restat,
2365 2757 2392 2784 ἅ

1284 2788 1425 2818 character
1433 2788 1480 2818 ille
1496 2790 1542 2826 qui
1557 2789 1675 2819 dicitur:
1697 2800 1757 2827 quae
1767 2812 1776 2825 ,
1800 2790 1889 2828 qualis
1902 2789 1956 2820 esse
1968 2790 2085 2827 debeat,
2107 2800 2143 2820 ex
2154 2791 2218 2829 ipsis
2229 2801 2291 2828 quae
2301 2792 2392 2830 supra-

1286 2826 1360 2856 dicta
1371 2826 1451 2860 sunt,
1473 2827 1591 2865 intelligi
1607 2827 1703 2865 potest.

1264 2863 1415 2893 'Charaffter
1424 2865 1542 2901 alicuius
1552 2863 2142 2904 poetae,velScriptoris.Varr.3.deR.R.cap.
2149 2864 2281 2896 2.Nonne
2289 2867 2390 2898 itemL.

1288 2902 1525 2935 Albutius.hom0.
1538 2911 1569 2932 ut
1579 2903 1661 2938 scitis,
1674 2904 1800 2941 apprime
1811 2905 1920 2939 doetus,
1929 2904 2153 2939 cuiusLuciliano
2161 2904 2316 2934 charaoere
2326 2904 2390 2935 sunt

1285 2939 1386 2975 libelli,
1398 2940 1510 2970 dicebat
1520 2941 1548 2970 in
1560 2942 1665 2971 Albano
1673 2940 1793 2971 fundum
1807 2941 1884 2972 suum
1895 2942 2067 2985 pastionibus
2078 2941 2184 2980 semper
2192 2943 2267 2971 vinci
2278 2953 2292 2971 a
2304 2943 2388 2972 villa?

1229 2976 1252 3006 C
1262 2985 1281 3006 Η
1294 2987 1312 3006 A
1323 2988 1339 3006 a
1349 2987 1368 3006 A
1381 2987 1398 3006 c
1407 2987 1427 3006 T
1436 2981 1451 3007 Ε
1461 2988 1477 3007 R
1487 2988 1516 3007 is
1526 2989 1576 3008 Mu
1586 2989 1598 3008 s
1614 3002 1622 3015 ‚
1641 2980 1660 3008 i.
1675 2989 1713 3009 m.
1735 2979 1984 3016 [xamen-mestruas]
2005 2980 2102 3010 Latine
2115 2979 2288 3017 Designatio:
2312 2987 2341 3010 ut
2351 2981 2389 3011 est

1266 3016 1342 3053 apud
1353 3015 1454 3051 Juven.
1464 3026 1491 3051 4.
1505 3017 1560 3046 Sat.
1575 3023 1618 3053 38.
2174 3054 2180 3060 ⁶
2197 3054 2202 3060 ,

1422 3055 1492 3084 -&
1502 3054 1581 3084 calvo
1590 3055 1701 3085 serviret
1710 3054 1801 3084 Roma
1809 3054 1927 3084 Neroni.
2010 3054 2027 3083 i.
2040 3063 2064 3083 e.
2096 3054 2267 3084 Domitiano.
2291 3055 2389 3093 Figura

1266 3096 1421 3128 quaorator
1432 3092 1501 3121 vitas
1510 3102 1607 3122 eorum
1619 3094 1655 3122 de
1665 3093 1764 3131 quibus
1775 3093 1900 3130 loquitur
1910 3114 1918 3128 ‚
1940 3091 2090 3122 deformat.
2132 3092 2160 3122 V.
2184 3092 2304 3129 Quintil.
2318 3105 2345 3130 9.
2359 3103 2385 3132 3.

1228 3127 1281 3157 Cn
1294 3138 1313 3157 A
1326 3133 1547 3159 aacrsrizo
1561 3152 1568 3165 ‚
1590 3128 1820 3167 [χαρμ-ικόξω]
1843 3133 1897 3160 are.
1921 3130 2060 3167 Augustin.
2213 3167 2219 3174 ⁸

1225 3165 1250 3195 C
1259 3176 1278 3195 Η
1289 3177 1305 3194 A
1315 3176 1330 3194 R
1339 3176 1358 3195 A
1367 3176 1384 3195 D
1393 3177 1409 3195 R
1419 3178 1427 3195 i
1436 3177 1474 3197 us
1483 3189 1491 3203 ,
1524 3167 1725 3204 [χαρρέᾶὶυῶι]
1756 3169 1819 3198 Avis
1839 3168 1976 3197 maritima
1987 3189 1995 3201 ,
2022 3177 2121 3204 magna
2131 3189 2139 3202 ,
2162 3168 2189 3196 ἀ
2211 3167 2364 3205 ingluviosa
2377 3193 2387 3207 ,

1262 3214 1346 3239 quam
1357 3204 1633 3242 aspicientesicterici
1642 3206 1740 3236 morbo
1758 3206 1928 3240 liberantur,
1949 3205 2015 3234 teste
2028 3205 2126 3235 AElian.
2140 3205 2190 3234 lib.
2201 3214 2245 3249 *153
2261 3216 2322 3245 cap.
2337 3212 2384 3238 26.

1263 3242 1323 3308 figo
1335 3243 1562 3274 nominelt‘terus
1575 3244 1732 3283 appellatur
1741 3266 1750 3280 ,
1771 3246 1798 3274 &
1810 3253 1826 3274 a
1835 3242 1936 3273 Latinis
1949 3242 2081 3280 Galgulus
2091 3264 2099 3279 ,
2120 3249 2151 3272 ut
2163 3243 2299 3274 existimat
2314 3245 2384 3276 Plin.

1275 3290 1282 3308 i
1307 3302 1312 3308 .
1339 3292 1366 3309 0.
1375 3290 1409 3310 ca
1433 3304 1439 3310 .
1454 3291 1465 3310 ι
1474 3291 1497 3311 1.

1226 3317 1250 3347 C
1259 3327 1279 3346 Η
1290 3320 1305 3346 A
1316 3288 1361 3347 ΞΑ
1370 3328 1388 3346 o
1396 3291 1441 3347 apo
1450 3328 1462 3348 s
1475 3341 1483 3355 ‚
1503 3318 1687 3355 [Χάραὴῶι]
1707 3318 1795 3349 Lacus
1806 3317 1844 3348 est
1854 3340 1862 3353 ‚
1885 3319 1911 3348 δι
1922 3317 2033 3347 navium
2045 3317 2123 3347 statio
2137 3327 2225 3355 prope
2235 3318 2362 3350 Ciliciam
2373 3343 2383 3357 ,

1262 3356 1439 3386 contermina
1450 3357 1515 3386 Asiae
1525 3379 1532 3391 ,
1556 3357 1634 3393 juxta
1649 3367 1732 3394 quam
1743 3356 1897 3386 Charadrus
1911 3356 1949 3385 est
1957 3356 2067 3385 fluvius.
2090 3355 2158 3385 Haee
2169 3356 2266 3395 Steph.
2288 3359 2324 3388 de
2336 3358 2384 3388 Ur-

1263 3393 1321 3423 bib.
1361 3393 1590 3425 Charadriifluvii
1602 3395 1806 3424 meminitStat.
1818 3404 1845 3428 4.
1858 3393 1948 3423 Theb.
1958 3399 2004 3429 4⁶.

1305 3431 1432 3469 Quaeque
1445 3432 1618 3471 pavetlonga
1628 3432 1803 3470 spumantem
1815 3430 1886 3460 valle
1897 3431 2058 3474 Charadron
2161 3431 2250 3461 Neris.

1261 3468 1306 3498 Est
1323 3470 1391 3499 item
1404 3470 1579 3505 Charadrus,
1601 3470 1709 3507 Oppidi
1729 3479 1834 3499 nomen
1845 3470 1875 3498 in
1894 3478 1927 3498 ea
1940 3470 2024 3506 Syriae
2037 3474 2132 3507 parte,
2153 3478 2214 3507 quae
2232 3470 2384 3504 Phoeniciae

1282 3508 1460 3544 proximaest.
1485 3508 1553 3537 Plin.
1567 3508 1615 3537 lib.
1639 3519 1662 3542 ς.
1676 3517 1736 3544 cap.
1749 3516 1795 3536 ²0.
2182 3545 2187 3551 Ι

1226 3544 1248 3573 C
1257 3554 1277 3573 i·-
1287 3555 1305 3573 A
1316 3555 1332 3573 R
1342 3555 1360 3574 A
1370 3555 1391 3574 N
1402 3556 1420 3574 o
1430 3556 1446 3574 a
1454 3555 1472 3574 o
1484 3567 1492 3581 ,
1513 3542 1720 3583 Troglodyticae
1736 3545 1808 3574 finus
1817 3566 1826 3580 ,
1846 3545 1876 3573 in
1892 3554 1948 3582 quo
1964 3543 2129 3574 Ptolemaeus
2139 3544 2339 3584 Philadelphus
2348 3549 2384 3580 de

1258 3584 1376 3612 nomine
1391 3582 1489 3612 sororis
1497 3582 1625 3612 Arsinoen
1637 3582 1735 3611 urbem
1743 3582 1873 3611 condidit
1884 3604 1891 3617 ,
1913 3582 2036 3611 utrefert
2047 3582 2105 3611 Plin
2122 3582 2169 3611 lib.
2185 3587 2210 3612 ⁶.
2224 3593 2285 3622 cap.
2296 3595 2341 3620 29.

1221 3619 1246 3651 C
1255 3630 1276 3650 Η
1286 3631 1305 3649 A
1314 3631 1330 3649 R
1341 3631 1361 3650 A
1370 3626 1405 3655 x,
1427 3621 1555 3657 [Χοίρριξ]
1577 3620 1673 3650 Strabo
1681 3621 1753 3648 inter
1763 3620 1871 3649 castella
1882 3619 1997 3649 Coriicae
2011 3619 2104 3649 insulae
2112 3618 2273 3652 habitabilia
2286 3633 2383 3653 nume-

1259 3664 1317 3693 rat,
1338 3668 1398 3695 quae
1416 3659 1479 3687 sunt
1503 3665 1620 3694 quatuor
1630 3680 1638 3693 ,
1660 3657 1757 3686 Bleiini
1771 3679 1779 3692 ,
1801 3658 1910 3688 Charax
1919 3680 1927 3693 ,
1950 3657 2090 3687 Eniconiae
2100 3660 2113 3693 ‚⁸
2132 3658 2266 3696 Vapanes.
2306 3661 2383 3690 Reli-

1259 3706 1347 3733 quum
1362 3704 1428 3725 vero
1440 3696 1498 3731 ejus
1508 3695 1601 3724 insulae
1612 3695 1669 3724 fere
1679 3695 1816 3725 incultum
1830 3696 1868 3725 est
1879 3717 1887 3729 ,
1909 3694 2034 3733 asperum
2045 3717 2053 3729 ,
2077 3697 2103 3725 6(
2115 3695 2241 3732 plurimis
2253 3699 2283 3726 in
2299 3700 2381 3736 parti-

1259 3734 1311 3763 bus
1323 3734 1431 3771 prorsus
1441 3732 1625 3762 inaccessibile
1636 3753 1643 3765 ‚
1658 3733 1729 3762 adeo
1740 3734 1825 3770 utqui
1834 3734 1893 3769 ejus
1903 3740 2012 3762 montes
2022 3733 2165 3764 habitant,
2179 3744 2212 3763 ex
2226 3735 2381 3768 latrociniis

1260 3772 1345 3800 vitam
1356 3772 1487 3808 degentes
1497 3792 1506 3805 ,
1529 3770 1555 3799 su
1579 3777 1657 3799 erent
1672 3769 1741 3809 ipsas
1755 3771 1928 3800 immanitate
1941 3770 2055 3801 belluas.
2080 3772 2147 3801 Haec
2158 3771 2203 3801 ille
2216 3772 2261 3801 lib.
2277 3785 2299 3808 ς.

1260 3809 1378 3843 Charax,
1399 3808 1527 3838 Straboni
1542 3807 1559 3836 li
1583 3831 1588 3837 .
1603 3816 1645 3845 17.
1668 3808 1758 3837 Locus
1769 3808 1807 3838 est
1817 3819 1872 3846 quo
1881 3809 2120 3850 Carthaginienses
2130 3812 2258 3847 emporio
2267 3811 2382 3840 uteban-

1277 3854 1324 3876 tur
1337 3869 1344 3879 .
1365 3847 1535 3876 advehentes
1544 3846 1640 3875 vinum
1652 3868 1660 3881 ,
1683 3847 1709 3876 ἃ
1721 3846 1788 3876 inde
1802 3846 1914 3877 succum
1929 3849 1954 3876 ὃ(
1965 3847 2094 3885 lilphium
2110 3857 2283 3885 reportantes
2290 3850 2325 3878 ab
2335 3850 2378 3884 iis,

1278 3885 1325 3921 qui
1337 3884 1365 3913 id
1375 3893 1410 3913 ex
1421 3884 1529 3921 Cyrene
1541 3883 1612 3912 clam
1621 3884 1812 3921 exportabant.
1854 3885 1923 3915 Plin.
1938 3884 1987 3914 lib.
2001 3890 2026 3914 6.
2038 3895 2099 3923 cap.
2117 3895 2162 3920 27.
2186 3886 2293 3916 Charax
2303 3888 2383 3924 oppi-

1280 3922 1349 3951 dum
1360 3921 1455 3951 Persici
1470 3921 1544 3950 sinus
1554 3921 1704 3956 intimum,
1725 3932 1740 3951 a
1759 3932 1816 3961 quo
1830 3922 1927 3953 Arabia
1948 3923 2103 3953 Eudaemon
2122 3925 2317 3960 cognominata
2335 3933 2382 3953 ex-

1279 3960 1384 3997 currit,
1403 3959 1543 3990 habitatur
1554 3960 1586 3989 in
1593 3959 1667 3990 colle
1675 3969 1761 3990 manu
1773 3961 1846 4029 saffo
1857 3962 1929 3991 inter
1942 3961 2136 3991 confluentes:
2157 3962 2255 3992 dextra
2265 3961 2362 4027 Tigirin
2372 3983 2380 3997 ,

1836 4008 1848 4028 r
1858 4009 1872 4028 r
2327 4009 2383 4029 ενι
