2600 4177
18 1898 21 1944 l

451 111 485 146 C
578 111 612 146 O
712 108 751 147 M

279 206 315 215 ⁶-—
325 193 416 223 Nemo
428 203 472 223 ine
483 193 615 223 comitem
631 193 673 222 tui

167 228 271 269 Eripiet
282 241 412 268 uritiuam-
506 230 544 259 Al.
567 230 642 259 Tibi.

89 268 191 300 Comes
203 269 321 299 consiliis
336 270 461 305 alicujus.
485 268 569 297 Plaut.
582 268 675 297 Pseud.
689 276 713 297 Ι,
728 277 752 297 1.
768 275 811 303 ις.

282 323 318 326 -
331 309 399 335 Nam
413 317 440 335 ru
453 316 495 334 me
507 305 636 334 antidhac
649 328 656 339 ,

138 378 141 380 q
182 345 347 381 supremum
361 344 474 373 habuisti
485 344 618 372 comitem
635 342 756 371 consiliis
770 344 834 372 tuis.

90 381 187 413 Dulcis
199 383 362 411 secretorum
372 391 473 410 comes.
496 380 616 416 Quintil.
634 380 680 409 lib.
698 390 719 408 1.
735 390 795 418 cap.
814 391 841 415 4.

90 420 371 455 Comitesjudicum,
393 417 593 454 ernntLegati,
616 418 762 457 praefecti,
777 418 930 454 quaestores,
952 417 1063 452 scribae,
1085 414 1208 454 quicum

109 457 346 494 magistratibusin
357 456 510 493 provincias
520 455 709 484 mittebantur.
734 457 735 460 ’
750 457 838 489 (fient.
854 456 925 484 Verr.
941 460 986 490 69.
1011 456 1089 492 Nego
1098 456 1148 484 tibi
1160 455 1208 493 ipsi

110 495 199 525 ullum
209 500 355 524 nummum
369 493 422 522 esse
433 500 623 522 numeratum:
648 492 694 522 sed
711 503 795 529 quum
809 493 845 521 ob
860 500 906 522 tua
916 493 1027 522 decreta
1038 514 1045 527 ,
1068 493 1104 521 ob
1123 493 1211 530 impe-

111 540 169 563 rata
179 555 187 567 ‚
207 533 243 561 ob
252 531 373 567 judicata
386 532 511 567 pecuniae
522 530 659 560 dabantur
669 553 675 563 ‚
699 540 755 559 non
768 539 826 560 erat
837 532 1015 567 ‹luntrendiini
1031 531 1109 563 cuius
1125 540 1210 559 manu

110 576 339 603 numerarentur,
361 569 406 597 sed
417 570 495 603 cujus
505 569 604 605 injuria
616 574 790 605 cogerentur.
831 569 953 597 Comites
974 568 1013 597 illi
1033 569 1073 596 tui
1095 568 1210 603 dilecti,

111 617 211 638 manus
221 612 299 636 erant
309 615 378 636 tuae:
402 607 521 644 prchefti
534 629 541 640 .
563 606 674 641 scribae,
696 606 822 640 medici,
844 607 959 641 accenli,
980 606 1125 644 aruspices,
1145 615 1212 644 prae—

113 654 199 674 eones
210 665 218 678 ,
241 654 338 673 manus
347 651 400 673 tuae
413 652 499 673 erant.
522 644 561 673 Ex
574 644 685 672 Budaeo.
707 644 782 672 conf.
804 654 845 671 co
857 654 875 672 ii
885 654 901 672 o
911 654 925 672 a
934 654 954 673 s.

93 683 217 712 Comites
228 682 351 718 judicum
362 683 445 711 etiam
456 688 534 711 erant
547 682 693 717 Adiutores
708 682 734 710 Sc
753 682 866 710 ministri
887 682 1005 718 imperii.
1047 680 1105 710 Cic.
1127 690 1150 710 1.
1172 681 1208 718 Q.

113 721 174 750 frat.
190 729 232 754 19.
256 721 342 755 Atque
354 721 425 748 inter
438 719 500 754 hos,
520 729 567 749 eos
579 728 648 755 quos
659 719 709 747 tibi
721 719 837 748 comites
851 721 876 748 ἃ
886 721 1027 753 adjutores
1036 719 1214 757 negotiorum

113 757 378 824 publicprumsdedit
389 758 445 795 ipsa
455 757 574 796 Respub.
591 757 727 786 duntaxat
740 756 840 786 finibus
856 757 899 786 his
911 757 1047 795 praestabis
1057 778 1065 792 ‚
1088 766 1157 794 quos
1167 766 1216 786 an-

115 804 143 825 te
175 805 209 825 1ae
222 804 259 824 cri
294 805 311 823 i.

95 806 196 863 Conies
205 855 213 867 .
237 805 381 870 Diigiiitatis
392 842 496 862 nomen
507 831 555 862 sub
576 831 720 870 postremis
733 831 950 870 imperatoribus
960 854 968 867 ,
989 838 1020 861 ut
1033 832 1127 861 videre
1139 831 1216 861 estin

113 870 250 910 plerisque
258 869 327 899 locis
339 870 459 900 Codicis.

113 909 274 946 Spartianus
286 909 314 937 in
327 909 445 937 Adriano
464 917 525 946 pag.
542 916 601 942 ¹42·
616 906 682 936 edit.
696 905 777 935 Frob.
798 907 869 936 Cum
882 907 1033 941 judicaret,
1055 907 1083 935 in
1102 906 1217 936 consilio

114 944 213 976 habuit
224 956 280 974 non
294 947 398 975 amicos
408 946 469 975 suos
484 968 491 980 ,
512 951 560 974 aut
571 945 688 974 comites
702 944 790 973 solum
801 966 808 979 ‚
830 944 877 974 sed
891 944 1112 980 jurisconsultos.
1143 945 1217 974 Hinc

114 983 224 1014 fortasse
237 984 329 1021 postea
340 984 481 1013 Comitum
492 984 620 1019 dignitas.
642 983 676 1012 Η.
690 982 727 1011 St.
750 981 830 1011 locus
839 983 876 1012 est
890 992 950 1020 cap.
971 989 1013 1017 18.
1032 992 1072 1019 pr.

95 1022 240 1059 Paedagogi
252 1022 319 1051 olim
333 1021 635 1051 vocabanturComites.
659 1020 768 1048 V.Suet.
782 1020 880 1049 Claud.
895 1030 1005 1058 cap-35.
1027 1021 1106 1050 Idem
1117 1021 1216 1057 inAug.

116 1070 177 1097 cap.
190 1065 241 1093 '98-
259 1067 339 1088 vocat
349 1059 523 1096 Thrasyllum
540 1058 645 1088 Tiberii
659 1059 801 1087 comitem.
824 1060 849 1088 Sc
867 1060 896 1088 in
907 1059 1003 1088 Tiber.
1022 1067 1084 1096 cap.
1100 1067 1142 1089 12.
1173 1059 1216 1089 M.

113 1097 235 1127 Lollium
247 1098 387 1126 Comitem
400 1099 425 1127 ἂ
445 1098 590 1126 Rectorem
602 1096 670 1131 Caji.

97 1136 222 1165 Comites
233 1134 353 1163 militum
366 1157 373 1169 ,
395 1135 456 1164 sunt
468 1135 573 1164 Milites
589 1133 649 1163 aliis
660 1133 793 1165 adiuncti.
816 1133 888 1171 Nep.
905 1142 947 1171 17.
961 1139 986 1163 6.
1008 1140 1076 1164 extr.

98 1173 201 1203 Comes
214 1173 435 1239 dlpngeigicorum,
458 1183 472 1202 a
482 1172 637 1209 Justiniano
648 1172 791 1206 dicitur1s‚
805 1173 892 1208 quiin
905 1173 1072 1202 domesticos
1084 1171 1219 1211 Principis

117 1220 211 1241 curam
248 1221 260 1239 a
283 1221 297 1239 e
319 1218 355 1239 at.

98 1249 200 1279 Comes
212 1248 374 1277 horreorum
386 1270 394 1282 ,
413 1248 492 1283 cujus
506 1249 533 1277 Sc
553 1248 660 1276 mentio
678 1247 716 1276 est
732 1247 761 1275 in
773 1247 969 1284 posterioribus
986 1247 1099 1277 Codicis
1121 1248 1198 1278 libris
1209 1269 1218 1284 ‚

117 1286 224 1316 Pistrini
235 1285 371 1323 Principis
381 1292 489 1314 curator
499 1286 571 1320 fuit,
592 1285 745 1321 habuitque
767 1287 905 1323 mancipia
923 1287 1050 1324 quaedam
1068 1287 1221 1324 purgandis

117 1324 223 1354 horreis
237 1323 368 1360 ascripta,
389 1323 593 1359 coquendoque
607 1324 671 1360 pani
688 1323 829 1360 Principis.

100 1362 204 1392 Comes
214 1361 346 1391 sacrarum
357 1361 538 1399 largitionum
555 1383 563 1396 ‚
584 1368 642 1390 erat
662 1360 712 1391 Ille
733 1371 782 1398 per
794 1370 876 1397 quem
888 1359 1017 1400 Princeps
1029 1361 1075 1391 sua
1086 1361 1222 1400 stipendia

119 1399 285 1438 largiebatur
294 1421 302 1434 ,
325 1401 350 1429 ἅ
361 1399 405 1428 hic
419 1399 488 1427 forte
500 1406 558 1428 erat
570 1399 732 1428 Procurator
742 1399 913 1436 Reipubliccc
925 1422 932 1434 ,
954 1401 1000 1436 qui
1013 1400 1107 1429 Graece
1127 1403 1222 1433 λομςιὶς

118 1444 298 1475 nuncupatur
309 1459 317 1469 .
339 1438 365 1466 ἃ
383 1436 493 1466 illustris
505 1444 571 1465 erat.
612 1436 664 1466 Alii
676 1437 777 1466 dicunt
789 1438 864 1474 quod
875 1446 924 1474 per
935 1438 1010 1467 hunc
1022 1438 1172 1476 Imperator
1191 1439 1224 1468 li—

120 1475 295 1505 beralitatem
305 1474 379 1504 suam
391 1477 417 1504 8<
429 1474 664 1513 magnificentiam
681 1474 836 1504 exercebat.
874 1474 1042 1510 Turnebus,
1065 1476 1166 1505 Comes
1185 1475 1224 1506 sa-

118 1523 227 1544 crarum
237 1513 416 1550 largitionum
429 1521 487 1542 erat
502 1513 627 1549 Quaestor
637 1512 685 1541 ille
698 1513 745 1550 qui
755 1512 887 1542 thesauris
905 1513 986 1543 sacris
997 1536 1005 1549 ,
1026 1514 1044 1543 i.
1055 1524 1080 1544 e.
1101 1514 1223 1553 Impera-

120 1552 198 1581 toriis
206 1552 234 1580 δι
244 1550 429 1588 augustalibus
439 1551 567 1587 pecuniis
579 1558 701 1588 praeerat.

103 1589 204 1620 comes
217 1590 255 1618 rei
270 1590 382 1626 privatae
393 1610 401 1623 ‚
424 1589 480 1625 Qui
494 1589 693 1626 patrimonium
705 1588 817 1618 Caesaris
832 1588 945 1618 curabat
963 1590 989 1619 δε
1006 1589 1222 1620 administrabat.

122 1627 190 1657 Haec
198 1626 278 1656 verba
289 1628 314 1656 3<
325 1626 513 1664 saepenumero
523 1627 551 1656 in
567 1627 628 1662 jure
640 1648 648 1660 ,
671 1628 696 1656 Sc
708 1627 737 1655 in
750 1626 918 1656 Marcellino
930 1627 1069 1664 leguntur.

102 1664 205 1695 comes
218 1663 353 1693 Palatinus
363 1665 475 1700 dicitur,
497 1665 554 1701 Qui
564 1674 658 1694 curam
669 1664 781 1702 gerebat
793 1665 963 1702 praecipuam
973 1688 980 1698 .
1005 1672 1035 1695 ut
1053 1665 1225 1696 remissorum

122 1702 295 1733 notariorum
305 1704 330 1731 δι
342 1702 468 1736 iudicum
480 1702 677 1740 negligentiam
686 1710 822 1739 argueret,
845 1704 872 1732 «Sc
882 1712 896 1731 a
911 1704 1130 1740 provincialibus
1140 1704 1226 1734 tribu-

121 1747 151 1772 ta
165 1741 288 1778 exigeret
300 1762 308 1775 ,
330 1742 355 1770 ἂ
369 1740 501 1770 consueta
520 1739 702 1777 deposceret,
725 1742 763 1769 ita
779 1742 854 1777 quod
870 1750 927 1769 non
946 1741 974 1770 in
990 1742 1226 1779 provincialibus,

121 1779 169 1810 sed
178 1777 409 1817 praecipuejuffus
421 1779 460 1807 est
469 1785 500 1808 ut
510 1778 650 1813 judicibus
666 1781 693 1808 &
717 1788 815 1807 eorum
831 1778 997 1808 officialibus
1018 1786 1156 1817 praecepto
1177 1782 1228 1809 im.

122 1817 244 1861 mineret
253 1818 277 1846 δι
288 1815 444 1854 superesset.
467 1816 537 1846 Cod.
555 1816 591 1845 de
600 1816 682 1846 Offic.
697 1817 791 1846 comit.
804 1816 869 1846 sacr.
883 1816 970 1854 largit.
981 1819 1006 1848 ὀὶ
1016 1819 1054 1847 de
1065 1818 1147 1848 Offic.
1158 1820 1225 1849 ref&

144 1865 234 1884 rovm.

104 1865 229 1923 dimittes
239 1891 425 1921 consistoriani
439 1890 565 1928 suntllli,
577 1892 622 1928 qui
640 1891 776 1921 steterunt
789 1892 817 1921 in
838 1891 974 1928 Principis
985 1893 1158 1929 consistorio.
1180 1894 1227 1932 qui

125 1931 184 1961 dici
207 1937 366 1960 meruerunt
386 1931 469 1959 etiam
489 1929 677 1966 spectabiles,
706 1932 732 1959 δι
748 1929 959 1959 Proconsulibus
979 1932 1227 1969 aequiparabantur.

125 1970 157 1998 C.
170 1969 204 1998 de
216 1968 342 1998 comitib.
360 1967 526 1997 coniistoria.
547 1966 596 1997 lib.
611 1978 649 1997 12.
666 1967 685 1996 l.
700 1978 722 1997 i.
764 1968 794 1997 V.
817 1968 972 1997 Cambdeni'
987 1968 1108 1999 Britann.
1139 1971 1171 2000 Et
1189 1972 1229 1999 Si-

123 2006 262 2045 gismund.
277 2005 374 2035 Gelen.
386 2007 416 2034 in
435 2005 515 2034 Notit
537 2005 607 2043 Imp.
648 2005 682 2034 Et
693 2006 738 2041 qui
749 2015 783 2034 ex
796 2006 915 2042 proseffo
926 2005 962 2035 de
974 2006 1157 2044 Dignitatibus
1168 2008 1230 2037 illu-

126 2045 225 2074 stribus
240 2044 404 2081 scripserunt
415 2044 459 2079 Jo.
474 2042 630 2082 Christoph.
647 2043 778 2072 Becman.
800 2044 942 2082 Syntagm.
962 2045 1118 2082 peculiari,
1139 2049 1165 2077 et
1183 2046 1228 2083 Jo.

127 2082 230 2113 Selden
249 2083 285 2111 de
295 2081 397 2112 Titulis
411 2082 560 2111 honorum.
599 2081 659 2117 Jac.
677 2081 791 2111 Guther.
807 2084 844 2111 de
862 2082 943 2111 offic.
962 2084 1036 2111 dom.
1055 2085 1112 2121 Aug

70 2121 241 2152 Comi-iv
251 2129 292 2149 us
302 2141 310 2155 ,
332 2129 347 2148 a
358 2142 367 2156 ‚
386 2129 444 2149 um.
466 2120 530 2155 Adj.
552 2119 593 2148 Ad
607 2120 723 2149 comites
739 2121 892 2157 pertinens.
914 2126 960 2156 ut,
984 2121 1107 2158 Dignitas
1120 2122 1231 2151 comiti-

34 2503 36 2564 l

0 2330 32 2395 ι’,

0 2398 16 2431 ξ.

0 2434 9 2495 i

0 2502 11 2584 ,ἱ

0 2613 14 2687 Ξ

35 2669 44 2818 l

41 2822 46 2887 1
84 2896 89 2908 ,

0 3837 23 3874 ⁴23}
40 3836 41 3840 ¹
74 3827 75 3831 ’
94 3821 169 3853 Com
178 3834 187 3852 1
197 3828 241 3852 TA
252 3833 271 3852 1·
283 3833 321 3853 us
330 3846 338 3859 ,
363 3825 380 3860 [
391 3821 648 3860 παξηνΒλεθημῖάῶν]
669 3823 764 3853 Patrio.
790 3824 848 3854 Cic.
859 3834 882 3854 2.
897 3825 927 3853 in
939 3824 1019 3855 Catil.
1028 3834 1056 3862 4.
1077 3824 1151 3856 Illud
1163 3825 1251 3858 etiam

35 3046 106 3108 [c

107 3069 209 3102 οΜϊτο,
219 3066 677 3104 [donassem]are.aetiv.1dem.v0x
685 3067 777 3096 minus
787 3067 1238 3105 frequens.0vid.2.dePont.2.83.

109 2169 151 2188 va.
174 2158 268 2196 Veget.
281 2167 306 2187 2.
320 2168 346 2192 9.

113 2245 155 2264 ιο.
169 2233 200 2263 C.
211 2233 279 2270 l.47.
292 2233 327 2262 de
337 2233 463 2262 decurio.
474 2233 586 2262 eodem.
612 2232 727 2269 Aliaqiie
734 2230 818 2270 primi
830 2234 946 2270 ordInis,
956 2234 1009 2265 alia
1022 2235 1232 2265 secundicomi-

108 2273 165 2302 tiva
175 2271 358 2301 constituitur.
380 2270 399 2300 l.
410 2270 460 2300 ult.
474 2270 509 2299 de
523 2268 633 2314 profess.
647 2272 672 2300 Sc
684 2271 759 2300 med.
773 2271 822 2300 lib.
839 2281 880 2300 io.
891 2271 921 2300 C.

74 2310 121 2340 Cf)
131 2321 151 2339 Μ
160 2312 171 2338 ἵ
181 2319 200 2338 Τ
208 2319 225 2338 0
234 2319 251 2338 R
260 2330 269 2344 ‚
289 2308 472 2345 [α-υνιιιρλεῖνὲω
486 2330 495 2344 ‚
515 2320 722 2344 meyri-spamam
733 2330 740 2344 ,
768 2305 946 2345 megarice-nius,
970 2310 1161 2346 mqffiwhxss]
1179 2311 1230 2342 ΞΥῙ,

110 2346 415 2386 Proprieestminorum
424 2356 487 2384 erga
501 2351 628 2382 majores.
650 2346 724 2375 Suet.
739 2347 774 2376 de
782 2348 871 2377 Claris
882 2347 972 2377 Gram.
983 2359 1043 2386 cap.
1059 2359 1102 2385 23.
1127 2348 1231 2379 Rhem-

111 2387 184 2416 mius
195 2385 331 2414 Palaemon
344 2384 505 2413 Vicentinus
517 2383 639 2413 mulieris
655 2394 748 2414 verna.
769 2386 860 2422 primo
871 2407 879 2419 ,
902 2393 932 2414 ut
944 2385 1046 2421 ferunt,
1068 2388 1232 2423 textrinum,

111 2423 216 2454 deinde
226 2423 343 2452 herilem
354 2422 441 2451 filiuni
454 2422 521 2451 dum
531 2423 680 2452 comitatur
689 2423 718 2451 in
737 2423 843 2453 scholas
855 2445 863 2459 ,
883 2422 987 2454 litteras
1005 2425 1113 2455 didicit.
1153 2425 1234 2461 [Hic

111 2463 151 2491 est
162 2460 326 2499 periphrasis
338 2460 488 2497 paedagogi.
530 2459 559 2490 V.
578 2461 607 2488 in
624 2470 665 2488 eo
675 2471 696 2488 M
707 2470 720 2489 iz
728 2470 749 2490 s.

113 2500 188 2537 Fuga
195 2499 318 2536 aliquem
330 2499 465 2528 comitari.
488 2497 560 2535 Virg.
574 2509 600 2532 4.
615 2498 676 2528 ffin.
693 2508 754 2533 54³·

113 2538 195 2569 Ferre
205 2536 307 2574 gress‘us
317 2545 382 2565 curn
394 2535 487 2573 aliquo
502 2537 528 2566 &
537 2546 603 2565 eum
615 2536 749 2565 comitari.
773 2536 821 2566 Sil.
834 2536 882 2566 lib.
896 2546 921 2573 3.
935 2543 998 2573 180.

194 2575 244 2604 Fer
254 2573 356 2612 grelsus
365 2573 449 2611 agiles
459 2583 570 2603 mecum
580 2595 587 2608 ,
609 2575 634 2603 &
644 2575 780 2604 comitare
786 2581 944 2605 vocantem.

114 2613 231 2644 Currum
242 2612 377 2642 comitari.
401 2613 475 2641 Suet.
488 2612 517 2640 iri
527 2611 622 2641 Tiber.
633 2621 694 2649 cap.
705 2616 730 2641 6.

114 2651 250 2688 Exequias
258 2650 396 2679 comitari.
437 2650 505 2679 Plin.
519 2649 568 2679 lib.
584 2659 626 2679 11.
636 2659 699 2688 cap.
713 2656 754 2684 18·
779 2650 1036 2689 Funerantiumque
1049 2661 1128 2683 more
1144 2654 1234 2684 comi.

131 2696 225 2718 tantur
236 2688 375 2725 exequias.
413 2687 455 2717 De
466 2687 574 2725 apibus.

114 2727 260 2758 Mortuum
273 2726 380 2755 honore
388 2726 514 2755 comitari
524 2747 533 2760 ,
553 2725 654 2755 Facere
665 2725 691 2754 ei
701 2725 793 2756 furius.
815 2726 888 2763 Virg.
903 2736 945 2757 11.
961 2728 1022 2757 AEn.
1036 2737 1079 2763 5²·

114 2765 244 2795 Honores
254 2764 381 2802 superbia
390 2764 546 2794 comitatur.
568 2763 666 2793 Claud.
679 2764 714 2793 de
725 2764 806 2794 Coris.
817 2765 895 2795 Mali.
908 2765 1018 2795 Theod.
1029 2775 1094 2803 243.

116 2803 171 2833 Iter
180 2802 295 2837 alicujus
304 2802 439 2832 comitari.
462 2801 534 2838 Virg.
546 2805 572 2831 6.
585 2801 648 2831 AEn.
661 2810 721 2831 112.

207 2840 257 2869 Ille
268 2849 361 2869 meum
373 2839 520 2869 comitatus
530 2840 581 2869 iter
590 2861 599 2874 ,
620 2840 705 2869 maria
719 2839 814 2869 omnia
827 2849 951 2871 mecum.

116 2879 193 2909 Oves
203 2879 372 2907 comitantur
383 2877 527 2915 pastorem.
553 2877 623 2914 Virg.
636 2886 658 2912 ³-
671 2878 732 2907 ffin.
744 2882 808 2907 660.

115 2916 249 2947 Comitari
258 2938 267 2951 ,
288 2925 353 2945 cum
365 2915 471 2945 dativo.
512 2915 570 2946 Cic.
587 2926 610 2950 ς.
632 2914 714 2945 Tusc.
728 2925 789 2945 100.
810 2916 977 2953 Ceteraque,
995 2926 1056 2954 quae
1067 2918 1238 2949 comitantur

135 2954 203 2984 huic
212 2955 276 2983 vitae
287 2975 295 2988 ,
315 2954 344 2982 in
356 2963 409 2991 qua
417 2953 524 2991 sapiens
534 2963 619 2983 nemo
630 2953 748 2982 efficitur
759 2963 892 2990 unquam.

133 2993 287 3056 Sequutq—sh⁵²
286 2992 324 3020 est
334 2991 569 3058 congrigetionem
580 2991 703 3021 Graecam
714 2991 833 3021 Platonis
843 3014 851 3027 ,
869 3001 955 3029 quem
965 2999 1095 3029 verterat,
1115 2995 1180 3030 τὲτῳ
1196 2994 1239 3028 ζυ-

138 3032 231 3060 vs‘mwi
268 3059 273 3064 ,
302 3028 355 3060 βίω.
407 3052 413 3059 .
449 3036 469 3059 t.

0 2214 5 2228 ι
24 2180 29 2275 ¹
72 2196 147 2228 com
159 2205 240 2225 iriv
250 2204 268 2224 A
278 2217 286 2231 ,
308 2194 442 2230 absolute,
456 2193 612 2232 appellatur
622 2170 763 2224 Comitum
774 2195 902 2230 dignitas.
915 2195 932 2225 1.
945 2195 992 2226 uit.
1007 2197 1043 2226 de
1056 2196 1166 2226 discuff.
1178 2196 1229 2226 lib.

198 3105 292 3142 Quem
304 3105 351 3142 pia
360 3104 503 3134 nobiscum
511 3105 604 3143 proles
616 3105 760 3135 comitavit
770 3111 894 3135 euntem.
951 3105 1240 3145 Propett.lib.2.7.15.

197 3142 308 3180 Quodfi
321 3152 386 3172 vera
399 3152 470 3172 meae
480 3143 644 3173 comitarem
658 3143 741 3173 castra
750 3142 851 3181 puellae
860 3165 868 3179 ‚
882 3145 935 3174 erc.

119 3181 227 3212 Gradus
237 3180 355 3216 alicujus
364 3181 506 3210 comitare.
530 3181 614 3210 Ovid.
628 3187 654 3215 8.
669 3181 738 3210 Met.
755 3184 818 3216 692.

121 3219 239 3257 vestigia
253 3217 378 3254 alicujus.
401 3219 486 3248 Ovid.
505 3228 544 3255 14.
558 3219 630 3249 Met.
641 3229 702 3254 ²59·

201 3256 356 3293 Nostraque
366 3256 510 3286 adulantes
519 3257 655 3286 comitant
663 3256 784 3293 vestigia..

121 3294 263 3325 Comitare
273 3293 392 3331 aliquem
401 3295 436 3323 ad
446 3294 541 3324 locum
551 3294 679 3333 aliquem.
703 3294 786 3324 Ovid.
799 3303 824 3323 2.
835 3293 872 3323 de
883 3292 962 3324 Pont.
976 3302 999 3331 3.
1010 3304 1056 3332 43.

203 3331 356 3362 Pirithoum
365 3332 488 3361 Theseus
498 3332 595 3370 stygias
603 3333 748 3362 comitavit
757 3332 792 3360 ad
803 3333 899 3362 undas.

122 3369 308 3409 Hincpassive
324 3370 563 3407 legiturComitor.
588 3371 671 3400 Ovid¹
688 3380 711 3407 3.
731 3370 810 3399 Trist.
823 3379 850 3407 7.
865 3380 910 3407 ⁴7-

317 3423 354 3427 —
363 3417 427 3437 meo
436 3409 549 3445 ingenio
558 3409 732 3446 comitorque
738 3408 879 3445 fruorque.
969 3407 987 3444 J
990 3408 1068 3439 nstin.
1081 3417 1125 3446 30.
1134 3417 1161 3440 2.
1182 3409 1245 3446 Jam

143 3444 294 3475 salutantur
306 3467 314 3481 ,
335 3445 391 3481 jam
401 3447 578 3476 comitantur.

122 3521 189 3551 Sen.
202 3521 316 3559 Hippoi.
329 3532 355 3557 4.

124 3558 211 3590 Nullo
221 3560 373 3588 comitante
381 3557 473 3588 lavari.
495 3558 613 3588 Mattial.
629 3559 678 3588 lib.
694 3568 735 3587 11.
748 3568 793 3595 5²·

205 3597 261 3626 Hic
271 3596 350 3626 nullo
361 3598 514 3627 comitante
525 3619 533 3632 ,
555 3606 609 3626 nec
621 3596 735 3625 molesto
745 3618 754 3632 ,

205 3634 336 3664 Thermis
345 3634 495 3672 grandibus
506 3657 514 3670 ‚
537 3636 563 3665 Sc
574 3634 626 3664 suis
638 3634 751 3664 lavatur.

126 3669 194 3702 Non
206 3682 285 3709 aequo
300 3673 398 3701 ordine
407 3674 582 3702 comitantes.
604 3672 652 3701 Sil.
665 3672 714 3701 lib.
730 3685 755 3706 a.
769 3681 813 3709 μ.

126 3708 222 3740 Turba
233 3711 425 3740 comitantum.
452 3710 534 3739 Ovid.
551 3721 572 3739 1.
585 3711 679 3739 Amor.
691 3721 716 3746 7.
731 3719 775 3746 37.

127 3747 225 3778 Nimbi
235 3749 410 3779 comitantes.
433 3748 519 3778 Ovid.
532 3758 555 3784 3.
569 3748 634 3777 fait.
645 3753 709 3782 865.

129 3787 217 3815 Armis
227 3786 443 3820 comitantibus,
463 3787 480 3815 i.
492 3797 515 3816 e.
537 3785 649 3816 Auxilio
667 3785 741 3815 belli.
765 3785 877 3823 Virg.4.
895 3783 1011 3823 AEn.48.

17 3411 38 3506 l·
63 3491 66 3535 J
86 3482 312 3517 Commius,
334 3484 415 3513 antis.
438 3484 657 3521 [πςομσιςτῦν]
677 3483 775 3514 Partic.
805 3489 856 3520 ut,
885 3482 972 3514 Nu-lio
993 3483 1066 3515 latus
1084 3485 1246 3516 comitante.

18 3489 40 3589 l.
64 3538 68 3597 ῑ

67 3616 69 3659 l

130 3861 245 3891 moleste
253 3861 313 3890 fero
325 3884 333 3896 ‚
354 3863 430 3898 quod
440 3871 475 3891 ex
489 3863 556 3890 urbe
566 3871 662 3899 parum
671 3862 820 3891 comitatus
833 3862 942 3892 exierit.

131 3898 234 3928 Dolore
248 3899 407 3928 comitatus.
434 3899 528 3929 Tibul.
540 3899 587 3928 lib.
601 3909 660 3935 ³·2·
673 3909 714 3934 η.

129 3935 238 3966 Bellum
249 3937 380 3966 comitata
387 3938 500 3966 femina.
522 3937 591 3966 Stat.
601 3943 626 3971 8.
641 3937 732 3966 Theb.
744 3946 805 3971 590.

22 3994 26 4013 ς
78 3972 79 4002 l
131 3973 254 4005 Pecudes
263 3974 328 4004 fetae
338 3976 477 4006 comitatae
484 3976 577 4015 parvis
587 3975 726 4014 gregibus.
747 3975 810 4006 Seu.
828 3974 945 4015 Hippoi.
957 3984 983 4006 1..

3 3993 33 4098 Ul
82 4098 83 4102 ¹

188 4012 271 4043 Voi..
311 4012 333 4044 1.

1651 111 1680 148 C
1778 109 1813 149 Ο
1904 113 1944 150 Μ
2350 129 2418 171 585

1304 190 1584 233 tacrymiscomitata
1595 195 1725 224 sororum.
1749 195 1766 224 i.
1779 206 1804 225 e.
1825 195 2189 234 Lacrymantibuscomitata
2201 201 2343 234 sororibus.
2354 206 2423 237 Stat.

1325 242 1349 260 2.
1368 234 1460 262 achill.
1478 239 1539 269 309.
1583 234 1622 262 De
1633 233 1762 263 Thetide.

1305 266 1444 300 Militibus
1456 273 1481 301 ἃ
1495 272 1576 300 armis
1585 272 1744 300 comitatus.
1767 271 1852 301 Ovid.
1869 281 1890 301 1.
1904 273 1994 301 Amor.
2007 276 2032 301 6.
2045 281 2086 309 33.

1305 307 1436 350 Compar.
1477 309 1538 337 Cic.
1554 320 1577 343 5.
1592 309 1674 338 Tusc.
1691 318 1732 343 13.
1772 309 1961 348 Asclepiadem
1982 311 2074 340 ferunt
2092 313 2308 352 philosophum,
2338 327 2425 354 quum

1326 346 1437 380 quidam
1451 354 1601 382 quaereret,
1623 347 1689 383 quid
1703 347 1727 375 ei
1738 349 1844 377 caecitas
1860 348 2008 382 attulisset,
2029 349 2208 386 respondisse,
2231 352 2316 383 Puero
2328 364 2358 384 ut
2370 366 2427 386 uno

1325 384 1566 425 effetcomitutior.
1608 384 1676 414 Plin.
1690 384 1738 413 lib.
1755 395 1795 414 ιο.
1812 394 1872 423 cap.
1886 395 1929 422 37.
1954 386 1996 415 Est
2007 387 2082 415 enim
2103 398 2145 417 ars
2165 388 2217 418 illis
2235 390 2305 420 inter
2317 392 2341 420 se
2354 393 2431 423 blan-

1326 421 1379 448 diri
1394 443 1400 464 3
1422 423 1447 450 δι
1459 431 1636 459 eorrumpere
1648 423 1729 456 iilius,
1751 423 1879 460 furtoque
1887 424 2076 454 comitatiores
2086 427 2194 455 reverti.
2237 427 2277 457 De
2290 429 2429 461 columbis

1325 457 1456 494 loquitur.
1496 459 1656 488 Secundum
1674 461 1728 489 hoc
1742 460 1986 491 Comitatillimum
2008 462 2153 493 hominem
2166 465 2291 496 dicemus
2311 467 2426 504 Latine,

1327 505 1408 530 quem
1421 496 1503 533 vulgo
1516 497 1590 525 Bene
1602 497 1761 526 all‘ociatum
1773 499 1880 528 dicunt.
1921 499 2046 530 ssudaeus.

1271 531 1450 576 Conrrfir
1462 543 1517 568 us,
1537 536 1578 563 t'is.
1602 545 1638 563 m.
1670 533 1819 571 [omeliae]
1849 537 1953 566 dicitur
1970 537 2108 569 Clientela
2132 538 2249 576 sequens
2273 542 2429 574 dominum.

1309 570 1367 613 Cic.
1381 573 1406 599 6.
1425 570 1498 600 Fam.
1513 581 1554 607 19.
1579 572 1641 606 Ejus
1659 572 1804 602 Falernum
1819 574 1887 603 mihi
1904 575 2011 613 semper
2035 576 2167 606 idoneum
2179 578 2268 608 visum
2282 580 2321 610 est
2339 582 2431 612 diver-

1308 607 1397 637 sorio:
1421 608 1437 636 (i
1450 609 1534 637 modo
1547 611 1611 638 tecti
1624 610 1685 638 satis
1696 611 1777 639 estad
1791 613 1954 642 comitatum
1965 614 2086 643 nostrum
2096 615 2300 652 recipiendum.

1309 646 1433 687 Societas
1445 654 1527 690 atque
1545 648 1692 690 comitatus
1704 650 1844 692 praedonis
1859 650 2060 687 improbissimi.
2082 652 2139 682 Cic.
2151 660 2177 689 7.
2188 654 2262 685 Verr.
2278 667 2322 693 54.

1309 683 1436 712 Assiduus
1449 691 1606 713 comitatus.
1629 685 1747 720 Quintil.
1764 686 1811 715 lib.
1827 697 1850 716 1.
1866 698 1926 725 cap.
1940 698 1965 717 2.

1310 719 1431 750 Hecates
1441 723 1590 765 comitatus
1601 744 1608 756 ,
1629 721 1795 766 l’roserpinae
1806 723 1910 754 famuli.
1934 725 2021 756 Valet.
2034 730 2060 757 6.
2077 728 2176 766 Argon.
2193 739 2254 767 113.

1311 759 1416 795 Magno
1428 767 1563 788 comitatu
1577 770 1680 789 venire.
1706 761 1777 798 Virg.
1791 773 1816 796 4.
1829 763 1889 792 [En.
1902 773 1966 799 214.

1311 796 1458 868 Βῗὲἓεξὲῐς
1469 798 1494 826 δι
1505 798 1641 827 delicatus
1661 798 1825 828 ancillarum
1841 810 2046 839 puerorumque
2063 804 2221 835 comitatus.
2243 806 2300 837 Cic.
2312 817 2364 846 pro
2375 807 2433 839 Mi.

1311 871 1431 902 Semivir
1442 872 1590 901 comitatus
1607 894 1615 907 ‚
1636 872 1654 901 i.
1667 882 1691 902 e.
1714 873 1842 904 Virorum
1857 872 2091 908 effeminatorum.
2132 878 2222 909 Iarbas
2239 880 2274 910 de
2293 881 2379 912 AEnea
2391 882 2435 914 lo-

1332 909 1425 946 quitur
1436 911 1542 939 ironice
1554 909 1629 947 apud
1641 910 1713 948 Virg.
1724 921 1750 947 4.
1768 912 1829 941 AEn.
1845 923 1908 949 215.
1950 915 2069 945 Servius.

1310 947 1423 977 Civium
1434 948 1604 985 optimorum
1616 949 1773 978 comitatus.
1808 950 1865 980 Cic.
1878 957 1903 984 8.
1918 952 1970 980 Att.
1986 961 2009 986 3.
2033 955 2146 984 Accedit
2163 954 2232 986 illud
2245 978 2252 990 .
2275 957 2292 986 si
2312 967 2412 989 maneo
2424 981 2435 996 ,

1330 987 1356 1015 ἃ
1372 985 1451 1014 illum
1464 986 1628 1015 comitatum
1639 987 1811 1023 optimorum
1823 990 1848 1018 Ge
1858 988 2065 1020 clarissimorum
2077 993 2179 1022 civium
2198 995 2309 1024 desero:
2332 998 2437 1027 caden-

1331 1023 1401 1052 dum
1411 1023 1488 1052 estin
1502 1024 1585 1052 unius
1597 1025 1770 1061 potestatem.

1312 1059 1451 1104 Virtutum
1461 1061 1619 1091 comitatus.
1661 1062 1721 1091 Cic.
1733 1072 1759 1092 2.
1773 1062 1808 1092 de
1819 1063 1909 1093 Finib.
1926 1073 1985 1094 ¹10.
2006 1065 2085 1102 Quid
2099 1073 2176 1097 tanto
2195 1070 2330 1100 concursu
2348 1071 2438 1103 hone-

1331 1099 1507 1128 stissimorum
1519 1099 1686 1134 studiorum,
1707 1107 1786 1130 tanto
1798 1101 1932 1131 virtutum
1943 1104 2090 1140 comitatu,
2110 1105 2128 1134 fi
2138 1115 2169 1135 ea
2181 1107 2286 1138 nullam
2298 1109 2332 1138 ad
2352 1110 2437 1141 aliam

1332 1146 1392 1166 rem
1407 1159 1414 1169 .
1436 1136 1485 1166 nisi
1496 1137 1531 1166 ad
1542 1137 1714 1175 voluptatem
1724 1139 1950 1175 conquiruntur?

1314 1175 1474 1204 Abstrahere
1482 1174 1509 1204 se
1522 1185 1556 1204 ex
1566 1176 1700 1205 comitatu
1712 1176 1942 1214 amplissimorum
1960 1179 2093 1209 virorum.
2133 1179 2165 1211 V.
2188 1192 2208 1211 A
2218 1192 2232 1210 Β
2241 1192 2252 1212 s
2262 1193 2282 1212 T
2290 1194 2307 1213 R
2317 1195 2336 1214 A
2345 1194 2365 1214 H
2376 1195 2404 1215 o.

1313 1211 1449 1250 Recipere
1461 1214 1626 1242 comitatum
1636 1213 1800 1251 aliquorum.
1823 1215 1882 1244 Cic.
1896 1219 1923 1245 6.
1941 1216 2016 1246 Fam.
2035 1227 2077 1253 19.

1313 1250 1469 1281 Comitatus
1480 1251 1515 1280 ad
1534 1251 1587 1280 alia
1602 1252 1775 1282 translatum.
1814 1252 1882 1282 Plin-
1895 1253 1943 1282 lib.
1961 1264 2002 1290 17.
2018 1264 2078 1293 cap.
2093 1264 2138 1292 ²3·
2161 1255 2197 1285 de
2218 1259 2379 1289 traducibus
2398 1260 2439 1290 lo.

1334 1298 1440 1325 quens,
1462 1288 1537 1318 Inter
1549 1289 1574 1318 se
1582 1289 1661 1318 obvii
1674 1290 1841 1325 miscentur,
1861 1290 2064 1330 alliganturque
2075 1303 2130 1323 una
2145 1294 2288 1326 conciliati
2307 1298 2440 1336 virgulto.

1334 1336 1397 1356 rum
1408 1328 1541 1356 comitatu
1552 1327 1642 1356 obiter
1652 1328 1763 1365 rigorati
1773 1338 1826 1366 qua
1837 1328 1977 1359 deficiant.

1313 1364 1472 1395 Comitatus
1483 1365 1521 1395 est
1535 1366 1561 1394 δι
1573 1366 1648 1403 apud
1658 1366 1846 1396 Romanarum
1866 1377 1958 1397 rerum
1976 1367 2123 1406 scriptores
2136 1391 2144 1404 ,
2175 1369 2334 1409 Principum
2353 1374 2438 1405 curia.

1334 1402 1426 1433 Tacit.
1440 1412 1466 1432 2.
1502 1403 1569 1432 Hist.
1584 1409 1628 1439 ⁶5-
1663 1403 1776 1434 Cluvius
1794 1405 1930 1435 comitatu
1949 1407 2085 1445 principis
2108 1408 2242 1443 adjectus.
2282 1411 2300 1438 i.
2316 1421 2340 1440 e.
2364 1411 2440 1441 Inter

1333 1442 1453 1470 comites
1462 1441 1598 1479 principis
1620 1442 1648 1470 in
1667 1441 1757 1471 aulam
1783 1442 1924 1472 assumtus.
1965 1444 2063 1473 Auson.
2080 1444 2162 1482 Epist.
2178 1456 2217 1483 17.
2251 1447 2388 1485 Expertus
2410 1459 2442 1481 es

1335 1479 1421 1545 {dem
1432 1489 1533 1545 ῐηιεῑιὲιιιΓ
1542 1480 1644 1509 meritis
1662 1486 1746 1517 atque
1768 1480 1907 1510 dictorum
1918 1502 1928 1516 ,
1948 1481 2017 1511 dum
2031 1484 2061 1511 in
2085 1484 2220 1514 comitatu
2235 1485 2362 1523 degimus
2383 1497 2441 1517 am-

1358 1526 1394 1552 ο,
1414 1525 1465 1546 aeVi
1483 1530 1487 1534 -
1508 1526 1615 1555 ipates.

1279 1553 1304 1584 C
1313 1564 1330 1584 o
1339 1566 1359 1583 M
1369 1565 1378 1583 i
1388 1565 1408 1583 τ
1416 1565 1435 1583 A
1443 1564 1462 1583 T
1472 1565 1486 1583 E
1497 1564 1516 1598 u
1524 1564 1536 1584 s
1545 1566 1554 1584 i
1565 1565 1577 1584 s
1588 1576 1596 1591 ‚
1617 1565 1642 1585 e.
1664 1554 1725 1592 Adi.
1748 1556 1822 1594 apud
1830 1556 1915 1592 Jctos
1929 1567 1980 1594 pro
1991 1568 2035 1594 eo,
2056 1559 2132 1596 quod
2143 1559 2181 1589 est
2190 1559 2221 1590 In
2234 1562 2377 1593 comitatu.
2400 1569 2443 1600 ut,

1320 1592 1428 1622 Munus
1441 1592 1632 1622 comitatense.
1655 1593 1673 1622 l.
1689 1599 1733 1630 38.
1746 1595 1817 1624 Cod.
1830 1594 1940 1624 Theod.

1317 1629 1521 1660 Comitatenses
1530 1631 1632 1660 milites
1643 1630 1725 1667 sunt,
1745 1632 1802 1669 Qui
1814 1633 1960 1662 comitatui
1971 1633 2093 1664 conceffi
2103 1635 2184 1672 sunt,
2206 1641 2238 1666 ut
2255 1638 2294 1667 ait
2308 1638 2328 1668 1.
2342 1647 2384 1676 1³·
2405 1640 2444 1670 de

1339 1678 1367 1697 re
1379 1668 1459 1698 milit.
1476 1667 1524 1698 lib.
1541 1678 1583 1699 12.
1604 1669 1635 1698 C.

1283 1705 1305 1736 C
1316 1715 1379 1735 om
1388 1715 1407 1735 τ
1416 1716 1435 1735 A
1446 1708 1478 1735 εἴ
1487 1718 1503 1735 1.
1514 1717 1523 1734 i
1534 1716 1546 1735 s
1556 1729 1565 1743 ,
1586 1716 1611 1736 e.
1634 1706 1765 1738 Paulinus
1776 1707 1903 1738 Nolanus
1916 1709 2036 1739 Ausonio
2052 1711 2144 1741 Carm.
2160 1721 2203 1742 10.
2217 1722 2282 1748 291.

1414 1744 1474 1782 Ipse
1483 1744 1555 1788 obit,
1565 1751 1648 1782 atque
1662 1745 1702 1774 illi
1713 1746 1775 1776 suus
1786 1747 1824 1776 est
1834 1747 2005 1777 comitabilis
2017 1758 2100 1778 error.

1283 1782 1306 1812 C
1315 1791 1334 1811 o
1343 1791 1364 1811 is
1373 1791 1387 1810 1³
1395 1791 1415 1810 τ
1423 1792 1437 1811 ii
1445 1792 1457 1811 s
1469 1804 1477 1818 ‚
1499 1792 1530 1812 is.
1540 1792 1578 1812 m.
1601 1783 1678 1812 Pater
1689 1784 1847 1820 Asterionis‚
1861 1786 1908 1822 qui
1922 1795 1993 1815 unus
2004 1796 2038 1815 ex
2049 1787 2211 1824 Argonautis
2223 1788 2294 1819 fuit:
2316 1800 2382 1820 euni
2394 1801 2442 1821 au-

1321 1826 1379 1863 tem
1390 1821 1487 1858 genuit
1496 1822 1518 1864 ¹(
1531 1830 1561 1849 ut
1572 1822 1668 1864 autror
1678 1821 1716 1850 est
1726 1822 1912 1859 Apollonius)
1932 1823 1968 1853 ad
1987 1825 2105 1862 Apidani
2118 1826 2224 1863 ripam,
2244 1828 2275 1856 in
2296 1837 2379 1865 quem
2397 1830 2449 1860 flu-

1322 1867 1400 1888 vium
1411 1858 1548 1888 delabitur
1562 1858 1690 1896 Empe-us.
1714 1859 1802 1890 Valet.
1818 1870 1841 1890 1.
1854 1862 1955 1897 Argon.
1973 1866 2035 1897 3³6·

1515 1896 1634 1925 *celer
1644 1897 1777 1934 Asterion,
1793 1908 1876 1935 quem
1890 1906 1978 1929 matre
1989 1906 2132 1931 carentem

1416 1933 1544 1964 Clenaeus
1556 1935 1669 1972 gemino
1679 1935 1750 1965 fovit
1762 1943 1840 1973 pater
1849 1946 1931 1967 amne
1943 1937 2092 1968 Cometes:

1415 1972 1532 2009 Segnior
1541 1973 1658 2010 Apidani
1671 1973 1744 2003 vires
1759 1974 1807 2003 ubi
1818 1973 1900 2004 sentit
1911 1975 2041 2013 Enipeus.
2139 1977 2266 2008 Clemens
2284 1985 2379 2010 autem
2394 1980 2449 2010 Co.

1322 2014 1414 2039 metes
1432 2020 1448 2053 a
1462 2010 1567 2039 Valerio
1577 2011 1682 2039 dicitur
1691 2033 1699 2046 ,
1720 2013 1794 2048 quod
1806 2011 1948 2042 Clenaeum
1961 2015 2184 2050 promontorium
2191 2017 2226 2046 sit
2236 2017 2381 2047 Thessaliae
2391 2040 2399 2054 ‚
2418 2020 2451 2048 in

1327 2057 1381 2083 qua
1394 2058 1507 2085 regione
1517 2048 1579 2077 sunt
1594 2049 1734 2086 Apidanus
1746 2051 1771 2079 &
1786 2049 1917 2088 Enipeus.
1950 2051 1980 2081 V.
2004 2053 2089 2082 Ovid.
2106 2062 2148 2083 ιο.
2167 2054 2237 2084 Met.
2251 2061 2315 2091 284.

1287 2084 1334 2114 Co
1346 2089 1465 2129 uui-:Tm
1476 2108 1485 2121 ,
1505 2087 1549 2115 vei
1566 2087 1667 2116 Comi
1680 2097 1723 2116 rA
1734 2109 1742 2121 ,
1764 2097 1795 2117 ae.
1819 2098 1856 2118 m.
1880 2089 2030 2125 [ηρμνίτης]
2050 2092 2079 2119 id
2097 2091 2134 2120 est
2155 2092 2239 2122 Stella
2251 2094 2383 2129 Comata,
2403 2094 2450 2124 vel

1325 2124 1438 2153 Crinita.
1478 2124 1605 2160 Quarum
1625 2125 1829 2163 apparitionem
1848 2136 2011 2165 magnarum
2028 2139 2119 2158 rerum
2134 2131 2318 2160 mutationem
2338 2138 2452 2168 porteri-

1322 2162 1441 2191 tendere
1452 2161 1824 2199 superstitiosecrediderunt
1837 2170 1952 2194 veteres.
1973 2165 2032 2194 Cic.
2046 2176 2072 2195 2.
2087 2167 2123 2196 de
2139 2168 2200 2197 Nat.
2214 2168 2295 2198 Deor.
2311 2178 2354 2203 14.
2387 2170 2454 2200 Cin-

1321 2200 1451 2229 cinnatas
1460 2207 1549 2229 vocat.
1572 2200 1647 2229 Tum
1662 2201 1776 2233 facibus.
1792 2202 1893 2239 inquit,
1906 2203 1967 2231 visis
1978 2203 2141 2240 caelestibus,
2156 2212 2217 2235 tum
2226 2206 2312 2237 stellis
2320 2207 2374 2241 his,
2384 2217 2452 2244 quas

1325 2237 1566 2272 Graecieometas,
1588 2238 1670 2267 nostri
1683 2239 1856 2269 cincinnatas
1865 2246 1988 2270 vocant:
2010 2251 2070 2279 qnae
2090 2252 2180 2281 nuper
2201 2244 2276 2274 bello
2294 2246 2451 2276 ottaviano

1324 2285 1487 2312 magnarum
1506 2276 1618 2306 fuerunt
1637 2277 1825 2307 calamitatum
1836 2279 2008 2315 praenuntiae.

1324 2313 1477 2343 Bellimala
1491 2314 1564 2351 ligna
1575 2321 1708 2344 cometes.
1730 2315 1826 2345 Tibul.
1840 2316 1889 2345 lib.
1904 2325 1929 2346 2.
1941 2327 1964 2352 ς.
1977 2326 2022 2352 71.

1325 2351 1385 2380 Diri
1399 2358 1516 2381 cometae
1527 2374 1535 2387 ,
1556 2352 1690 2382 Criniti&
1701 2353 1819 2391 pessimi.
1841 2354 1914 2392 Virg.
1930 2364 1953 2385 1.
1967 2354 2068 2394 Georg.
2078 2360 2144 2392 488.

1325 2389 1442 2420 Fatales.
1464 2389 1551 2419 Valet.
1563 2394 1588 2420 6.
1606 2392 1706 2428 Argon.
1721 2395 1785 2425 608.

1676 2429 1850 2466 —iratoque
1859 2430 1952 2459 vocati

1419 2465 1441 2495 A
1451 2463 1520 2501 Jove
1530 2465 1626 2496 fatales
1636 2466 1670 2495 ad
1683 2476 1768 2504 regna
1778 2467 1876 2503 injusta
1886 2473 2012 2498 cometae.
2105 2469 2269 2508 Regnorum
2284 2472 2361 2503 enim
2376 2482 2453 2504 ever-

1345 2502 1450 2532 nonem
1460 2526 1467 2539 ,
1490 2513 1636 2541 rerumque
1647 2505 1833 2535 mutationem
1840 2507 2012 2544 portendere
2025 2511 2161 2544 putantur
2174 2516 2301 2541 cometae.

1329 2540 1445 2570 Mutans
1456 2551 1548 2579 regna.
1574 2541 1676 2572 Lucan.
1696 2552 1718 2572 1.
1736 2546 1798 2578 526.

1327 2578 1530 2609 Rubescentes.
1553 2579 1650 2609 Claud.
1663 2580 1744 2618 Idyll.
1763 2580 1886 2619 Magnes.
1898 2591 1926 2617 4.

1328 2617 1489 2654 Sanguinei.
1511 2617 1584 2654 Virg.
1599 2628 1641 2648 10.
1654 2618 1715 2648 IEn.
1730 2628 1794 2655 27²·

1328 2653 1456 2684 Tremuli
1465 2656 1539 2685 claro
1551 2656 1656 2686 ardore.
1678 2656 1736 2686 Cic.
1755 2666 1777 2686 1.
1788 2656 1823 2686 de
1839 2656 1933 2686 Divin.
1951 2665 1997 2687 ιο.

1327 2692 1436 2722 Tristis.
1455 2693 1554 2723 Claud.
1568 2694 1603 2723 de
1616 2693 1698 2723 Coris.
1719 2694 1798 2724 Mali.
1813 2694 1925 2725 Theod.
1942 2705 2003 2725 112.

1329 2729 1372 2759 De
1381 2738 1553 2761 cometarum
1567 2738 1663 2761 natura
1676 2754 1683 2767 ,
1705 2732 1736 2762 V.
1758 2733 1822 2763 Sen.
1835 2733 1900 2762 Nat.
1916 2733 2019 2770 Quaest.
2029 2742 2058 2771 7.
2074 2734 2144 2766 Ptin.
2158 2744 2184 2766 2.
2194 2744 2240 2773 2ς.

1293 2767 1486 2803 Comicus,
1508 2769 1541 2799 V.
1565 2779 1768 2799 comoenrA.

1293 2806 1434 2836 Comini
1446 2829 1454 2842 ,
1476 2808 1616 2844 [Κομίνοι]
1636 2805 1736 2846 Populi
1752 2808 1867 2838 fuerunt
1879 2808 1976 2844 Italiae,
1995 2809 2027 2838 in
2042 2811 2128 2840 trat‘tu
2142 2810 2359 2849 AEquicolarirm.
2381 2813 2454 2846 Ptin.

1330 2843 1379 2911 lib.
1389 2854 1418 2912 g.
1431 2854 1492 2889 cap.
1508 2855 1549 2875 12.
1571 2846 1603 2876 In
1614 2846 1670 2876 hoc
1678 2847 1766 2876 tractu
1774 2848 1940 2877 interierunt
1950 2857 1985 2876 ex
1995 2848 2147 2885 AEquicolis
2159 2850 2271 2880 Comini
2283 2872 2291 2887 ,
2312 2852 2456 2890 Tadiates,

1355 2892 1386 2911 ce
1409 2893 1454 2913 rei.

1294 2919 1317 2948 C
1327 2930 1343 2948 o
1355 2931 1392 2949 Ml
1402 2930 1422 2949 N
1434 2932 1442 2949 1
1453 2931 1472 2950 A
1484 2943 1492 2956 ,
1514 2921 1609 2951 Genus
1619 2920 1699 2951 oiivae
1709 2943 1717 2958 ,
1738 2923 1813 2960 apud
1824 2922 2014 2958 Piin.1ib.r5.
2033 2933 2096 2961 cap.
2114 2934 2138 2960 3.

1295 2957 1488 3000 Conium,
1510 2960 1577 2988 Adv.
1600 2959 1726 2996 [ἐκῖίἳεη
1746 2958 1867 2996 walbizi]
1888 2961 1954 2990 Non
1967 2961 2006 2990 est
2028 2962 2103 2991 idem
2121 2962 2195 2999 quod
2214 2963 2315 3002 Prope:
2337 2964 2385 2994 sed
2406 2966 2459 2997 (ut

1333 2997 1370 3025 iic
1388 2997 1503 3032 dicam)
1525 2999 1545 3026 A
1566 3007 1673 3034 prope:
1704 3006 1754 3035 ut,
1777 2999 1912 3028 Cominus
1930 3006 1959 3028 te
1982 2997 2152 3029 incelsebant
2166 3001 2325 3038 lapidibus:
2348 3003 2374 3031 h.
2389 3013 2413 3032 e.
2436 3004 2459 3034 E

1331 3034 1586 3101 propinquoloco:
1611 3036 1863 3072 sicutecontrario‚
1885 3037 2018 3071 Eminus,
2043 3037 2244 3075 Elonginquo:
2267 3040 2459 3071 seditatamen

1346 3073 1488 3117 onginquo
1500 3095 1507 3107 ‚
1530 3074 1745 3111 propinquoque
1760 3097 1767 3110 ‚
1788 3083 1819 3104 ut
1836 3085 1924 3112 prope
1937 3076 2009 3104 intra
2026 3076 2132 3111 jadum
2146 3076 2195 3105 teli
2216 3075 2270 3107 eise
2287 3079 2387 3115 pellit,
2411 3086 2460 3109 aut

1333 3111 1411 3147 quod
1422 3111 1594 3147 sitidgenus.
1618 3122 1675 3140 non
1688 3113 1764 3142 enim
1774 3114 1848 3142 reste
1860 3113 1935 3142 dicas
1949 3135 1956 3146 .
1979 3112 2113 3143 Cominus
2130 3114 2211 3143 veni:
2233 3115 2348 3146 Eminus
2363 3118 2459 3147 redeo.

1334 3148 1402 3178 flaec
1413 3148 1488 3178 Valla
1499 3150 1529 3185 in
1547 3149 1732 3180 Raudensem.
1767 3150 1828 3180 Cic.
1843 3160 1868 3180 2.
1887 3151 1922 3179 de
1932 3150 2025 3180 Divin.
2036 3155 2080 3180 26.
2103 3151 2187 3181 Nunc
2197 3154 2327 3184 cominus
2337 3164 2464 3191 agamus:

1330 3187 1564 3223 experiamurque
1575 3209 1583 3222 ,
1605 3189 1657 3217 Sec.
1699 3187 1765 3217 Caes.
1782 3200 1805 3218 i.
1819 3187 1889 3218 Bell.
1901 3188 1983 3218 Civil.
1995 3194 2038 3224 58.
2049 3195 2119 3219 extr.
2141 3190 2235 3227 ltaque
2243 3191 2314 3221 >dum
2324 3191 2402 3222 locus
2413 3203 2466 3223 co.

1335 3225 1428 3254 minus
1441 3225 1582 3262 pugnandi
1595 3226 1716 3255 daretur.

1337 3262 1472 3292 Cominus
1482 3263 1570 3292 faetus
1582 3262 1631 3293 sol.
1674 3263 1743 3293 Plin.
1757 3263 1804 3293 lib.
1821 3274 1844 3300 ς.
1856 3273 1917 3300 cap.
1932 3274 1958 3299 9-
1981 3263 2082 3293 Verum
2097 3263 2152 3293 sole
2160 3275 2210 3303 per
2230 3276 2279 3296 eos
2296 3267 2356 3297 dies
2376 3269 2465 3298 comi.

1353 3310 1410 3367 ῃξῗ
1419 3301 1492 3367 wli?
1504 3323 1512 3336 ,
1528 3302 1641 3368 egtrlafili
1656 3302 1762 3331 art-loris
1779 3303 1807 3331 vi
1820 3303 1847 3331 &a
1857 3300 2018 3339 suspensum
2032 3301 2189 3339 abundare,
2211 3314 2244 3334 ac
2265 3315 2301 3334 ne
2315 3306 2466 3337 devoretur

1356 3348 1372 3367 a
1405 3348 1459 3367 con
1482 3349 1500 3368 i.
1569 3349 1584 3368 e
1620 3350 1627 3368 1
1642 3350 1668 3368 o.

1339 3375 1475 3406 Cominus
1485 3377 1610 3412 judicari.
1633 3378 1703 3406 Plin.
1717 3377 1765 3406 lib.
1778 3386 1820 3406 11.
1837 3386 1898 3414 cap.
1912 3386 1957 3411 42.

1338 3414 1464 3452 Pugnare
1479 3415 1607 3444 cominus
1615 3415 1780 3444 cum'hoste.
1803 3414 1861 3443 Cic.
1874 3424 1925 3451 pro
1940 3414 2024 3444 Corn.
2037 3415 2113 3445 Balb.
2125 3425 2170 3454 23.

1339 3452 1470 3482 Tendere
1481 3454 1618 3482 cominus.
1659 3453 1733 3482 Suet.
1744 3454 1773 3481 'm
1783 3452 1848 3481 Caes.
1862 3462 1923 3489 cap.
1934 3457 1979 3489 67.
2003 3452 2032 3483 L.
2043 3453 2162 3484 Caffium
2172 3455 2260 3493 partis
2270 3456 2387 3486 adversae
2399 3467 2466 3488 cum

1356 3490 1458 3520 decem
1472 3490 1591 3519 rostratis
1603 3491 1718 3519 navibus
1729 3490 1844 3519 obvium
1856 3490 1902 3518 sibi
1915 3499 2005 3527 neque
2016 3491 2135 3529 refugit,
2157 3494 2182 3522 ἃ
2192 3494 2321 3524 cominus
2333 3495 2465 3532 tendens,

1360 3528 1435 3557 ultro
1447 3528 1482 3556 ad
1492 3528 1802 3557 deditionem-hortatus
1819 3549 1827 3563 ,
1848 3527 2001 3566 supplicem
2011 3529 2047 3558 ad
2059 3529 2085 3559 se
2101 3531 2217 3569 recepit.

1339 3566 1480 3596 Accedere
1490 3566 1618 3594 cominus
1629 3567 1664 3594 ad
1676 3565 1807 3603 aliquem.
1834 3565 1893 3595 Cic.
1907 3575 1932 3595 2.
1946 3569 1998 3595 Att.
2014 3576 2040 3596 2.

1340 3603 1781 3641 Reciperecominuspecuniam.
1823 3603 1994 3641 Pomponius
2006 3605 2034 3633 in
2051 3605 2067 3633 l.
2083 3606 2110 3634 Si
2123 3605 2205 3642 quasi.
2226 3606 2259 3636 D.
2279 3607 2314 3637 de
2326 3607 2466 3646 Pignorat.

1361 3643 1445 3671 at‘tio.
1468 3641 1496 3670 Si
1512 3642 1583 3677 quasi
1601 3649 1764 3678 recepturus
1780 3651 1795 3670 a
1807 3641 1933 3670 debitore
1946 3649 1994 3671 tuo
2011 3645 2139 3673 cominus
2156 3646 2324 3688 pecuniam,
2345 3647 2471 3676 reddidi-

1364 3680 1395 3709 sti
1407 3679 1550 3716 eipignus.
1570 3678 1644 3713 [Hic
1653 3678 1959 3715 temporis-adverbium
1971 3680 2096 3716 videtur,
2120 3687 2149 3710 ut
2159 3692 2185 3711 in
2194 3682 2251 3720 seq.

1337 3717 1496 3750 ‘'Cominus,
1518 3716 1616 3745 Statim
1631 3738 1639 3749 ,
1661 3715 1716 3744 fine
1729 3716 1937 3746 intermissione.
1960 3717 2034 3754 'Virg.
2054 3729 2074 3747 1.
2091 3719 2192 3757 Georg.
2208 3732 2270 3757 ¹04·

1436 3754 1514 3790 Quid
1530 3754 1620 3782 dicam
1634 3754 1708 3789 jacto
1719 3755 1764 3790 qui
1775 3753 1880 3783 semine
1891 3754 2021 3785 cominm
2032 3764 2095 3786 arva

1437 3790 1612 3827 Insequitur?
1708 3792 1826 3821 Servius.

1341 3830 1572 3896 'Ggigeissttiminus
1585 3829 1678 3859 aestuat
1694 3831 1739 3858 aer
1754 3829 1888 3860 sordidus.
1911 3829 1979 3860 Stat.
1994 3839 2035 3861 12.
2055 3831 2147 3863 Theb.
2162 3839 2226 3870 ²48·
2268 3834 2285 3864 i.
2298 3844 2322 3866 e.
2347 3834 2471 3864 Graviter

1340 3905 1480 3936 'Cominus
1492 3904 1645 3934 &eminus
1668 3903 1752 3934 Ovid.
1766 3914 1790 3940 ³·
1808 3905 1879 3936 Met.
1894 3915 1905 3934 1
1915 3915 1956 3942 !9·
2011 3908 2148 3946 —rigido
2159 3909 2195 3939 de
2206 3909 2333 3940 fratrIbus
2346 3918 2434 3938 unum

1426 3942 1562 3973 Cominus
1571 3941 1635 3972 ense
1642 3941 1707 3972 ferit
1718 3963 1726 3977 2
1747 3943 1840 3978 iaculo
1854 3944 2050 3976 caditeminus
2061 3946 2127 3984 ipse.

1466 3996 1469 3997 ⁷
1900 3981 1922 4012 E
1929 3991 1945 4011 e
1955 3991 1971 4012 e
1979 3992 1997 4011 e
2353 3983 2474 4021 Lateque
