2600 4177
66 209 170 240 Viscera
181 211 246 240 felle
259 210 571 242 candentclaudcons.
579 212 768 242 llltllTlieod.
779 217 841 243 226.
856 214 890 243 de
902 214 1083 246 Vehementer
1093 219 1170 246 irato.

31 245 52 278 C
63 260 77 276 :l
91 259 108 276 Ν
122 260 137 277 u
149 259 188 277 EN
198 259 233 276 Tr
244 260 260 277 A
271 271 279 283 ,
300 258 329 277 ze.
354 249 372 278 s.
395 248 514 278 Candor.
538 258 582 282 ut,
609 250 689 279 Lorne
701 251 847 281 candentia¹
859 254 983 284 dimidia.
1007 255 1106 284 Vitruv.
1118 266 1175 290 94.

30 286 52 316 C
61 298 79 314 A
90 295 109 314 Ν
120 296 139 314 D
150 296 163 314 a
175 296 186 315 s
195 296 212 314 c
223 296 239 314 o
249 308 256 320 ‚
279 286 487 321 [πυρᾳκτῦμοω]
507 288 560 315 διν.
587 287 734 320 lunc-lbere.
758 289 843 319 Ovid.
857 301 881 320 2.
899 291 968 321 Met.
982 301 1044 328 230.

218 338 253 342 -—
265 323 410 359 currusque
421 322 481 352 suos
490 324 653 354 candescere
663 326 750 355 sentit.

66 359 233 388 Candescere
244 382 250 392 ,
272 359 465 395 [Λοβκωὲνεοῖζ]
486 361 582 390 Album
593 362 658 391 lieri.
677 363 771 393 Tibul.
783 364 831 395 lib.
846 375 869 394 1.
883 375 925 395 1ο.
937 377 982 402 4ς.

67 398 116 426 Λει·
131 397 269 426 candescit
280 398 314 426 ab
326 398 382 427 istu
395 397 466 427 solis.
489 399 571 427 Ovid.
585 403 609 428 (3.
622 400 689 429 Met.
704 411 749 436 49·
1038 438 1041 439 .

31 434 187 464 cannot
204 455 212 468 .
234 435 296 464 oris.
319 445 355 463 m.
379 434 533 471 [Μωρέ-της.
558 439 722 473 levasso-pbr]
752 438 898 476 Splendor.
922 441 1006 470 Plaut.
1020 440 1096 469 Men.
1114 450 1135 469 1.
1151 448 1178 469 2.

66 476 107 508 67.
132 471 158 500 O
168 493 175 504 ,
197 471 281 501 solem
290 473 384 501 vides:
406 473 493 506 statim
503 482 531 502 ut
544 481 696 504 ‹icczrcatus
707 476 745 504 est
756 486 809 513 prce
824 477 905 513 hujus
915 479 1039 517 corporis
1052 478 1182 507 candori-

65 508 123 538 bus.
163 508 277 538 Rubens
287 510 333 539 sub
344 510 465 539 candore
477 511 551 540 lunii.
575 512 658 542 ovid.
671 524 697 549 4.
710 513 778 542 Met·
794 523 854 550 332.

65 545 203 576 Notabilis
214 548 344 576 candore.
366 548 447 577 Ovid.
465 558 488 577 1.
505 549 573 578 Mer.
593 556 651 584 109.

83 621 122 650 sl
141 583 240 627 Lac'tea
252 594 356 614 nomen
368 585 468 621 habet,
489 588 611 616 candore
623 587 752 617 notabilis
763 587 829 626 ipso.

95 631 101 649 1
124 628 245 658 oquitur.

63 657 156 688 Fucati
167 659 372 689 medicamenta
380 660 542 691 candoris&
552 661 668 692 ruboris.
689 662 747 692 Cic.
760 663 789 692 in
800 663 876 693 Orat.
890 672 934 701 97.

64 695 130 726 Caeli
139 697 251 726 candor.
273 697 331 726 Cic.
348 708 370 726 1.
385 697 466 728 Tusc.
477 702 521 732 68.

63 734 176 763 Formae.
198 734 280 764 Ovid.
298 745 320 764 1.
336 734 403 764 Met.
417 745 480 772 743.

63 771 134 802 Solis
145 772 381 802 candorillustrior
391 794 399 807 ‚
421 783 504 810 quam
514 773 595 803 ullius
604 774 682 811 ignis.
723 774 781 804 Cic.
791 783 816 803 2.
830 775 865 804 de
878 776 942 806 Nat.
953 777 1036 807 Deor.
1048 786 1094 812 40.
1113 777 1179 806 Non

82 809 146 838 solis
156 809 231 838 calor
248 812 274 839 ἇς
285 811 389 839 candor
400 810 527 840 illustrior
541 812 592 846 est,
608 822 708 849 quam,
726 814 778 842 ἃς.

63 846 179 877 AEstivus
187 848 303 882 candor,
319 848 448 878 Candens
459 849 642 880 aestasCluud.
651 848 731 880 Confi
738 849 992 887 Prob.219.[lmmo
1000 851 1064 882 Sole
1073 852 1173 881 aestivo.

63 884 198 914 Carnosus
206 885 320 915 candor.
362 886 392 915 ln
412 896 430 915 c
441 896 459 916 A
468 897 484 916 a
493 897 519 916 ο.

63 921 166 952 Clarus.
190 922 299 952 Lucret.
312 922 360 952 lib.
372 934 397 959 4.
411 933 472 961 233.
495 925 597 954 lnluce
606 925 633 953 ἃ
643 923 717 954 01310
725 924 854 955 candore.

63 959 172 989 Candor
182 961 311 989 eximius.
348 961 424 990 Suet.
439 963 505 1000 Aug.
517 973 560 998 94.
592 962 756 999 Exuviisque
773 962 849 998 Jovis
860 963 928 1001 Opt.
940 963 1014 993 Max.
1029 974 1061 994 ac
1073 965 1178 994 radiata

80 1007 183 1064 c'obrona
191 997 271 1036 super
281 999 434 1029 laureatum
444 1009 556 1030 currum
565 1021 572 1035 ‚
596 999 638 1029 bis
647 999 717 1030 senis
728 1002 806 1038 equis
817 1001 936 1031 candore
947 1003 1051 1032 eximio
1068 1002 1178 1032 trahen-

63 1043 71 1046 ·
81 1042 101 1064 ti
124 1045 163 1064 us.

2 1098 3 1102 ,
61 1070 230 1110 Languidus.
250 1073 314 1103 Sen.
329 1073 444 1112 Hippol.
455 1077 481 1103 6.

0 1115 7 1128 ⁸
61 1110 243 1140 marmoreus.
266 1111 372 1141 Lucret.
386 1112 434 1141 lib.
448 1121 474 1141 2.
488 1114 550 1148 764.

5 1162 8 1167 ·
60 1148 157 1178 Mistus
165 1149 295 1178 candore.
336 1150 395 1179 Cic.
411 1159 434 1179 1.
445 1150 480 1179 de
491 1150 554 1179 Nat.
568 1149 704 1186 Deor.75.
726 1150 787 1180 Nec
797 1150 844 1179 ille
854 1149 927 1180 susus
942 1153 969 1182 δε
987 1152 1109 1193 candore
1126 1151 1177 1182 mi.

0 1193 3 1217 Ι
79 1185 133 1215 stus
143 1185 228 1215 rubor
243 1208 251 1217 .
272 1187 380 1224 sanguis
388 1187 441 1222 est,
462 1187 510 1217 sed
521 1188 647 1225 quaedam
657 1188 795 1226 sanguinis
805 1188 965 1219 similitudo.

60 1222 179 1254 Nimius.
217 1223 275 1253 Cic.
288 1225 317 1253 in
327 1227 424 1260 Aram,

152 1261 266 1291 Lacteus
280 1262 326 1292 hic
335 1262 538 1300 nimiofulgens
548 1263 670 1293 candore
680 1269 800 1294 notatur.

6 1311 11 1323 r
59 1297 174 1328 Nivalis.
199 1299 268 1336 Virg.
280 1309 304 1336 3.
318 1301 380 1330 ffin.
395 1306 456 1336 538.

2 1340 9 1372 ξ
60 1336 173 1366 Niveus.
196 1336 280 1366 Ovid.
293 1346 316 1373 3.
328 1338 397 1367 Met.
410 1347 475 1375 423.

0 1378 9 1403 i*
60 1372 200 1404 Puellaris.
223 1375 307 1405 Ovid.
319 1385 360 1404 1ο.
374 1376 443 1405 Met.
459 1385 521 1412 594.

0 1412 11 1440 il
59 1411 168 1442 Recens
179 1412 259 1442 Solis.
281 1412 389 1442 Luci-et.
402 1413 451 1443 lib.
465 1419 560 1449 5·283-

0 1462 6 1483 1
59 1449 183 1486 Simplex
194 1451 439 1480 candorlanarum.
462 1451 580 1488 Quintil.
592 1451 639 1481 lib.
654 1461 678 1482 1.
691 1461 752 1489 cap.
767 1462 792 1483 1.

0 1490 11 1527 s
53 1486 309 1525 -Splendidillimus
351 1488 408 1518 Cic.
423 1489 559 1518 deSorun.
572 1490 647 1528 Scip.
657 1495 683 1525 8.
720 1490 784 1520 Erat
802 1496 897 1521 autem
914 1491 936 1521 is
956 1489 1175 1530 splendidissimo

77 1525 198 1554 candore
210 1526 281 1555 inter
294 1527 419 1556 flammas
430 1527 518 1556 circus
531 1527 644 1557 elucens
654 1550 662 1564 ,
676 1529 729 1558 810.

0 1568 12 1599 'i'
58 1560 180 1592 Suffusus
192 1563 331 1600 sanguine.
352 1564 419 1594 Stat.
431 1574 456 1594 2.
471 1565 538 1594 Silv.
554 1575 576 1594 1.
590 1575 635 1601 41.

59 1601 168 1630 Anteire
179 1602 394 1632 nives‘candore.
417 1602 487 1637 Virg.
507 1612 545 1632 12.
557 1603 616 1632 ffin.
630 1608 675 1638 84.

915 589 950 619 de
959 589 1009 619 Via
1027 589 1115 620 lanea
1129 598 1181 618 012-

0 1638 4 1668 l
57 1637 168 1668 Candor
178 1639 260 1672 hujus
268 1646 295 1668 te
309 1639 439 1677 perpulit.
460 1640 519 1670 Cic.
551 1651 581 1669 ro
594 1640 658 1670 Cael.
671 1644 714 1677 36.

0 1676 7 1710 l
79 1675 191 1706 Videtur
201 1686 218 1705 0
228 1677 402 1714 iponilivori.
424 1678 460 1708 H.
472 1678 510 1707 St.
546 1688 621 1707 mmo
631 1679 667 1707 de
682 1678 778 1708 colore
790 1679 871 1709 cutis.

0 1711 13 1746 li
57 1713 166 1744 Dicitur
175 1715 201 1744 &
228 1715 321 1744 ‘andor
332 1716 417 1745 animi
429 1725 444 1745 a
455 1716 594 1745 Cicerone
604 1717 698 1746 multis
710 1717 739 1745 in
748 1716 818 1746 locis
827 1739 834 1751 ‚
856 1727 907 1755 pro
917 1715 1080 1749 sinceritate
1090 1719 1116 1749 ἃ
1124 1726 1174 1757 pu-

0 1747 12 1790 ξζ
76 1751 156 1782 ritate
166 1753 260 1781 animi.
283 1752 428 1790 Livorique
441 1754 602 1792 opponitur.
625 1755 742 1790 Ovid.3.
759 1754 838 1784 Trist.
850 1760 875 1784 6.
889 1762 914 1791 7.

0 1793 10 1822 *r
150 1789 262 1827 Quique
272 1791 349 1820 estin
362 1792 430 1821 caris
440 1793 526 1820 animi
537 1792 588 1821 tibi
598 1793 702 1821 candor
711 1792 806 1822 amicis
818 1814 825 1828 ‚

188 1827 431 1865 Cognitusestilli‚
453 1839 535 1867 quem
544 1829 694 1867 colisipse‚
715 1831 782 1860 viro.

3 1867 5 1886 ³
57 1863 169 1895 Titulus
180 1866 306 1895 candoris
317 1868 456 1904 perennis.
476 1867 560 1896 Ovid.
572 1866 680 1903 inlbin⁷
698 1873 724 1901 8.

56 1902 147 1938 Justus
155 1903 211 1932 fine
219 1904 367 1933 mendacio
377 1905 483 1934 candor
492 1906 567 1942 apud
578 1905 668 1934 bonos
676 1906 786 1935 crimini
798 1915 855 1935 non
863 1905 1173 1938 est.Paterc.2.116.extr.

58 1941 168 1970 Merere
179 1941 302 1971 candore
313 1942 444 1972 favorem.
466 1942 551 1972 Ovid.
567 1954 589 1977 ς.
601 1943 682 1972 Trist.
696 1953 720 1980 3.
739 1953 782 1980 5³-

3 1998 6 2002 ⁴
25 1977 270 2008 CANnErAcro
282 2001 290 2014 ‚
312 1979 474 2016 [λώκοάνω]
494 1982 548 2010 ere.
570 1980 729 2010 Candidum
750 1981 849 2010 facere.
890 1981 977 2012 Plaut.
997 1982 1078 2012 Most.
1101 1992 1124 2011 1.
1147 1992 1172 2019 3.

61 2024 122 2046 102.
145 2015 206 2046 Una
219 2026 302 2054 opera
313 2017 381 2047 ebur
388 2024 542 2047 atramento
554 2019 736 2048 candefacere
751 2019 881 2057 postules.
914 2021 931 2049 i.
951 2031 975 2050 e.
999 2020 1106 2050 Nativoe
1121 2020 1175 2049 for-

59 2063 111 2083 mae
124 2054 258 2084 inducere
268 2055 365 2085 fucum
384 2056 585 2085 deformantein
597 2057 698 2094 magis,
720 2066 802 2094 quarn
821 2064 975 2087 ornantem.
1016 2058 1130 2094 [Immo
1144 2058 1174 2087 fi-

44 2110 46 2113 .
63 2101 129 2130 gura
140 2092 178 2121 est
189 2102 343 2130 oxymoron
353 2113 361 2125 ‚
382 2095 408 2123 &
423 2092 501 2123 simul
517 2092 646 2129 oio‘u'vmvv,
668 2095 703 2124 de
723 2105 750 2124 re
762 2095 923 2132 imposiibili
937 2098 962 2125 Sc
972 2097 1116 2125 contraria.

0 2127 99 2197 [iobii
110 2140 128 2172 ¹³.
138 2134 228 2166 urio,
250 2131 298 2160 eri.
320 2131 390 2160 Plin.
404 2140 446 2168 33.
461 2141 485 2169 3.
508 2131 643 2162 Marmori
652 2133 730 2169 liciis,
751 2142 810 2170 quse
822 2133 969 2163 candefieri
981 2143 1038 2162 non
1050 2134 1172 2172 possunt,

58 2177 67 2196 i
91 2175 182 2197 initur.
986 2198 989 2202 .

0 2215 12 2253 ἵ
25 2205 72 2235 CA
81 2215 151 2272 11ῑέ11
160 2216 174 2234 ε
183 2216 203 2234 A
212 2216 229 2235 c
238 2215 259 2234 τ
268 2216 287 2235 u
299 2215 325 2242 s,
346 2216 361 2236 a
371 2228 379 2242 ‚
400 2216 457 2237 um.
482 2206 596 2245 Ignitus.
619 2214 650 2238 ut
659 2228 668 2244 ‚
689 2207 806 2246 Lapides
822 2208 988 2239 candefieri.
1008 2207 1077 2239 Ph'n.
1098 2215 1172 2246 348.

0 2256 9 2270 r
58 2252 110 2272 con
125 2265 131 2272 .
144 2253 159 2272 2
182 2266 188 2273 .
204 2254 247 2273 10.

0 2289 15 2316 ,·
25 2280 69 2310 CA
79 2290 98 2309 Ν
108 2254 191 2310 οἶεςο
203 2303 210 2317 ,
233 2278 493 2318 [ὐπλώκαὲνομακ]
517 2286 571 2312 are.
594 2283 752 2313 Candidum
765 2283 828 2313 effe.
872 2284 940 2314 Plin.
955 2284 1004 2314 lib.
1014 2290 1040 2319 8.
1053 2294 1114 2323 cap.
1125 2288 1172 2321 46.

3 2326 13 2351 Γ
57 2317 163 2355 Inligne
171 2319 196 2348 ei
207 2341 215 2354 ,
236 2320 265 2348 111
276 2320 376 2349 dextro
387 2319 471 2349 latere
481 2321 758 2350 candicansmacula.
800 2321 841 2351 De
853 2323 902 2360 Api
914 2322 1117 2359 boveloquitur

7 2379 9 2383 .
57 2356 210 2386 Candicans
220 2357 330 2387 vadum.
372 2357 439 2387 Plin.
454 2357 483 2386 in
494 2359 570 2396 praef.
583 2359 661 2396 lib.3.
682 2359 851 2397 Frequentcs
861 2361 966 2399 quippe
977 2362 1066 2390 taeniae
1080 2361 1175 2390 candi·

3 2414 10 2423 .-
74 2395 161 2423 cantis
172 2395 250 2430 vadi,
272 2396 378 2424 carinas
393 2396 525 2425 territant.

4 2447 10 2467 ;
26 2430 306 2461 CANDmArirtA
319 2454 326 2467 ,
348 2442 379 2462 ae.
410 2433 428 2462 f.
460 2430 662 2469 [λώηρχξοωι]
690 2434 758 2464 Ρ1111.
777 2435 826 2464 lib.
839 2444 882 2472 37.
900 2445 961 2474 cap.
979 2444 1021 2473 13.
1050 2436 1173 2466 Fastitiae

5 2490 8 2495 .
55 2468 256 2499 scarificationis
267 2471 471 2500 candicantiam
481 2472 599 2509 fugiunt.
640 2472 683 2502 De
697 2474 823 2510 gemmis.

7 2506 215 2543 3Cnnomo,
245 2508 276 2538 ln
300 2518 508 2538 CANnrnus.

7 2565 14 2570 .
26 2544 236 2581 (lanuinus,
257 2555 271 2574 a
283 2567 290 2579 .
311 2556 367 2575 uni.
390 2545 516 2582 [adadu
534 2545 630 2581 ἀενὲς,
652 2546 769 2583 ἔξμπς]
791 2548 870 2578 idem
883 2556 916 2578 ac
934 2549 1072 2579 Candens.
1094 2551 1169 2580 Serv.

55 2582 83 2611 in
97 2592 120 2618 3.
142 2583 241 2621 Georg.
257 2583 327 2619 virg.
341 2583 417 2613 aliud
432 2584 469 2613 est
483 2585 641 2614 Candidum
662 2585 734 2621 esse;
756 2586 784 2614 id
804 2587 841 2615 est
857 2587 974 2623 quadam
990 2588 1092 2617 nitenti
1109 2589 1172 2618 luce

58 2620 214 2658 perfusum:
238 2621 420 2651 aliudlllbum
431 2643 440 2656 ,
461 2623 537 2659 quod
546 2623 643 2660 pallori
655 2625 761 2653 constat
773 2624 827 2653 elle
843 2625 976 2655 vicinum.
1016 2625 1118 2662 [Hanc
1134 2632 1174 2656 ta.

0 2677 1 2683 .
55 2667 118 2688 men
131 2659 316 2688 differentiam
328 2669 387 2688 non
395 2659 499 2697 ubique
512 2661 691 2690 observarunt
700 2662 816 2699 antiqui.

55 2696 159 2735 Cycnis
171 2697 324 2726 candidior.
346 2697 418 2734 Virg.
430 2706 454 2735 7.
466 2698 523 2727 Hel.
536 2704 579 2733 38.

2 2754 6 2760 .
53 2733 124 2764 Nive
134 2734 268 2764 candidus
277 2745 367 2764 mons.
390 2735 456 2765 Hor.
471 2746 493 2765 1.
510 2736 599 2765 Carni.
611 2746 635 2772 9.
651 2746 674 2766 1.

6 2800 8 2802 .
132 2771 214 2801 Vides
224 2772 446 2803 iitaltastetnive
461 2774 614 2803 candidum

7 2819 13 2849 ‘.
53 2808 171 2839 Nivibus
181 2811 336 2840 candidior.
358 2811 441 2840 Ovid.
455 2817 480 2846 g.
494 2812 565 2842 Met.
579 2821 642 2849 773.

0 2862 1 2866 =
53 2847 135 2877 Aries.
158 2848 228 2885 Vir-g.
243 2857 266 2883 3.
284 2848 382 2886 Georg.
396 2855 457 2886 387.

0 2895 3 2900 ·
53 2885 122 2914 Avis.
144 2885 215 2923 Virg.
229 2895 253 2915 2.
268 2886 365 2923 Georg.
381 2896 442 2923 3²0·
464 2887 506 2916 De
522 2886 641 2917 ciconia.

0 2912 12 2943 ³·
53 2919 144 2952 Barba.
167 2924 251 2953 Ovid.
266 2933 288 2957 3.
305 2923 383 2953 Trist.
402 2934 444 2954 10.
457 2934 500 2954 22.

0 2961 5 2965 “
141 2960 175 2990 Et
186 2961 255 2990 nitet
265 2962 380 2991 indut‘to
392 2963 511 2992 candida
522 2961 607 2992 barba
625 2961 698 2999 gelu.
809 2962 881 3001 Virg.
897 2971 921 2994 1.
943 2963 1001 2995 Ecl.
1011 2972 1055 3002 29.
1084 2964 1171 2998 Barba

10 3018 11 3024 .
71 2998 220 3028 candidior.
243 3001 259 3028 i.
272 3009 295 3028 e.
320 2999 482 3030 Canescens.
526 3000 555 3030 V.
597 3001 635 3029 ibi
648 3000 767 3030 Taubm.
778 3011 806 3038 p.
819 3011 845 3037 9.

8 3047 11 3061 ι
52 3033 165 3066 Brachia
173 3037 336 3067 candidiora
347 3037 421 3068 nive.
443 3038 528 3067 Ovid.
544 3048 567 3073 3.
586 3040 677 3069 1111101.
693 3047 718 3076 7.
729 3044 755 3074 8.

52 3072 156 3112 Caput‚
182 3074 297 3104 Canum.
321 3075 406 3105 Plaut.
424 3076 503 3105 Most.
515 3085 539 3112 ς.
549 3086 574 3106 2.
586 3083 630 3112 27.

0 3120 3 3127 ¹
52 3109 159 3142 Cervix.
182 3112 249 3143 Hor.
265 3112 393 3148 3.(331111.
410 3124 435 3149 9.
447 3123 473 3143 2.

239 3165 277 3171 »-
290 3150 401 3180 brachia
416 3152 541 3181 candidae

141 3187 250 3218 Cervici
262 3188 371 3224 juvenis
385 3189 476 3219 dabat.

10 3226 15 3251 L
52 3222 136 3255 Colla.
159 3225 229 3263 Virg.
240 3237 266 3261 4.
278 3226 377 3264 Georg.
392 3236 454 3264 337.

0 3285 2 3288 ,
51 3261 141 3292 Color.
162 3263 229 3293 Plin.
242 3263 289 3293 lib.
303 3274 328 3293 2.
344 3275 404 3302 cap.
418 3268 460 3299 18·

10 3309 14 3315 ·
51 3298 147 3330 Grinis.
169 3300 256 3330 Valer.
270 3306 296 3331 6.
315 3304 412 3339 Argon.
427 3307 473 3332 61.

13 3357 15 3361 .
53 3335 137 3368 Cutis.
159 3337 225 3368 Plin.
242 3338 290 3368 lib.
302 3349 327 3368 2.
344 3350 404 3378 cap.
418 3346 463 3376 78.

51 3371 124 3405 Dies.
145 3375 226 3406 Ovid.
242 3386 266 3407 2.
285 3376 364 3406 Trist.
378 3386 440 3413 142.

139 3413 221 3444 Nube
232 3414 300 3446 solet
308 3414 384 3453 pulsa
396 3415 532 3445 candidus
546 3416 585 3446 ire
595 3414 663 3445 dies.
753 3450 755 3452 q

49 3445 169 3481 Flamina
179 3453 298 3482 candida
309 3475 316 3488 ‚
338 3452 443 3484 Lucida
455 3456 481 3484 &
493 3454 574 3484 clara.
596 3453 685 3484 Valer.
700 3457 725 3489 8.
745 3453 846 3491 Argon.
859 3458 925 3490 247.

51 3487 157 3518 Fontes.
179 3490 243 3519 Sen.
263 3490 372 3528 OEdip.

3 3547 9 3551 .
44 3522 123 3556 Lilia.
148 3527 216 3564 Virg.
232 3531 256 3557 6.
275 3529 336 3559 liin.
350 3534 415 3565 708.

51 3560 133 3594 Luna.
153 3563 225 3602 Virg.
240 3574 264 3601 7.
281 3566 342 3596 IEn.
355 3572 382 3601 8.

139 3601 217 3632 Luna
226 3611 316 3640 negat.

52 3634 115 3668 Ora.
136 3640 219 3670 Ovid.
233 3642 268 3670 de
279 3640 428 3671 Medicam.
442 3641 524 3671 faciei
537 3651 581 3677 52.

50 3671 128 3706 Panis
141 3679 284 3708 candidus.
326 3680 357 3709 In
381 3690 421 3708 ΡΛ
431 3689 451 3708 Ν
462 3689 500 3708 ts.
855 3715 861 3721 ,

35 3714 37 3720 ’
51 3710 160 3744 penora
175 3717 285 3746 nivibus
296 3739 303 3752 ‚
324 3717 450 3754 lacteque
461 3717 634 3747 candidiora.
657 3715 741 3746 ovid.
755 3718 797 3746 16.
809 3715 894 3753 Epist.
905 3720 970 3752 23⁷0.

51 3750 136 3788 Piper.
159 3753 225 3782 Plin.
239 3754 287 3785 lib.
303 3764 344 3784 12.
358 3765 417 3792 cap.
429 3762 454 3791 7.

51 3787 178 3827 Populus.
200 3789 273 3828 Virg.
288 3802 313 3827 9.
328 3792 383 3822 Ecl.
396 3802 441 3828 41.

240 3845 276 3850 —-
286 3831 405 3859 candida
416 3827 537 3867 populus
549 3834 628 3858 antro
818 3864 824 3871 ε
901 3864 907 3871 .
930 3865 935 3871 .

118 3882 128 3890 s
138 3861 279 3896 Imminet.
392 3866 532 3905 Populum
542 3866 634 3896 albam
645 3888 653 3902 ,
676 3863 804 3896 arborem
816 3862 957 3902 intelligit.

5 3902 16 3908 ⁸
51 3899 148 3932 Puella.
160 3903 255 3938 Oavid-
267 3913 292 3933 2.
306 3905 396 3934 Amor.
409 3916 434 3939 4.
449 3914 492 3941 39.
903 3940 908 3946 ,
1049 3939 1056 3947 Q
1136 3938 1140 3941 .
1156 3937 1159 3939 .

50 3940 198 3971 Sententia.
240 3941 324 3973 Ovid.
339 3953 382 3978 ις.
395 3943 466 3972 Met.
481 3952 528 3979 47.
549 3941 664 3980 Propter
675 3939 815 3972 calculum
827 3938 989 3977 candidum,
1010 3950 1058 3977 qui
1070 3939 1167 3972 demist

706 2774 828 2805 Soracte.

494 3583 531 3588 —
542 3576 595 3596 nec
607 3566 726 3596 candida
738 3564 847 3595 cursum

1611 138 1640 173 C
1740 143 1763 175 Α
1864 143 1894 176 Ν
2316 159 2384 197 453

1288 214 1331 245 sus
1342 216 1370 245 in
1380 226 1476 259 urnam
1486 226 1566 259 rnore
1580 221 1694 256 antiquo
1707 221 1911 252 absolutionem
1922 233 1936 252 a
1951 224 2032 262 culpa
2046 224 2213 263 significabat
2224 248 2233 263 ‚
2253 236 2285 260 lit
2305 231 2389 269 paulo

1290 262 1353 282 ante
1369 255 1547 291 deieriaicrat
1561 256 1689 287 Ovidius.
1734 259 1761 288 V.
1785 270 1802 288 c
1814 270 1882 290 ace
1892 271 1908 290 u
1920 273 1936 289 1„
1947 272 1964 290 υ
1974 272 1996 291 s.

1270 290 1326 320 Sol.
1352 292 1435 320 Ovid.
1453 303 1493 326 iq.
1507 293 1576 323 Met.
1592 303 1634 329 30.

1270 327 1370 357 Stella’.
1398 329 1462 357 Hor.
1476 339 1499 365 3.
1517 330 1606 360 Carni.
1620 343 1661 365 ις.
1676 336 1701 361 6.

1350 365 1383 394 Et
1392 366 1473 394 stellis
1484 368 1614 398 nebulam
1624 369 1745 407 spargere
1760 371 1895 402 candidis.

1270 401 1375 431 Sidera.
1398 403 1505 432 Lucret.
1519 405 1566 434 lib.
1579 417 1602 441 ς.
1618 417 1696 442 1209.

1270 439 1388 469 Taurus.
1412 440 1484 475 X'iriz.
1500 452 1521 471 1.
1539 443 1638 480 Georg.
1650 454 1713 480 217.
1726 445 1762 474 dc
1775 445 1876 475 Sidere.

1271 476 1365 505 Turba
1379 479 1516 507 candida:
1542 483 1744 512 avestimentis.
1767 483 1851 513 Ovid.
1864 493 1889 514 2.
1901 483 1969 514 Fast.
1980 488 2044 523 654.

1272 513 1377 542 Turris.
1401 515 1518 545 ll'lartial.
1531 515 1579 546 lib.
1597 528 1638 547 12.
1654 529 1696 554 3¹·

1352 551 1476 588 Quaeque
1485 555 1554 589 gerit
1567 555 1665 585 similes
1676 557 1794 588 candida
1807 559 1889 588 turris
1900 569 1972 589 aves.

1273 586 1424 617 Velamina.
1449 590 1532 620 Ovid.
1551 601 1593 621 10.
1608 594 1689 630 Epist.
1709 606 1754 629 41.

1273 625 1365 654 Umbo
1377 627 1520 656 candidus.
1561 628 1593 658 In
1614 641 1632 658 u
1642 642 1662 658 M
1673 641 1686 658 11
1696 642 1723 660 o.

1272 662 1429 729 Vsipzigue‘}
1441 664 1529 730 (32:⁴3,
1540 675 1598 703 quic
1614 666 1704 697 Fuseae
1715 670 1876 706 opponitur.
1892 671 2011 708 Quintil.
2024 672 2073 703 lib.
2088 682 2131 704 11.
2143 682 2206 713 cap.
2218 682 2242 712 3.
2265 673 2306 705 lta
2319 675 2390 706 Grae-

1272 736 1373 780 Facere
1385 738 1505 780 candida
1517 739 1551 768 de
1561 741 1655 777 nigris.
1696 742 1778 773 Ovid.
1796 754 1837 774 11.
1850 744 1919 775 Met.
1930 755 1993 783 315.
2023 747 2086 777 Hoc
2104 749 2140 778 de
2150 749 2248 779 Asturis
2259 752 2284 780 S:
2301 750 2389 781 versu-

1291 777 1326 804 tis
1336 775 1391 804 dici
1405 775 1472 804 solet
1483 798 1490 809 ‚
1515 779 1652 813 proverbii
1664 778 1762 816 specie.

1271 808 1377 850 Lapide
1385 814 1549 842 candidiore
1561 815 1636 844 diem
1648 824 1753 846 notare.
1779 818 1878 849 Catull.
1892 823 1937 849 66.
1954 827 2015 857 148.

1351 849 1417 886 Quo
1431 849 1524 887 lapide
1538 851 1586 882 illa
1599 854 1675 882 diem
1694 855 1858 886 candidiore
1880 864 1966 887 notet.
2047 858 2226 891 Proverbialis
2241 862 2384 899 loquutio:

1289 886 1333 930 De
1344 897 1397 924 qua
1406 889 1431 917 ἃ
1443 888 1576 919 similibus
1588 911 1596 925 ,
1617 891 1681 933 vide
1697 892 1859 929 amplillime
1871 893 2010 926 Erasmum
2024 896 2054 925 in
2066 897 2185 930 Chiliad.
2208 900 2284 929 cons.
2305 900 2388 939 supra

1290 932 1320 953 in
1341 933 1548 956 CAtcuLus.
1600 927 1673 957 Hinc

1270 962 1432 996 Candidus,
1454 963 1531 993 Felix
1542 985 1550 999 ,
1570 964 1672 994 faustus
1687 987 1696 1001 ‚
1716 972 1748 995 ut

1271 998 1337 1029 Fata
1347 1000 1475 1029 candida.
1497 1001 1602 1031 Tibull.
1618 1012 1641 1038 3.
1657 1006 1683 1032 6.
1696 1012 1740 1038 30.

1270 1036 1338 1066 Fato
1349 1038 1515 1068 candidiore.
1530 1039 1593 1069 frui.
1615 1040 1700 1070 Ovid.
1718 1050 1742 1077 3.
1755 1039 1835 1072 Trist.
1847 1053 1873 1078 4.
1887 1050 1931 1080 34.

1270 1074 1347 1104 Hora
1358 1076 1485 1105 candida.
1511 1077 1595 1106 Ovid.
1614 1087 1638 1112 3.
1656 1078 1690 1107 de
1702 1078 1780 1108 Pont.
1794 1090 1817 1115 ς.
1832 1090 1875 1116 ς2.

1271 1112 1380 1142 Natalis
1392 1113 1536 1143 candidus.
1560 1115 1644 1145 Ovid.
1657 1126 1679 1152 ς.
1693 1115 1773 1146 Trist.
1787 1128 1809 1153 ς.
1826 1127 1868 1153 13.

1351 1150 1470 1188 Optime
1483 1152 1581 1182 natalis
1594 1175 1602 1188 ‚
1624 1155 1749 1190 quamvis
1758 1155 1856 1191 procul
1866 1155 1995 1186 absumus
2009 1179 2018 1192 .,
2039 1165 2107 1197 opto

1403 1188 1548 1219 Candidus
1558 1190 1614 1220 huc
1625 1192 1728 1226 venias,
1750 1192 1939 1230 dissimilisque
1950 1204 2023 1225 meo.
2106 1197 2140 1227 Et
2148 1196 2388 1237 Tibull.1.7.extr.

1352 1226 1386 1255 At
1396 1232 1428 1255 tu
1438 1226 1536 1256 natalis
1548 1249 1556 1263 ‚
1577 1228 1679 1259 multos
1694 1229 1860 1260 celebrande
1869 1241 1919 1268 per
1928 1242 2016 1263 annos
2025 1254 2033 1270 ‚

1401 1264 1557 1294 Candidior
1568 1265 1675 1304 semper
1686 1289 1694 1302 ,
1717 1268 1917 1305 candidiorque
1927 1269 1997 1300 redi.

1290 1301 1350 1339 pria
1366 1301 1528 1339 significatio
1540 1303 1634 1333 locum
1646 1304 1737 1334 habet.
1776 1305 1808 1335 V.
1829 1306 1896 1336 Dies
1906 1306 1994 1345 supra.

1272 1338 1389 1369 Somnia
1401 1339 1529 1370 candida.
1555 1342 1640 1371 Ovid.
1657 1352 1699 1379 15.
1718 1343 1800 1380 Epist.
1818 1353 1880 1379 124.

1467 1394 1505 1399 —-
1514 1385 1542 1407 tc
1552 1379 1658 1409 somnia
1671 1380 1760 1409 nostra
1770 1381 1927 1417 reducunt,

1365 1415 1482 1445 Somnia
1490 1415 1610 1446 formosa
1621 1418 1782 1447 candidiora
1793 1419 1847 1448 die.

1272 1451 1431 1494 Candidum
1442 1454 1504 1489 ovi,
1525 1453 1698 1485 substantive.
1722 1456 1789 1485 Plin.
1802 1456 1851 1486 lib.
1861 1465 1905 1492 29-
1917 1466 1977 1495 cap.
1992 1465 2016 1492 3.
2037 1455 2166 1488 Candido
2179 1468 2294 1490 ovorum
2307 1460 2391 1492 facies

1291 1489 1361 1518 illita
1370 1513 1378 1526 ‚
1399 1490 1455 1520 sole
1464 1501 1523 1520 non
1532 1493 1666 1522 aduritur.
1688 1494 1763 1523 cons.
1787 1493 1885 1524 Album
1895 1496 1925 1524 in
1945 1505 1964 1523 A
1973 1506 1988 1523 L
1998 1505 2013 1523 Β
2023 1505 2040 1524 υ
2049 1505 2070 1525 s.

1271 1527 1433 1558 Candidum
1443 1538 1477 1558 ex
1487 1539 1551 1559 ovo.
1591 1530 1660 1559 Plin.
1672 1530 1719 1561 lib.
1734 1541 1777 1566 29.
1793 1541 1853 1570 cap.
1869 1542 1894 1568 3.
1933 1533 2031 1570 Neque
2052 1533 2129 1563 aliud
2143 1544 2225 1572 quam
2240 1535 2392 1566 candidum

1292 1574 1326 1594 ex
1348 1575 1403 1594 ovo
1423 1567 1553 1603 infundi,
1575 1577 1607 1597 ac
1626 1568 1765 1606 pollinem
1776 1570 1873 1599 thuris.

1271 1602 1416 1633 Candidus
1424 1604 1615 1635 tranffumitur
1626 1607 1661 1635 ad
1679 1607 1808 1636 Animum
1819 1628 1827 1643 ‚
1845 1609 1871 1637 ἃ
1882 1605 2014 1645 significat
2026 1607 2136 1645 Purum,
2158 1610 2291 1639 sincerum
2304 1632 2312 1645 ‚
2331 1611 2394 1640 nul-

1289 1640 1372 1678 laque
1379 1642 1490 1671 invidiae
1499 1650 1546 1672 aut
1557 1643 1761 1673 malevolenriae
1771 1645 1879 1675 macula
1887 1646 2082 1675 labefactatum
2093 1658 2099 1676 :
2116 1654 2146 1676 ut
2156 1646 2317 1678 Candidum
2326 1649 2394 1680 ami-

1291 1687 1357 1708 cum
1373 1680 1510 1716 dicimus,
1532 1682 1558 1710 8(
1568 1681 1727 1711 Candidum
1736 1682 1877 1713 lectorem.
1899 1683 1986 1714 Ovid.
1997 1695 2024 1720 4.
2036 1684 2117 1715 Trist.
2132 1694 2176 1715 10.
2190 1694 2251 1722 132.

1351 1716 1416 1752 Jure
1428 1718 1478 1746 tibi
1491 1725 1578 1755 grates
1588 1741 1597 1754 ‚
1619 1720 1740 1749 candide
1750 1720 1837 1750 lector
1847 1742 1855 1756 ‚
1876 1730 1937 1758 ago,

1271 1753 1387 1784 Pectore
1397 1756 1541 1786 candidus.
1564 1757 1648 1786 Ovid.
1660 1768 1686 1793 4.
1700 1758 1735 1787 de
1752 1758 1828 1787 l’ont.
1844 1768 1886 1794 14.
1899 1767 1946 1795 43.

1363 1793 1434 1822 Tam
1444 1794 1511 1822 felix
1520 1795 1629 1825 utinam
1641 1817 1649 1829 ,
1670 1804 1753 1832 quam
1764 1797 1876 1833 pectore
1884 1796 2020 1826 candidus
2028 1795 2120 1827 effem.

1272 1830 1377 1859 Animae
1388 1831 1575 1862 candidiores.
1596 1833 1663 1862 Hor.
1679 1843 1701 1862 1.
1716 1834 1802 1863 Serm.
1817 1845 1841 1870 ς.
1857 1844 1903 1870 41.

1270 1867 1372 1897 Purum
1381 1870 1407 1898 Sc
1419 1870 1571 1900 candidum
1583 1880 1669 1907 genus
1681 1871 1802 1900 dicendi.
1836 1871 1895 1900 Cic.
1908 1872 1938 1900 in
1952 1871 2028 1901 Orat.
2042 1881 2085 1907 53.
2108 1871 2258 1902 Elaborant
2271 1872 2317 1902 alii
2327 1872 2394 1904 levi..

1289 1912 1346 1935 tate
1356 1908 1381 1936 &
1392 1907 1576 1944 aequabilitate
1586 1930 1594 1943 ,
1615 1910 1641 1938 Sc
1650 1918 1720 1946 puro
1731 1909 1805 1946 quali
1814 1909 1936 1947 quodam
1951 1911 1977 1939 ἃ
1988 1910 2112 1939 candido
2124 1919 2227 1944 genere
2237 1911 2361 1943 dicendi.

1270 1943 1429 1981 ingenium.
1454 1945 1519 1974 Hor.
1534 1946 1623 1983 Epod.
1638 1956 1679 1975 11.
1696 1950 1738 1977 16.

1269 1980 1372 2016 =ludex.
1391 1981 1457 2011 Hor.
1472 1993 1494 2013 1.
1507 1983 1589 2021 Epist.
1603 1995 1630 2019 4.
1649 1993 1670 2013 1.

1271 2019 1286 2054 J
1291 2020 1384 2049 udicio
1395 2020 1557 2050 candidiore
1565 2021 1665 2059 legere.
1688 2020 1772 2052 Ovid.
1784 2030 1810 2052 2.
1825 2021 1905 2052 Trist.
1914 2027 1960 2056 80.
1990 2052 1995 2058 ,

1270 2057 1394 2087 Pectora.
1419 2057 1493 2095 Virg.
1506 2070 1531 2094 9.
1544 2059 1606 2089 AEn.
1618 2069 1682 2096 432.
2006 2093 2009 2096 y

1271 2095 1397 2132 Scriptcr
1411 2097 1546 2126 candidus
1557 2119 1565 2132 ‚
1587 2097 1618 2127 In
1630 2106 1684 2134 quo
1697 2097 1802 2127 nonest
1812 2096 1962 2127 obscuritas
1972 2096 2016 2126 vel
2028 2098 2145 2128 macula.
2170 2098 2297 2129 Budaeus.
2316 2135 2318 2137 ,

1272 2132 1333 2162 Vita
1343 2134 1471 2163 candida.
1512 2134 1571 2164 Cic.
1584 2145 1609 2170 9.
1628 2137 1681 2165 Att.
1697 2146 1721 2170 5·
1751 2135 1829 2165 Adde
1839 2135 1887 2164 tali
1902 2137 1980 2170 vim,
2001 2135 2085 2165 talem
2105 2135 2212 2167 causam
2233 2138 2344 2174 agenti,
2366 2139 2392 2169 ἃ

1289 2181 1342 2207 ego
1357 2181 1423 2200 vero
1436 2171 1494 2201 haec
1505 2172 1640 2202 efficiam:
1663 2173 1689 2201 ei
1709 2173 1828 2202 candida
1842 2173 1898 2203 vita
1911 2195 1919 2206 .
1940 2180 2019 2211 put0.
2051 2174 2079 2202 h.
2091 2183 2115 2203 e.
2137 2174 2391 2212 irreprehensibilis.

1289 2209 1414 2252 [verum
1423 2209 1453 2238 in
1462 2211 1592 2240 correctis
1601 2211 1683 2240 codd.
1697 2210 1854 2249 expreffum
1868 2221 1875 2241 :
1903 2211 1961 2249 Ego
1976 2220 2042 2241 vero
2060 2212 2119 2241 haec
2140 2212 2230 2242 officia
2246 2215 2393 2244 mercanda

1289 2253 1346 2275 vita
1365 2253 1435 2276 fleto.

1271 2257 1436 2320 Candidus,
1457 2295 1510 2322 pro
1525 2284 1685 2320 Benevolo,
1704 2285 1848 2323 benigno,
1868 2287 1988 2324 integro.
2010 2286 2079 2316 Hor.
2093 2296 2116 2316 1.
2131 2287 2215 2325 Epist.
2227 2291 2252 2318 6.
2266 2291 2311 2323 68.

1464 2338 1502 2343 —
1511 2322 1530 2351 si
1541 2324 1609 2360 quid
1617 2324 1716 2353 novisti
1731 2325 1832 2354 rectius
1840 2324 1897 2354 istis
1907 2346 1914 2359 ‚

1364 2359 1508 2390 Candidus
1520 2361 1647 2398 imperti:
1670 2362 1688 2391 si
1703 2372 1760 2391 non
1770 2384 1778 2397 ,
1800 2362 1842 2392 his
1853 2368 1931 2392 utere
1945 2369 2065 2391 memini.

1270 2398 1384 2428 Favonii
1397 2398 1521 2428 candidi.
1542 2399 1608 2429 Hor.
1622 2409 1646 2435 3.
1663 2399 1750 2429 Carni.
1765 2410 1789 2436 7.
1806 2410 1829 2429 1.
1851 2401 1869 2429 i.
1884 2407 1909 2429 e.
1930 2400 2065 2437 Benigni‚
2087 2399 2252 2431 favorabiles
2264 2423 2272 2436 ‚
2293 2400 2391 2439 sereni,

1289 2437 1315 2465 δε
1326 2436 1458 2474 prosperi.
1496 2436 1548 2466 Iste
1558 2438 1634 2467 enim
1644 2444 1744 2467 ventus
1752 2447 1838 2467 verno
1849 2445 1976 2475 tempore
1986 2438 2157 2474 frequentius
2166 2439 2222 2468 flat.
2254 2441 2351 2470 Acron.

1269 2471 1425 2510 Candidus,
1436 2474 1474 2504 est
1488 2476 1514 2504 ὃς
1527 2475 1693 2512 Cognomen
1706 2475 1871 2505 Coeliorum.
1885 2475 2013 2505 Vaillant.
2025 2476 2161 2506 Numism.
2178 2476 2272 2507 Famil.
2283 2490 2301 2505 c.
2316 2488 2392 2515 p.73.

1231 2512 1255 2542 C
1265 2522 1284 2541 A
1294 2521 1314 2539 Ν
1324 2521 1360 2540 DI
1370 2521 1387 2540 D
1397 2521 1427 2547 Ε,
1449 2512 1515 2541 Adv.
1535 2510 1685 2548 [ἁφᾶένως]
1707 2513 1735 2543 11.
1752 2524 1775 2542 e.
1797 2513 1923 2551 Benigne
1934 2535 1943 2549 ,
1965 2513 2021 2542 fine
2034 2513 2147 2544 invidia.
2171 2514 2228 2544 Cic.
2243 2522 2268 2549 8.
2283 2516 2354 2544 Fam.
2366 2520 2391 2545 6.

1270 2550 1435 2615 Calvendum
1446 2550 1496 2579 tibi
1506 2551 1557 2580 erit
1566 2572 1574 2587 ,
1595 2560 1631 2580 ne
1642 2561 1739 2589 parum
1748 2550 1910 2589 simpliciter
1925 2553 1951 2581 ὁὶ
1960 2551 2084 2581 candide
2095 2550 2214 2590 posuisse
2234 2553 2395 2583 inimicitias

1269 2596 1297 2616 vi
1321 2596 1398 2616 eatis.

1270 2625 1398 2654 Candide
1411 2625 1532 2654 vestitus.
1557 2625 1643 2655 Plaut.
1652 2625 1712 2656 Cas.
1729 2637 1755 2662 4.
1771 2636 1794 2656 1.
1808 2637 1833 2662 9.
1854 2627 1883 2656 h.
1898 2637 1922 2656 e.
1945 2626 2085 2656 Decenter
2099 2628 2125 2657 Sc
2141 2633 2237 2658 ornate
2247 2629 2372 2658 amictus.

1230 2662 1254 2692 C
1264 2672 1339 2691 AND
1351 2673 1360 2690 1
1371 2664 1413 2691 oi]
1423 2674 1439 2691 L
1449 2673 1487 2692 us
1501 2685 1508 2697 ‚
1530 2673 1546 2692 3
1561 2685 1569 2699 ,
1590 2674 1647 2693 um.
1671 2665 1769 2693 dimin.
1791 2672 1831 2700 ut,
1852 2665 2005 2694 Candiduli
2017 2665 2124 2695 dentes.
2146 2665 2205 2695 Cic.
2221 2677 2244 2702 5.
2260 2666 2390 2703 Tusc.46.

1267 2700 1421 2729 'Candiduli
1432 2701 1531 2730 dentes
1542 2723 1549 2736 ‚
1570 2702 1678 2731 venusti
1693 2702 1785 2737 oculi,
1807 2702 1885 2732 color
1895 2702 1992 2732 suavis.

1230 2738 1254 2768 C
1266 2748 1286 2767 A
1296 2748 1315 2767 N
1327 2748 1345 2769 r>
1355 2748 1364 2766 1
1375 2748 1392 2766 o
1401 2748 1419 2767 u
1430 2749 1446 2767 L
1455 2749 1468 2768 a
1481 2761 1488 2775 ,
1508 2739 1607 2768 dimin.
1627 2740 1714 2769 Idem.
1736 2740 1838 2770 Arnob.
1851 2750 1877 2770 2.
1889 2751 1918 2778 p.
1933 2751 1976 2777 50.
1998 2740 2055 2777 Qui
2069 2740 2224 2771 sermonem
2239 2742 2390 2772 candidule

1290 2776 1390 2805 romlit.
1768 2799 1771 2807 ,

1229 2813 1253 2843 C
1262 2786 1311 2842 ΕΝ
1321 2824 1339 2842 D
1348 2816 1358 2842 Ξ
1367 2824 1384 2842 o
1393 2823 1410 2843 o
1422 2836 1429 2849 ‚
1454 2813 1657 2850 [dandamim]
1688 2819 1743 2844 are.
1773 2815 1916 2846 Dealbare.
1951 2815 2123 2854 Pomponius
2132 2839 2140 2851 ,
2162 2816 2268 2846 Vestem
2292 2817 2389 2846 lixivio

1268 2851 1431 2881 candidans.
1471 2851 1589 2882 Tertull.
1609 2853 1671 2882 adv.
1695 2853 1789 2883 Gnost.
1815 2864 1875 2892 cap.
1891 2863 1933 2883 12.
1971 2853 2109 2884 Lavarunt
2125 2855 2319 2883 vestimentum
2333 2877 2337 2885 .
2362 2857 2389 2885 Sc

1267 2890 1489 2919 candidaverunt
1499 2889 1589 2927 ipsum
1599 2890 1628 2919 in
1638 2890 1769 2929 sanguine
1781 2893 1855 2929 agni.
1876 2891 1986 2930 Augu-st.
1999 2891 2083 2930 Epist.
2098 2895 2161 2925 168.
2183 2891 2258 2922 Albis
2270 2892 2389 2921 vestibus

1267 2928 1434 2957 candidatur
1445 2950 1454 2963 ,
1475 2927 1532 2957 scil.
1554 2927 1724 2966 Baptizatus.

1266 2965 1439 2995 Intraniitive
1451 2985 1458 2996 ,
1479 2965 1643 2996 Candidum
1654 2966 1724 2996 esse:
1746 2973 1794 3002 ut,
1814 2966 1953 2997 Medietas
1965 2967 2128 2997 circumitur
2137 2966 2225 2996 limite
2237 2967 2386 3009 candidan-

1286 3010 1323 3032 te.
1364 3003 1452 3033 Solin.
1467 3013 1528 3041 cap.
1543 3007 1589 3039 46.
1612 3004 1660 3034 sic
1678 3005 1772 3034 edidit
1785 3013 1822 3035 ex
1835 3006 1949 3043 antiquo
1968 3004 2040 3034 libro
2052 3004 2195 3034 Salmasius
2206 3027 2214 3041 ,
2237 3006 2285 3034 ubi
2303 3015 2366 3041 vaip
2382 3019 2387 3033 l

1284 3040 1385 3077 legitur
1395 3041 1578 3071 Candicante.

1228 3078 1510 3113 CANnrna'ruQ
1538 3089 1571 3115 a,
1603 3090 1661 3110 um.
2167 3117 2172 3122 ,

1266 3116 1339 3145 Rud.
1355 3125 1379 3145 1.
1394 3127 1417 3151 ς.
1430 3124 1472 3145 12.
1494 3116 1565 3154 Ergo
1576 3127 1626 3148 vos
1637 3119 1741 3155 aequius
1754 3124 1813 3148 erat
1826 3118 1987 3148 candidatas
1999 3117 2092 3147 venire
2104 3116 2292 3155 liostiarasque.

1266 3153 1365 3183 Nautae
1375 3154 1518 3184 candidati
1529 3157 1718 3192 coronatique.
1739 3156 1816 3185 Suet.
1829 3156 1896 3192 Aug.
1911 3160 1955 3191 98.
1973 3164 1996 3191 3.

1227 3191 1252 3220 C
1262 3201 1280 3220 A
1289 3201 1309 3220 Ν
1320 3201 1338 3220 n
1348 3202 1357 3219 1
1365 3201 1383 3220 r>
1393 3201 1411 3220 A
1421 3201 1442 3220 ‘r
1453 3202 1470 3221 υ
1479 3202 1491 3221 s
1503 3214 1510 3227 ‚
1535 3193 1553 3222 i.
1568 3202 1605 3223 m.
1628 3194 1686 3230 Qui
1700 3194 1872 3231 magistratus
1886 3194 1913 3222 Bc
1929 3193 2049 3221 honores
2064 3191 2184 3229 petebat.
2206 3202 2222 3222 a
2233 3192 2313 3231 Toga
2324 3202 2386 3224 can-

1266 3229 1350 3265 dida3
1371 3230 1448 3266 quod
1459 3231 1598 3268 gestamen
1613 3239 1671 3260 erat
1684 3232 1836 3268 petitorum
1846 3252 1854 3265 ‚
1865 3230 2046 3272 Candidatus
2065 3229 2219 3259 vocabant:
2243 3241 2328 3268 quum
2348 3233 2385 3261 ad

1264 3267 1381 3296 comitia
1391 3267 1418 3297 se
1432 3268 1616 3298 contulissent
1626 3278 1691 3299 cum
1701 3269 1797 3298 amicis
1807 3290 1814 3303 ‚
1836 3267 1923 3297 tribus
1943 3268 2110 3310 circuirent,
2129 3267 2302 3305 singulosque
2324 3280 2385 3307 pre-

1264 3303 1421 3340 hensantes,
1443 3306 1473 3335 id
1484 3306 1522 3335 est
1533 3302 1678 3342 o'tgaiider,
1700 3307 1814 3343 gratiam
1830 3307 1856 3335 δι
1867 3305 1992 3342 suffragia
2005 3304 2143 3342 precibus,
2163 3307 2385 3344 temporariaque

1262 3342 1437 3372 observantia
1451 3352 1657 3380 mercarentur,
1678 3352 1848 3381 unoquoque
1861 3343 2029 3379 Quiritium»,
2047 3341 2278 3385 plebeiorumque
2299 3346 2324 3374 &
2337 3355 2385 3374 no.

1263 3381 1390 3409 minatim
1399 3401 1407 3416 .,
1429 3382 1454 3411 &
1467 3381 1589 3418 benigne
1600 3381 1750 3419 appellato.
1791 3382 1884 3417 Quam
1894 3381 1929 3409 ad
1940 3389 1998 3409 rem
2007 3380 2113 3409 facilius
2119 3382 2323 3418 tranligendarn
2334 3392 2385 3411 11οι

1264 3418 1449 3447 menclatores
1460 3420 1567 3448 inventi
1579 3419 1641 3448 sunt
1652 3441 1660 3454 ⁷
1682 3420 1729 3456 qui
1740 3420 1856 3447 nomina
1866 3417 2036 3455 singulorum
2047 3418 2197 3454 tenebant,
2217 3420 2383 3449 candidatis-

1263 3465 1317 3492 que
1330 3455 1527 3493 suggerebant,
1548 3462 1578 3486 ut
1588 3456 1700 3493 quisque
1710 3456 1883 3485 ebviuserat.
1904 3464 2061 3492 quanquam
2078 3455 2107 3483 id
2127 3456 2220 3493 postea
2236 3456 2298 3494 lege
2314 3459 2383 3487 veti..

1262 3500 1324 3523 tum
1337 3495 1391 3523 eil'e
1402 3516 1410 3528 ,
1433 3496 1530 3524 auctor
1543 3495 1581 3523 est
1595 3494 1753 3523 Plutarchus
1765 3494 1795 3521 in
1808 3492 1914 3522 Catone
1922 3493 2040 3521 minore.
2061 3492 2119 3522 Cic.
2129 3494 2158 3522 in
2171 3494 2264 3524 Parad.
2277 3499 2300 3524 6.
2323 3496 2382 3532 Qui

1263 3539 1324 3560 tuas
1335 3532 1497 3561 mercedum
1510 3532 1655 3569 pactiones
1665 3532 1693 3560 in
1705 3530 1877 3568 patrociniis,
1895 3530 2085 3559 intercisiones
2092 3532 2276 3568 pecuniarum
2286 3533 2314 3561 in
2326 3534 2384 3563 coi..

1259 3569 1385 3599 tionibus
1396 3570 1608 3598 candidatorum
1620 3591 1627 3603 2
1650 3568 1819 3597 dimilliones
1828 3567 1990 3597 libertorum
2001 3589 2009 3602 ,
2022 3569 2074 3597 810.
2128 3569 2199 3604 [Sic
2215 3569 2286 3607 lego.

1262 3606 1413 3636 Candidati
1425 3628 1433 3642 ‚
1455 3607 1501 3636 seu
1510 3607 1718 3644 magistratuum
1726 3606 1862 3643 petitores
1872 3627 1880 3640 ‚
1900 3606 1973 3634 veste
1986 3606 2106 3634 candida
2113 3606 2263 3637 utebantur
2273 3607 2382 3639 duabus

1281 3645 1318 3673 de
1336 3644 1430 3673 causis.
1471 3643 1577 3678 Altera,
1600 3644 1760 3673 utcandide
1771 3645 1796 3672 ἃ
1807 3652 1822 3672 e
1838 3642 1992 3680 Republica
2002 3643 2028 3672 se
2039 3649 2134 3680 petere
2142 3644 2308 3675 indicarent.
2339 3647 2382 3675 Al—

1281 3687 1340 3711 tera
1349 3703 1357 3717 ‚
1380 3684 1411 3711 u't
1422 3690 1479 3710 non
1491 3691 1525 3710 ex
1537 3681 1591 3710 suis
1601 3682 1707 3710 meritis
1717 3702 1724 3714 .
1751 3690 1812 3717 qua:
1827 3680 1855 3708 in
1866 3681 1985 3710 vestibus
2001 3681 2153 3718 inlignibus
2170 3682 2293 3720 conspici
2306 3692 2384 3721 pote—

1280 3726 1361 3754 rant,
1383 3719 1430 3748 sed
1444 3727 1478 3747 ex
1488 3728 1564 3747 mero
1575 3718 1673 3755 populi
1685 3718 1760 3746 dono
1772 3717 1879 3754 sperare
1897 3718 2103 3755 profiterentur.
2143 3719 2304 3750 Plutarchus
2321 3721 2384 3751 Pro-

1280 3756 1436 3786 blematum
1448 3756 1655 3789 Romanorum,
1674 3761 1718 3790 48·
1759 3754 1814 3784 Cur
1827 3756 1992 3785 candidatos
2009 3757 2092 3786 moris
2111 3764 2171 3786 erat
2186 3759 2215 3786 in
2234 3759 2308 3788 veste
2327 3759 2382 3788 hoc

1280 3795 1373 3824 facere
1387 3794 1444 3822 sine
1455 3794 1539 3830 toga?
1560 3793 1596 3821 'sic
1618 3794 1695 3821 enim
1708 3792 1804 3821 'scribit
1823 3792 1902 3823 Cato.
1943 3794 1983 3824 ΛΠ
2003 3794 2073 3823 forte
2096 3804 2132 3823 ne
2148 3796 2222 3825 cives
2237 3797 2382 3833 largiendo

1280 3838 1479 3868 corrumpant»,
1499 3838 1643 3867 argentum
1663 3830 1721 3859 sinu
1739 3830 1882 3860 serentes?
1919 3833 1959 3860 An
1975 3831 2045 3861 illud
2061 3833 2148 3869 magis
2167 3834 2244 3870 quod
2265 3835 2382 3871 imperio

1282 3869 1385 3906 dignos
1395 3890 1403 3901 ,
1424 3877 1481 3895 non
1493 3875 1595 3904 genere
1604 3889 1612 3903 ,
1636 3877 1695 3896 non
1704 3868 1807 3897 divitiis
1816 3890 1824 3904 ‚
1845 3878 1903 3897 non
1911 3869 2001 3905 gloria
2011 3890 2019 3904 ‚
2040 3869 2086 3899 sed
2098 3870 2258 3900 vulneribus
2270 3882 2301 3900 ac
2312 3872 2384 3901 cica-

1282 3905 1588 3940 tricibusjudicabant‘?
1610 3915 1669 3942 quae
1682 3913 1711 3934 ut
1722 3906 1755 3935 ab
1771 3907 1805 3935 iis
1825 3914 1894 3942 quos
1911 3907 2063 3936 ambiendo
2079 3908 2294 3945 prehensabant‚
2317 3917 2383 3937 con-

1281 3943 1452 3981 spicerentur
1462 3964 1469 3976 ,
1495 3942 1550 3972 sine
1559 3950 1623 3980 toga
1634 3943 1667 3972 ad
1677 3944 1833 4010 petendunb]
1841 3943 2058 4010 ἓῗΐεεηᾰεὺῑιηε.
2096 3946 2138 3974 An
2147 3945 2384 3987 quemadmodum

1896 3991 1908 4018 3
2353 3993 2384 4012 111

2088 1272 2158 1309 [ubi
2177 1279 2271 1303 tamen
2291 1276 2317 1304 δι
2329 1285 2392 1314 pro.

1692 3077 1874 3116 [λώκωνπῖς]
1902 3079 2030 3109 Candida
2045 3079 2117 3109 veste
2138 3079 2262 3109 indutus.
2297 3079 2370 3110 l’law
