<?xml version="1.0" encoding="UTF-8"?>
<!DOCTYPE html PUBLIC "-//W3C//DTD XHTML 1.0 Transitional//EN"
    "http://www.w3.org/TR/xhtml1/DTD/xhtml1-transitional.dtd">
<html xmlns="http://www.w3.org/1999/xhtml" xml:lang="en" lang="en">
 <head>
  <title>
</title>
<meta http-equiv="Content-Type" content="text/html;charset=utf-8" />
  <meta name='ocr-system' content='tesseract 3.04.00' />
  <meta name='ocr-capabilities' content='ocr_page ocr_carea ocr_par ocr_line ocrx_word'/>
</head>
<body>
  <div class='ocr_page' id='page_1' title='image "./robertistephanil01esti/robertistephanil01esti_0083.png"; bbox 0 0 2641 4187; ppageno 0'>
   <div class='ocr_carea' id='block_1_1' title="bbox 0 310 32 1395">
    <p class='ocr_par' dir='ltr' id='par_1_1' title="bbox 0 310 32 1395">
     <span class='ocr_line' id='line_1_1' title="bbox 0 310 32 1395; baseline 0 0"><span class='ocrx_word' id='word_1_1' title='bbox 0 310 32 1395; x_wconf 95' lang='lat' dir='ltr'> </span> 
     </span>
    </p>
   </div>
   <div class='ocr_carea' id='block_1_2' title="bbox 483 135 765 172">
    <p class='ocr_par' dir='ltr' id='par_1_2' title="bbox 483 135 765 172">
     <span class='ocr_line' id='line_1_2' title="bbox 483 135 765 172; baseline 0.007 -2"><span class='ocrx_word' id='word_1_2' title='bbox 483 135 512 171; x_wconf 82' lang='lat' dir='ltr'>A</span> <span class='ocrx_word' id='word_1_3' title='bbox 609 137 633 170; x_wconf 88' lang='lat' dir='ltr'>B</span> <span class='ocrx_word' id='word_1_4' title='bbox 728 137 765 172; x_wconf 91' lang='lat' dir='ltr'>H</span> 
     </span>
    </p>
   </div>
   <div class='ocr_carea' id='block_1_3' title="bbox 50 215 1235 4036">
    <p class='ocr_par' dir='ltr' id='par_1_3' title="bbox 135 215 1232 290">
     <span class='ocr_line' id='line_1_3' title="bbox 135 215 1232 253; baseline 0.005 -6"><span class='ocrx_word' id='word_1_5' title='bbox 135 215 183 248; x_wconf 83' lang='lat' dir='ltr'>hic</span> <span class='ocrx_word' id='word_1_6' title='bbox 192 217 336 247; x_wconf 86' lang='lat' dir='ltr'>scribendo</span> <span class='ocrx_word' id='word_1_7' title='bbox 347 218 405 247; x_wconf 91' lang='lat' dir='ltr'>dies</span> <span class='ocrx_word' id='word_1_8' title='bbox 414 223 488 246; x_wconf 82' lang='lat' dir='ltr'>totos</span> <span class='ocrx_word' id='word_1_9' title='bbox 497 239 505 252; x_wconf 88' lang='lat'>,</span> <span class='ocrx_word' id='word_1_10' title='bbox 526 217 596 246; x_wconf 89' lang='lat' dir='ltr'>nihil</span> <span class='ocrx_word' id='word_1_11' title='bbox 606 218 735 253; x_wconf 75' lang='lat' dir='ltr'>equidem</span> <span class='ocrx_word' id='word_1_12' title='bbox 748 218 840 248; x_wconf 85' lang='lat' dir='ltr'>levor:</span> <span class='ocrx_word' id='word_1_13' title='bbox 862 219 908 249; x_wconf 84' lang='lat' dir='ltr'>sed</span> <span class='ocrx_word' id='word_1_14' title='bbox 918 226 1011 250; x_wconf 80' lang='lat' dir='ltr'>tamen</span> <span class='ocrx_word' id='word_1_15' title='bbox 1021 222 1125 252; x_wconf 75' lang='lat' dir='ltr'>aberro,</span> <span class='ocrx_word' id='word_1_16' title='bbox 1163 224 1232 253; x_wconf 89' lang='lat' dir='ltr'>Sub-</span> 
     </span>
     <span class='ocr_line' id='line_1_4' title="bbox 136 254 1203 290; baseline 0.005 -5"><span class='ocrx_word' id='word_1_17' title='bbox 136 255 200 285; x_wconf 91' lang='lat' dir='ltr'>audi</span> <span class='ocrx_word' id='word_1_18' title='bbox 211 278 218 289; x_wconf 82' lang='lat'>.</span> <span class='ocrx_word' id='word_1_19' title='bbox 241 255 361 284; x_wconf 85' lang='lat' dir='ltr'>adolore</span> <span class='ocrx_word' id='word_1_20' title='bbox 371 277 378 289; x_wconf 85' lang='lat'>‚</span> <span class='ocrx_word' id='word_1_21' title='bbox 400 254 441 283; x_wconf 90' lang='lat' dir='ltr'>vel</span> <span class='ocrx_word' id='word_1_22' title='bbox 455 254 594 283; x_wconf 85' lang='lat' dir='ltr'>molestia:</span> <span class='ocrx_word' id='word_1_23' title='bbox 617 255 742 284; x_wconf 85' lang='lat' dir='ltr'>dolorem</span> <span class='ocrx_word' id='word_1_24' title='bbox 755 264 801 285; x_wconf 83' lang='lat' dir='ltr'>aut</span> <span class='ocrx_word' id='word_1_25' title='bbox 813 257 963 287; x_wconf 73' lang='lat' dir='ltr'>molestiam</span> <span class='ocrx_word' id='word_1_26' title='bbox 976 259 1120 289; x_wconf 81' lang='lat' dir='ltr'>scribendo</span> <span class='ocrx_word' id='word_1_27' title='bbox 1130 260 1203 290; x_wconf 68' lang='lat' dir='ltr'>hillo.</span> 
     </span>
    </p>

    <p class='ocr_par' dir='ltr' id='par_1_4' title="bbox 116 292 1234 409">
     <span class='ocr_line' id='line_1_5' title="bbox 116 292 1234 335; baseline 0.004 -12"><span class='ocrx_word' id='word_1_28' title='bbox 116 293 168 324; x_wconf 87' lang='lat' dir='ltr'>Pro</span> <span class='ocrx_word' id='word_1_29' title='bbox 190 293 277 327; x_wconf 85' lang='lat' dir='ltr'>osito,·</span> <span class='ocrx_word' id='word_1_30' title='bbox 294 292 500 330; x_wconf 70' lang='lat' dir='ltr'>&amp;apropoiito</span> <span class='ocrx_word' id='word_1_31' title='bbox 523 292 579 321; x_wconf 86' lang='lat' dir='ltr'>Cic.</span> <span class='ocrx_word' id='word_1_32' title='bbox 597 302 617 321; x_wconf 91' lang='lat'>1.</span> <span class='ocrx_word' id='word_1_33' title='bbox 630 298 676 325; x_wconf 82' lang='lat'>82.</span> <span class='ocrx_word' id='word_1_34' title='bbox 690 292 769 321; x_wconf 90' lang='lat' dir='ltr'>Tusc.</span> <span class='ocrx_word' id='word_1_35' title='bbox 808 294 933 325; x_wconf 76' lang='lat' dir='ltr'>Aberrare</span> <span class='ocrx_word' id='word_1_36' title='bbox 943 298 1083 334; x_wconf 79' lang='lat' dir='ltr'>propolito</span> <span class='ocrx_word' id='word_1_37' title='bbox 1096 298 1175 327; x_wconf 80' lang='lat' dir='ltr'>facile</span> <span class='ocrx_word' id='word_1_38' title='bbox 1188 309 1234 335; x_wconf 75' lang='lat' dir='ltr'>pa-</span> 
     </span>
     <span class='ocr_line' id='line_1_6' title="bbox 134 329 1229 370; baseline 0.005 -11"><span class='ocrx_word' id='word_1_39' title='bbox 134 331 173 359; x_wconf 90' lang='lat' dir='ltr'>tie</span> <span class='ocrx_word' id='word_1_40' title='bbox 194 341 228 359; x_wconf 90' lang='lat' dir='ltr'>ar.</span> <span class='ocrx_word' id='word_1_41' title='bbox 252 330 328 360; x_wconf 87' lang='lat' dir='ltr'><strong>Idem</strong></span> <span class='ocrx_word' id='word_1_42' title='bbox 341 340 362 364; x_wconf 78' lang='lat'>5.</span> <span class='ocrx_word' id='word_1_43' title='bbox 378 335 422 363; x_wconf 82' lang='lat'>83.</span> <span class='ocrx_word' id='word_1_44' title='bbox 437 329 471 358; x_wconf 87' lang='lat' dir='ltr'>de</span> <span class='ocrx_word' id='word_1_45' title='bbox 481 329 539 358; x_wconf 83' lang='lat' dir='ltr'>Fin.</span> <span class='ocrx_word' id='word_1_46' title='bbox 574 329 706 358; x_wconf 81' lang='lat' dir='ltr'>Tamena</span> <span class='ocrx_word' id='word_1_47' title='bbox 717 332 870 368; x_wconf 79' lang='lat' dir='ltr'>propoliro,</span> <span class='ocrx_word' id='word_1_48' title='bbox 892 334 1020 370; x_wconf 64' lang='lat' dir='ltr'>inqu-im.</span> <span class='ocrx_word' id='word_1_49' title='bbox 1038 335 1229 365; x_wconf 79' lang='lat' dir='ltr'>aberravimus.</span> 
     </span>
     <span class='ocr_line' id='line_1_7' title="bbox 135 367 1233 409; baseline 0.005 -12"><span class='ocrx_word' id='word_1_50' title='bbox 135 368 213 398; x_wconf 87' lang='lat' dir='ltr'>Idem</span> <span class='ocrx_word' id='word_1_51' title='bbox 226 378 275 405; x_wconf 89' lang='lat' dir='ltr'>pro</span> <span class='ocrx_word' id='word_1_52' title='bbox 284 367 386 396; x_wconf 71' lang='lat' dir='ltr'>Caecin.</span> <span class='ocrx_word' id='word_1_53' title='bbox 400 378 440 401; x_wconf 79' lang='grc' dir='ltr'>ςς.</span> <span class='ocrx_word' id='word_1_54' title='bbox 465 367 508 396; x_wconf 85' lang='lat' dir='ltr'>Ne</span> <span class='ocrx_word' id='word_1_55' title='bbox 518 367 635 396; x_wconf 90' lang='lat' dir='ltr'>nimium</span> <span class='ocrx_word' id='word_1_56' title='bbox 644 367 731 396; x_wconf 80' lang='lat' dir='ltr'>multa</span> <span class='ocrx_word' id='word_1_57' title='bbox 741 377 802 396; x_wconf 90' lang='lat' dir='ltr'>com</span> <span class='ocrx_word' id='word_1_58' title='bbox 814 369 967 405; x_wconf 65' lang='lat' dir='ltr'>flectimur,</span> <span class='ocrx_word' id='word_1_59' title='bbox 980 379 1061 409; x_wconf 76' lang='lat' dir='ltr'>atque</span> <span class='ocrx_word' id='word_1_60' title='bbox 1071 373 1104 401; x_wconf 82' lang='lat' dir='ltr'>ab</span> <span class='ocrx_word' id='word_1_61' title='bbox 1114 374 1233 409; x_wconf 81' lang='lat' dir='ltr'>eoquod</span> 
     </span>
    </p>

    <p class='ocr_par' dir='ltr' id='par_1_5' title="bbox 155 403 1210 443">
     <span class='ocr_line' id='line_1_8' title="bbox 155 403 1210 443; baseline 0.005 -9"><span class='ocrx_word' id='word_1_62' title='bbox 155 405 305 443; x_wconf 82' lang='lat' dir='ltr'>ropolituni</span> <span class='ocrx_word' id='word_1_63' title='bbox 316 405 371 439; x_wconf 87' lang='lat' dir='ltr'>est,</span> <span class='ocrx_word' id='word_1_64' title='bbox 390 404 501 441; x_wconf 84' lang='lat' dir='ltr'>longius</span> <span class='ocrx_word' id='word_1_65' title='bbox 510 403 615 433; x_wconf 80' lang='lat' dir='ltr'>aberret</span> <span class='ocrx_word' id='word_1_66' title='bbox 625 405 721 433; x_wconf 80' lang='lat' dir='ltr'>oratio.</span> <span class='ocrx_word' id='word_1_67' title='bbox 748 405 778 434; x_wconf 90' lang='lat' dir='ltr'>ld</span> <span class='ocrx_word' id='word_1_68' title='bbox 788 408 811 435; x_wconf 82' lang='lat' dir='ltr'>el</span> <span class='ocrx_word' id='word_1_69' title='bbox 833 429 840 440; x_wconf 83' lang='lat'><strong>‚</strong></span> <span class='ocrx_word' id='word_1_70' title='bbox 861 408 1029 443; x_wconf 64' lang='lat' dir='ltr'>digrediatur</span> <span class='ocrx_word' id='word_1_71' title='bbox 1039 413 1064 440; x_wconf 53' lang='grc' dir='ltr'>ἅ</span> <span class='ocrx_word' id='word_1_72' title='bbox 1074 411 1210 439; x_wconf 74' lang='lat' dir='ltr'>deflectat.</span> 
     </span>
    </p>

    <p class='ocr_par' dir='ltr' id='par_1_6' title="bbox 116 441 1234 634">
     <span class='ocr_line' id='line_1_9' title="bbox 116 441 1228 480; baseline 0.005 -9"><span class='ocrx_word' id='word_1_73' title='bbox 116 444 138 474; x_wconf 86' lang='lat' dir='ltr'>A</span> <span class='ocrx_word' id='word_1_74' title='bbox 158 452 245 472; x_wconf 86' lang='lat' dir='ltr'>errare</span> <span class='ocrx_word' id='word_1_75' title='bbox 254 465 261 477; x_wconf 86' lang='lat'>,</span> <span class='ocrx_word' id='word_1_76' title='bbox 282 452 333 480; x_wconf 89' lang='lat' dir='ltr'>pro</span> <span class='ocrx_word' id='word_1_77' title='bbox 345 442 455 471; x_wconf 78' lang='lat' dir='ltr'>Errare:</span> <span class='ocrx_word' id='word_1_78' title='bbox 477 447 508 470; x_wconf 86' lang='lat' dir='ltr'>ut</span> <span class='ocrx_word' id='word_1_79' title='bbox 517 463 525 476; x_wconf 81' lang='lat'>,</span> <span class='ocrx_word' id='word_1_80' title='bbox 548 441 677 471; x_wconf 72' lang='lat' dir='ltr'>Aberrare</span> <span class='ocrx_word' id='word_1_81' title='bbox 691 444 851 476; x_wconf 60' lang='lat' dir='ltr'>come-§rura</span> <span class='ocrx_word' id='word_1_82' title='bbox 860 467 868 478; x_wconf 89' lang='lat'>,</span> <span class='ocrx_word' id='word_1_83' title='bbox 890 446 931 474; x_wconf 81' lang='lat' dir='ltr'>vel</span> <span class='ocrx_word' id='word_1_84' title='bbox 947 457 961 475; x_wconf 68' lang='lat' dir='ltr'>zi</span> <span class='ocrx_word' id='word_1_85' title='bbox 972 449 1137 480; x_wconf 73' lang='lat' dir='ltr'>coniectura.</span> <span class='ocrx_word' id='word_1_86' title='bbox 1171 448 1228 477; x_wconf 85' lang='lat' dir='ltr'>Cic.</span> 
     </span>
     <span class='ocr_line' id='line_1_10' title="bbox 133 479 1234 522; baseline 0.004 -12"><span class='ocrx_word' id='word_1_87' title='bbox 133 481 187 510; x_wconf 86' lang='lat' dir='ltr'>Att.</span> <span class='ocrx_word' id='word_1_88' title='bbox 200 480 246 509; x_wconf 90' lang='lat' dir='ltr'>lib.</span> <span class='ocrx_word' id='word_1_89' title='bbox 261 490 300 515; x_wconf 76' lang='lat'>14.</span> <span class='ocrx_word' id='word_1_90' title='bbox 317 489 359 508; x_wconf 89' lang='lat'>22.</span> <span class='ocrx_word' id='word_1_91' title='bbox 399 479 490 516; x_wconf 87' lang='lat' dir='ltr'>Cupio</span> <span class='ocrx_word' id='word_1_92' title='bbox 502 480 578 508; x_wconf 91' lang='lat' dir='ltr'>enim</span> <span class='ocrx_word' id='word_1_93' title='bbox 586 486 650 509; x_wconf 82' lang='lat' dir='ltr'>ante</span> <span class='ocrx_word' id='word_1_94' title='bbox 659 490 740 517; x_wconf 84' lang='lat' dir='ltr'>quam</span> <span class='ocrx_word' id='word_1_95' title='bbox 751 480 867 510; x_wconf 79' lang='lat' dir='ltr'>Romam</span> <span class='ocrx_word' id='word_1_96' title='bbox 877 484 958 511; x_wconf 83' lang='lat' dir='ltr'>venio</span> <span class='ocrx_word' id='word_1_97' title='bbox 968 507 975 518; x_wconf 89' lang='lat'>,</span> <span class='ocrx_word' id='word_1_98' title='bbox 998 486 1106 514; x_wconf 77' lang='lat' dir='ltr'>odorari</span> <span class='ocrx_word' id='word_1_99' title='bbox 1117 484 1234 522; x_wconf 69' lang='lat' dir='ltr'>diligen-</span> 
     </span>
     <span class='ocr_line' id='line_1_11' title="bbox 134 517 1230 555; baseline 0.005 -8"><span class='ocrx_word' id='word_1_100' title='bbox 134 519 189 547; x_wconf 87' lang='lat' dir='ltr'>tius</span> <span class='ocrx_word' id='word_1_101' title='bbox 200 517 266 554; x_wconf 85' lang='lat' dir='ltr'>quid</span> <span class='ocrx_word' id='word_1_102' title='bbox 282 517 406 546; x_wconf 81' lang='lat' dir='ltr'>fiiturum</span> <span class='ocrx_word' id='word_1_103' title='bbox 422 517 469 545; x_wconf 88' lang='lat' dir='ltr'>sit:</span> <span class='ocrx_word' id='word_1_104' title='bbox 498 527 655 554; x_wconf 77' lang='lat' dir='ltr'>quanquam</span> <span class='ocrx_word' id='word_1_105' title='bbox 664 527 777 553; x_wconf 76' lang='lat' dir='ltr'>vereor,</span> <span class='ocrx_word' id='word_1_106' title='bbox 799 528 834 547; x_wconf 90' lang='lat' dir='ltr'>ne</span> <span class='ocrx_word' id='word_1_107' title='bbox 847 520 914 549; x_wconf 83' lang='lat' dir='ltr'>nihil</span> <span class='ocrx_word' id='word_1_108' title='bbox 931 524 1089 555; x_wconf 65' lang='lat' dir='ltr'>coniectura</span> <span class='ocrx_word' id='word_1_109' title='bbox 1100 523 1230 552; x_wconf 78' lang='lat' dir='ltr'>aberrem.</span> 
     </span>
     <span class='ocr_line' id='line_1_12' title="bbox 134 555 1234 590; baseline 0.006 -7"><span class='ocrx_word' id='word_1_110' title='bbox 134 556 196 586; x_wconf 87' lang='lat' dir='ltr'>Hoc</span> <span class='ocrx_word' id='word_1_111' title='bbox 204 555 252 590; x_wconf 86' lang='lat' dir='ltr'>est,</span> <span class='ocrx_word' id='word_1_112' title='bbox 261 555 331 583; x_wconf 83' lang='lat' dir='ltr'>nihil</span> <span class='ocrx_word' id='word_1_113' title='bbox 339 564 427 583; x_wconf 85' lang='lat' dir='ltr'>errem</span> <span class='ocrx_word' id='word_1_114' title='bbox 437 555 466 583; x_wconf 88' lang='lat' dir='ltr'>in</span> <span class='ocrx_word' id='word_1_115' title='bbox 475 555 860 590; x_wconf 55' lang='lat' dir='ltr'>conjedtura.a11tconjectura</span> <span class='ocrx_word' id='word_1_116' title='bbox 870 557 952 588; x_wconf 69' lang='lat' dir='ltr'>tiillar.</span> <span class='ocrx_word' id='word_1_117' title='bbox 976 560 1013 588; x_wconf 88' lang='lat' dir='ltr'>ld.</span> <span class='ocrx_word' id='word_1_118' title='bbox 1024 570 1111 589; x_wconf 89' lang='lat' dir='ltr'>r.1oi.</span> <span class='ocrx_word' id='word_1_119' title='bbox 1124 560 1159 589; x_wconf 90' lang='lat' dir='ltr'>de</span> <span class='ocrx_word' id='word_1_120' title='bbox 1170 560 1234 590; x_wconf 81' lang='lat' dir='ltr'>Nat.</span> 
     </span>
     <span class='ocr_line' id='line_1_13' title="bbox 133 592 1212 634; baseline 0.005 -12"><span class='ocrx_word' id='word_1_121' title='bbox 133 593 214 623; x_wconf 89' lang='lat' dir='ltr'>Deor.</span> <span class='ocrx_word' id='word_1_122' title='bbox 242 593 298 629; x_wconf 90' lang='lat' dir='ltr'>Qui</span> <span class='ocrx_word' id='word_1_123' title='bbox 309 592 418 621; x_wconf 83' lang='lat' dir='ltr'>etiamsi</span> <span class='ocrx_word' id='word_1_124' title='bbox 430 592 556 621; x_wconf 83' lang='lat' dir='ltr'>aberrant</span> <span class='ocrx_word' id='word_1_125' title='bbox 566 603 581 621; x_wconf 85' lang='lat' dir='ltr'>a</span> <span class='ocrx_word' id='word_1_126' title='bbox 591 595 766 628; x_wconf 59' lang='lat' dir='ltr'>conjectura,</span> <span class='ocrx_word' id='word_1_127' title='bbox 787 594 869 622; x_wconf 85' lang='lat' dir='ltr'>video</span> <span class='ocrx_word' id='word_1_128' title='bbox 880 602 970 625; x_wconf 81' lang='lat' dir='ltr'>tamen</span> <span class='ocrx_word' id='word_1_129' title='bbox 982 598 1048 633; x_wconf 84' lang='lat' dir='ltr'>quid</span> <span class='ocrx_word' id='word_1_130' title='bbox 1059 598 1212 634; x_wconf 87' lang='lat' dir='ltr'>sequantur.</span> 
     </span>
    </p>

    <p class='ocr_par' dir='ltr' id='par_1_7' title="bbox 113 629 1235 708">
     <span class='ocr_line' id='line_1_14' title="bbox 113 629 1235 670; baseline 0.004 -10"><span class='ocrx_word' id='word_1_131' title='bbox 113 631 243 662; x_wconf 80' lang='lat' dir='ltr'>Aberrare</span> <span class='ocrx_word' id='word_1_132' title='bbox 253 629 337 659; x_wconf 89' lang='lat' dir='ltr'>verbo</span> <span class='ocrx_word' id='word_1_133' title='bbox 349 636 396 659; x_wconf 74' lang='lat' dir='ltr'>aut</span> <span class='ocrx_word' id='word_1_134' title='bbox 406 636 483 659; x_wconf 90' lang='lat' dir='ltr'>nutu.</span> <span class='ocrx_word' id='word_1_135' title='bbox 509 630 566 660; x_wconf 86' lang='lat' dir='ltr'>Cic.</span> <span class='ocrx_word' id='word_1_136' title='bbox 581 630 616 660; x_wconf 88' lang='lat' dir='ltr'>de</span> <span class='ocrx_word' id='word_1_137' title='bbox 627 631 718 660; x_wconf 80' lang='lat' dir='ltr'>Arusi.</span> <span class='ocrx_word' id='word_1_138' title='bbox 736 631 794 660; x_wconf 88' lang='lat' dir='ltr'>Res</span> <span class='ocrx_word' id='word_1_139' title='bbox 809 654 815 660; x_wconf 91' lang='lat'>.</span> <span class='ocrx_word' id='word_1_140' title='bbox 830 641 874 667; x_wconf 89' lang='lat'>23.</span> <span class='ocrx_word' id='word_1_141' title='bbox 913 634 941 662; x_wconf 88' lang='lat' dir='ltr'>Si</span> <span class='ocrx_word' id='word_1_142' title='bbox 954 635 1050 664; x_wconf 71' lang='lat' dir='ltr'>lhdilis</span> <span class='ocrx_word' id='word_1_143' title='bbox 1064 635 1148 664; x_wconf 87' lang='lat' dir='ltr'>verbo</span> <span class='ocrx_word' id='word_1_144' title='bbox 1158 658 1166 670; x_wconf 89' lang='lat'>,</span> <span class='ocrx_word' id='word_1_145' title='bbox 1187 642 1235 665; x_wconf 80' lang='lat' dir='ltr'>aut</span> 
     </span>
     <span class='ocr_line' id='line_1_15' title="bbox 131 667 1212 708; baseline 0.005 -10"><span class='ocrx_word' id='word_1_146' title='bbox 131 669 151 698; x_wconf 89' lang='lat' dir='ltr'>si</span> <span class='ocrx_word' id='word_1_147' title='bbox 161 675 231 697; x_wconf 91' lang='lat' dir='ltr'>nutu</span> <span class='ocrx_word' id='word_1_148' title='bbox 241 667 390 702; x_wconf 84' lang='lat' dir='ltr'>aberravit,</span> <span class='ocrx_word' id='word_1_149' title='bbox 412 667 471 696; x_wconf 92' lang='lat' dir='ltr'>ludi</span> <span class='ocrx_word' id='word_1_150' title='bbox 483 668 546 697; x_wconf 90' lang='lat' dir='ltr'>sunt</span> <span class='ocrx_word' id='word_1_151' title='bbox 557 678 614 697; x_wconf 90' lang='lat' dir='ltr'>non</span> <span class='ocrx_word' id='word_1_152' title='bbox 624 669 674 698; x_wconf 89' lang='lat' dir='ltr'>rite</span> <span class='ocrx_word' id='word_1_153' title='bbox 697 669 757 698; x_wconf 55' lang='lat' dir='ltr'>acti.</span> <span class='ocrx_word' id='word_1_154' title='bbox 795 669 813 698; x_wconf 88' lang='lat' dir='ltr'>d</span> <span class='ocrx_word' id='word_1_155' title='bbox 822 670 868 703; x_wconf 87' lang='lat' dir='ltr'>est,</span> <span class='ocrx_word' id='word_1_156' title='bbox 885 670 974 708; x_wconf 79' lang='lat' dir='ltr'>lapsus</span> <span class='ocrx_word' id='word_1_157' title='bbox 984 673 1036 707; x_wconf 80' lang='lat' dir='ltr'>est,</span> <span class='ocrx_word' id='word_1_158' title='bbox 1052 673 1096 702; x_wconf 88' lang='lat' dir='ltr'>seu</span> <span class='ocrx_word' id='word_1_159' title='bbox 1107 674 1212 702; x_wconf 80' lang='lat' dir='ltr'>erravit.</span> 
     </span>
    </p>

    <p class='ocr_par' dir='ltr' id='par_1_8' title="bbox 113 705 1235 818">
     <span class='ocr_line' id='line_1_16' title="bbox 113 705 1235 746; baseline 0.004 -11"><span class='ocrx_word' id='word_1_160' title='bbox 113 706 245 737; x_wconf 86' lang='lat' dir='ltr'>Aberrant</span> <span class='ocrx_word' id='word_1_161' title='bbox 254 706 325 734; x_wconf 90' lang='lat' dir='ltr'>inter</span> <span class='ocrx_word' id='word_1_162' title='bbox 336 705 363 734; x_wconf 91' lang='lat' dir='ltr'>se</span> <span class='ocrx_word' id='word_1_163' title='bbox 373 706 520 735; x_wconf 79' lang='lat' dir='ltr'>orationes.</span> <span class='ocrx_word' id='word_1_164' title='bbox 543 705 598 736; x_wconf 90' lang='lat' dir='ltr'>Liv.</span> <span class='ocrx_word' id='word_1_165' title='bbox 606 716 616 743; x_wconf 87' lang='lat'>3</span> <span class='ocrx_word' id='word_1_166' title='bbox 624 713 648 741; x_wconf 84' lang='lat'>8.</span> <span class='ocrx_word' id='word_1_167' title='bbox 663 710 704 742; x_wconf 85' lang='lat'>5⁶·</span> <span class='ocrx_word' id='word_1_168' title='bbox 727 707 788 736; x_wconf 90' lang='lat' dir='ltr'>Nec</span> <span class='ocrx_word' id='word_1_169' title='bbox 800 707 870 736; x_wconf 90' lang='lat' dir='ltr'>inter</span> <span class='ocrx_word' id='word_1_170' title='bbox 881 707 1023 746; x_wconf 82' lang='lat' dir='ltr'>scriptores</span> <span class='ocrx_word' id='word_1_171' title='bbox 1034 720 1124 739; x_wconf 89' lang='lat' dir='ltr'>reruni</span> <span class='ocrx_word' id='word_1_172' title='bbox 1135 711 1235 740; x_wconf 86' lang='lat' dir='ltr'>discre-</span> 
     </span>
     <span class='ocr_line' id='line_1_17' title="bbox 131 742 1231 787; baseline 0.005 -15"><span class='ocrx_word' id='word_1_173' title='bbox 131 750 179 783; x_wconf 89' lang='lat' dir='ltr'>pat</span> <span class='ocrx_word' id='word_1_174' title='bbox 187 742 275 772; x_wconf 90' lang='lat' dir='ltr'>solum</span> <span class='ocrx_word' id='word_1_175' title='bbox 285 765 294 778; x_wconf 87' lang='lat'>,</span> <span class='ocrx_word' id='word_1_176' title='bbox 313 743 360 772; x_wconf 85' lang='lat' dir='ltr'>sed</span> <span class='ocrx_word' id='word_1_177' title='bbox 372 743 510 774; x_wconf 77' lang='lat' dir='ltr'>orationes</span> <span class='ocrx_word' id='word_1_178' title='bbox 522 754 632 781; x_wconf 84' lang='lat' dir='ltr'>quoque</span> <span class='ocrx_word' id='word_1_179' title='bbox 644 744 770 773; x_wconf 82' lang='lat' dir='ltr'>aberrant</span> <span class='ocrx_word' id='word_1_180' title='bbox 781 744 852 774; x_wconf 91' lang='lat' dir='ltr'>inter</span> <span class='ocrx_word' id='word_1_181' title='bbox 862 745 896 774; x_wconf 87' lang='lat' dir='ltr'>se.</span> <span class='ocrx_word' id='word_1_182' title='bbox 922 746 984 776; x_wconf 83' lang='lat' dir='ltr'>Hoc</span> <span class='ocrx_word' id='word_1_183' title='bbox 996 747 1033 776; x_wconf 90' lang='lat' dir='ltr'>est</span> <span class='ocrx_word' id='word_1_184' title='bbox 1041 770 1048 783; x_wconf 90' lang='lat'>‚</span> <span class='ocrx_word' id='word_1_185' title='bbox 1068 748 1231 787; x_wconf 85' lang='lat' dir='ltr'>discrepant.</span> 
     </span>
     <span class='ocr_line' id='line_1_18' title="bbox 130 780 906 818; baseline 0.003 -8"><span class='ocrx_word' id='word_1_186' title='bbox 130 781 287 811; x_wconf 89' lang='lat' dir='ltr'>Abhorrent</span> <span class='ocrx_word' id='word_1_187' title='bbox 297 780 397 818; x_wconf 85' lang='lat' dir='ltr'>legitur</span> <span class='ocrx_word' id='word_1_188' title='bbox 410 781 438 810; x_wconf 91' lang='lat' dir='ltr'>in</span> <span class='ocrx_word' id='word_1_189' title='bbox 449 783 613 811; x_wconf 82' lang='lat' dir='ltr'>emendatis.</span> <span class='ocrx_word' id='word_1_190' title='bbox 649 781 680 811; x_wconf 94' lang='lat' dir='ltr'>V.</span> <span class='ocrx_word' id='word_1_191' title='bbox 704 792 722 810; x_wconf 79' lang='lat' dir='ltr'>A</span> <span class='ocrx_word' id='word_1_192' title='bbox 731 792 746 810; x_wconf 75' lang='lat' dir='ltr'><strong>n</strong></span> <span class='ocrx_word' id='word_1_193' title='bbox 755 791 774 810; x_wconf 73' lang='lat' dir='ltr'>ri</span> <span class='ocrx_word' id='word_1_194' title='bbox 784 792 801 810; x_wconf 93' lang='lat' dir='ltr'>o</span> <span class='ocrx_word' id='word_1_195' title='bbox 811 793 826 810; x_wconf 71' lang='lat' dir='ltr'>r.</span> <span class='ocrx_word' id='word_1_196' title='bbox 834 793 850 811; x_wconf 84' lang='lat' dir='ltr'>R</span> <span class='ocrx_word' id='word_1_197' title='bbox 861 793 873 811; x_wconf 76' lang='lat' dir='ltr'>r.</span> <span class='ocrx_word' id='word_1_198' title='bbox 881 793 906 812; x_wconf 92' lang='lat' dir='ltr'>o.</span> 
     </span>
    </p>

    <p class='ocr_par' dir='ltr' id='par_1_9' title="bbox 113 818 1235 932">
     <span class='ocr_line' id='line_1_19' title="bbox 113 818 1234 859; baseline 0.002 -10"><span class='ocrx_word' id='word_1_199' title='bbox 113 819 242 849; x_wconf 77' lang='lat' dir='ltr'>Aberrare</span> <span class='ocrx_word' id='word_1_200' title='bbox 252 819 280 848; x_wconf 91' lang='lat' dir='ltr'>in</span> <span class='ocrx_word' id='word_1_201' title='bbox 291 819 398 848; x_wconf 91' lang='lat' dir='ltr'>melius.</span> <span class='ocrx_word' id='word_1_202' title='bbox 428 818 496 848; x_wconf 89' lang='lat' dir='ltr'>Plin.</span> <span class='ocrx_word' id='word_1_203' title='bbox 508 819 571 855; x_wconf 88' lang='lat' dir='ltr'>Jun.</span> <span class='ocrx_word' id='word_1_204' title='bbox 584 819 631 848; x_wconf 95' lang='lat' dir='ltr'>lib.</span> <span class='ocrx_word' id='word_1_205' title='bbox 643 830 668 855; x_wconf 90' lang='lat'>4.</span> <span class='ocrx_word' id='word_1_206' title='bbox 690 819 765 856; x_wconf 90' lang='lat' dir='ltr'>epist.</span> <span class='ocrx_word' id='word_1_207' title='bbox 780 825 823 854; x_wconf 89' lang='lat'>28.</span> <span class='ocrx_word' id='word_1_208' title='bbox 857 822 877 849; x_wconf 89' lang='lat' dir='ltr'>A</span> <span class='ocrx_word' id='word_1_209' title='bbox 887 831 1016 859; x_wconf 74' lang='lat' dir='ltr'>quai-ogo</span> <span class='ocrx_word' id='word_1_210' title='bbox 1027 846 1034 858; x_wconf 80' lang='lat'>,</span> <span class='ocrx_word' id='word_1_211' title='bbox 1056 830 1087 853; x_wconf 86' lang='lat' dir='ltr'>ut</span> <span class='ocrx_word' id='word_1_212' title='bbox 1101 824 1234 854; x_wconf 82' lang='lat' dir='ltr'>artificem</span> 
     </span>
     <span class='ocr_line' id='line_1_20' title="bbox 131 855 1235 897; baseline 0.006 -12"><span class='ocrx_word' id='word_1_213' title='bbox 131 867 215 895; x_wconf 91' lang='lat' dir='ltr'>quem</span> <span class='ocrx_word' id='word_1_214' title='bbox 230 855 362 893; x_wconf 81' lang='lat' dir='ltr'>elegeris,</span> <span class='ocrx_word' id='word_1_215' title='bbox 384 866 419 886; x_wconf 90' lang='lat' dir='ltr'>ne</span> <span class='ocrx_word' id='word_1_216' title='bbox 430 858 459 886; x_wconf 93' lang='lat' dir='ltr'>in</span> <span class='ocrx_word' id='word_1_217' title='bbox 471 858 570 887; x_wconf 85' lang='lat' dir='ltr'>melius</span> <span class='ocrx_word' id='word_1_218' title='bbox 601 857 697 886; x_wconf 87' lang='lat' dir='ltr'>uidem</span> <span class='ocrx_word' id='word_1_219' title='bbox 707 857 775 886; x_wconf 86' lang='lat' dir='ltr'>sinas</span> <span class='ocrx_word' id='word_1_220' title='bbox 786 858 918 888; x_wconf 82' lang='lat' dir='ltr'>aberrare.</span> <span class='ocrx_word' id='word_1_221' title='bbox 957 859 988 890; x_wconf 92' lang='lat' dir='ltr'>ld</span> <span class='ocrx_word' id='word_1_222' title='bbox 999 862 1053 897; x_wconf 74' lang='lat' dir='ltr'>est,</span> <span class='ocrx_word' id='word_1_223' title='bbox 1075 862 1108 892; x_wconf 86' lang='lat' dir='ltr'>ab</span> <span class='ocrx_word' id='word_1_224' title='bbox 1123 862 1171 891; x_wconf 93' lang='lat' dir='ltr'>illo</span> <span class='ocrx_word' id='word_1_225' title='bbox 1188 872 1235 892; x_wconf 84' lang='lat' dir='ltr'>ex-</span> 
     </span>
     <span class='ocr_line' id='line_1_21' title="bbox 131 894 823 932; baseline 0.003 -9"><span class='ocrx_word' id='word_1_226' title='bbox 131 894 246 932; x_wconf 83' lang='lat' dir='ltr'>emplari</span> <span class='ocrx_word' id='word_1_227' title='bbox 254 894 395 925; x_wconf 84' lang='lat' dir='ltr'>discedere</span> <span class='ocrx_word' id='word_1_228' title='bbox 405 917 413 931; x_wconf 88' lang='lat'>,</span> <span class='ocrx_word' id='word_1_229' title='bbox 433 895 535 924; x_wconf 89' lang='lat' dir='ltr'>etiamsi</span> <span class='ocrx_word' id='word_1_230' title='bbox 545 905 590 924; x_wconf 90' lang='lat' dir='ltr'>me</span> <span class='ocrx_word' id='word_1_231' title='bbox 603 895 645 924; x_wconf 85' lang='lat' dir='ltr'>ius</span> <span class='ocrx_word' id='word_1_232' title='bbox 655 895 774 924; x_wconf 61' lang='lat' dir='ltr'>ramirus</span> <span class='ocrx_word' id='word_1_233' title='bbox 786 895 823 925; x_wconf 93' lang='lat' dir='ltr'>sit.</span> 
     </span>
    </p>

    <p class='ocr_par' dir='ltr' id='par_1_10' title="bbox 75 929 973 970">
     <span class='ocr_line' id='line_1_22' title="bbox 75 929 973 970; baseline 0.002 -8"><span class='ocrx_word' id='word_1_234' title='bbox 75 934 119 964; x_wconf 76' lang='lat' dir='ltr'>An</span> <span class='ocrx_word' id='word_1_235' title='bbox 127 942 142 961; x_wconf 78' lang='lat' dir='ltr'>a</span> <span class='ocrx_word' id='word_1_236' title='bbox 150 942 166 961; x_wconf 85' lang='lat' dir='ltr'>R</span> <span class='ocrx_word' id='word_1_237' title='bbox 174 942 191 961; x_wconf 72' lang='lat' dir='ltr'>a</span> <span class='ocrx_word' id='word_1_238' title='bbox 199 942 217 960; x_wconf 79' lang='lat' dir='ltr'>A</span> <span class='ocrx_word' id='word_1_239' title='bbox 226 941 246 961; x_wconf 80' lang='lat' dir='ltr'>T</span> <span class='ocrx_word' id='word_1_240' title='bbox 254 943 262 961; x_wconf 94' lang='lat'>1</span> <span class='ocrx_word' id='word_1_241' title='bbox 271 942 288 961; x_wconf 93' lang='lat' dir='ltr'>o</span> <span class='ocrx_word' id='word_1_242' title='bbox 297 954 305 968; x_wconf 92' lang='lat'>,</span> <span class='ocrx_word' id='word_1_243' title='bbox 325 932 449 962; x_wconf 89' lang='lat' dir='ltr'>Verbale.</span> <span class='ocrx_word' id='word_1_244' title='bbox 473 929 642 969; x_wconf 65' lang='grc' dir='ltr'><strong><em>[ἁπῆπυξιε]</em></strong></span> <span class='ocrx_word' id='word_1_245' title='bbox 663 932 802 970; x_wconf 84' lang='lat' dir='ltr'>Digressiis</span> <span class='ocrx_word' id='word_1_246' title='bbox 813 944 827 962; x_wconf 84' lang='lat' dir='ltr'>a</span> <span class='ocrx_word' id='word_1_247' title='bbox 839 936 911 963; x_wconf 64' lang='lat' dir='ltr'>reeta</span> <span class='ocrx_word' id='word_1_248' title='bbox 922 936 973 964; x_wconf 83' lang='lat' dir='ltr'>via.</span> 
     </span>
    </p>

    <p class='ocr_par' dir='ltr' id='par_1_11' title="bbox 111 969 1235 1122">
     <span class='ocr_line' id='line_1_23' title="bbox 111 969 1235 1009; baseline 0.004 -9"><span class='ocrx_word' id='word_1_249' title='bbox 111 970 269 1005; x_wconf 81' lang='lat' dir='ltr'>Aberratio,</span> <span class='ocrx_word' id='word_1_250' title='bbox 288 980 338 1008; x_wconf 88' lang='lat' dir='ltr'>per</span> <span class='ocrx_word' id='word_1_251' title='bbox 348 970 469 1008; x_wconf 77' lang='lat' dir='ltr'>metaph.</span> <span class='ocrx_word' id='word_1_252' title='bbox 491 970 548 1000; x_wconf 94' lang='lat' dir='ltr'>Cic.</span> <span class='ocrx_word' id='word_1_253' title='bbox 561 970 658 999; x_wconf 81' lang='lat' dir='ltr'>Cassio.</span> <span class='ocrx_word' id='word_1_254' title='bbox 672 969 718 999; x_wconf 92' lang='lat' dir='ltr'>lib.</span> <span class='ocrx_word' id='word_1_255' title='bbox 735 981 777 1006; x_wconf 83' lang='lat'>15.</span> <span class='ocrx_word' id='word_1_256' title='bbox 793 977 833 1005; x_wconf 86' lang='lat'>18·</span> <span class='ocrx_word' id='word_1_257' title='bbox 845 971 927 1009; x_wconf 77' lang='lat' dir='ltr'>Epist.</span> <span class='ocrx_word' id='word_1_258' title='bbox 956 974 1142 1004; x_wconf 81' lang='lat' dir='ltr'>Veruntamen</span> <span class='ocrx_word' id='word_1_259' title='bbox 1152 974 1235 1004; x_wconf 83' lang='lat' dir='ltr'>aliam</span> 
     </span>
     <span class='ocr_line' id='line_1_24' title="bbox 129 1007 1230 1044; baseline 0.005 -7"><span class='ocrx_word' id='word_1_260' title='bbox 129 1007 332 1037; x_wconf 63' lang='lat' dir='ltr'>aberrationem</span> <span class='ocrx_word' id='word_1_261' title='bbox 341 1019 356 1038; x_wconf 85' lang='lat' dir='ltr'>a</span> <span class='ocrx_word' id='word_1_262' title='bbox 365 1008 495 1038; x_wconf 84' lang='lat' dir='ltr'>molestiis</span> <span class='ocrx_word' id='word_1_263' title='bbox 504 1007 609 1037; x_wconf 83' lang='lat' dir='ltr'>nullam</span> <span class='ocrx_word' id='word_1_264' title='bbox 619 1008 761 1038; x_wconf 82' lang='lat' dir='ltr'>habemus.</span> <span class='ocrx_word' id='word_1_265' title='bbox 782 1009 844 1038; x_wconf 93' lang='lat' dir='ltr'>Hoc</span> <span class='ocrx_word' id='word_1_266' title='bbox 854 1010 892 1039; x_wconf 88' lang='lat' dir='ltr'>est</span> <span class='ocrx_word' id='word_1_267' title='bbox 899 1032 906 1044; x_wconf 86' lang='lat'>,</span> <span class='ocrx_word' id='word_1_268' title='bbox 924 1010 999 1040; x_wconf 80' lang='lat' dir='ltr'>aliud</span> <span class='ocrx_word' id='word_1_269' title='bbox 1009 1020 1230 1042; x_wconf 80' lang='lat' dir='ltr'>avocamentum.</span> 
     </span>
     <span class='ocr_line' id='line_1_25' title="bbox 129 1045 1234 1088; baseline 0.005 -13"><span class='ocrx_word' id='word_1_270' title='bbox 129 1046 208 1076; x_wconf 86' lang='lat' dir='ltr'>Idem</span> <span class='ocrx_word' id='word_1_271' title='bbox 219 1046 271 1075; x_wconf 86' lang='lat' dir='ltr'>Art.</span> <span class='ocrx_word' id='word_1_272' title='bbox 287 1045 333 1075; x_wconf 90' lang='lat' dir='ltr'>lib.</span> <span class='ocrx_word' id='word_1_273' title='bbox 350 1055 390 1076; x_wconf 86' lang='lat'>12.</span> <span class='ocrx_word' id='word_1_274' title='bbox 407 1051 449 1082; x_wconf 90' lang='lat'>38.</span> <span class='ocrx_word' id='word_1_275' title='bbox 478 1046 531 1075; x_wconf 75' lang='lat' dir='ltr'>live</span> <span class='ocrx_word' id='word_1_276' title='bbox 543 1046 615 1075; x_wconf 85' lang='lat' dir='ltr'>hanc</span> <span class='ocrx_word' id='word_1_277' title='bbox 626 1046 827 1075; x_wconf 85' lang='lat' dir='ltr'>aberrationem</span> <span class='ocrx_word' id='word_1_278' title='bbox 844 1047 964 1078; x_wconf 86' lang='lat' dir='ltr'>adolore</span> <span class='ocrx_word' id='word_1_279' title='bbox 982 1049 1151 1088; x_wconf 79' lang='lat' dir='ltr'>delegerim,</span> <span class='ocrx_word' id='word_1_280' title='bbox 1173 1060 1234 1088; x_wconf 80' lang='lat' dir='ltr'>quae</span> 
     </span>
     <span class='ocr_line' id='line_1_26' title="bbox 130 1083 898 1122; baseline 0.004 -10"><span class='ocrx_word' id='word_1_281' title='bbox 130 1084 250 1113; x_wconf 81' lang='lat' dir='ltr'>maxime</span> <span class='ocrx_word' id='word_1_282' title='bbox 263 1083 447 1114; x_wconf 73' lang='lat' dir='ltr'>liberalissima</span> <span class='ocrx_word' id='word_1_283' title='bbox 457 1083 596 1120; x_wconf 63' lang='lat' dir='ltr'>doctoque</span> <span class='ocrx_word' id='word_1_284' title='bbox 608 1084 722 1113; x_wconf 89' lang='lat' dir='ltr'>homine</span> <span class='ocrx_word' id='word_1_285' title='bbox 733 1084 898 1122; x_wconf 83' lang='lat' dir='ltr'>dignissima.</span> 
     </span>
    </p>

    <p class='ocr_par' dir='ltr' id='par_1_12' title="bbox 73 1121 631 1157">
     <span class='ocr_line' id='line_1_27' title="bbox 73 1121 631 1157; baseline -0.002 -6"><span class='ocrx_word' id='word_1_286' title='bbox 73 1121 317 1157; x_wconf 75' lang='lat' dir='ltr'>ABERRUNCO,</span> <span class='ocrx_word' id='word_1_287' title='bbox 347 1121 377 1151; x_wconf 91' lang='lat' dir='ltr'>V.</span> <span class='ocrx_word' id='word_1_288' title='bbox 398 1131 631 1151; x_wconf 63' lang='lat' dir='ltr'>nvERRUNco.</span> 
     </span>
    </p>

    <p class='ocr_par' dir='ltr' id='par_1_13' title="bbox 73 1156 1234 1234">
     <span class='ocr_line' id='line_1_28' title="bbox 73 1156 1234 1198; baseline 0.003 -9"><span class='ocrx_word' id='word_1_289' title='bbox 73 1159 271 1194; x_wconf 60' lang='lat' dir='ltr'>Ammius,</span> <span class='ocrx_word' id='word_1_290' title='bbox 296 1156 470 1196; x_wconf 66' lang='grc' dir='ltr'>[Α’Ξηπιμὶς]</span> <span class='ocrx_word' id='word_1_291' title='bbox 498 1159 585 1197; x_wconf 85' lang='lat' dir='ltr'>Syriae</span> <span class='ocrx_word' id='word_1_292' title='bbox 603 1159 759 1198; x_wconf 86' lang='lat' dir='ltr'>oppidum,</span> <span class='ocrx_word' id='word_1_293' title='bbox 786 1161 928 1197; x_wconf 82' lang='lat' dir='ltr'>quondam</span> <span class='ocrx_word' id='word_1_294' title='bbox 944 1162 1150 1192; x_wconf 85' lang='lat' dir='ltr'>aSemiramide</span> <span class='ocrx_word' id='word_1_295' title='bbox 1168 1172 1234 1192; x_wconf 89' lang='lat' dir='ltr'>con-</span> 
     </span>
     <span class='ocr_line' id='line_1_29' title="bbox 109 1195 528 1234; baseline 0 -8"><span class='ocrx_word' id='word_1_296' title='bbox 109 1198 208 1227; x_wconf 89' lang='lat' dir='ltr'>ditum.</span> <span class='ocrx_word' id='word_1_297' title='bbox 230 1197 298 1227; x_wconf 90' lang='lat' dir='ltr'>Plin.</span> <span class='ocrx_word' id='word_1_298' title='bbox 310 1195 359 1226; x_wconf 90' lang='lat' dir='ltr'>lib.</span> <span class='ocrx_word' id='word_1_299' title='bbox 369 1200 396 1226; x_wconf 93' lang='lat'>6.</span> <span class='ocrx_word' id='word_1_300' title='bbox 411 1206 470 1234; x_wconf 89' lang='lat' dir='ltr'>cap.</span> <span class='ocrx_word' id='word_1_301' title='bbox 485 1203 528 1231; x_wconf 91' lang='lat'>28.</span> 
     </span>
    </p>

    <p class='ocr_par' dir='ltr' id='par_1_14' title="bbox 72 1233 1234 1301">
     <span class='ocr_line' id='line_1_30' title="bbox 72 1233 1234 1301; baseline 0.003 -36"><span class='ocrx_word' id='word_1_302' title='bbox 72 1236 120 1301; x_wconf 66' lang='grc' dir='ltr'>Αιί</span> <span class='ocrx_word' id='word_1_303' title='bbox 127 1245 226 1301; x_wconf 49' lang='grc' dir='ltr'>ἵετε,</span> <span class='ocrx_word' id='word_1_304' title='bbox 249 1233 372 1271; x_wconf 63' lang='grc' dir='ltr'>[Ε’ἔηςη]</span> <span class='ocrx_word' id='word_1_305' title='bbox 400 1234 556 1273; x_wconf 89' lang='lat' dir='ltr'>oppidum,</span> <span class='ocrx_word' id='word_1_306' title='bbox 583 1235 699 1265; x_wconf 87' lang='lat' dir='ltr'>authore</span> <span class='ocrx_word' id='word_1_307' title='bbox 718 1234 787 1265; x_wconf 87' lang='lat' dir='ltr'>Plin.</span> <span class='ocrx_word' id='word_1_308' title='bbox 807 1236 883 1274; x_wconf 86' lang='lat' dir='ltr'>apud</span> <span class='ocrx_word' id='word_1_309' title='bbox 899 1236 1092 1268; x_wconf 85' lang='lat' dir='ltr'>Hermandum</span> <span class='ocrx_word' id='word_1_310' title='bbox 1107 1238 1234 1274; x_wconf 88' lang='lat' dir='ltr'>fluvium,</span> 
     </span>
    </p>

    <p class='ocr_par' dir='ltr' id='par_1_15' title="bbox 121 1273 324 1307">
     <span class='ocr_line' id='line_1_31' title="bbox 121 1273 324 1307; baseline 0 -5"><span class='ocrx_word' id='word_1_311' title='bbox 121 1273 129 1301; x_wconf 93' lang='lat' dir='ltr'>i</span> <span class='ocrx_word' id='word_1_312' title='bbox 152 1295 158 1302; x_wconf 94' lang='lat'>.</span> <span class='ocrx_word' id='word_1_313' title='bbox 170 1276 194 1302; x_wconf 88' lang='lat'>6.</span> <span class='ocrx_word' id='word_1_314' title='bbox 209 1281 241 1301; x_wconf 87' lang='lat' dir='ltr'>ca</span> <span class='ocrx_word' id='word_1_315' title='bbox 262 1295 268 1301; x_wconf 97' lang='lat'>.</span> <span class='ocrx_word' id='word_1_316' title='bbox 281 1280 324 1307; x_wconf 90' lang='lat'>23.</span> 
     </span>
    </p>

    <p class='ocr_par' dir='ltr' id='par_1_16' title="bbox 71 1282 1232 1386">
     <span class='ocr_line' id='line_1_32' title="bbox 71 1282 1232 1351; baseline 0.003 -11"><span class='ocrx_word' id='word_1_317' title='bbox 71 1310 94 1341; x_wconf 76' lang='lat' dir='ltr'>A</span> <span class='ocrx_word' id='word_1_318' title='bbox 103 1321 117 1339; x_wconf 75' lang='lat' dir='ltr'>s</span> <span class='ocrx_word' id='word_1_319' title='bbox 125 1321 138 1339; x_wconf 79' lang='lat' dir='ltr'>r</span> <span class='ocrx_word' id='word_1_320' title='bbox 146 1312 163 1340; x_wconf 84' lang='lat'>6</span> <span class='ocrx_word' id='word_1_321' title='bbox 172 1319 188 1338; x_wconf 74' lang='lat' dir='ltr'>R</span> <span class='ocrx_word' id='word_1_322' title='bbox 197 1319 210 1338; x_wconf 73' lang='lat' dir='ltr'>E</span> <span class='ocrx_word' id='word_1_323' title='bbox 219 1331 227 1344; x_wconf 82' lang='grc'>,</span> <span class='ocrx_word' id='word_1_324' title='bbox 241 1282 415 1346; x_wconf 33' lang='lat' dir='ltr'>Idumaeas]</span> <span class='ocrx_word' id='word_1_325' title='bbox 436 1310 589 1340; x_wconf 87' lang='lat' dir='ltr'>infinitivus</span> <span class='ocrx_word' id='word_1_326' title='bbox 599 1320 634 1340; x_wconf 78' lang='lat' dir='ltr'>ex</span> <span class='ocrx_word' id='word_1_327' title='bbox 642 1310 711 1341; x_wconf 91' lang='lat' dir='ltr'>Fore</span> <span class='ocrx_word' id='word_1_328' title='bbox 721 1312 889 1351; x_wconf 86' lang='lat' dir='ltr'>compositus</span> <span class='ocrx_word' id='word_1_329' title='bbox 900 1322 906 1343; x_wconf 91' lang='lat'><strong>:</strong></span> <span class='ocrx_word' id='word_1_330' title='bbox 925 1323 975 1351; x_wconf 89' lang='lat' dir='ltr'>pro</span> <span class='ocrx_word' id='word_1_331' title='bbox 985 1313 1152 1344; x_wconf 86' lang='lat' dir='ltr'>Abfuturum</span> <span class='ocrx_word' id='word_1_332' title='bbox 1161 1313 1214 1343; x_wconf 82' lang='lat' dir='ltr'>effe</span> <span class='ocrx_word' id='word_1_333' title='bbox 1225 1323 1232 1343; x_wconf 88' lang='grc'>;</span> 
     </span>
     <span class='ocr_line' id='line_1_33' title="bbox 108 1346 717 1386; baseline 0.002 -8"><span class='ocrx_word' id='word_1_334' title='bbox 108 1348 188 1384; x_wconf 89' lang='lat' dir='ltr'>cujus</span> <span class='ocrx_word' id='word_1_335' title='bbox 199 1346 262 1377; x_wconf 91' lang='lat' dir='ltr'>usus</span> <span class='ocrx_word' id='word_1_336' title='bbox 273 1347 311 1377; x_wconf 90' lang='lat' dir='ltr'>est</span> <span class='ocrx_word' id='word_1_337' title='bbox 323 1347 414 1377; x_wconf 84' lang='lat' dir='ltr'>rarior.</span> <span class='ocrx_word' id='word_1_338' title='bbox 454 1348 525 1386; x_wconf 83' lang='lat' dir='ltr'>Virg.</span> <span class='ocrx_word' id='word_1_339' title='bbox 538 1349 600 1378; x_wconf 80' lang='lat' dir='ltr'>AEn.</span> <span class='ocrx_word' id='word_1_340' title='bbox 615 1355 639 1383; x_wconf 79' lang='lat'>8.</span> <span class='ocrx_word' id='word_1_341' title='bbox 656 1359 717 1386; x_wconf 89' lang='lat'>¹47-</span> 
     </span>
    </p>

    <p class='ocr_par' dir='ltr' id='par_1_17' title="bbox 183 1385 1003 1463">
     <span class='ocr_line' id='line_1_34' title="bbox 183 1385 778 1424; baseline 0.003 -10"><span class='ocrx_word' id='word_1_342' title='bbox 183 1394 277 1421; x_wconf 82' lang='lat' dir='ltr'>-,nos</span> <span class='ocrx_word' id='word_1_343' title='bbox 289 1385 307 1414; x_wconf 88' lang='lat' dir='ltr'>si</span> <span class='ocrx_word' id='word_1_344' title='bbox 318 1385 440 1424; x_wconf 88' lang='lat' dir='ltr'>pellant,</span> <span class='ocrx_word' id='word_1_345' title='bbox 463 1386 534 1416; x_wconf 85' lang='lat' dir='ltr'>nihil</span> <span class='ocrx_word' id='word_1_346' title='bbox 545 1386 638 1416; x_wconf 82' lang='lat' dir='ltr'>abfore</span> <span class='ocrx_word' id='word_1_347' title='bbox 649 1388 778 1422; x_wconf 87' lang='lat' dir='ltr'>credunt,</span> 
     </span>
     <span class='ocr_line' id='line_1_35' title="bbox 185 1422 1003 1463; baseline 0.006 -11"><span class='ocrx_word' id='word_1_348' title='bbox 185 1422 263 1460; x_wconf 80' lang='lat' dir='ltr'>Quin</span> <span class='ocrx_word' id='word_1_349' title='bbox 275 1433 389 1452; x_wconf 90' lang='lat' dir='ltr'>omnem</span> <span class='ocrx_word' id='word_1_350' title='bbox 400 1423 559 1462; x_wconf 84' lang='lat' dir='ltr'>Hesperiam</span> <span class='ocrx_word' id='word_1_351' title='bbox 571 1425 682 1462; x_wconf 88' lang='lat' dir='ltr'>penitus</span> <span class='ocrx_word' id='word_1_352' title='bbox 693 1425 739 1454; x_wconf 90' lang='lat' dir='ltr'>sua</span> <span class='ocrx_word' id='word_1_353' title='bbox 750 1425 800 1455; x_wconf 90' lang='lat' dir='ltr'>sub</span> <span class='ocrx_word' id='word_1_354' title='bbox 810 1426 875 1463; x_wconf 85' lang='lat' dir='ltr'>juga</span> <span class='ocrx_word' id='word_1_355' title='bbox 884 1427 1003 1457; x_wconf 87' lang='lat' dir='ltr'>mittant.</span> 
     </span>
    </p>

    <p class='ocr_par' dir='ltr' id='par_1_18' title="bbox 107 1460 842 1499">
     <span class='ocr_line' id='line_1_36' title="bbox 107 1460 842 1499; baseline 0.005 -9"><span class='ocrx_word' id='word_1_356' title='bbox 107 1460 171 1491; x_wconf 87' lang='lat' dir='ltr'>Hoc</span> <span class='ocrx_word' id='word_1_357' title='bbox 181 1461 219 1491; x_wconf 91' lang='lat' dir='ltr'>est</span> <span class='ocrx_word' id='word_1_358' title='bbox 227 1483 235 1499; x_wconf 89' lang='lat'>,</span> <span class='ocrx_word' id='word_1_359' title='bbox 256 1461 305 1491; x_wconf 89' lang='lat' dir='ltr'>fibi</span> <span class='ocrx_word' id='word_1_360' title='bbox 316 1460 478 1491; x_wconf 80' lang='lat' dir='ltr'>obfutumm</span> <span class='ocrx_word' id='word_1_361' title='bbox 488 1462 560 1492; x_wconf 87' lang='lat' dir='ltr'>nihil</span> <span class='ocrx_word' id='word_1_362' title='bbox 570 1462 744 1493; x_wconf 83' lang='lat' dir='ltr'>arbitrantur.</span> <span class='ocrx_word' id='word_1_363' title='bbox 768 1464 842 1494; x_wconf 87' lang='lat' dir='ltr'>Serv.</span> 
     </span>
    </p>

    <p class='ocr_par' dir='ltr' id='par_1_19' title="bbox 71 1498 521 1535">
     <span class='ocr_line' id='line_1_37' title="bbox 71 1498 521 1535; baseline 0 -5"><span class='ocrx_word' id='word_1_364' title='bbox 71 1498 309 1535; x_wconf 66' lang='lat' dir='ltr'>Assuruiius,</span> <span class='ocrx_word' id='word_1_365' title='bbox 338 1498 369 1529; x_wconf 92' lang='lat' dir='ltr'>V.</span> <span class='ocrx_word' id='word_1_366' title='bbox 392 1509 521 1530; x_wconf 66' lang='lat' dir='ltr'>Assum.</span> 
     </span>
    </p>

    <p class='ocr_par' dir='ltr' id='par_1_20' title="bbox 70 1537 1234 1728">
     <span class='ocr_line' id='line_1_38' title="bbox 70 1537 1234 1578; baseline 0.003 -13"><span class='ocrx_word' id='word_1_367' title='bbox 70 1537 93 1568; x_wconf 89' lang='lat' dir='ltr'>A</span> <span class='ocrx_word' id='word_1_368' title='bbox 101 1547 116 1565; x_wconf 79' lang='lat' dir='ltr'>B</span> <span class='ocrx_word' id='word_1_369' title='bbox 124 1546 142 1565; x_wconf 86' lang='lat' dir='ltr'>G</span> <span class='ocrx_word' id='word_1_370' title='bbox 151 1546 167 1565; x_wconf 84' lang='lat' dir='ltr'>R</span> <span class='ocrx_word' id='word_1_371' title='bbox 174 1538 191 1566; x_wconf 71' lang='grc' dir='ltr'><strong>ἓ</strong></span> <span class='ocrx_word' id='word_1_372' title='bbox 200 1547 218 1566; x_wconf 87' lang='lat' dir='ltr'>G</span> <span class='ocrx_word' id='word_1_373' title='bbox 227 1546 244 1566; x_wconf 93' lang='lat' dir='ltr'>o</span> <span class='ocrx_word' id='word_1_374' title='bbox 253 1559 261 1573; x_wconf 85' lang='lat'>,</span> <span class='ocrx_word' id='word_1_375' title='bbox 284 1537 432 1574; x_wconf 65' lang='grc' dir='ltr'><strong><em>[ἀφοςίζω]</em></strong></span> <span class='ocrx_word' id='word_1_376' title='bbox 449 1541 502 1567; x_wconf 71' lang='lat' dir='ltr'>are.</span> <span class='ocrx_word' id='word_1_377' title='bbox 532 1538 574 1568; x_wconf 84' lang='lat' dir='ltr'>Ab</span> <span class='ocrx_word' id='word_1_378' title='bbox 584 1547 664 1576; x_wconf 79' lang='lat' dir='ltr'>grege</span> <span class='ocrx_word' id='word_1_379' title='bbox 674 1538 777 1568; x_wconf 86' lang='lat' dir='ltr'>ducere</span> <span class='ocrx_word' id='word_1_380' title='bbox 788 1549 794 1568; x_wconf 93' lang='lat'><strong>:</strong></span> <span class='ocrx_word' id='word_1_381' title='bbox 825 1538 977 1577; x_wconf 85' lang='lat' dir='ltr'>Adgregare</span> <span class='ocrx_word' id='word_1_382' title='bbox 985 1562 994 1575; x_wconf 79' lang='lat'>,</span> <span class='ocrx_word' id='word_1_383' title='bbox 1012 1540 1054 1570; x_wconf 89' lang='lat' dir='ltr'>Ad</span> <span class='ocrx_word' id='word_1_384' title='bbox 1063 1549 1173 1578; x_wconf 79' lang='lat' dir='ltr'>gregem</span> <span class='ocrx_word' id='word_1_385' title='bbox 1183 1540 1234 1569; x_wconf 87' lang='lat' dir='ltr'>du-</span> 
     </span>
     <span class='ocr_line' id='line_1_39' title="bbox 108 1575 1234 1616; baseline 0.004 -12"><span class='ocrx_word' id='word_1_386' title='bbox 108 1584 177 1605; x_wconf 88' lang='lat' dir='ltr'>cere.</span> <span class='ocrx_word' id='word_1_387' title='bbox 207 1575 353 1613; x_wconf 86' lang='lat' dir='ltr'>Segregare</span> <span class='ocrx_word' id='word_1_388' title='bbox 363 1597 371 1611; x_wconf 80' lang='lat'>,</span> <span class='ocrx_word' id='word_1_389' title='bbox 392 1585 427 1605; x_wconf 77' lang='lat' dir='ltr'>ex</span> <span class='ocrx_word' id='word_1_390' title='bbox 436 1576 562 1615; x_wconf 84' lang='lat' dir='ltr'>pluribus</span> <span class='ocrx_word' id='word_1_391' title='bbox 571 1577 699 1614; x_wconf 81' lang='lat' dir='ltr'>gregibus</span> <span class='ocrx_word' id='word_1_392' title='bbox 709 1584 799 1615; x_wconf 88' lang='lat' dir='ltr'>partes</span> <span class='ocrx_word' id='word_1_393' title='bbox 809 1576 939 1606; x_wconf 86' lang='lat' dir='ltr'>seducere</span> <span class='ocrx_word' id='word_1_394' title='bbox 950 1588 956 1606; x_wconf 76' lang='lat'>1</span> <span class='ocrx_word' id='word_1_395' title='bbox 980 1579 1055 1608; x_wconf 91' lang='lat' dir='ltr'>unde</span> <span class='ocrx_word' id='word_1_396' title='bbox 1067 1580 1093 1608; x_wconf 65' lang='lat' dir='ltr'>Sc</span> <span class='ocrx_word' id='word_1_397' title='bbox 1103 1578 1234 1616; x_wconf 74' lang='lat' dir='ltr'>Egregius</span> 
     </span>
     <span class='ocr_line' id='line_1_40' title="bbox 108 1612 1234 1652; baseline 0.003 -10"><span class='ocrx_word' id='word_1_398' title='bbox 108 1613 210 1642; x_wconf 87' lang='lat' dir='ltr'>dicitur</span> <span class='ocrx_word' id='word_1_399' title='bbox 219 1623 234 1642; x_wconf 90' lang='lat' dir='ltr'>e</span> <span class='ocrx_word' id='word_1_400' title='bbox 244 1623 324 1651; x_wconf 87' lang='lat' dir='ltr'>grege</span> <span class='ocrx_word' id='word_1_401' title='bbox 335 1612 431 1644; x_wconf 67' lang='lat' dir='ltr'>ledus.</span> <span class='ocrx_word' id='word_1_402' title='bbox 461 1613 591 1651; x_wconf 87' lang='lat' dir='ltr'>Quorum</span> <span class='ocrx_word' id='word_1_403' title='bbox 600 1615 747 1644; x_wconf 88' lang='lat' dir='ltr'>verborum</span> <span class='ocrx_word' id='word_1_404' title='bbox 757 1615 886 1652; x_wconf 87' lang='lat' dir='ltr'>frequens</span> <span class='ocrx_word' id='word_1_405' title='bbox 897 1615 959 1644; x_wconf 87' lang='lat' dir='ltr'>usus</span> <span class='ocrx_word' id='word_1_406' title='bbox 967 1638 974 1650; x_wconf 86' lang='lat'>,</span> <span class='ocrx_word' id='word_1_407' title='bbox 992 1626 1050 1645; x_wconf 79' lang='lat' dir='ltr'>non</span> <span class='ocrx_word' id='word_1_408' title='bbox 1060 1617 1160 1645; x_wconf 90' lang='lat' dir='ltr'>mirum</span> <span class='ocrx_word' id='word_1_409' title='bbox 1170 1617 1188 1645; x_wconf 79' lang='lat' dir='ltr'>si</span> <span class='ocrx_word' id='word_1_410' title='bbox 1199 1626 1234 1645; x_wconf 82' lang='lat' dir='ltr'>ex</span> 
     </span>
     <span class='ocr_line' id='line_1_41' title="bbox 106 1650 1234 1692; baseline 0.004 -13"><span class='ocrx_word' id='word_1_411' title='bbox 106 1650 255 1688; x_wconf 85' lang='lat' dir='ltr'>pecoribus</span> <span class='ocrx_word' id='word_1_412' title='bbox 264 1651 386 1689; x_wconf 88' lang='lat' dir='ltr'>pendet,</span> <span class='ocrx_word' id='word_1_413' title='bbox 407 1661 472 1681; x_wconf 89' lang='lat' dir='ltr'>cum</span> <span class='ocrx_word' id='word_1_414' title='bbox 481 1652 556 1689; x_wconf 89' lang='lat' dir='ltr'>apud</span> <span class='ocrx_word' id='word_1_415' title='bbox 566 1653 694 1690; x_wconf 90' lang='lat' dir='ltr'>antiquos</span> <span class='ocrx_word' id='word_1_416' title='bbox 704 1663 771 1691; x_wconf 88' lang='lat' dir='ltr'>opes</span> <span class='ocrx_word' id='word_1_417' title='bbox 782 1654 808 1682; x_wconf 75' lang='lat' dir='ltr'>Sc</span> <span class='ocrx_word' id='word_1_418' title='bbox 819 1653 984 1690; x_wconf 78' lang='lat' dir='ltr'>patrimonia</span> <span class='ocrx_word' id='word_1_419' title='bbox 993 1664 1028 1683; x_wconf 75' lang='lat' dir='ltr'>ex</span> <span class='ocrx_word' id='word_1_420' title='bbox 1040 1654 1081 1683; x_wconf 87' lang='lat' dir='ltr'>his</span> <span class='ocrx_word' id='word_1_421' title='bbox 1093 1655 1234 1692; x_wconf 77' lang='lat' dir='ltr'>praecipue</span> 
     </span>
     <span class='ocr_line' id='line_1_42' title="bbox 109 1689 1211 1728; baseline 0.004 -11"><span class='ocrx_word' id='word_1_422' title='bbox 109 1689 282 1719; x_wconf 87' lang='lat' dir='ltr'>constiterint</span> <span class='ocrx_word' id='word_1_423' title='bbox 290 1711 298 1724; x_wconf 79' lang='lat'>,</span> <span class='ocrx_word' id='word_1_424' title='bbox 320 1696 352 1718; x_wconf 89' lang='lat' dir='ltr'>ut</span> <span class='ocrx_word' id='word_1_425' title='bbox 361 1689 452 1719; x_wconf 88' lang='lat' dir='ltr'>adhuc</span> <span class='ocrx_word' id='word_1_426' title='bbox 466 1691 549 1719; x_wconf 88' lang='lat' dir='ltr'>etiam</span> <span class='ocrx_word' id='word_1_427' title='bbox 560 1691 709 1728; x_wconf 88' lang='lat' dir='ltr'>pecuniam</span> <span class='ocrx_word' id='word_1_428' title='bbox 721 1693 746 1721; x_wconf 59' lang='grc' dir='ltr'><em>ἃ</em></span> <span class='ocrx_word' id='word_1_429' title='bbox 756 1690 867 1728; x_wconf 85' lang='lat' dir='ltr'>peculia</span> <span class='ocrx_word' id='word_1_430' title='bbox 877 1691 1004 1720; x_wconf 83' lang='lat' dir='ltr'>dicimus.</span> <span class='ocrx_word' id='word_1_431' title='bbox 1033 1692 1100 1721; x_wconf 77' lang='lat' dir='ltr'>Haec</span> <span class='ocrx_word' id='word_1_432' title='bbox 1111 1692 1211 1721; x_wconf 89' lang='lat' dir='ltr'>Festus.</span> 
     </span>
    </p>

    <p class='ocr_par' dir='ltr' id='par_1_21' title="bbox 50 1725 1232 1767">
     <span class='ocr_line' id='line_1_43' title="bbox 50 1725 1232 1767; baseline 0.003 -10"><span class='ocrx_word' id='word_1_433' title='bbox 50 1734 52 1737; x_wconf 90' lang='lat'>&#39;</span> <span class='ocrx_word' id='word_1_434' title='bbox 69 1725 234 1763; x_wconf 73' lang='lat' dir='ltr'>AssHrNc,</span> <span class='ocrx_word' id='word_1_435' title='bbox 253 1727 320 1757; x_wconf 89' lang='lat' dir='ltr'>Adv.</span> <span class='ocrx_word' id='word_1_436' title='bbox 341 1728 492 1766; x_wconf 86' lang='lat' dir='ltr'>temporis;</span> <span class='ocrx_word' id='word_1_437' title='bbox 523 1729 558 1757; x_wconf 91' lang='lat' dir='ltr'>de</span> <span class='ocrx_word' id='word_1_438' title='bbox 573 1729 713 1767; x_wconf 85' lang='lat' dir='ltr'>praeterito</span> <span class='ocrx_word' id='word_1_439' title='bbox 723 1729 831 1758; x_wconf 73' lang='lat' dir='ltr'>dictum</span> <span class='ocrx_word' id='word_1_440' title='bbox 851 1727 911 1765; x_wconf 47' lang='lat' dir='ltr'>[hin</span> <span class='ocrx_word' id='word_1_441' title='bbox 922 1750 928 1759; x_wconf 88' lang='lat'>‚</span> <span class='ocrx_word' id='word_1_442' title='bbox 949 1736 981 1759; x_wconf 90' lang='lat' dir='ltr'>ut</span> <span class='ocrx_word' id='word_1_443' title='bbox 997 1730 1070 1764; x_wconf 62' lang='grc' dir='ltr'><strong><em>τςίπν</em></strong></span> <span class='ocrx_word' id='word_1_444' title='bbox 1087 1726 1128 1759; x_wconf 57' lang='grc' dir='ltr'>ἤδη</span> <span class='ocrx_word' id='word_1_445' title='bbox 1144 1730 1232 1766; x_wconf 49' lang='grc' dir='ltr'>ετΘυ]</span> 
     </span>
    </p>

    <p class='ocr_par' dir='ltr' id='par_1_22' title="bbox 104 1764 825 1803">
     <span class='ocr_line' id='line_1_44' title="bbox 104 1764 825 1803; baseline 0.001 -9"><span class='ocrx_word' id='word_1_446' title='bbox 104 1764 285 1802; x_wconf 85' lang='lat' dir='ltr'>jungiturque</span> <span class='ocrx_word' id='word_1_447' title='bbox 294 1764 391 1803; x_wconf 83' lang='lat' dir='ltr'>saepius</span> <span class='ocrx_word' id='word_1_448' title='bbox 403 1765 557 1796; x_wconf 84' lang='lat' dir='ltr'>accusativo</span> <span class='ocrx_word' id='word_1_449' title='bbox 568 1789 576 1802; x_wconf 93' lang='lat'>,</span> <span class='ocrx_word' id='word_1_450' title='bbox 598 1767 683 1797; x_wconf 84' lang='lat' dir='ltr'>rarius</span> <span class='ocrx_word' id='word_1_451' title='bbox 696 1766 825 1796; x_wconf 85' lang='lat' dir='ltr'>ablativo.</span> 
     </span>
    </p>

    <p class='ocr_par' dir='ltr' id='par_1_23' title="bbox 105 1802 1234 1838">
     <span class='ocr_line' id='line_1_45' title="bbox 105 1802 1234 1838; baseline 0.002 -5"><span class='ocrx_word' id='word_1_452' title='bbox 105 1802 232 1838; x_wconf 89' lang='lat' dir='ltr'>Abhinc,</span> <span class='ocrx_word' id='word_1_453' title='bbox 260 1813 324 1832; x_wconf 90' lang='lat' dir='ltr'>cum</span> <span class='ocrx_word' id='word_1_454' title='bbox 336 1803 498 1834; x_wconf 85' lang='lat' dir='ltr'>accusativo.</span> <span class='ocrx_word' id='word_1_455' title='bbox 525 1804 589 1834; x_wconf 89' lang='lat' dir='ltr'>Ter.</span> <span class='ocrx_word' id='word_1_456' title='bbox 609 1805 678 1835; x_wconf 90' lang='lat' dir='ltr'>And.</span> <span class='ocrx_word' id='word_1_457' title='bbox 697 1815 720 1835; x_wconf 86' lang='lat'>1.</span> <span class='ocrx_word' id='word_1_458' title='bbox 742 1815 764 1834; x_wconf 90' lang='lat'>1.</span> <span class='ocrx_word' id='word_1_459' title='bbox 779 1815 824 1837; x_wconf 74' lang='lat'>42.</span> <span class='ocrx_word' id='word_1_460' title='bbox 864 1804 972 1834; x_wconf 82' lang='lat' dir='ltr'>Abhinc</span> <span class='ocrx_word' id='word_1_461' title='bbox 988 1806 1140 1835; x_wconf 86' lang='lat' dir='ltr'>triennium</span> <span class='ocrx_word' id='word_1_462' title='bbox 1156 1815 1234 1835; x_wconf 91' lang='lat' dir='ltr'>com-</span> 
     </span>
    </p>

    <p class='ocr_par' dir='ltr' id='par_1_24' title="bbox 123 1841 1233 1882">
     <span class='ocr_line' id='line_1_46' title="bbox 123 1841 1233 1882; baseline 0.005 -13"><span class='ocrx_word' id='word_1_463' title='bbox 123 1841 251 1878; x_wconf 81' lang='lat' dir='ltr'>migravit</span> <span class='ocrx_word' id='word_1_464' title='bbox 266 1841 322 1870; x_wconf 89' lang='lat' dir='ltr'>huc</span> <span class='ocrx_word' id='word_1_465' title='bbox 336 1841 453 1871; x_wconf 81' lang='lat' dir='ltr'>viciniae.</span> <span class='ocrx_word' id='word_1_466' title='bbox 485 1841 542 1872; x_wconf 93' lang='lat' dir='ltr'>Cic.</span> <span class='ocrx_word' id='word_1_467' title='bbox 557 1842 631 1872; x_wconf 87' lang='lat' dir='ltr'>Verr.</span> <span class='ocrx_word' id='word_1_468' title='bbox 650 1854 676 1879; x_wconf 83' lang='lat'>4.</span> <span class='ocrx_word' id='word_1_469' title='bbox 697 1852 740 1879; x_wconf 86' lang='lat'>25.</span> <span class='ocrx_word' id='word_1_470' title='bbox 782 1842 891 1873; x_wconf 85' lang='lat' dir='ltr'>Horum</span> <span class='ocrx_word' id='word_1_471' title='bbox 902 1850 979 1882; x_wconf 84' lang='lat' dir='ltr'>pater</span> <span class='ocrx_word' id='word_1_472' title='bbox 997 1843 1099 1874; x_wconf 80' lang='lat' dir='ltr'>abhinc</span> <span class='ocrx_word' id='word_1_473' title='bbox 1116 1844 1188 1873; x_wconf 87' lang='lat' dir='ltr'>duos</span> <span class='ocrx_word' id='word_1_474' title='bbox 1206 1846 1233 1874; x_wconf 72' lang='lat'>6&lt;</span> 
     </span>
    </p>

    <p class='ocr_par' dir='ltr' id='par_1_25' title="bbox 123 1879 734 1916">
     <span class='ocr_line' id='line_1_47' title="bbox 123 1879 734 1916; baseline 0.005 -9"><span class='ocrx_word' id='word_1_475' title='bbox 123 1879 222 1916; x_wconf 75' lang='lat' dir='ltr'>viginti</span> <span class='ocrx_word' id='word_1_476' title='bbox 232 1888 319 1909; x_wconf 87' lang='lat' dir='ltr'>annos</span> <span class='ocrx_word' id='word_1_477' title='bbox 329 1886 455 1909; x_wconf 89' lang='lat' dir='ltr'>mortuus</span> <span class='ocrx_word' id='word_1_478' title='bbox 465 1880 510 1910; x_wconf 87' lang='lat' dir='ltr'>est.</span> <span class='ocrx_word' id='word_1_479' title='bbox 532 1880 576 1910; x_wconf 88' lang='lat' dir='ltr'>.Id</span> <span class='ocrx_word' id='word_1_480' title='bbox 585 1881 624 1910; x_wconf 86' lang='lat' dir='ltr'>est</span> <span class='ocrx_word' id='word_1_481' title='bbox 632 1903 640 1916; x_wconf 87' lang='lat'>,</span> <span class='ocrx_word' id='word_1_482' title='bbox 661 1887 734 1911; x_wconf 88' lang='lat' dir='ltr'>ante.</span> 
     </span>
    </p>

    <p class='ocr_par' dir='ltr' id='par_1_26' title="bbox 106 1916 1234 2070">
     <span class='ocr_line' id='line_1_48' title="bbox 106 1916 1234 1957; baseline 0.002 -10"><span class='ocrx_word' id='word_1_483' title='bbox 106 1916 231 1952; x_wconf 83' lang='lat' dir='ltr'>Abhinc,</span> <span class='ocrx_word' id='word_1_484' title='bbox 252 1926 319 1946; x_wconf 90' lang='lat' dir='ltr'>cum</span> <span class='ocrx_word' id='word_1_485' title='bbox 333 1916 377 1946; x_wconf 84' lang='lat' dir='ltr'>abl</span> <span class='ocrx_word' id='word_1_486' title='bbox 410 1918 461 1947; x_wconf 70' lang='lat' dir='ltr'>‘vo</span> <span class='ocrx_word' id='word_1_487' title='bbox 490 1917 574 1948; x_wconf 83' lang='lat' dir='ltr'>Plaut.</span> <span class='ocrx_word' id='word_1_488' title='bbox 593 1918 675 1948; x_wconf 81' lang='lat' dir='ltr'>Most.</span> <span class='ocrx_word' id='word_1_489' title='bbox 695 1929 720 1948; x_wconf 89' lang='lat'>2.</span> <span class='ocrx_word' id='word_1_490' title='bbox 734 1928 761 1948; x_wconf 90' lang='lat'>2.</span> <span class='ocrx_word' id='word_1_491' title='bbox 777 1920 821 1955; x_wconf 88' lang='lat'>63.</span> <span class='ocrx_word' id='word_1_492' title='bbox 850 1918 897 1955; x_wconf 86' lang='lat' dir='ltr'>qui</span> <span class='ocrx_word' id='word_1_493' title='bbox 913 1918 1015 1949; x_wconf 82' lang='lat' dir='ltr'>abhinc</span> <span class='ocrx_word' id='word_1_494' title='bbox 1030 1919 1170 1957; x_wconf 78' lang='lat' dir='ltr'>sexaginta</span> <span class='ocrx_word' id='word_1_495' title='bbox 1186 1930 1234 1950; x_wconf 88' lang='lat' dir='ltr'>an-</span> 
     </span>
     <span class='ocr_line' id='line_1_49' title="bbox 124 1955 1229 1994; baseline 0.005 -11"><span class='ocrx_word' id='word_1_496' title='bbox 124 1955 168 1985; x_wconf 88' lang='lat' dir='ltr'>nis</span> <span class='ocrx_word' id='word_1_497' title='bbox 178 1955 285 1985; x_wconf 86' lang='lat' dir='ltr'>occisus</span> <span class='ocrx_word' id='word_1_498' title='bbox 297 1955 376 1985; x_wconf 83' lang='lat' dir='ltr'>foret.</span> <span class='ocrx_word' id='word_1_499' title='bbox 409 1955 468 1986; x_wconf 85' lang='lat' dir='ltr'>Cic.</span> <span class='ocrx_word' id='word_1_500' title='bbox 485 1966 537 1994; x_wconf 89' lang='lat' dir='ltr'>pro</span> <span class='ocrx_word' id='word_1_501' title='bbox 552 1956 632 1986; x_wconf 87' lang='lat' dir='ltr'>Rosc.</span> <span class='ocrx_word' id='word_1_502' title='bbox 654 1956 732 1986; x_wconf 88' lang='lat' dir='ltr'>Com.</span> <span class='ocrx_word' id='word_1_503' title='bbox 751 1965 793 1993; x_wconf 85' lang='lat'>37.</span> <span class='ocrx_word' id='word_1_504' title='bbox 836 1956 944 1986; x_wconf 84' lang='lat' dir='ltr'>Abhinc</span> <span class='ocrx_word' id='word_1_505' title='bbox 961 1958 1039 1987; x_wconf 88' lang='lat' dir='ltr'>annis</span> <span class='ocrx_word' id='word_1_506' title='bbox 1059 1958 1229 1994; x_wconf 86' lang='lat' dir='ltr'>quindecim.</span> 
     </span>
     <span class='ocr_line' id='line_1_50' title="bbox 123 1992 1233 2035; baseline 0.003 -12"><span class='ocrx_word' id='word_1_507' title='bbox 123 1992 202 2023; x_wconf 83' lang='lat' dir='ltr'>Idem</span> <span class='ocrx_word' id='word_1_508' title='bbox 217 1994 271 2023; x_wconf 88' lang='lat' dir='ltr'>Att.</span> <span class='ocrx_word' id='word_1_509' title='bbox 291 1992 338 2022; x_wconf 90' lang='lat' dir='ltr'>lib.</span> <span class='ocrx_word' id='word_1_510' title='bbox 357 2003 397 2024; x_wconf 96' lang='lat'>12.</span> <span class='ocrx_word' id='word_1_511' title='bbox 415 2003 457 2031; x_wconf 91' lang='lat'>17.</span> <span class='ocrx_word' id='word_1_512' title='bbox 503 1994 589 2030; x_wconf 82' lang='lat' dir='ltr'>Quod</span> <span class='ocrx_word' id='word_1_513' title='bbox 607 2004 657 2032; x_wconf 88' lang='lat' dir='ltr'>pro</span> <span class='ocrx_word' id='word_1_514' title='bbox 671 1994 821 2024; x_wconf 87' lang='lat' dir='ltr'>Cornificio</span> <span class='ocrx_word' id='word_1_515' title='bbox 836 2004 881 2023; x_wconf 92' lang='lat' dir='ltr'>me</span> <span class='ocrx_word' id='word_1_516' title='bbox 897 1994 998 2024; x_wconf 86' lang='lat' dir='ltr'>abhinc</span> <span class='ocrx_word' id='word_1_517' title='bbox 1013 1996 1092 2025; x_wconf 75' lang='lat' dir='ltr'>annis</span> <span class='ocrx_word' id='word_1_518' title='bbox 1113 1997 1233 2035; x_wconf 84' lang='lat' dir='ltr'>amplius</span> 
     </span>
     <span class='ocr_line' id='line_1_51' title="bbox 122 2031 1039 2070; baseline 0.003 -10"><span class='ocrx_word' id='word_1_519' title='bbox 122 2039 207 2066; x_wconf 80' lang='lat' dir='ltr'>xxv,</span> <span class='ocrx_word' id='word_1_520' title='bbox 228 2031 406 2070; x_wconf 72' lang='lat' dir='ltr'>spopondiss&#39;e</span> <span class='ocrx_word' id='word_1_521' title='bbox 417 2032 487 2061; x_wconf 90' lang='lat' dir='ltr'>dicit</span> <span class='ocrx_word' id='word_1_522' title='bbox 499 2032 617 2063; x_wconf 84' lang='lat' dir='ltr'>Flavius.</span> <span class='ocrx_word' id='word_1_523' title='bbox 644 2032 674 2062; x_wconf 93' lang='lat' dir='ltr'>V.</span> <span class='ocrx_word' id='word_1_524' title='bbox 694 2031 816 2062; x_wconf 86' lang='lat' dir='ltr'>Borrich.</span> <span class='ocrx_word' id='word_1_525' title='bbox 831 2032 920 2069; x_wconf 85' lang='lat' dir='ltr'>Cogit.</span> <span class='ocrx_word' id='word_1_526' title='bbox 935 2043 961 2070; x_wconf 88' lang='lat' dir='ltr'>p.</span> <span class='ocrx_word' id='word_1_527' title='bbox 977 2037 1039 2070; x_wconf 84' lang='lat'>269.</span> 
     </span>
    </p>

    <p class='ocr_par' dir='ltr' id='par_1_27' title="bbox 66 2066 1233 2221">
     <span class='ocr_line' id='line_1_52' title="bbox 66 2066 1233 2107; baseline 0.003 -9"><span class='ocrx_word' id='word_1_528' title='bbox 66 2067 111 2098; x_wconf 76' lang='lat' dir='ltr'>AB</span> <span class='ocrx_word' id='word_1_529' title='bbox 120 2078 140 2097; x_wconf 78' lang='grc' dir='ltr'><strong><em>Η</em></strong></span> <span class='ocrx_word' id='word_1_530' title='bbox 149 2079 166 2098; x_wconf 93' lang='lat' dir='ltr'>o</span> <span class='ocrx_word' id='word_1_531' title='bbox 174 2079 216 2097; x_wconf 83' lang='lat' dir='ltr'>RR</span> <span class='ocrx_word' id='word_1_532' title='bbox 225 2079 239 2098; x_wconf 77' lang='grc' dir='ltr'>Ε</span> <span class='ocrx_word' id='word_1_533' title='bbox 247 2079 264 2098; x_wconf 94' lang='lat' dir='ltr'>o</span> <span class='ocrx_word' id='word_1_534' title='bbox 274 2091 282 2104; x_wconf 89' lang='lat'>,</span> <span class='ocrx_word' id='word_1_535' title='bbox 309 2069 356 2104; x_wconf 88' lang='lat' dir='ltr'>ui,</span> <span class='ocrx_word' id='word_1_536' title='bbox 386 2069 543 2107; x_wconf 68' lang='grc' dir='ltr'>[ἀποφςί-ἣω</span> <span class='ocrx_word' id='word_1_537' title='bbox 554 2089 562 2100; x_wconf 90' lang='grc'><strong>,</strong></span> <span class='ocrx_word' id='word_1_538' title='bbox 588 2066 745 2105; x_wconf 58' lang='grc' dir='ltr'>μυηέθοριᾳι</span> <span class='ocrx_word' id='word_1_539' title='bbox 756 2070 769 2106; x_wconf 97' lang='grc'>]</span> <span class='ocrx_word' id='word_1_540' title='bbox 798 2072 852 2099; x_wconf 70' lang='grc' dir='ltr'>ὅτε.</span> <span class='ocrx_word' id='word_1_541' title='bbox 886 2070 1005 2100; x_wconf 84' lang='lat' dir='ltr'>ablativo</span> <span class='ocrx_word' id='word_1_542' title='bbox 1024 2071 1148 2107; x_wconf 75' lang='lat' dir='ltr'>jungitur</span> <span class='ocrx_word' id='word_1_543' title='bbox 1167 2081 1233 2102; x_wconf 85' lang='lat' dir='ltr'>cum</span> 
     </span>
     <span class='ocr_line' id='line_1_53' title="bbox 101 2106 1231 2146; baseline 0.004 -11"><span class='ocrx_word' id='word_1_544' title='bbox 101 2106 297 2145; x_wconf 82' lang='lat' dir='ltr'>praepofitione</span> <span class='ocrx_word' id='word_1_545' title='bbox 316 2117 332 2136; x_wconf 93' lang='lat' dir='ltr'>a</span> <span class='ocrx_word' id='word_1_546' title='bbox 348 2107 393 2137; x_wconf 84' lang='lat' dir='ltr'>vel</span> <span class='ocrx_word' id='word_1_547' title='bbox 411 2107 464 2143; x_wconf 83' lang='lat' dir='ltr'>ab,</span> <span class='ocrx_word' id='word_1_548' title='bbox 494 2109 521 2139; x_wconf 70' lang='grc' dir='ltr'>δι</span> <span class='ocrx_word' id='word_1_549' title='bbox 538 2108 671 2145; x_wconf 86' lang='lat' dir='ltr'>fignificat</span> <span class='ocrx_word' id='word_1_550' title='bbox 688 2108 800 2138; x_wconf 91' lang='lat' dir='ltr'>horrere</span> <span class='ocrx_word' id='word_1_551' title='bbox 817 2107 850 2136; x_wconf 87' lang='lat' dir='ltr'>ab</span> <span class='ocrx_word' id='word_1_552' title='bbox 871 2107 971 2146; x_wconf 88' lang='lat' dir='ltr'>aliquo.</span> <span class='ocrx_word' id='word_1_553' title='bbox 1013 2109 1046 2139; x_wconf 87' lang='lat' dir='ltr'>Id</span> <span class='ocrx_word' id='word_1_554' title='bbox 1063 2109 1118 2144; x_wconf 85' lang='lat' dir='ltr'>est,</span> <span class='ocrx_word' id='word_1_555' title='bbox 1147 2110 1180 2138; x_wconf 85' lang='lat' dir='ltr'>ab</span> <span class='ocrx_word' id='word_1_556' title='bbox 1197 2120 1231 2139; x_wconf 90' lang='lat' dir='ltr'>eo</span> 
     </span>
     <span class='ocr_line' id='line_1_54' title="bbox 100 2143 1233 2183; baseline 0.004 -10"><span class='ocrx_word' id='word_1_557' title='bbox 100 2143 210 2183; x_wconf 88' lang='lat' dir='ltr'>prorsus</span> <span class='ocrx_word' id='word_1_558' title='bbox 226 2144 348 2175; x_wconf 86' lang='lat' dir='ltr'>alienum</span> <span class='ocrx_word' id='word_1_559' title='bbox 363 2145 425 2176; x_wconf 86' lang='lat' dir='ltr'>effe.</span> <span class='ocrx_word' id='word_1_560' title='bbox 456 2145 520 2176; x_wconf 85' lang='lat' dir='ltr'>Ter.</span> <span class='ocrx_word' id='word_1_561' title='bbox 537 2146 605 2177; x_wconf 89' lang='lat' dir='ltr'>Hec.</span> <span class='ocrx_word' id='word_1_562' title='bbox 619 2157 644 2183; x_wconf 88' lang='lat'>4.</span> <span class='ocrx_word' id='word_1_563' title='bbox 658 2158 685 2183; x_wconf 87' lang='lat'>4.</span> <span class='ocrx_word' id='word_1_564' title='bbox 700 2155 744 2183; x_wconf 91' lang='lat'>42.</span> <span class='ocrx_word' id='word_1_565' title='bbox 785 2145 859 2176; x_wconf 82' lang='lat' dir='ltr'>Nam</span> <span class='ocrx_word' id='word_1_566' title='bbox 876 2147 991 2176; x_wconf 85' lang='lat' dir='ltr'>omnino</span> <span class='ocrx_word' id='word_1_567' title='bbox 1011 2147 1157 2177; x_wconf 81' lang='lat' dir='ltr'>abhorrere</span> <span class='ocrx_word' id='word_1_568' title='bbox 1175 2148 1233 2177; x_wconf 79' lang='lat' dir='ltr'>ani-</span> 
     </span>
     <span class='ocr_line' id='line_1_55' title="bbox 101 2182 505 2221; baseline 0.005 -10"><span class='ocrx_word' id='word_1_569' title='bbox 101 2192 180 2211; x_wconf 91' lang='lat' dir='ltr'>mum</span> <span class='ocrx_word' id='word_1_570' title='bbox 191 2182 257 2212; x_wconf 87' lang='lat' dir='ltr'>huic</span> <span class='ocrx_word' id='word_1_571' title='bbox 269 2183 352 2212; x_wconf 88' lang='lat' dir='ltr'>video</span> <span class='ocrx_word' id='word_1_572' title='bbox 363 2193 379 2212; x_wconf 89' lang='lat' dir='ltr'>a</span> <span class='ocrx_word' id='word_1_573' title='bbox 391 2184 505 2221; x_wconf 85' lang='lat' dir='ltr'>nuptiis.</span> 
     </span>
    </p>

    <p class='ocr_par' dir='ltr' id='par_1_28' title="bbox 101 2220 1230 2298">
     <span class='ocr_line' id='line_1_56' title="bbox 101 2220 1230 2259; baseline 0.003 -10"><span class='ocrx_word' id='word_1_574' title='bbox 101 2220 142 2250; x_wconf 92' lang='lat' dir='ltr'>Ab</span> <span class='ocrx_word' id='word_1_575' title='bbox 155 2221 267 2250; x_wconf 86' lang='lat' dir='ltr'>auribus</span> <span class='ocrx_word' id='word_1_576' title='bbox 283 2220 367 2258; x_wconf 84' lang='lat' dir='ltr'>vulgi.</span> <span class='ocrx_word' id='word_1_577' title='bbox 399 2221 456 2251; x_wconf 89' lang='lat' dir='ltr'>Cic.</span> <span class='ocrx_word' id='word_1_578' title='bbox 473 2231 496 2258; x_wconf 88' lang='lat'>3.</span> <span class='ocrx_word' id='word_1_579' title='bbox 512 2222 548 2252; x_wconf 88' lang='lat' dir='ltr'>de</span> <span class='ocrx_word' id='word_1_580' title='bbox 558 2222 634 2252; x_wconf 88' lang='lat' dir='ltr'>Orat.</span> <span class='ocrx_word' id='word_1_581' title='bbox 672 2222 727 2253; x_wconf 86' lang='lat' dir='ltr'>Sed</span> <span class='ocrx_word' id='word_1_582' title='bbox 741 2223 810 2252; x_wconf 89' lang='lat' dir='ltr'>utin</span> <span class='ocrx_word' id='word_1_583' title='bbox 821 2223 938 2254; x_wconf 86' lang='lat' dir='ltr'>Oratore</span> <span class='ocrx_word' id='word_1_584' title='bbox 948 2222 1020 2253; x_wconf 76' lang='lat' dir='ltr'>exile</span> <span class='ocrx_word' id='word_1_585' title='bbox 1030 2244 1039 2258; x_wconf 97' lang='lat'>,</span> <span class='ocrx_word' id='word_1_586' title='bbox 1060 2222 1230 2259; x_wconf 85' lang='lat' dir='ltr'>inusitatum,</span> 
     </span>
     <span class='ocr_line' id='line_1_57' title="bbox 120 2257 1006 2298; baseline 0.003 -11"><span class='ocrx_word' id='word_1_587' title='bbox 120 2257 271 2288; x_wconf 87' lang='lat' dir='ltr'>abhorrens</span> <span class='ocrx_word' id='word_1_588' title='bbox 281 2258 315 2287; x_wconf 86' lang='lat' dir='ltr'>ab</span> <span class='ocrx_word' id='word_1_589' title='bbox 324 2258 435 2289; x_wconf 81' lang='lat' dir='ltr'>auribus</span> <span class='ocrx_word' id='word_1_590' title='bbox 445 2259 521 2298; x_wconf 87' lang='lat' dir='ltr'>vulgi</span> <span class='ocrx_word' id='word_1_591' title='bbox 530 2283 538 2296; x_wconf 90' lang='lat'>,</span> <span class='ocrx_word' id='word_1_592' title='bbox 559 2260 707 2290; x_wconf 88' lang='lat' dir='ltr'>obscurum</span> <span class='ocrx_word' id='word_1_593' title='bbox 716 2283 725 2295; x_wconf 95' lang='lat'>,</span> <span class='ocrx_word' id='word_1_594' title='bbox 746 2261 829 2290; x_wconf 87' lang='lat' dir='ltr'>inane</span> <span class='ocrx_word' id='word_1_595' title='bbox 839 2284 847 2297; x_wconf 88' lang='lat'>,</span> <span class='ocrx_word' id='word_1_596' title='bbox 871 2262 1006 2298; x_wconf 76' lang='lat' dir='ltr'>jejunum.</span> 
     </span>
    </p>

    <p class='ocr_par' dir='ltr' id='par_1_29' title="bbox 101 2296 1232 2373">
     <span class='ocr_line' id='line_1_58' title="bbox 101 2296 1232 2334; baseline 0.001 -6"><span class='ocrx_word' id='word_1_597' title='bbox 101 2296 180 2328; x_wconf 83' lang='lat' dir='ltr'>Auris</span> <span class='ocrx_word' id='word_1_598' title='bbox 194 2296 324 2327; x_wconf 85' lang='lat' dir='ltr'>abhorret</span> <span class='ocrx_word' id='word_1_599' title='bbox 334 2302 417 2334; x_wconf 88' lang='lat' dir='ltr'>atque</span> <span class='ocrx_word' id='word_1_600' title='bbox 429 2298 538 2328; x_wconf 86' lang='lat' dir='ltr'>animus</span> <span class='ocrx_word' id='word_1_601' title='bbox 554 2308 570 2328; x_wconf 88' lang='lat' dir='ltr'>a</span> <span class='ocrx_word' id='word_1_602' title='bbox 581 2298 670 2328; x_wconf 90' lang='lat' dir='ltr'>nobis.</span> <span class='ocrx_word' id='word_1_603' title='bbox 702 2298 759 2328; x_wconf 85' lang='lat' dir='ltr'>Cic.</span> <span class='ocrx_word' id='word_1_604' title='bbox 775 2299 848 2328; x_wconf 88' lang='lat' dir='ltr'>Fam.</span> <span class='ocrx_word' id='word_1_605' title='bbox 888 2299 945 2328; x_wconf 84' lang='lat' dir='ltr'>Nisi</span> <span class='ocrx_word' id='word_1_606' title='bbox 961 2299 1033 2328; x_wconf 88' lang='lat' dir='ltr'>forte</span> <span class='ocrx_word' id='word_1_607' title='bbox 1050 2299 1147 2330; x_wconf 86' lang='lat' dir='ltr'>frustra</span> <span class='ocrx_word' id='word_1_608' title='bbox 1162 2298 1232 2329; x_wconf 88' lang='lat' dir='ltr'>deos</span> 
     </span>
     <span class='ocr_line' id='line_1_59' title="bbox 120 2333 950 2373; baseline 0.004 -10"><span class='ocrx_word' id='word_1_609' title='bbox 120 2344 136 2363; x_wconf 93' lang='lat' dir='ltr'>a</span> <span class='ocrx_word' id='word_1_610' title='bbox 157 2333 232 2372; x_wconf 90' lang='lat' dir='ltr'>pello</span> <span class='ocrx_word' id='word_1_611' title='bbox 241 2357 250 2371; x_wconf 88' lang='lat'>,</span> <span class='ocrx_word' id='word_1_612' title='bbox 269 2344 387 2372; x_wconf 88' lang='lat' dir='ltr'>quorum</span> <span class='ocrx_word' id='word_1_613' title='bbox 398 2336 470 2365; x_wconf 86' lang='lat' dir='ltr'>auris</span> <span class='ocrx_word' id='word_1_614' title='bbox 481 2342 563 2373; x_wconf 88' lang='lat' dir='ltr'>atque</span> <span class='ocrx_word' id='word_1_615' title='bbox 575 2337 684 2366; x_wconf 86' lang='lat' dir='ltr'>animus</span> <span class='ocrx_word' id='word_1_616' title='bbox 697 2346 713 2365; x_wconf 89' lang='lat' dir='ltr'>a</span> <span class='ocrx_word' id='word_1_617' title='bbox 722 2336 804 2367; x_wconf 90' lang='lat' dir='ltr'>nobis</span> <span class='ocrx_word' id='word_1_618' title='bbox 815 2337 950 2367; x_wconf 87' lang='lat' dir='ltr'>abhorret.</span> 
     </span>
    </p>

    <p class='ocr_par' dir='ltr' id='par_1_30' title="bbox 100 2371 1230 2440">
     <span class='ocr_line' id='line_1_60' title="bbox 100 2371 1230 2440; baseline 0.001 -37"><span class='ocrx_word' id='word_1_619' title='bbox 100 2371 141 2403; x_wconf 87' lang='lat' dir='ltr'>Ab</span> <span class='ocrx_word' id='word_1_620' title='bbox 151 2382 254 2440; x_wconf 48' lang='lat' dir='ltr'>sorred?</span> <span class='ocrx_word' id='word_1_621' title='bbox 270 2382 286 2403; x_wconf 87' lang='lat' dir='ltr'>a</span> <span class='ocrx_word' id='word_1_622' title='bbox 301 2373 416 2411; x_wconf 87' lang='lat' dir='ltr'>nuptiis.</span> <span class='ocrx_word' id='word_1_623' title='bbox 447 2374 506 2405; x_wconf 88' lang='lat' dir='ltr'>Cic.</span> <span class='ocrx_word' id='word_1_624' title='bbox 524 2384 575 2414; x_wconf 88' lang='lat' dir='ltr'>pro</span> <span class='ocrx_word' id='word_1_625' title='bbox 591 2373 702 2405; x_wconf 89' lang='lat' dir='ltr'>Cluent.</span> <span class='ocrx_word' id='word_1_626' title='bbox 716 2383 759 2413; x_wconf 87' lang='lat'>27.</span> <span class='ocrx_word' id='word_1_627' title='bbox 803 2376 838 2406; x_wconf 91' lang='lat' dir='ltr'>Se</span> <span class='ocrx_word' id='word_1_628' title='bbox 855 2375 888 2406; x_wconf 86' lang='lat' dir='ltr'>ab</span> <span class='ocrx_word' id='word_1_629' title='bbox 905 2375 948 2405; x_wconf 87' lang='lat' dir='ltr'>his</span> <span class='ocrx_word' id='word_1_630' title='bbox 960 2375 1066 2414; x_wconf 86' lang='lat' dir='ltr'>nuptiis</span> <span class='ocrx_word' id='word_1_631' title='bbox 1083 2374 1230 2405; x_wconf 86' lang='lat' dir='ltr'>abhorrere</span> 
     </span>
     <span class='ocr_line' id='line_1_61' title="bbox 119 2416 271 2440; baseline 0 -1"><span class='ocrx_word' id='word_1_632' title='bbox 119 2420 148 2439; x_wconf 91' lang='lat' dir='ltr'>re</span> <span class='ocrx_word' id='word_1_633' title='bbox 181 2420 219 2440; x_wconf 87' lang='lat' dir='ltr'>ori</span> <span class='ocrx_word' id='word_1_634' title='bbox 241 2416 271 2440; x_wconf 85' lang='lat' dir='ltr'>it.</span> 
     </span>
    </p>

    <p class='ocr_par' dir='ltr' id='par_1_31' title="bbox 100 2420 1230 2522">
     <span class='ocr_line' id='line_1_62' title="bbox 100 2420 1230 2488; baseline 0.001 -8"><span class='ocrx_word' id='word_1_635' title='bbox 100 2420 219 2480; x_wconf 50' lang='lat' dir='ltr'>Faciliius</span> <span class='ocrx_word' id='word_1_636' title='bbox 233 2448 363 2479; x_wconf 85' lang='lat' dir='ltr'>abhorret</span> <span class='ocrx_word' id='word_1_637' title='bbox 377 2449 411 2479; x_wconf 92' lang='lat' dir='ltr'>ab</span> <span class='ocrx_word' id='word_1_638' title='bbox 424 2449 482 2479; x_wconf 88' lang='lat' dir='ltr'>illo.</span> <span class='ocrx_word' id='word_1_639' title='bbox 510 2449 567 2480; x_wconf 88' lang='lat' dir='ltr'>Cic.</span> <span class='ocrx_word' id='word_1_640' title='bbox 582 2460 633 2488; x_wconf 86' lang='lat' dir='ltr'>pro</span> <span class='ocrx_word' id='word_1_641' title='bbox 645 2449 755 2481; x_wconf 83' lang='lat' dir='ltr'>Cluent.</span> <span class='ocrx_word' id='word_1_642' title='bbox 771 2454 832 2488; x_wconf 87' lang='lat'>167.</span> <span class='ocrx_word' id='word_1_643' title='bbox 872 2450 950 2488; x_wconf 84' lang='lat' dir='ltr'>Quid</span> <span class='ocrx_word' id='word_1_644' title='bbox 959 2460 1083 2488; x_wconf 90' lang='lat' dir='ltr'>unquam</span> <span class='ocrx_word' id='word_1_645' title='bbox 1092 2451 1187 2481; x_wconf 89' lang='lat' dir='ltr'>Avitus</span> <span class='ocrx_word' id='word_1_646' title='bbox 1199 2451 1230 2481; x_wconf 88' lang='lat' dir='ltr'>in</span> 
     </span>
     <span class='ocr_line' id='line_1_63' title="bbox 118 2485 1106 2522; baseline 0.002 -7"><span class='ocrx_word' id='word_1_647' title='bbox 118 2485 146 2516; x_wconf 88' lang='lat' dir='ltr'>se</span> <span class='ocrx_word' id='word_1_648' title='bbox 155 2486 264 2516; x_wconf 89' lang='lat' dir='ltr'>admisit</span> <span class='ocrx_word' id='word_1_649' title='bbox 272 2509 280 2522; x_wconf 96' lang='lat'>,</span> <span class='ocrx_word' id='word_1_650' title='bbox 301 2493 333 2517; x_wconf 89' lang='lat' dir='ltr'>ut</span> <span class='ocrx_word' id='word_1_651' title='bbox 343 2487 398 2517; x_wconf 90' lang='lat' dir='ltr'>hoc</span> <span class='ocrx_word' id='word_1_652' title='bbox 409 2493 518 2517; x_wconf 86' lang='lat' dir='ltr'>tantum</span> <span class='ocrx_word' id='word_1_653' title='bbox 527 2488 561 2517; x_wconf 90' lang='lat' dir='ltr'>ab</span> <span class='ocrx_word' id='word_1_654' title='bbox 573 2498 607 2517; x_wconf 90' lang='lat' dir='ltr'>eo</span> <span class='ocrx_word' id='word_1_655' title='bbox 615 2488 723 2518; x_wconf 65' lang='lat' dir='ltr'>facinus</span> <span class='ocrx_word' id='word_1_656' title='bbox 732 2499 791 2518; x_wconf 89' lang='lat' dir='ltr'>non</span> <span class='ocrx_word' id='word_1_657' title='bbox 801 2489 946 2518; x_wconf 88' lang='lat' dir='ltr'>abhorrere</span> <span class='ocrx_word' id='word_1_658' title='bbox 957 2489 1083 2518; x_wconf 87' lang='lat' dir='ltr'>videatur</span> <span class='ocrx_word' id='word_1_659' title='bbox 1093 2489 1106 2518; x_wconf 83' lang='lat'>‘?</span> 
     </span>
    </p>

    <p class='ocr_par' dir='ltr' id='par_1_32' title="bbox 100 2523 1230 2640">
     <span class='ocr_line' id='line_1_64' title="bbox 100 2523 1230 2564; baseline 0.004 -11"><span class='ocrx_word' id='word_1_660' title='bbox 100 2523 236 2554; x_wconf 81' lang='lat' dir='ltr'>Abhorret</span> <span class='ocrx_word' id='word_1_661' title='bbox 253 2535 268 2553; x_wconf 87' lang='lat' dir='ltr'>a</span> <span class='ocrx_word' id='word_1_662' title='bbox 279 2524 351 2560; x_wconf 88' lang='lat' dir='ltr'>fide,</span> <span class='ocrx_word' id='word_1_663' title='bbox 373 2535 424 2564; x_wconf 90' lang='lat' dir='ltr'>pro</span> <span class='ocrx_word' id='word_1_664' title='bbox 434 2525 602 2556; x_wconf 83' lang='lat' dir='ltr'>Incredibile</span> <span class='ocrx_word' id='word_1_665' title='bbox 619 2526 664 2557; x_wconf 88' lang='lat' dir='ltr'>est.</span> <span class='ocrx_word' id='word_1_666' title='bbox 697 2526 754 2557; x_wconf 88' lang='lat' dir='ltr'>Liv.</span> <span class='ocrx_word' id='word_1_667' title='bbox 772 2537 793 2556; x_wconf 91' lang='lat'>1.</span> <span class='ocrx_word' id='word_1_668' title='bbox 811 2527 914 2556; x_wconf 81' lang='lat' dir='ltr'>Decad.</span> <span class='ocrx_word' id='word_1_669' title='bbox 937 2526 984 2556; x_wconf 89' lang='lat' dir='ltr'>lib.</span> <span class='ocrx_word' id='word_1_670' title='bbox 999 2537 1024 2563; x_wconf 87' lang='lat'>9.</span> <span class='ocrx_word' id='word_1_671' title='bbox 1065 2526 1120 2556; x_wconf 89' lang='lat' dir='ltr'>Sed</span> <span class='ocrx_word' id='word_1_672' title='bbox 1137 2536 1230 2564; x_wconf 88' lang='lat' dir='ltr'>neque</span> 
     </span>
     <span class='ocr_line' id='line_1_65' title="bbox 118 2563 1230 2601; baseline 0.004 -10"><span class='ocrx_word' id='word_1_673' title='bbox 118 2563 320 2593; x_wconf 87' lang='lat' dir='ltr'>commercium</span> <span class='ocrx_word' id='word_1_674' title='bbox 328 2563 430 2601; x_wconf 83' lang='lat' dir='ltr'>linguae</span> <span class='ocrx_word' id='word_1_675' title='bbox 439 2586 448 2599; x_wconf 84' lang='lat'>,</span> <span class='ocrx_word' id='word_1_676' title='bbox 466 2573 519 2593; x_wconf 90' lang='lat' dir='ltr'>nec</span> <span class='ocrx_word' id='word_1_677' title='bbox 530 2564 610 2594; x_wconf 84' lang='lat' dir='ltr'>vestis</span> <span class='ocrx_word' id='word_1_678' title='bbox 620 2586 628 2600; x_wconf 85' lang='lat'><strong>‚</strong></span> <span class='ocrx_word' id='word_1_679' title='bbox 649 2574 824 2595; x_wconf 85' lang='lat' dir='ltr'>armorumve</span> <span class='ocrx_word' id='word_1_680' title='bbox 834 2564 943 2594; x_wconf 82' lang='lat' dir='ltr'>habitus</span> <span class='ocrx_word' id='word_1_681' title='bbox 955 2564 991 2593; x_wconf 88' lang='lat' dir='ltr'>sic</span> <span class='ocrx_word' id='word_1_682' title='bbox 1002 2574 1050 2594; x_wconf 88' lang='lat' dir='ltr'>eos</span> <span class='ocrx_word' id='word_1_683' title='bbox 1061 2565 1134 2593; x_wconf 76' lang='lat' dir='ltr'>texit</span> <span class='ocrx_word' id='word_1_684' title='bbox 1146 2574 1230 2601; x_wconf 89' lang='lat' dir='ltr'>quam</span> 
     </span>
     <span class='ocr_line' id='line_1_66' title="bbox 118 2600 1225 2640; baseline 0.003 -10"><span class='ocrx_word' id='word_1_685' title='bbox 118 2600 194 2638; x_wconf 89' lang='lat' dir='ltr'>quod</span> <span class='ocrx_word' id='word_1_686' title='bbox 202 2600 367 2630; x_wconf 77' lang='lat' dir='ltr'>abhorrebat</span> <span class='ocrx_word' id='word_1_687' title='bbox 377 2611 391 2630; x_wconf 87' lang='lat' dir='ltr'>a</span> <span class='ocrx_word' id='word_1_688' title='bbox 400 2601 456 2631; x_wconf 89' lang='lat' dir='ltr'>fide</span> <span class='ocrx_word' id='word_1_689' title='bbox 463 2624 470 2637; x_wconf 85' lang='lat'>,</span> <span class='ocrx_word' id='word_1_690' title='bbox 488 2612 648 2640; x_wconf 79' lang='lat' dir='ltr'>quenquam</span> <span class='ocrx_word' id='word_1_691' title='bbox 657 2609 806 2634; x_wconf 86' lang='lat' dir='ltr'>externum</span> <span class='ocrx_word' id='word_1_692' title='bbox 814 2603 949 2633; x_wconf 88' lang='lat' dir='ltr'>Ciminios</span> <span class='ocrx_word' id='word_1_693' title='bbox 958 2602 1040 2632; x_wconf 79' lang='lat' dir='ltr'>saltus</span> <span class='ocrx_word' id='word_1_694' title='bbox 1051 2602 1225 2633; x_wconf 85' lang='lat' dir='ltr'>intraturum.</span> 
     </span>
    </p>

    <p class='ocr_par' dir='ltr' id='par_1_33' title="bbox 99 2638 775 2677">
     <span class='ocr_line' id='line_1_67' title="bbox 99 2638 775 2677; baseline 0 -7"><span class='ocrx_word' id='word_1_695' title='bbox 99 2638 252 2670; x_wconf 84' lang='lat' dir='ltr'>Abhorrere</span> <span class='ocrx_word' id='word_1_696' title='bbox 263 2649 316 2669; x_wconf 89' lang='lat' dir='ltr'>are</span> <span class='ocrx_word' id='word_1_697' title='bbox 325 2640 431 2670; x_wconf 81' lang='lat' dir='ltr'>uxoria.</span> <span class='ocrx_word' id='word_1_698' title='bbox 453 2639 518 2670; x_wconf 88' lang='lat' dir='ltr'>Ter.</span> <span class='ocrx_word' id='word_1_699' title='bbox 530 2640 561 2670; x_wconf 90' lang='lat' dir='ltr'>in</span> <span class='ocrx_word' id='word_1_700' title='bbox 569 2640 639 2670; x_wconf 86' lang='lat' dir='ltr'>And.</span> <span class='ocrx_word' id='word_1_701' title='bbox 655 2652 677 2677; x_wconf 86' lang='lat'>5.</span> <span class='ocrx_word' id='word_1_702' title='bbox 693 2651 716 2670; x_wconf 89' lang='lat'>1.</span> <span class='ocrx_word' id='word_1_703' title='bbox 734 2651 775 2671; x_wconf 87' lang='lat'>10.</span> 
     </span>
    </p>

    <p class='ocr_par' dir='ltr' id='par_1_34' title="bbox 100 2676 1228 2789">
     <span class='ocr_line' id='line_1_68' title="bbox 100 2676 1228 2717; baseline 0.001 -11"><span class='ocrx_word' id='word_1_704' title='bbox 100 2676 198 2707; x_wconf 81' lang='lat' dir='ltr'>Oratio</span> <span class='ocrx_word' id='word_1_705' title='bbox 212 2676 343 2707; x_wconf 88' lang='lat' dir='ltr'>abhorret</span> <span class='ocrx_word' id='word_1_706' title='bbox 358 2677 392 2707; x_wconf 79' lang='lat' dir='ltr'>ab</span> <span class='ocrx_word' id='word_1_707' title='bbox 409 2677 501 2715; x_wconf 88' lang='lat' dir='ltr'>aliqua</span> <span class='ocrx_word' id='word_1_708' title='bbox 517 2688 555 2708; x_wconf 93' lang='lat' dir='ltr'>re.</span> <span class='ocrx_word' id='word_1_709' title='bbox 587 2678 645 2708; x_wconf 91' lang='lat' dir='ltr'>Cic.</span> <span class='ocrx_word' id='word_1_710' title='bbox 664 2689 715 2717; x_wconf 90' lang='lat' dir='ltr'>pro</span> <span class='ocrx_word' id='word_1_711' title='bbox 733 2679 809 2709; x_wconf 82' lang='lat' dir='ltr'>Sext.</span> <span class='ocrx_word' id='word_1_712' title='bbox 823 2682 868 2715; x_wconf 90' lang='lat'>96.</span> <span class='ocrx_word' id='word_1_713' title='bbox 906 2678 957 2714; x_wconf 87' lang='lat' dir='ltr'>Et,</span> <span class='ocrx_word' id='word_1_714' title='bbox 979 2684 1011 2708; x_wconf 87' lang='lat' dir='ltr'>ut</span> <span class='ocrx_word' id='word_1_715' title='bbox 1021 2678 1154 2713; x_wconf 77' lang='lat' dir='ltr'>arbitror,</span> <span class='ocrx_word' id='word_1_716' title='bbox 1175 2687 1228 2708; x_wconf 87' lang='lat' dir='ltr'>nec</span> 
     </span>
     <span class='ocr_line' id='line_1_69' title="bbox 118 2712 1228 2754; baseline 0.003 -11"><span class='ocrx_word' id='word_1_717' title='bbox 118 2714 153 2744; x_wconf 86' lang='lat' dir='ltr'>ab</span> <span class='ocrx_word' id='word_1_718' title='bbox 162 2714 280 2745; x_wconf 88' lang='lat' dir='ltr'>utilitate</span> <span class='ocrx_word' id='word_1_719' title='bbox 290 2725 388 2746; x_wconf 88' lang='lat' dir='ltr'>eorum</span> <span class='ocrx_word' id='word_1_720' title='bbox 399 2716 446 2753; x_wconf 90' lang='lat' dir='ltr'>qui</span> <span class='ocrx_word' id='word_1_721' title='bbox 455 2716 570 2746; x_wconf 87' lang='lat' dir='ltr'>audient</span> <span class='ocrx_word' id='word_1_722' title='bbox 579 2739 587 2752; x_wconf 90' lang='lat'>,</span> <span class='ocrx_word' id='word_1_723' title='bbox 608 2726 662 2747; x_wconf 87' lang='lat' dir='ltr'>nec</span> <span class='ocrx_word' id='word_1_724' title='bbox 673 2717 707 2748; x_wconf 88' lang='lat' dir='ltr'>ab</span> <span class='ocrx_word' id='word_1_725' title='bbox 717 2718 810 2748; x_wconf 83' lang='lat' dir='ltr'>officio</span> <span class='ocrx_word' id='word_1_726' title='bbox 824 2717 915 2747; x_wconf 88' lang='lat' dir='ltr'>nostro</span> <span class='ocrx_word' id='word_1_727' title='bbox 925 2739 933 2753; x_wconf 96' lang='lat'>,</span> <span class='ocrx_word' id='word_1_728' title='bbox 955 2726 1008 2747; x_wconf 91' lang='lat' dir='ltr'>nec</span> <span class='ocrx_word' id='word_1_729' title='bbox 1024 2712 1058 2746; x_wconf 83' lang='lat' dir='ltr'>ab</span> <span class='ocrx_word' id='word_1_730' title='bbox 1076 2715 1133 2754; x_wconf 87' lang='lat' dir='ltr'>ipsa</span> <span class='ocrx_word' id='word_1_731' title='bbox 1149 2716 1228 2746; x_wconf 75' lang='lat' dir='ltr'>causa</span> 
     </span>
     <span class='ocr_line' id='line_1_70' title="bbox 119 2752 679 2789; baseline 0.005 -7"><span class='ocrx_word' id='word_1_732' title='bbox 119 2752 208 2782; x_wconf 90' lang='lat' dir='ltr'>Publii</span> <span class='ocrx_word' id='word_1_733' title='bbox 219 2753 305 2783; x_wconf 79' lang='lat' dir='ltr'>Sextii</span> <span class='ocrx_word' id='word_1_734' title='bbox 315 2776 323 2789; x_wconf 89' lang='lat'>,</span> <span class='ocrx_word' id='word_1_735' title='bbox 344 2753 503 2784; x_wconf 88' lang='lat' dir='ltr'>abhorrebit</span> <span class='ocrx_word' id='word_1_736' title='bbox 511 2755 599 2784; x_wconf 88' lang='lat' dir='ltr'>oratio</span> <span class='ocrx_word' id='word_1_737' title='bbox 609 2764 679 2785; x_wconf 88' lang='lat' dir='ltr'>mea.</span> 
     </span>
    </p>

    <p class='ocr_par' dir='ltr' id='par_1_35' title="bbox 98 2789 1227 2945">
     <span class='ocr_line' id='line_1_71' title="bbox 98 2789 1227 2827; baseline 0.003 -8"><span class='ocrx_word' id='word_1_738' title='bbox 98 2789 234 2820; x_wconf 74' lang='lat' dir='ltr'>‘Voluntas</span> <span class='ocrx_word' id='word_1_739' title='bbox 251 2791 380 2822; x_wconf 88' lang='lat' dir='ltr'>abhorret</span> <span class='ocrx_word' id='word_1_740' title='bbox 395 2792 455 2827; x_wconf 86' lang='lat' dir='ltr'>ejus</span> <span class='ocrx_word' id='word_1_741' title='bbox 471 2802 487 2821; x_wconf 87' lang='lat' dir='ltr'>a</span> <span class='ocrx_word' id='word_1_742' title='bbox 502 2802 556 2822; x_wconf 92' lang='lat' dir='ltr'>me.</span> <span class='ocrx_word' id='word_1_743' title='bbox 588 2792 646 2822; x_wconf 87' lang='lat' dir='ltr'>Cic.</span> <span class='ocrx_word' id='word_1_744' title='bbox 666 2793 701 2822; x_wconf 91' lang='lat' dir='ltr'>ad</span> <span class='ocrx_word' id='word_1_745' title='bbox 713 2792 810 2823; x_wconf 86' lang='lat' dir='ltr'>Canin.</span> <span class='ocrx_word' id='word_1_746' title='bbox 826 2792 873 2822; x_wconf 90' lang='lat' dir='ltr'>lib.</span> <span class='ocrx_word' id='word_1_747' title='bbox 886 2802 911 2823; x_wconf 91' lang='lat'>2.</span> <span class='ocrx_word' id='word_1_748' title='bbox 929 2795 970 2821; x_wconf 90' lang='lat'>16.</span> <span class='ocrx_word' id='word_1_749' title='bbox 1011 2791 1091 2822; x_wconf 90' lang='lat' dir='ltr'>Solus</span> <span class='ocrx_word' id='word_1_750' title='bbox 1108 2792 1185 2821; x_wconf 87' lang='lat' dir='ltr'>enim</span> <span class='ocrx_word' id='word_1_751' title='bbox 1195 2798 1227 2822; x_wconf 91' lang='lat' dir='ltr'>tu</span> 
     </span>
     <span class='ocr_line' id='line_1_72' title="bbox 119 2828 1227 2868; baseline 0.002 -11"><span class='ocrx_word' id='word_1_752' title='bbox 119 2837 155 2857; x_wconf 87' lang='lat' dir='ltr'>ex</span> <span class='ocrx_word' id='word_1_753' title='bbox 164 2828 293 2860; x_wconf 89' lang='lat' dir='ltr'>omnibus</span> <span class='ocrx_word' id='word_1_754' title='bbox 305 2831 427 2868; x_wconf 89' lang='lat' dir='ltr'>quicum</span> <span class='ocrx_word' id='word_1_755' title='bbox 442 2829 542 2860; x_wconf 91' lang='lat' dir='ltr'>Bibulo</span> <span class='ocrx_word' id='word_1_756' title='bbox 554 2830 617 2859; x_wconf 85' lang='lat' dir='ltr'>sunt</span> <span class='ocrx_word' id='word_1_757' title='bbox 626 2853 634 2866; x_wconf 94' lang='lat'>,</span> <span class='ocrx_word' id='word_1_758' title='bbox 665 2832 812 2861; x_wconf 88' lang='lat' dir='ltr'>certiorem</span> <span class='ocrx_word' id='word_1_759' title='bbox 827 2841 873 2861; x_wconf 91' lang='lat' dir='ltr'>me</span> <span class='ocrx_word' id='word_1_760' title='bbox 883 2839 1028 2867; x_wconf 84' lang='lat' dir='ltr'>nunquam</span> <span class='ocrx_word' id='word_1_761' title='bbox 1043 2830 1130 2859; x_wconf 86' lang='lat' dir='ltr'>fecisti</span> <span class='ocrx_word' id='word_1_762' title='bbox 1143 2840 1227 2868; x_wconf 86' lang='lat' dir='ltr'>quam</span> 
     </span>
     <span class='ocr_line' id='line_1_73' title="bbox 119 2865 1225 2905; baseline 0.004 -10"><span class='ocrx_word' id='word_1_763' title='bbox 119 2865 200 2896; x_wconf 83' lang='lat' dir='ltr'>valde</span> <span class='ocrx_word' id='word_1_764' title='bbox 216 2866 307 2896; x_wconf 91' lang='lat' dir='ltr'>Bibuli</span> <span class='ocrx_word' id='word_1_765' title='bbox 324 2866 452 2898; x_wconf 81' lang='lat' dir='ltr'>voluntas</span> <span class='ocrx_word' id='word_1_766' title='bbox 469 2878 487 2898; x_wconf 84' lang='lat' dir='ltr'>a</span> <span class='ocrx_word' id='word_1_767' title='bbox 503 2878 548 2898; x_wconf 88' lang='lat' dir='ltr'>me</span> <span class='ocrx_word' id='word_1_768' title='bbox 565 2868 621 2898; x_wconf 86' lang='lat' dir='ltr'>fine</span> <span class='ocrx_word' id='word_1_769' title='bbox 638 2869 718 2899; x_wconf 90' lang='lat' dir='ltr'>causa</span> <span class='ocrx_word' id='word_1_770' title='bbox 735 2869 901 2899; x_wconf 86' lang='lat' dir='ltr'>abhorreret.</span> <span class='ocrx_word' id='word_1_771' title='bbox 942 2868 1021 2899; x_wconf 85' lang='lat' dir='ltr'>Ideni</span> <span class='ocrx_word' id='word_1_772' title='bbox 1040 2868 1114 2898; x_wconf 91' lang='lat' dir='ltr'>Verr.</span> <span class='ocrx_word' id='word_1_773' title='bbox 1132 2879 1160 2905; x_wconf 93' lang='lat'>4.</span> <span class='ocrx_word' id='word_1_774' title='bbox 1182 2878 1225 2899; x_wconf 92' lang='lat'>10.</span> 
     </span>
     <span class='ocr_line' id='line_1_74' title="bbox 119 2905 906 2945; baseline 0.003 -11"><span class='ocrx_word' id='word_1_775' title='bbox 119 2905 142 2934; x_wconf 85' lang='lat' dir='ltr'>A</span> <span class='ocrx_word' id='word_1_776' title='bbox 151 2913 206 2942; x_wconf 83' lang='lat' dir='ltr'>quo</span> <span class='ocrx_word' id='word_1_777' title='bbox 221 2914 282 2935; x_wconf 90' lang='lat' dir='ltr'>mea</span> <span class='ocrx_word' id='word_1_778' title='bbox 293 2905 448 2944; x_wconf 85' lang='lat' dir='ltr'>longiffime</span> <span class='ocrx_word' id='word_1_779' title='bbox 458 2906 527 2936; x_wconf 87' lang='lat' dir='ltr'>ratio</span> <span class='ocrx_word' id='word_1_780' title='bbox 538 2906 723 2945; x_wconf 83' lang='lat' dir='ltr'>voluntasque</span> <span class='ocrx_word' id='word_1_781' title='bbox 733 2906 906 2936; x_wconf 83' lang='lat' dir='ltr'>abhorrebat.</span> 
     </span>
    </p>

    <p class='ocr_par' dir='ltr' id='par_1_36' title="bbox 98 2942 1226 3047">
     <span class='ocr_line' id='line_1_75' title="bbox 98 2942 1226 2982; baseline -0.001 -9"><span class='ocrx_word' id='word_1_782' title='bbox 98 2942 200 2973; x_wconf 79' lang='lat' dir='ltr'>Animo</span> <span class='ocrx_word' id='word_1_783' title='bbox 216 2942 371 2974; x_wconf 84' lang='lat' dir='ltr'>abhorrere.</span> <span class='ocrx_word' id='word_1_784' title='bbox 408 2943 465 2973; x_wconf 93' lang='lat' dir='ltr'>Cic.</span> <span class='ocrx_word' id='word_1_785' title='bbox 484 2943 603 2982; x_wconf 87' lang='lat' dir='ltr'>Philipp.</span> <span class='ocrx_word' id='word_1_786' title='bbox 617 2954 642 2982; x_wconf 88' lang='lat'>7.</span> <span class='ocrx_word' id='word_1_787' title='bbox 657 2956 683 2981; x_wconf 86' lang='lat'>4.</span> <span class='ocrx_word' id='word_1_788' title='bbox 727 2945 768 2975; x_wconf 78' lang='lat' dir='ltr'>Ex</span> <span class='ocrx_word' id='word_1_789' title='bbox 784 2955 840 2982; x_wconf 89' lang='lat' dir='ltr'>quo</span> <span class='ocrx_word' id='word_1_790' title='bbox 858 2943 976 2981; x_wconf 83' lang='lat' dir='ltr'>intelligi</span> <span class='ocrx_word' id='word_1_791' title='bbox 994 2943 1102 2981; x_wconf 88' lang='lat' dir='ltr'>potest,</span> <span class='ocrx_word' id='word_1_792' title='bbox 1131 2944 1226 2973; x_wconf 87' lang='lat' dir='ltr'>animo</span> 
     </span>
     <span class='ocr_line' id='line_1_76' title="bbox 115 2979 1226 3047; baseline 0.003 -38"><span class='ocrx_word' id='word_1_793' title='bbox 115 2979 180 3010; x_wconf 87' lang='lat' dir='ltr'>illos</span> <span class='ocrx_word' id='word_1_794' title='bbox 192 2980 359 3047; x_wconf 53' lang='lat' dir='ltr'>abhorruisse</span> <span class='ocrx_word' id='word_1_795' title='bbox 374 2981 482 3021; x_wconf 87' lang='lat' dir='ltr'>semper</span> <span class='ocrx_word' id='word_1_796' title='bbox 494 2981 527 3012; x_wconf 87' lang='lat' dir='ltr'>ab</span> <span class='ocrx_word' id='word_1_797' title='bbox 543 2983 652 3022; x_wconf 88' lang='lat' dir='ltr'>optimo</span> <span class='ocrx_word' id='word_1_798' title='bbox 669 2983 787 3013; x_wconf 75' lang='lat' dir='ltr'>civitatis</span> <span class='ocrx_word' id='word_1_799' title='bbox 804 2983 891 3018; x_wconf 89' lang='lat' dir='ltr'>statu,</span> <span class='ocrx_word' id='word_1_800' title='bbox 916 2991 974 3011; x_wconf 92' lang='lat' dir='ltr'>non</span> <span class='ocrx_word' id='word_1_801' title='bbox 989 2980 1135 3012; x_wconf 86' lang='lat' dir='ltr'>voluntate</span> <span class='ocrx_word' id='word_1_802' title='bbox 1146 2981 1226 3012; x_wconf 79' lang='lat' dir='ltr'>fiiisse</span> 
     </span>
    </p>

    <p class='ocr_par' dir='ltr' id='par_1_37' title="bbox 139 3028 276 3049">
     <span class='ocr_line' id='line_1_77' title="bbox 139 3028 276 3049; baseline 0.015 -2"><span class='ocrx_word' id='word_1_803' title='bbox 139 3028 156 3047; x_wconf 92' lang='grc' dir='ltr'>ο</span> <span class='ocrx_word' id='word_1_804' title='bbox 178 3028 195 3047; x_wconf 92' lang='lat' dir='ltr'>u</span> <span class='ocrx_word' id='word_1_805' title='bbox 209 3028 276 3049; x_wconf 89' lang='lat' dir='ltr'>ares.</span> 
     </span>
    </p>

    <p class='ocr_par' dir='ltr' id='par_1_38' title="bbox 97 3028 1227 3173">
     <span class='ocr_line' id='line_1_78' title="bbox 97 3028 1227 3097; baseline 0.002 -12"><span class='ocrx_word' id='word_1_806' title='bbox 97 3028 198 3086; x_wconf 66' lang='lat' dir='ltr'>Siiici’io</span> <span class='ocrx_word' id='word_1_807' title='bbox 207 3058 234 3086; x_wconf 83' lang='lat'>&amp;</span> <span class='ocrx_word' id='word_1_808' title='bbox 243 3056 387 3088; x_wconf 86' lang='lat' dir='ltr'>voluntate</span> <span class='ocrx_word' id='word_1_809' title='bbox 396 3057 430 3088; x_wconf 89' lang='lat' dir='ltr'>ab</span> <span class='ocrx_word' id='word_1_810' title='bbox 439 3057 531 3096; x_wconf 83' lang='lat' dir='ltr'>aliqua</span> <span class='ocrx_word' id='word_1_811' title='bbox 539 3068 576 3088; x_wconf 92' lang='lat' dir='ltr'>re.</span> <span class='ocrx_word' id='word_1_812' title='bbox 609 3058 667 3089; x_wconf 87' lang='lat' dir='ltr'>Cic.</span> <span class='ocrx_word' id='word_1_813' title='bbox 678 3069 730 3097; x_wconf 90' lang='lat' dir='ltr'>pro</span> <span class='ocrx_word' id='word_1_814' title='bbox 748 3058 847 3089; x_wconf 89' lang='lat' dir='ltr'>Flacco</span> <span class='ocrx_word' id='word_1_815' title='bbox 860 3069 884 3094; x_wconf 88' lang='lat'>9.</span> <span class='ocrx_word' id='word_1_816' title='bbox 925 3057 998 3087; x_wconf 87' lang='lat' dir='ltr'>Nam</span> <span class='ocrx_word' id='word_1_817' title='bbox 1008 3056 1090 3094; x_wconf 88' lang='lat' dir='ltr'>fiquis</span> <span class='ocrx_word' id='word_1_818' title='bbox 1103 3066 1227 3094; x_wconf 85' lang='lat' dir='ltr'>unquam</span> 
     </span>
     <span class='ocr_line' id='line_1_79' title="bbox 118 3093 1226 3134; baseline 0.001 -10"><span class='ocrx_word' id='word_1_819' title='bbox 118 3094 155 3124; x_wconf 87' lang='lat' dir='ltr'>de</span> <span class='ocrx_word' id='word_1_820' title='bbox 171 3095 268 3125; x_wconf 88' lang='lat' dir='ltr'>nostris</span> <span class='ocrx_word' id='word_1_821' title='bbox 285 3095 446 3126; x_wconf 84' lang='lat' dir='ltr'>hominibus</span> <span class='ocrx_word' id='word_1_822' title='bbox 461 3106 477 3126; x_wconf 90' lang='lat' dir='ltr'>a</span> <span class='ocrx_word' id='word_1_823' title='bbox 494 3106 595 3134; x_wconf 86' lang='lat' dir='ltr'>genere</span> <span class='ocrx_word' id='word_1_824' title='bbox 610 3097 660 3127; x_wconf 89' lang='lat' dir='ltr'>isto</span> <span class='ocrx_word' id='word_1_825' title='bbox 670 3119 678 3132; x_wconf 94' lang='lat'>,</span> <span class='ocrx_word' id='word_1_826' title='bbox 709 3097 799 3126; x_wconf 86' lang='lat' dir='ltr'>studio</span> <span class='ocrx_word' id='word_1_827' title='bbox 811 3106 842 3126; x_wconf 87' lang='lat' dir='ltr'>ac</span> <span class='ocrx_word' id='word_1_828' title='bbox 852 3095 996 3125; x_wconf 86' lang='lat' dir='ltr'>voluntate</span> <span class='ocrx_word' id='word_1_829' title='bbox 1008 3104 1065 3123; x_wconf 90' lang='lat' dir='ltr'>non</span> <span class='ocrx_word' id='word_1_830' title='bbox 1076 3093 1226 3125; x_wconf 86' lang='lat' dir='ltr'>abhorrens</span> 
     </span>
     <span class='ocr_line' id='line_1_80' title="bbox 115 3132 1203 3173; baseline 0.002 -12"><span class='ocrx_word' id='word_1_831' title='bbox 115 3132 170 3162; x_wconf 85' lang='lat' dir='ltr'>fuit</span> <span class='ocrx_word' id='word_1_832' title='bbox 178 3155 186 3168; x_wconf 93' lang='lat'>,</span> <span class='ocrx_word' id='word_1_833' title='bbox 205 3142 251 3163; x_wconf 89' lang='lat' dir='ltr'>me</span> <span class='ocrx_word' id='word_1_834' title='bbox 261 3134 288 3163; x_wconf 86' lang='lat'>&amp;</span> <span class='ocrx_word' id='word_1_835' title='bbox 296 3133 350 3163; x_wconf 81' lang='lat' dir='ltr'>effe</span> <span class='ocrx_word' id='word_1_836' title='bbox 358 3134 489 3165; x_wconf 83' lang='lat' dir='ltr'>arbitror:</span> <span class='ocrx_word' id='word_1_837' title='bbox 513 3136 540 3165; x_wconf 71' lang='lat'>8&lt;</span> <span class='ocrx_word' id='word_1_838' title='bbox 549 3135 636 3173; x_wconf 83' lang='lat' dir='ltr'>magis</span> <span class='ocrx_word' id='word_1_839' title='bbox 648 3135 802 3165; x_wconf 87' lang='lat' dir='ltr'>etiamtum</span> <span class='ocrx_word' id='word_1_840' title='bbox 812 3144 877 3165; x_wconf 91' lang='lat' dir='ltr'>cum</span> <span class='ocrx_word' id='word_1_841' title='bbox 885 3133 948 3173; x_wconf 89' lang='lat' dir='ltr'>plus</span> <span class='ocrx_word' id='word_1_842' title='bbox 959 3138 1017 3163; x_wconf 84' lang='lat' dir='ltr'>erat</span> <span class='ocrx_word' id='word_1_843' title='bbox 1025 3132 1076 3162; x_wconf 90' lang='lat' dir='ltr'>otii</span> <span class='ocrx_word' id='word_1_844' title='bbox 1086 3154 1094 3168; x_wconf 92' lang='lat'>,</span> <span class='ocrx_word' id='word_1_845' title='bbox 1116 3132 1203 3163; x_wconf 83' lang='lat' dir='ltr'>fuiss&#39;e.</span> 
     </span>
    </p>

    <p class='ocr_par' dir='ltr' id='par_1_39' title="bbox 97 3170 596 3211">
     <span class='ocr_line' id='line_1_81' title="bbox 97 3170 596 3211; baseline 0.006 -11"><span class='ocrx_word' id='word_1_846' title='bbox 97 3170 243 3201; x_wconf 79' lang='lat' dir='ltr'>AStudiis.</span> <span class='ocrx_word' id='word_1_847' title='bbox 273 3171 330 3201; x_wconf 92' lang='lat' dir='ltr'>Cic.</span> <span class='ocrx_word' id='word_1_848' title='bbox 344 3171 419 3202; x_wconf 90' lang='lat' dir='ltr'>Fam.</span> <span class='ocrx_word' id='word_1_849' title='bbox 433 3171 481 3202; x_wconf 92' lang='lat' dir='ltr'>lib.</span> <span class='ocrx_word' id='word_1_850' title='bbox 497 3182 538 3209; x_wconf 90' lang='lat'>13.</span> <span class='ocrx_word' id='word_1_851' title='bbox 555 3182 596 3211; x_wconf 87' lang='lat'>13.</span> 
     </span>
    </p>

    <p class='ocr_par' dir='ltr' id='par_1_40' title="bbox 97 3207 521 3240">
     <span class='ocr_line' id='line_1_82' title="bbox 97 3207 521 3240; baseline 0 -1"><span class='ocrx_word' id='word_1_852' title='bbox 97 3208 120 3239; x_wconf 87' lang='lat' dir='ltr'>A</span> <span class='ocrx_word' id='word_1_853' title='bbox 131 3207 266 3238; x_wconf 87' lang='lat' dir='ltr'>Consiliis.</span> <span class='ocrx_word' id='word_1_854' title='bbox 297 3208 355 3239; x_wconf 90' lang='lat' dir='ltr'>Cic.</span> <span class='ocrx_word' id='word_1_855' title='bbox 369 3211 423 3239; x_wconf 90' lang='lat' dir='ltr'>Att.</span> <span class='ocrx_word' id='word_1_856' title='bbox 439 3220 461 3239; x_wconf 95' lang='lat'>1.</span> <span class='ocrx_word' id='word_1_857' title='bbox 476 3220 521 3240; x_wconf 88' lang='lat'>20.</span> 
     </span>
    </p>

    <p class='ocr_par' dir='ltr' id='par_1_41' title="bbox 96 3245 1223 3316">
     <span class='ocr_line' id='line_1_83' title="bbox 96 3245 1223 3286; baseline -0.001 -9"><span class='ocrx_word' id='word_1_858' title='bbox 96 3245 250 3277; x_wconf 79' lang='lat' dir='ltr'>Abhorrere</span> <span class='ocrx_word' id='word_1_859' title='bbox 258 3246 342 3284; x_wconf 91' lang='lat' dir='ltr'>longe</span> <span class='ocrx_word' id='word_1_860' title='bbox 351 3247 395 3277; x_wconf 85' lang='lat' dir='ltr'>vel</span> <span class='ocrx_word' id='word_1_861' title='bbox 404 3246 533 3277; x_wconf 85' lang='lat' dir='ltr'>multum.</span> <span class='ocrx_word' id='word_1_862' title='bbox 557 3247 614 3278; x_wconf 89' lang='lat' dir='ltr'>Cic.</span> <span class='ocrx_word' id='word_1_863' title='bbox 626 3258 677 3286; x_wconf 90' lang='lat' dir='ltr'>pro</span> <span class='ocrx_word' id='word_1_864' title='bbox 687 3247 819 3278; x_wconf 80' lang='lat' dir='ltr'>Deiotaro</span> <span class='ocrx_word' id='word_1_865' title='bbox 833 3257 873 3286; x_wconf 90' lang='lat'>17.</span> <span class='ocrx_word' id='word_1_866' title='bbox 906 3247 960 3278; x_wconf 89' lang='lat' dir='ltr'>Etsi</span> <span class='ocrx_word' id='word_1_867' title='bbox 973 3257 989 3276; x_wconf 91' lang='lat' dir='ltr'>a</span> <span class='ocrx_word' id='word_1_868' title='bbox 998 3247 1114 3277; x_wconf 87' lang='lat' dir='ltr'>veritate</span> <span class='ocrx_word' id='word_1_869' title='bbox 1129 3246 1223 3285; x_wconf 86' lang='lat' dir='ltr'>longe,</span> 
     </span>
     <span class='ocr_line' id='line_1_84' title="bbox 115 3285 1055 3316; baseline 0 -2"><span class='ocrx_word' id='word_1_870' title='bbox 115 3291 210 3314; x_wconf 86' lang='lat' dir='ltr'>tamen</span> <span class='ocrx_word' id='word_1_871' title='bbox 220 3295 236 3314; x_wconf 89' lang='lat' dir='ltr'>a</span> <span class='ocrx_word' id='word_1_872' title='bbox 245 3285 447 3315; x_wconf 89' lang='lat' dir='ltr'>consuetudine</span> <span class='ocrx_word' id='word_1_873' title='bbox 459 3286 624 3315; x_wconf 87' lang='lat' dir='ltr'>criminandi</span> <span class='ocrx_word' id='word_1_874' title='bbox 634 3296 693 3315; x_wconf 92' lang='lat' dir='ltr'>non</span> <span class='ocrx_word' id='word_1_875' title='bbox 702 3286 824 3316; x_wconf 90' lang='lat' dir='ltr'>multum</span> <span class='ocrx_word' id='word_1_876' title='bbox 833 3296 874 3315; x_wconf 93' lang='lat' dir='ltr'>res</span> <span class='ocrx_word' id='word_1_877' title='bbox 885 3285 1055 3315; x_wconf 88' lang='lat' dir='ltr'>abhorrebat.</span> 
     </span>
    </p>

    <p class='ocr_par' dir='ltr' id='par_1_42' title="bbox 97 3322 1226 3438">
     <span class='ocr_line' id='line_1_85' title="bbox 97 3322 1221 3363; baseline 0 -11"><span class='ocrx_word' id='word_1_878' title='bbox 97 3322 216 3352; x_wconf 80' lang='lat' dir='ltr'>Additur</span> <span class='ocrx_word' id='word_1_879' title='bbox 232 3323 375 3353; x_wconf 91' lang='lat' dir='ltr'>interdum</span> <span class='ocrx_word' id='word_1_880' title='bbox 393 3333 499 3353; x_wconf 88' lang='lat' dir='ltr'>nomen</span> <span class='ocrx_word' id='word_1_881' title='bbox 517 3324 685 3361; x_wconf 66' lang='lat' dir='ltr'>adjectivum</span> <span class='ocrx_word' id='word_1_882' title='bbox 702 3324 883 3363; x_wconf 87' lang='lat' dir='ltr'>participiale.</span> <span class='ocrx_word' id='word_1_883' title='bbox 914 3324 971 3353; x_wconf 90' lang='lat' dir='ltr'>Cic.</span> <span class='ocrx_word' id='word_1_884' title='bbox 985 3323 1039 3352; x_wconf 88' lang='lat' dir='ltr'>Att.</span> <span class='ocrx_word' id='word_1_885' title='bbox 1059 3322 1106 3352; x_wconf 89' lang='lat' dir='ltr'>lib.</span> <span class='ocrx_word' id='word_1_886' title='bbox 1122 3332 1164 3359; x_wconf 89' lang='lat'>14.</span> <span class='ocrx_word' id='word_1_887' title='bbox 1180 3331 1221 3358; x_wconf 89' lang='lat'>13.</span> 
     </span>
     <span class='ocr_line' id='line_1_86' title="bbox 115 3360 1226 3400; baseline 0 -11"><span class='ocrx_word' id='word_1_888' title='bbox 115 3360 277 3391; x_wconf 89' lang='lat' dir='ltr'>Aducenda</span> <span class='ocrx_word' id='word_1_889' title='bbox 288 3368 382 3392; x_wconf 87' lang='lat' dir='ltr'>autem</span> <span class='ocrx_word' id='word_1_890' title='bbox 391 3371 478 3391; x_wconf 80' lang='lat' dir='ltr'>uxore</span> <span class='ocrx_word' id='word_1_891' title='bbox 494 3361 531 3391; x_wconf 89' lang='lat' dir='ltr'>sic</span> <span class='ocrx_word' id='word_1_892' title='bbox 548 3362 694 3398; x_wconf 85' lang='lat' dir='ltr'>abhorret,</span> <span class='ocrx_word' id='word_1_893' title='bbox 719 3369 750 3392; x_wconf 94' lang='lat' dir='ltr'>ut</span> <span class='ocrx_word' id='word_1_894' title='bbox 761 3364 910 3400; x_wconf 86' lang='lat' dir='ltr'>quicquam</span> <span class='ocrx_word' id='word_1_895' title='bbox 922 3361 1009 3390; x_wconf 89' lang='lat' dir='ltr'>libero</span> <span class='ocrx_word' id='word_1_896' title='bbox 1020 3360 1124 3391; x_wconf 68' lang='lat' dir='ltr'>lectulo</span> <span class='ocrx_word' id='word_1_897' title='bbox 1141 3366 1226 3398; x_wconf 85' lang='lat' dir='ltr'>neget</span> 
     </span>
     <span class='ocr_line' id='line_1_87' title="bbox 117 3398 1132 3438; baseline -0.001 -10"><span class='ocrx_word' id='word_1_898' title='bbox 117 3398 171 3429; x_wconf 85' lang='lat' dir='ltr'>effe</span> <span class='ocrx_word' id='word_1_899' title='bbox 181 3399 341 3434; x_wconf 80' lang='lat' dir='ltr'>jucundius.</span> <span class='ocrx_word' id='word_1_900' title='bbox 383 3400 445 3436; x_wconf 86' lang='lat' dir='ltr'>Sic,</span> <span class='ocrx_word' id='word_1_901' title='bbox 466 3399 499 3430; x_wconf 91' lang='lat' dir='ltr'>ab</span> <span class='ocrx_word' id='word_1_902' title='bbox 511 3399 578 3429; x_wconf 88' lang='lat' dir='ltr'>urbe</span> <span class='ocrx_word' id='word_1_903' title='bbox 590 3400 780 3438; x_wconf 86' lang='lat' dir='ltr'>relinquenda.</span> <span class='ocrx_word' id='word_1_904' title='bbox 812 3400 891 3430; x_wconf 87' lang='lat' dir='ltr'>Idem</span> <span class='ocrx_word' id='word_1_905' title='bbox 902 3400 975 3429; x_wconf 78' lang='lat' dir='ltr'>Pam.</span> <span class='ocrx_word' id='word_1_906' title='bbox 991 3398 1037 3428; x_wconf 89' lang='lat' dir='ltr'>lib.</span> <span class='ocrx_word' id='word_1_907' title='bbox 1050 3408 1074 3428; x_wconf 89' lang='lat'>2.</span> <span class='ocrx_word' id='word_1_908' title='bbox 1091 3408 1132 3434; x_wconf 87' lang='lat'>15.</span> 
     </span>
    </p>

    <p class='ocr_par' dir='ltr' id='par_1_43' title="bbox 96 3435 1225 3552">
     <span class='ocr_line' id='line_1_88' title="bbox 96 3435 1225 3475; baseline 0 -10"><span class='ocrx_word' id='word_1_909' title='bbox 96 3435 204 3466; x_wconf 85' lang='lat' dir='ltr'>Eodem</span> <span class='ocrx_word' id='word_1_910' title='bbox 215 3437 301 3466; x_wconf 90' lang='lat' dir='ltr'>modo</span> <span class='ocrx_word' id='word_1_911' title='bbox 313 3437 480 3468; x_wconf 90' lang='lat' dir='ltr'>construitur</span> <span class='ocrx_word' id='word_1_912' title='bbox 488 3447 553 3468; x_wconf 88' lang='lat' dir='ltr'>cum</span> <span class='ocrx_word' id='word_1_913' title='bbox 563 3438 680 3475; x_wconf 88' lang='lat' dir='ltr'>gerundi</span> <span class='ocrx_word' id='word_1_914' title='bbox 691 3438 781 3468; x_wconf 90' lang='lat' dir='ltr'>verbis</span> <span class='ocrx_word' id='word_1_915' title='bbox 790 3439 820 3467; x_wconf 90' lang='lat' dir='ltr'>in</span> <span class='ocrx_word' id='word_1_916' title='bbox 829 3438 875 3467; x_wconf 92' lang='lat' dir='ltr'>do.</span> <span class='ocrx_word' id='word_1_917' title='bbox 898 3437 955 3467; x_wconf 89' lang='lat' dir='ltr'>Cic.</span> <span class='ocrx_word' id='word_1_918' title='bbox 967 3439 1020 3466; x_wconf 82' lang='lat' dir='ltr'>Art.</span> <span class='ocrx_word' id='word_1_919' title='bbox 1032 3436 1079 3465; x_wconf 93' lang='lat' dir='ltr'>lib.</span> <span class='ocrx_word' id='word_1_920' title='bbox 1090 3445 1116 3473; x_wconf 92' lang='lat'>7.</span> <span class='ocrx_word' id='word_1_921' title='bbox 1151 3435 1225 3465; x_wconf 88' lang='lat' dir='ltr'>Nam</span> 
     </span>
     <span class='ocr_line' id='line_1_89' title="bbox 116 3474 1221 3514; baseline 0 -11"><span class='ocrx_word' id='word_1_922' title='bbox 116 3474 240 3505; x_wconf 72' lang='lat' dir='ltr'>delectus</span> <span class='ocrx_word' id='word_1_923' title='bbox 257 3475 350 3505; x_wconf 87' lang='lat' dir='ltr'>adhuc</span> <span class='ocrx_word' id='word_1_924' title='bbox 369 3475 483 3513; x_wconf 88' lang='lat' dir='ltr'>quidam</span> <span class='ocrx_word' id='word_1_925' title='bbox 497 3476 649 3506; x_wconf 88' lang='lat' dir='ltr'>invitorum</span> <span class='ocrx_word' id='word_1_926' title='bbox 664 3476 721 3511; x_wconf 87' lang='lat' dir='ltr'>est,</span> <span class='ocrx_word' id='word_1_927' title='bbox 756 3477 783 3506; x_wconf 68' lang='grc' dir='ltr'>δι</span> <span class='ocrx_word' id='word_1_928' title='bbox 803 3486 818 3505; x_wconf 83' lang='lat' dir='ltr'>a</span> <span class='ocrx_word' id='word_1_929' title='bbox 834 3475 986 3514; x_wconf 86' lang='lat' dir='ltr'>pugnando</span> <span class='ocrx_word' id='word_1_930' title='bbox 1003 3474 1221 3504; x_wconf 88' lang='lat' dir='ltr'>abhorrentium.</span> 
     </span>
     <span class='ocr_line' id='line_1_90' title="bbox 115 3511 935 3552; baseline 0.001 -11"><span class='ocrx_word' id='word_1_931' title='bbox 115 3511 195 3542; x_wconf 87' lang='lat' dir='ltr'>Idem</span> <span class='ocrx_word' id='word_1_932' title='bbox 206 3512 253 3542; x_wconf 91' lang='lat' dir='ltr'>lib.</span> <span class='ocrx_word' id='word_1_933' title='bbox 265 3523 291 3542; x_wconf 94' lang='lat'>2.</span> <span class='ocrx_word' id='word_1_934' title='bbox 306 3517 331 3543; x_wconf 89' lang='lat'>6.</span> <span class='ocrx_word' id='word_1_935' title='bbox 369 3515 391 3543; x_wconf 90' lang='lat' dir='ltr'>A</span> <span class='ocrx_word' id='word_1_936' title='bbox 402 3513 547 3543; x_wconf 90' lang='lat' dir='ltr'>scribendo</span> <span class='ocrx_word' id='word_1_937' title='bbox 559 3513 668 3552; x_wconf 90' lang='lat' dir='ltr'>prorsus</span> <span class='ocrx_word' id='word_1_938' title='bbox 679 3514 810 3543; x_wconf 86' lang='lat' dir='ltr'>abhorret</span> <span class='ocrx_word' id='word_1_939' title='bbox 820 3514 935 3542; x_wconf 88' lang='lat' dir='ltr'>animus.</span> 
     </span>
    </p>

    <p class='ocr_par' dir='ltr' id='par_1_44' title="bbox 97 3548 1226 3625">
     <span class='ocr_line' id='line_1_91' title="bbox 97 3548 1226 3593; baseline -0.002 -13"><span class='ocrx_word' id='word_1_940' title='bbox 97 3549 249 3580; x_wconf 79' lang='lat' dir='ltr'>Abhorrere</span> <span class='ocrx_word' id='word_1_941' title='bbox 258 3573 267 3587; x_wconf 95' lang='lat'>,</span> <span class='ocrx_word' id='word_1_942' title='bbox 286 3551 425 3590; x_wconf 66' lang='lat' dir='ltr'>suppressa</span> <span class='ocrx_word' id='word_1_943' title='bbox 435 3552 638 3591; x_wconf 75' lang='lat' dir='ltr'>praepositione.</span> <span class='ocrx_word' id='word_1_944' title='bbox 668 3551 726 3582; x_wconf 87' lang='lat' dir='ltr'>Cic.</span> <span class='ocrx_word' id='word_1_945' title='bbox 739 3552 773 3581; x_wconf 87' lang='lat' dir='ltr'>de</span> <span class='ocrx_word' id='word_1_946' title='bbox 784 3551 851 3582; x_wconf 89' lang='lat' dir='ltr'>Fato</span> <span class='ocrx_word' id='word_1_947' title='bbox 862 3557 887 3585; x_wconf 83' lang='lat'>8.</span> <span class='ocrx_word' id='word_1_948' title='bbox 922 3549 974 3580; x_wconf 88' lang='lat' dir='ltr'>Alii</span> <span class='ocrx_word' id='word_1_949' title='bbox 983 3549 1084 3593; x_wconf 83' lang='lat' dir='ltr'>talibus</span> <span class='ocrx_word' id='word_1_950' title='bbox 1096 3550 1170 3579; x_wconf 90' lang='lat' dir='ltr'>vitiis</span> <span class='ocrx_word' id='word_1_951' title='bbox 1179 3548 1226 3592; x_wconf 80' lang='lat' dir='ltr'>ab·</span> 
     </span>
     <span class='ocr_line' id='line_1_92' title="bbox 115 3587 1222 3625; baseline -0.001 -8"><span class='ocrx_word' id='word_1_952' title='bbox 115 3587 253 3618; x_wconf 85' lang='lat' dir='ltr'>horreant.</span> <span class='ocrx_word' id='word_1_953' title='bbox 282 3588 350 3625; x_wconf 93' lang='lat' dir='ltr'>Pro,</span> <span class='ocrx_word' id='word_1_954' title='bbox 367 3590 472 3620; x_wconf 76' lang='lat' dir='ltr'>avitiis.</span> <span class='ocrx_word' id='word_1_955' title='bbox 503 3590 565 3625; x_wconf 89' lang='lat' dir='ltr'>Sic,</span> <span class='ocrx_word' id='word_1_956' title='bbox 586 3589 717 3621; x_wconf 85' lang='lat' dir='ltr'>abhorret</span> <span class='ocrx_word' id='word_1_957' title='bbox 727 3599 801 3619; x_wconf 86' lang='lat' dir='ltr'>vero.</span> <span class='ocrx_word' id='word_1_958' title='bbox 824 3589 886 3618; x_wconf 89' lang='lat' dir='ltr'>Hoc</span> <span class='ocrx_word' id='word_1_959' title='bbox 896 3588 942 3622; x_wconf 83' lang='lat' dir='ltr'>est,</span> <span class='ocrx_word' id='word_1_960' title='bbox 960 3594 1107 3617; x_wconf 84' lang='lat' dir='ltr'>averitate.</span> <span class='ocrx_word' id='word_1_961' title='bbox 1130 3587 1222 3617; x_wconf 84' lang='lat' dir='ltr'>Tacit.</span> 
     </span>
    </p>

    <p class='ocr_par' dir='ltr' id='par_1_45' title="bbox 90 3624 1224 3703">
     <span class='ocr_line' id='line_1_93' title="bbox 90 3624 1223 3665; baseline -0.002 -9"><span class='ocrx_word' id='word_1_962' title='bbox 90 3633 94 3637; x_wconf 92' lang='grc'><strong>“</strong></span> <span class='ocrx_word' id='word_1_963' title='bbox 115 3624 184 3656; x_wconf 89' lang='lat' dir='ltr'>Hist.</span> <span class='ocrx_word' id='word_1_964' title='bbox 201 3626 249 3657; x_wconf 90' lang='lat' dir='ltr'>lib.</span> <span class='ocrx_word' id='word_1_965' title='bbox 264 3637 287 3663; x_wconf 84' lang='lat'>5.</span> <span class='ocrx_word' id='word_1_966' title='bbox 302 3638 346 3663; x_wconf 89' lang='lat'>24.</span> <span class='ocrx_word' id='word_1_967' title='bbox 386 3627 505 3657; x_wconf 79' lang='lat' dir='ltr'>Potuisse</span> <span class='ocrx_word' id='word_1_968' title='bbox 520 3634 588 3657; x_wconf 91' lang='lat' dir='ltr'>tunc</span> <span class='ocrx_word' id='word_1_969' title='bbox 599 3628 720 3665; x_wconf 87' lang='lat' dir='ltr'>opprimi</span> <span class='ocrx_word' id='word_1_970' title='bbox 731 3627 874 3664; x_wconf 78' lang='lat' dir='ltr'>legiones,</span> <span class='ocrx_word' id='word_1_971' title='bbox 895 3628 921 3656; x_wconf 62' lang='grc' dir='ltr'>ἃ</span> <span class='ocrx_word' id='word_1_972' title='bbox 932 3624 1047 3654; x_wconf 80' lang='lat' dir='ltr'>voluisse</span> <span class='ocrx_word' id='word_1_973' title='bbox 1061 3625 1223 3659; x_wconf 89' lang='lat' dir='ltr'>Germanos,</span> 
     </span>
     <span class='ocr_line' id='line_1_94' title="bbox 104 3662 1224 3703; baseline -0.001 -10"><span class='ocrx_word' id='word_1_974' title='bbox 104 3662 163 3694; x_wconf 87' lang='lat' dir='ltr'>.sed</span> <span class='ocrx_word' id='word_1_975' title='bbox 172 3664 238 3694; x_wconf 90' lang='lat' dir='ltr'>dolo</span> <span class='ocrx_word' id='word_1_976' title='bbox 249 3674 265 3694; x_wconf 90' lang='lat' dir='ltr'>a</span> <span class='ocrx_word' id='word_1_977' title='bbox 280 3664 306 3694; x_wconf 89' lang='lat' dir='ltr'>se</span> <span class='ocrx_word' id='word_1_978' title='bbox 316 3665 404 3695; x_wconf 82' lang='lat' dir='ltr'>flexos</span> <span class='ocrx_word' id='word_1_979' title='bbox 414 3688 423 3700; x_wconf 85' lang='lat'>,</span> <span class='ocrx_word' id='word_1_980' title='bbox 447 3666 595 3703; x_wconf 82' lang='lat' dir='ltr'>imputavit</span> <span class='ocrx_word' id='word_1_981' title='bbox 606 3665 709 3696; x_wconf 84' lang='lat' dir='ltr'>Civilis.</span> <span class='ocrx_word' id='word_1_982' title='bbox 750 3666 850 3703; x_wconf 90' lang='lat' dir='ltr'>Neque</span> <span class='ocrx_word' id='word_1_983' title='bbox 867 3664 996 3694; x_wconf 84' lang='lat' dir='ltr'>abhorret</span> <span class='ocrx_word' id='word_1_984' title='bbox 1006 3673 1071 3693; x_wconf 91' lang='lat' dir='ltr'>vero</span> <span class='ocrx_word' id='word_1_985' title='bbox 1081 3685 1090 3699; x_wconf 91' lang='lat'>,</span> <span class='ocrx_word' id='word_1_986' title='bbox 1110 3663 1224 3701; x_wconf 88' lang='lat' dir='ltr'>quando</span> 
     </span>
    </p>

    <p class='ocr_par' dir='ltr' id='par_1_46' title="bbox 135 3702 1193 3743">
     <span class='ocr_line' id='line_1_95' title="bbox 135 3702 1193 3743; baseline 0.004 -12"><span class='ocrx_word' id='word_1_987' title='bbox 135 3702 211 3731; x_wconf 89' lang='lat' dir='ltr'>aucis</span> <span class='ocrx_word' id='word_1_988' title='bbox 221 3703 282 3740; x_wconf 83' lang='lat' dir='ltr'>post</span> <span class='ocrx_word' id='word_1_989' title='bbox 292 3703 390 3733; x_wconf 90' lang='lat' dir='ltr'>diebus</span> <span class='ocrx_word' id='word_1_990' title='bbox 402 3704 508 3733; x_wconf 90' lang='lat' dir='ltr'>deditio</span> <span class='ocrx_word' id='word_1_991' title='bbox 520 3704 643 3733; x_wconf 76' lang='lat' dir='ltr'>inseeuta</span> <span class='ocrx_word' id='word_1_992' title='bbox 653 3703 698 3733; x_wconf 92' lang='lat' dir='ltr'>est.</span> <span class='ocrx_word' id='word_1_993' title='bbox 1188 3738 1193 3743; x_wconf 54' lang='grc'>,</span> 
     </span>
    </p>

    <p class='ocr_par' dir='ltr' id='par_1_47' title="bbox 96 3737 1226 3885">
     <span class='ocr_line' id='line_1_96' title="bbox 96 3737 1222 3782; baseline -0.003 -13"><span class='ocrx_word' id='word_1_994' title='bbox 96 3739 119 3770; x_wconf 79' lang='grc' dir='ltr'><strong>Α</strong></span> <span class='ocrx_word' id='word_1_995' title='bbox 138 3739 252 3770; x_wconf 86' lang='lat' dir='ltr'>horrent</span> <span class='ocrx_word' id='word_1_996' title='bbox 266 3741 339 3771; x_wconf 90' lang='lat' dir='ltr'>inter</span> <span class='ocrx_word' id='word_1_997' title='bbox 350 3740 378 3770; x_wconf 87' lang='lat' dir='ltr'>se</span> <span class='ocrx_word' id='word_1_998' title='bbox 395 3741 543 3772; x_wconf 86' lang='lat' dir='ltr'>orationes.</span> <span class='ocrx_word' id='word_1_999' title='bbox 572 3741 630 3772; x_wconf 89' lang='lat' dir='ltr'>Liv.</span> <span class='ocrx_word' id='word_1_1000' title='bbox 650 3747 692 3777; x_wconf 86' lang='lat'>38.</span> <span class='ocrx_word' id='word_1_1001' title='bbox 714 3744 757 3777; x_wconf 85' lang='lat'>56.</span> <span class='ocrx_word' id='word_1_1002' title='bbox 773 3744 782 3749; x_wconf 71' lang='grc'><em>“</em></span> <span class='ocrx_word' id='word_1_1003' title='bbox 803 3741 843 3777; x_wconf 96' lang='lat' dir='ltr'>[i.</span> <span class='ocrx_word' id='word_1_1004' title='bbox 856 3750 880 3769; x_wconf 89' lang='lat' dir='ltr'>e.</span> <span class='ocrx_word' id='word_1_1005' title='bbox 900 3738 1064 3782; x_wconf 80' lang='lat' dir='ltr'>discrepant.</span> <span class='ocrx_word' id='word_1_1006' title='bbox 1104 3737 1146 3767; x_wconf 89' lang='lat' dir='ltr'>Ita</span> <span class='ocrx_word' id='word_1_1007' title='bbox 1163 3737 1222 3781; x_wconf 80' lang='lat' dir='ltr'>Cic.</span> 
     </span>
     <span class='ocr_line' id='line_1_97' title="bbox 114 3776 1225 3816; baseline -0.003 -9"><span class='ocrx_word' id='word_1_1008' title='bbox 114 3776 189 3808; x_wconf 83' lang='lat' dir='ltr'>Fam.</span> <span class='ocrx_word' id='word_1_1009' title='bbox 204 3788 227 3807; x_wconf 94' lang='lat'>1.</span> <span class='ocrx_word' id='word_1_1010' title='bbox 241 3789 266 3815; x_wconf 90' lang='lat'>9.</span> <span class='ocrx_word' id='word_1_1011' title='bbox 281 3782 325 3816; x_wconf 86' lang='lat'>67.</span> <span class='ocrx_word' id='word_1_1012' title='bbox 349 3779 384 3808; x_wconf 90' lang='lat' dir='ltr'>de</span> <span class='ocrx_word' id='word_1_1013' title='bbox 395 3778 471 3809; x_wconf 87' lang='lat' dir='ltr'>libris</span> <span class='ocrx_word' id='word_1_1014' title='bbox 486 3778 540 3809; x_wconf 90' lang='lat' dir='ltr'>suis</span> <span class='ocrx_word' id='word_1_1015' title='bbox 557 3780 592 3808; x_wconf 89' lang='lat' dir='ltr'>de</span> <span class='ocrx_word' id='word_1_1016' title='bbox 605 3779 739 3816; x_wconf 81' lang='lat' dir='ltr'>Oratore3</span> <span class='ocrx_word' id='word_1_1017' title='bbox 770 3778 926 3808; x_wconf 90' lang='lat' dir='ltr'>Abhorrent</span> <span class='ocrx_word' id='word_1_1018' title='bbox 942 3787 1018 3806; x_wconf 89' lang='lat' dir='ltr'>enim</span> <span class='ocrx_word' id='word_1_1019' title='bbox 1035 3786 1050 3805; x_wconf 86' lang='lat' dir='ltr'>a</span> <span class='ocrx_word' id='word_1_1020' title='bbox 1067 3785 1225 3805; x_wconf 89' lang='lat' dir='ltr'>communi-</span> 
     </span>
     <span class='ocr_line' id='line_1_98' title="bbox 114 3814 1226 3856; baseline -0.002 -11"><span class='ocrx_word' id='word_1_1021' title='bbox 114 3815 166 3846; x_wconf 90' lang='lat' dir='ltr'>bus</span> <span class='ocrx_word' id='word_1_1022' title='bbox 176 3817 322 3854; x_wconf 87' lang='lat' dir='ltr'>praeceptis</span> <span class='ocrx_word' id='word_1_1023' title='bbox 331 3839 340 3853; x_wconf 90' lang='lat'>,</span> <span class='ocrx_word' id='word_1_1024' title='bbox 361 3818 378 3846; x_wconf 89' lang='lat' dir='ltr'>i.</span> <span class='ocrx_word' id='word_1_1025' title='bbox 390 3827 414 3847; x_wconf 92' lang='lat' dir='ltr'>e.</span> <span class='ocrx_word' id='word_1_1026' title='bbox 432 3816 553 3848; x_wconf 91' lang='lat' dir='ltr'>multum</span> <span class='ocrx_word' id='word_1_1027' title='bbox 566 3817 731 3856; x_wconf 66' lang='lat' dir='ltr'>dismepant.</span> <span class='ocrx_word' id='word_1_1028' title='bbox 768 3817 800 3846; x_wconf 89' lang='lat' dir='ltr'>V.</span> <span class='ocrx_word' id='word_1_1029' title='bbox 816 3817 846 3846; x_wconf 88' lang='lat' dir='ltr'>in</span> <span class='ocrx_word' id='word_1_1030' title='bbox 857 3826 877 3845; x_wconf 80' lang='lat' dir='ltr'>A</span> <span class='ocrx_word' id='word_1_1031' title='bbox 886 3826 900 3843; x_wconf 78' lang='lat' dir='ltr'>s</span> <span class='ocrx_word' id='word_1_1032' title='bbox 909 3825 923 3844; x_wconf 79' lang='lat' dir='ltr'>r.</span> <span class='ocrx_word' id='word_1_1033' title='bbox 931 3824 973 3844; x_wconf 71' lang='lat' dir='ltr'>aa</span> <span class='ocrx_word' id='word_1_1034' title='bbox 981 3824 999 3843; x_wconf 94' lang='lat' dir='ltr'>o</span> <span class='ocrx_word' id='word_1_1035' title='bbox 1013 3814 1049 3843; x_wconf 87' lang='lat' dir='ltr'>ad</span> <span class='ocrx_word' id='word_1_1036' title='bbox 1060 3814 1106 3844; x_wconf 86' lang='lat' dir='ltr'>fin.</span> <span class='ocrx_word' id='word_1_1037' title='bbox 1121 3815 1147 3844; x_wconf 67' lang='grc' dir='ltr'>ἃ</span> <span class='ocrx_word' id='word_1_1038' title='bbox 1158 3823 1226 3853; x_wconf 89' lang='lat' dir='ltr'>pau-</span> 
     </span>
     <span class='ocr_line' id='line_1_99' title="bbox 114 3852 422 3885; baseline 0.01 -3"><span class='ocrx_word' id='word_1_1039' title='bbox 114 3852 143 3882; x_wconf 91' lang='lat' dir='ltr'>lo</span> <span class='ocrx_word' id='word_1_1040' title='bbox 157 3860 221 3882; x_wconf 89' lang='lat' dir='ltr'>ante</span> <span class='ocrx_word' id='word_1_1041' title='bbox 232 3853 385 3884; x_wconf 86' lang='lat' dir='ltr'>Abhorrere</span> <span class='ocrx_word' id='word_1_1042' title='bbox 399 3865 422 3885; x_wconf 90' lang='lat' dir='ltr'>a.</span> 
     </span>
    </p>

    <p class='ocr_par' dir='ltr' id='par_1_48' title="bbox 95 3889 1225 4036">
     <span class='ocr_line' id='line_1_100' title="bbox 95 3889 1222 3931; baseline -0.004 -9"><span class='ocrx_word' id='word_1_1043' title='bbox 95 3891 265 3927; x_wconf 83' lang='lat' dir='ltr'>Abhorrere,</span> <span class='ocrx_word' id='word_1_1044' title='bbox 286 3901 351 3921; x_wconf 90' lang='lat' dir='ltr'>cum</span> <span class='ocrx_word' id='word_1_1045' title='bbox 363 3892 518 3922; x_wconf 81' lang='lat' dir='ltr'>accusativo</span> <span class='ocrx_word' id='word_1_1046' title='bbox 528 3915 536 3929; x_wconf 96' lang='lat'>,</span> <span class='ocrx_word' id='word_1_1047' title='bbox 556 3903 607 3931; x_wconf 88' lang='lat' dir='ltr'>pro</span> <span class='ocrx_word' id='word_1_1048' title='bbox 620 3893 784 3927; x_wconf 81' lang='lat' dir='ltr'>exhorrere,</span> <span class='ocrx_word' id='word_1_1049' title='bbox 805 3890 948 3925; x_wconf 81' lang='lat' dir='ltr'>detestari,</span> <span class='ocrx_word' id='word_1_1050' title='bbox 970 3891 996 3920; x_wconf 59' lang='grc' dir='ltr'>ἃ</span> <span class='ocrx_word' id='word_1_1051' title='bbox 1006 3889 1079 3927; x_wconf 88' lang='lat' dir='ltr'>quasi</span> <span class='ocrx_word' id='word_1_1052' title='bbox 1091 3890 1222 3924; x_wconf 79' lang='lat' dir='ltr'>execrarI‚</span> 
     </span>
     <span class='ocr_line' id='line_1_101' title="bbox 113 3929 1225 3970; baseline -0.003 -12"><span class='ocrx_word' id='word_1_1053' title='bbox 113 3929 228 3959; x_wconf 89' lang='lat' dir='ltr'>Sueton.</span> <span class='ocrx_word' id='word_1_1054' title='bbox 240 3930 276 3959; x_wconf 85' lang='lat' dir='ltr'>de</span> <span class='ocrx_word' id='word_1_1055' title='bbox 285 3930 412 3967; x_wconf 82' lang='lat' dir='ltr'>Augusto.</span> <span class='ocrx_word' id='word_1_1056' title='bbox 428 3940 488 3968; x_wconf 87' lang='lat' dir='ltr'>cap.</span> <span class='ocrx_word' id='word_1_1057' title='bbox 502 3937 546 3967; x_wconf 85' lang='lat'>83.</span> <span class='ocrx_word' id='word_1_1058' title='bbox 568 3931 642 3960; x_wconf 82' lang='lat' dir='ltr'>Nam</span> <span class='ocrx_word' id='word_1_1059' title='bbox 651 3930 773 3969; x_wconf 84' lang='lat' dir='ltr'>pumilos</span> <span class='ocrx_word' id='word_1_1060' title='bbox 783 3936 864 3967; x_wconf 86' lang='lat' dir='ltr'>atque</span> <span class='ocrx_word' id='word_1_1061' title='bbox 876 3929 1013 3962; x_wconf 81' lang='lat' dir='ltr'>distortos,</span> <span class='ocrx_word' id='word_1_1062' title='bbox 1036 3929 1062 3957; x_wconf 71' lang='lat' dir='ltr'>St</span> <span class='ocrx_word' id='word_1_1063' title='bbox 1072 3937 1170 3970; x_wconf 79' lang='lat' dir='ltr'>omnes</span> <span class='ocrx_word' id='word_1_1064' title='bbox 1179 3937 1225 3964; x_wconf 86' lang='lat' dir='ltr'>ge-</span> 
     </span>
     <span class='ocr_line' id='line_1_102' title="bbox 106 3964 1220 4036; baseline -0.003 -38"><span class='ocrx_word' id='word_1_1065' title='bbox 106 3968 187 4035; x_wconf 39' lang='lat' dir='ltr'>neris</span> <span class='ocrx_word' id='word_1_1066' title='bbox 196 3967 339 4036; x_wconf 70' lang='lat' dir='ltr'>ejusldem,</span> <span class='ocrx_word' id='word_1_1067' title='bbox 355 3976 386 3998; x_wconf 91' lang='lat' dir='ltr'>ut</span> <span class='ocrx_word' id='word_1_1068' title='bbox 394 3967 516 3999; x_wconf 81' lang='lat' dir='ltr'>ludibria</span> <span class='ocrx_word' id='word_1_1069' title='bbox 523 3974 646 4004; x_wconf 60' lang='lat' dir='ltr'>naturae,</span> <span class='ocrx_word' id='word_1_1070' title='bbox 665 3968 786 4006; x_wconf 81' lang='lat' dir='ltr'>malique</span> <span class='ocrx_word' id='word_1_1071' title='bbox 797 3967 908 4003; x_wconf 76' lang='lat' dir='ltr'>ommis,</span> <span class='ocrx_word' id='word_1_1072' title='bbox 927 3965 1100 3997; x_wconf 84' lang='lat' dir='ltr'>abhorrebat.</span> <span class='ocrx_word' id='word_1_1073' title='bbox 1123 3964 1182 3995; x_wconf 89' lang='lat' dir='ltr'>Liv.</span> <span class='ocrx_word' id='word_1_1074' title='bbox 1192 3976 1220 4002; x_wconf 68' lang='lat'>4„</span> 
     </span>
    </p>

    <p class='ocr_par' dir='ltr' id='par_1_49' title="bbox 182 4014 232 4036">
     <span class='ocr_line' id='line_1_103' title="bbox 182 4014 232 4036; baseline -0.02 0"><span class='ocrx_word' id='word_1_1075' title='bbox 182 4014 199 4036; x_wconf 91' lang='lat'><em>0</em></span> <span class='ocrx_word' id='word_1_1076' title='bbox 207 4016 232 4035; x_wconf 82' lang='lat' dir='ltr'>L.</span> 
     </span>
    </p>
   </div>
   <div class='ocr_carea' id='block_1_4' title="bbox 1670 151 2438 210">
    <p class='ocr_par' dir='ltr' id='par_1_50' title="bbox 1670 151 2438 210">
     <span class='ocr_line' id='line_1_104' title="bbox 1670 151 2438 210; baseline 0.005 -26"><span class='ocrx_word' id='word_1_1077' title='bbox 1670 151 1698 184; x_wconf 82' lang='lat' dir='ltr'>A</span> <span class='ocrx_word' id='word_1_1078' title='bbox 1790 152 1814 185; x_wconf 87' lang='lat' dir='ltr'>B</span> <span class='ocrx_word' id='word_1_1079' title='bbox 1912 153 1927 187; x_wconf 95' lang='lat' dir='ltr'>I</span> <span class='ocrx_word' id='word_1_1080' title='bbox 2416 178 2438 210; x_wconf 85' lang='lat'>9</span> 
     </span>
    </p>
   </div>
   <div class='ocr_carea' id='block_1_5' title="bbox 1290 228 2440 877">
    <p class='ocr_par' dir='ltr' id='par_1_51' title="bbox 1290 228 2440 877">
     <span class='ocr_line' id='line_1_105' title="bbox 1345 228 2428 274; baseline 0.017 -18"><span class='ocrx_word' id='word_1_1081' title='bbox 1345 228 1382 271; x_wconf 81' lang='lat' dir='ltr'>ab</span> <span class='ocrx_word' id='word_1_1082' title='bbox 1392 229 1457 272; x_wconf 79' lang='lat' dir='ltr'>urbe</span> <span class='ocrx_word' id='word_1_1083' title='bbox 1467 252 1475 263; x_wconf 89' lang='lat'>,</span> <span class='ocrx_word' id='word_1_1084' title='bbox 1505 230 1609 259; x_wconf 68' lang='lat' dir='ltr'>Eodem</span> <span class='ocrx_word' id='word_1_1085' title='bbox 1622 240 1695 260; x_wconf 83' lang='lat' dir='ltr'>anno</span> <span class='ocrx_word' id='word_1_1086' title='bbox 1706 231 1861 261; x_wconf 81' lang='lat' dir='ltr'>Posthuniia</span> <span class='ocrx_word' id='word_1_1087' title='bbox 1872 234 1946 270; x_wconf 69' lang='lat' dir='ltr'>virgo</span> <span class='ocrx_word' id='word_1_1088' title='bbox 1960 234 2069 264; x_wconf 83' lang='lat' dir='ltr'>Vest.·.lis</span> <span class='ocrx_word' id='word_1_1089' title='bbox 2083 237 2116 266; x_wconf 85' lang='lat' dir='ltr'>de</span> <span class='ocrx_word' id='word_1_1090' title='bbox 2128 238 2229 268; x_wconf 80' lang='lat' dir='ltr'>incestu</span> <span class='ocrx_word' id='word_1_1091' title='bbox 2240 241 2344 271; x_wconf 73' lang='lat' dir='ltr'>causzm</span> <span class='ocrx_word' id='word_1_1092' title='bbox 2359 243 2428 274; x_wconf 60' lang='lat' dir='ltr'>dixit</span> 
     </span>
     <span class='ocr_line' id='line_1_106' title="bbox 1345 267 2439 313; baseline 0.016 -20"><span class='ocrx_word' id='word_1_1093' title='bbox 1345 268 1452 295; x_wconf 89' lang='lat' dir='ltr'>crimrni</span> <span class='ocrx_word' id='word_1_1094' title='bbox 1463 267 1583 297; x_wconf 57' lang='lat' dir='ltr'>obnoxia</span> <span class='ocrx_word' id='word_1_1095' title='bbox 1593 268 1628 296; x_wconf 83' lang='lat' dir='ltr'>ob</span> <span class='ocrx_word' id='word_1_1096' title='bbox 1639 268 1819 306; x_wconf 74' lang='lat' dir='ltr'>suspicionem</span> <span class='ocrx_word' id='word_1_1097' title='bbox 1832 279 1942 307; x_wconf 78' lang='lat' dir='ltr'>propter</span> <span class='ocrx_word' id='word_1_1098' title='bbox 1952 272 2057 302; x_wconf 76' lang='lat' dir='ltr'>cultum</span> <span class='ocrx_word' id='word_1_1099' title='bbox 2069 285 2116 303; x_wconf 75' lang='lat' dir='ltr'>iiiii</span> <span class='ocrx_word' id='word_1_1100' title='bbox 2126 277 2247 306; x_wconf 66' lang='lat' dir='ltr'>seniorem</span> <span class='ocrx_word' id='word_1_1101' title='bbox 2260 301 2266 313; x_wconf 78' lang='lat'>,</span> <span class='ocrx_word' id='word_1_1102' title='bbox 2286 270 2439 312; x_wconf 47' lang='lat' dir='ltr'>ingenium:</span> 
     </span>
     <span class='ocr_line' id='line_1_107' title="bbox 1345 304 2427 348; baseline 0.016 -17"><span class='ocrx_word' id='word_1_1103' title='bbox 1345 304 1518 346; x_wconf 58' lang='lat' dir='ltr'>queliberius</span> <span class='ocrx_word' id='word_1_1104' title='bbox 1529 316 1609 341; x_wconf 64' lang='lat' dir='ltr'>quani</span> <span class='ocrx_word' id='word_1_1105' title='bbox 1622 307 1753 341; x_wconf 60' lang='lat' dir='ltr'>virginem</span> <span class='ocrx_word' id='word_1_1106' title='bbox 1765 308 1854 340; x_wconf 77' lang='lat' dir='ltr'>decet,</span> <span class='ocrx_word' id='word_1_1107' title='bbox 1871 310 2244 345; x_wconf 49' lang='lat' dir='ltr'>11.irrimxibliirri⁴eiislamini.</span> <span class='ocrx_word' id='word_1_1108' title='bbox 2267 309 2380 347; x_wconf 46' lang='lat' dir='ltr'>amblini</span> <span class='ocrx_word' id='word_1_1109' title='bbox 2395 331 2427 348; x_wconf 61' lang='lat' dir='ltr'>&gt;ni</span> 
     </span>
     <span class='ocr_line' id='line_1_108' title="bbox 1345 339 2438 392; baseline 0.017 -25"><span class='ocrx_word' id='word_1_1110' title='bbox 1345 339 1446 382; x_wconf 80' lang='lat' dir='ltr'>deinde</span> <span class='ocrx_word' id='word_1_1111' title='bbox 1464 343 1612 383; x_wconf 67' lang='lat' dir='ltr'>aibloluriun</span> <span class='ocrx_word' id='word_1_1112' title='bbox 1634 354 1682 381; x_wconf 74' lang='lat' dir='ltr'>pro</span> <span class='ocrx_word' id='word_1_1113' title='bbox 1700 344 1809 378; x_wconf 62' lang='lat' dir='ltr'>collegii</span> <span class='ocrx_word' id='word_1_1114' title='bbox 1827 345 1960 375; x_wconf 62' lang='lat' dir='ltr'>sententiar</span> <span class='ocrx_word' id='word_1_1115' title='bbox 1981 347 2102 377; x_wconf 64' lang='lat' dir='ltr'>l&#39;ontisex&gt;</span> <span class='ocrx_word' id='word_1_1116' title='bbox 2122 360 2191 381; x_wconf 70' lang='lat' dir='ltr'>max.</span> <span class='ocrx_word' id='word_1_1117' title='bbox 2212 339 2343 385; x_wconf 66' lang='lat' dir='ltr'>ubiliiieie</span> <span class='ocrx_word' id='word_1_1118' title='bbox 2359 344 2438 392; x_wconf 60' lang='lat' dir='ltr'>jucis⁷</span> 
     </span>
     <span class='ocr_line' id='line_1_109' title="bbox 1346 377 2438 429; baseline 0.016 -26"><span class='ocrx_word' id='word_1_1119' title='bbox 1346 377 1455 412; x_wconf 78' lang='lat' dir='ltr'>colique</span> <span class='ocrx_word' id='word_1_1120' title='bbox 1466 380 1553 408; x_wconf 68' lang='lat' dir='ltr'>sinete</span> <span class='ocrx_word' id='word_1_1121' title='bbox 1567 382 1658 417; x_wconf 73' lang='lat' dir='ltr'>potius</span> <span class='ocrx_word' id='word_1_1122' title='bbox 1669 392 1749 417; x_wconf 62' lang='lat' dir='ltr'>quam</span> <span class='ocrx_word' id='word_1_1123' title='bbox 1764 382 1919 418; x_wconf 61' lang='lat' dir='ltr'>scire-judit.</span> <span class='ocrx_word' id='word_1_1124' title='bbox 1940 385 2013 412; x_wconf 75' lang='lat' dir='ltr'>cons.</span> <span class='ocrx_word' id='word_1_1125' title='bbox 2029 386 2140 417; x_wconf 82' lang='lat' dir='ltr'>Sueton.</span> <span class='ocrx_word' id='word_1_1126' title='bbox 2155 389 2180 416; x_wconf 92' lang='lat' dir='ltr'>in</span> <span class='ocrx_word' id='word_1_1127' title='bbox 2192 390 2268 420; x_wconf 65' lang='lat' dir='ltr'>(talb.</span> <span class='ocrx_word' id='word_1_1128' title='bbox 2284 402 2342 429; x_wconf 66' lang='lat' dir='ltr'>cip,</span> <span class='ocrx_word' id='word_1_1129' title='bbox 2356 406 2382 428; x_wconf 71' lang='lat'>⁴·</span> <span class='ocrx_word' id='word_1_1130' title='bbox 2430 381 2438 393; x_wconf 66' lang='grc'>’</span> 
     </span>
     <span class='ocr_line' id='line_1_110' title="bbox 1327 412 2426 462; baseline 0.02 -22"><span class='ocrx_word' id='word_1_1131' title='bbox 1327 412 1469 443; x_wconf 82' lang='lat' dir='ltr'>Interdum</span> <span class='ocrx_word' id='word_1_1132' title='bbox 1485 419 1596 459; x_wconf 76' lang='lat' dir='ltr'>ponitur</span> <span class='ocrx_word' id='word_1_1133' title='bbox 1608 418 1738 449; x_wconf 70' lang='lat' dir='ltr'>iibliilute.</span> <span class='ocrx_word' id='word_1_1134' title='bbox 1767 420 1824 449; x_wconf 81' lang='lat' dir='ltr'>Cic.</span> <span class='ocrx_word' id='word_1_1135' title='bbox 1845 431 1894 458; x_wconf 83' lang='lat' dir='ltr'>pro</span> <span class='ocrx_word' id='word_1_1136' title='bbox 1911 420 2049 451; x_wconf 67' lang='lat' dir='ltr'>Ciuis-itio.</span> <span class='ocrx_word' id='word_1_1137' title='bbox 2064 434 2107 457; x_wconf 61' lang='lat'>3¹-</span> <span class='ocrx_word' id='word_1_1138' title='bbox 2149 426 2239 455; x_wconf 81' lang='lat' dir='ltr'>Nemo</span> <span class='ocrx_word' id='word_1_1139' title='bbox 2257 428 2333 458; x_wconf 88' lang='lat' dir='ltr'>illum</span> <span class='ocrx_word' id='word_1_1140' title='bbox 2353 432 2426 462; x_wconf 57' lang='lat' dir='ltr'>aditu</span> 
     </span>
     <span class='ocr_line' id='line_1_111' title="bbox 1347 456 2438 499; baseline 0.019 -21"><span class='ocrx_word' id='word_1_1141' title='bbox 1347 460 1429 479; x_wconf 83' lang='lat' dir='ltr'>nenio</span> <span class='ocrx_word' id='word_1_1142' title='bbox 1441 456 1628 493; x_wconf 69' lang='lat' dir='ltr'>copprellione</span> <span class='ocrx_word' id='word_1_1143' title='bbox 1638 478 1646 489; x_wconf 86' lang='lat'>,</span> <span class='ocrx_word' id='word_1_1144' title='bbox 1668 467 1749 486; x_wconf 85' lang='lat' dir='ltr'>nenio</span> <span class='ocrx_word' id='word_1_1145' title='bbox 1760 457 1884 487; x_wconf 81' lang='lat' dir='ltr'>sermone</span> <span class='ocrx_word' id='word_1_1146' title='bbox 1895 481 1902 491; x_wconf 85' lang='lat'>,</span> <span class='ocrx_word' id='word_1_1147' title='bbox 1925 468 2006 487; x_wconf 71' lang='lat' dir='ltr'>nenio</span> <span class='ocrx_word' id='word_1_1148' title='bbox 2017 462 2144 490; x_wconf 64' lang='lat' dir='ltr'>convivii,</span> <span class='ocrx_word' id='word_1_1149' title='bbox 2157 464 2269 498; x_wconf 55' lang='lat' dir='ltr'>ditinum</span> <span class='ocrx_word' id='word_1_1150' title='bbox 2285 458 2438 499; x_wconf 71' lang='lat' dir='ltr'>judit.ib.it3</span> 
     </span>
     <span class='ocr_line' id='line_1_112' title="bbox 1346 490 2437 542; baseline 0.02 -27"><span class='ocrx_word' id='word_1_1151' title='bbox 1346 497 1442 518; x_wconf 81' lang='lat' dir='ltr'>omnes</span> <span class='ocrx_word' id='word_1_1152' title='bbox 1452 490 1769 527; x_wconf 56' lang='lat' dir='ltr'>:dpernubanturmnines</span> <span class='ocrx_word' id='word_1_1153' title='bbox 1780 495 1969 525; x_wconf 70' lang='lat' dir='ltr'>abhorrebant.</span> <span class='ocrx_word' id='word_1_1154' title='bbox 1992 497 2064 533; x_wconf 84' lang='lat' dir='ltr'>[lmo</span> <span class='ocrx_word' id='word_1_1155' title='bbox 2074 494 2209 530; x_wconf 67' lang='lat' dir='ltr'>[flinlltch</span> <span class='ocrx_word' id='word_1_1156' title='bbox 2220 506 2243 531; x_wconf 59' lang='grc' dir='ltr'>ὁ(</span> <span class='ocrx_word' id='word_1_1157' title='bbox 2257 504 2303 533; x_wconf 88' lang='lat' dir='ltr'>h.l.</span> <span class='ocrx_word' id='word_1_1158' title='bbox 2316 496 2437 542; x_wconf 44' lang='lat' dir='ltr'>ponitur·</span> 
     </span>
     <span class='ocr_line' id='line_1_113' title="bbox 1290 524 2439 581; baseline 0.019 -30"><span class='ocrx_word' id='word_1_1159' title='bbox 1290 524 1311 553; x_wconf 87' lang='lat' dir='ltr'>A</span> <span class='ocrx_word' id='word_1_1160' title='bbox 1321 534 1362 552; x_wconf 68' lang='lat'>1³11</span> <span class='ocrx_word' id='word_1_1161' title='bbox 1373 536 1389 553; x_wconf 88' lang='lat' dir='ltr'>o</span> <span class='ocrx_word' id='word_1_1162' title='bbox 1400 536 1414 553; x_wconf 79' lang='lat' dir='ltr'>R</span> <span class='ocrx_word' id='word_1_1163' title='bbox 1425 536 1438 553; x_wconf 77' lang='lat' dir='ltr'>R</span> <span class='ocrx_word' id='word_1_1164' title='bbox 1449 536 1461 554; x_wconf 65' lang='lat'>1⁷.</span> <span class='ocrx_word' id='word_1_1165' title='bbox 1472 537 1489 554; x_wconf 74' lang='lat' dir='ltr'>N</span> <span class='ocrx_word' id='word_1_1166' title='bbox 1499 537 1510 554; x_wconf 83' lang='lat' dir='ltr'>s</span> <span class='ocrx_word' id='word_1_1167' title='bbox 1519 549 1526 560; x_wconf 69' lang='lat'>,</span> <span class='ocrx_word' id='word_1_1168' title='bbox 1542 539 1591 564; x_wconf 80' lang='lat' dir='ltr'>pro</span> <span class='ocrx_word' id='word_1_1169' title='bbox 1603 529 1726 560; x_wconf 74' lang='lat' dir='ltr'>absurdo.</span> <span class='ocrx_word' id='word_1_1170' title='bbox 1747 532 2014 563; x_wconf 73' lang='lat' dir='ltr'>Liv.1ib.10.sscll.2.</span> <span class='ocrx_word' id='word_1_1171' title='bbox 2029 535 2092 565; x_wconf 85' lang='lat' dir='ltr'>l&#39;un.</span> <span class='ocrx_word' id='word_1_1172' title='bbox 2115 536 2190 566; x_wconf 56' lang='lat' dir='ltr'>Risus</span> <span class='ocrx_word' id='word_1_1173' title='bbox 2202 539 2256 569; x_wconf 82' lang='lat' dir='ltr'>illic</span> <span class='ocrx_word' id='word_1_1174' title='bbox 2268 533 2439 581; x_wconf 56' lang='lat' dir='ltr'>nequaqumi</span> 
     </span>
     <span class='ocr_line' id='line_1_114' title="bbox 1328 562 2422 619; baseline 0.02 -30"><span class='ocrx_word' id='word_1_1175' title='bbox 1328 568 1383 590; x_wconf 81' lang='lat' dir='ltr'>tam</span> <span class='ocrx_word' id='word_1_1176' title='bbox 1391 562 1523 604; x_wconf 32' lang='lat' dir='ltr'>’absurdus</span> <span class='ocrx_word' id='word_1_1177' title='bbox 1533 566 1766 602; x_wconf 71' lang='lat' dir='ltr'>est,quiinive1lrie</span> <span class='ocrx_word' id='word_1_1178' title='bbox 1777 570 1896 599; x_wconf 70' lang='lat' dir='ltr'>absurda·</span> <span class='ocrx_word' id='word_1_1179' title='bbox 1907 574 1931 601; x_wconf 60' lang='grc' dir='ltr'><strong>ἃ</strong></span> <span class='ocrx_word' id='word_1_1180' title='bbox 1942 571 2119 603; x_wconf 63' lang='lat' dir='ltr'>abhorrentes</span> <span class='ocrx_word' id='word_1_1181' title='bbox 2129 574 2195 604; x_wconf 59' lang='lat' dir='ltr'>lieri</span> <span class='ocrx_word' id='word_1_1182' title='bbox 2203 587 2261 607; x_wconf 74' lang='lat' dir='ltr'>mir.</span> <span class='ocrx_word' id='word_1_1183' title='bbox 2279 578 2331 608; x_wconf 54' lang='lat' dir='ltr'>Livi.</span> <span class='ocrx_word' id='word_1_1184' title='bbox 2339 591 2380 611; x_wconf 79' lang='lat'>22.</span> <span class='ocrx_word' id='word_1_1185' title='bbox 2397 594 2402 610; x_wconf 87' lang='grc' dir='ltr'>ι</span> <span class='ocrx_word' id='word_1_1186' title='bbox 2414 594 2422 619; x_wconf 79' lang='lat'>3</span> 
     </span>
     <span class='ocr_line' id='line_1_115' title="bbox 1328 599 2436 649; baseline 0.019 -22"><span class='ocrx_word' id='word_1_1187' title='bbox 1328 599 1463 644; x_wconf 58' lang='lat' dir='ltr'>Punicum</span> <span class='ocrx_word' id='word_1_1188' title='bbox 1473 601 1620 647; x_wconf 76' lang='lat' dir='ltr'>abhorrens</span> <span class='ocrx_word' id='word_1_1189' title='bbox 1630 615 1660 633; x_wconf 77' lang='lat' dir='ltr'>os</span> <span class='ocrx_word' id='word_1_1190' title='bbox 1671 605 1702 633; x_wconf 70' lang='lat' dir='ltr'>ab</span> <span class='ocrx_word' id='word_1_1191' title='bbox 1714 605 1870 637; x_wconf 72' lang='lat' dir='ltr'>Latinorum</span> <span class='ocrx_word' id='word_1_1192' title='bbox 1882 610 2026 638; x_wconf 77' lang='lat' dir='ltr'>nominum</span> <span class='ocrx_word' id='word_1_1193' title='bbox 2038 608 2200 647; x_wconf 55' lang='lat' dir='ltr'>molitione.</span> <span class='ocrx_word' id='word_1_1194' title='bbox 2225 615 2252 644; x_wconf 80' lang='lat' dir='ltr'>V.</span> <span class='ocrx_word' id='word_1_1195' title='bbox 2268 616 2303 645; x_wconf 89' lang='lat' dir='ltr'>ib.</span> <span class='ocrx_word' id='word_1_1196' title='bbox 2317 608 2436 649; x_wconf 47' lang='lat' dir='ltr'>(ironov&#39;</span> 
     </span>
     <span class='ocr_line' id='line_1_116' title="bbox 1328 637 2437 693; baseline 0.019 -28"><span class='ocrx_word' id='word_1_1197' title='bbox 1328 637 1403 666; x_wconf 70' lang='lat' dir='ltr'>Lurt.</span> <span class='ocrx_word' id='word_1_1198' title='bbox 1419 647 1441 673; x_wconf 88' lang='lat'>3.</span> <span class='ocrx_word' id='word_1_1199' title='bbox 1456 642 1480 666; x_wconf 87' lang='lat'>6.</span> <span class='ocrx_word' id='word_1_1200' title='bbox 1505 648 1544 674; x_wconf 88' lang='lat'>19.</span> <span class='ocrx_word' id='word_1_1201' title='bbox 1585 640 1852 684; x_wconf 64' lang='lat' dir='ltr'>Liiltushabirusque</span> <span class='ocrx_word' id='word_1_1202' title='bbox 1865 646 2006 682; x_wconf 69' lang='lat' dir='ltr'>paululum</span> <span class='ocrx_word' id='word_1_1203' title='bbox 2019 659 2032 676; x_wconf 80' lang='lat' dir='ltr'>u</span> <span class='ocrx_word' id='word_1_1204' title='bbox 2045 649 2149 684; x_wconf 75' lang='lat' dir='ltr'>privato</span> <span class='ocrx_word' id='word_1_1205' title='bbox 2164 651 2320 683; x_wconf 71' lang='lat' dir='ltr'>abhorrens.</span> <span class='ocrx_word' id='word_1_1206' title='bbox 2359 657 2392 686; x_wconf 73' lang='lat' dir='ltr'>ht</span> <span class='ocrx_word' id='word_1_1207' title='bbox 2411 646 2437 693; x_wconf 37' lang='grc'>3.</span> 
     </span>
     <span class='ocr_line' id='line_1_117' title="bbox 1329 676 2436 728; baseline 0.021 -28"><span class='ocrx_word' id='word_1_1208' title='bbox 1329 684 1353 709; x_wconf 88' lang='lat'>9.</span> <span class='ocrx_word' id='word_1_1209' title='bbox 1366 686 1392 709; x_wconf 77' lang='lat'>4.</span> <span class='ocrx_word' id='word_1_1210' title='bbox 1414 685 1490 711; x_wconf 69' lang='lat' dir='ltr'>iiqute</span> <span class='ocrx_word' id='word_1_1211' title='bbox 1500 687 1514 704; x_wconf 79' lang='lat' dir='ltr'>a</span> <span class='ocrx_word' id='word_1_1212' title='bbox 1527 676 1620 705; x_wconf 85' lang='lat' dir='ltr'>colore</span> <span class='ocrx_word' id='word_1_1213' title='bbox 1631 689 1709 707; x_wconf 76' lang='lat' dir='ltr'>muris</span> <span class='ocrx_word' id='word_1_1214' title='bbox 1722 681 1792 709; x_wconf 69' lang='lat' dir='ltr'>haud</span> <span class='ocrx_word' id='word_1_1215' title='bbox 1806 683 1922 712; x_wconf 84' lang='lat' dir='ltr'>inultum</span> <span class='ocrx_word' id='word_1_1216' title='bbox 1938 684 2124 715; x_wconf 73' lang='lat' dir='ltr'>abhorrentes.</span> <span class='ocrx_word' id='word_1_1217' title='bbox 2150 689 2165 717; x_wconf 95' lang='lat' dir='ltr'>i.</span> <span class='ocrx_word' id='word_1_1218' title='bbox 2179 699 2202 718; x_wconf 90' lang='lat' dir='ltr'>e.</span> <span class='ocrx_word' id='word_1_1219' title='bbox 2223 690 2406 728; x_wconf 61' lang='lat' dir='ltr'>distre-piantes</span> <span class='ocrx_word' id='word_1_1220' title='bbox 2430 683 2436 689; x_wconf 49' lang='grc'><em>’</em></span> 
     </span>
     <span class='ocr_line' id='line_1_118' title="bbox 1290 710 2440 763; baseline 0.022 -25"><span class='ocrx_word' id='word_1_1221' title='bbox 1290 710 1311 739; x_wconf 88' lang='lat' dir='ltr'>A</span> <span class='ocrx_word' id='word_1_1222' title='bbox 1321 721 1335 739; x_wconf 59' lang='lat' dir='ltr'>iz</span> <span class='ocrx_word' id='word_1_1223' title='bbox 1345 721 1362 739; x_wconf 82' lang='lat' dir='ltr'>n</span> <span class='ocrx_word' id='word_1_1224' title='bbox 1373 722 1389 740; x_wconf 92' lang='lat' dir='ltr'>o</span> <span class='ocrx_word' id='word_1_1225' title='bbox 1399 722 1414 739; x_wconf 83' lang='lat' dir='ltr'>R</span> <span class='ocrx_word' id='word_1_1226' title='bbox 1424 722 1438 740; x_wconf 73' lang='lat' dir='ltr'>R</span> <span class='ocrx_word' id='word_1_1227' title='bbox 1450 722 1462 755; x_wconf 75' lang='lat'>¹}</span> <span class='ocrx_word' id='word_1_1228' title='bbox 1471 724 1482 741; x_wconf 79' lang='lat' dir='ltr'>s</span> <span class='ocrx_word' id='word_1_1229' title='bbox 1491 722 1507 742; x_wconf 88' lang='lat' dir='ltr'>c</span> <span class='ocrx_word' id='word_1_1230' title='bbox 1516 724 1532 741; x_wconf 92' lang='lat' dir='ltr'>o</span> <span class='ocrx_word' id='word_1_1231' title='bbox 1543 735 1550 747; x_wconf 89' lang='lat'>,</span> <span class='ocrx_word' id='word_1_1232' title='bbox 1570 714 1724 755; x_wconf 77' lang='lat' dir='ltr'>Adducitur</span> <span class='ocrx_word' id='word_1_1233' title='bbox 1737 717 1855 748; x_wconf 58' lang='lat' dir='ltr'>Lucrini.</span> <span class='ocrx_word' id='word_1_1234' title='bbox 1867 720 1901 748; x_wconf 86' lang='lat' dir='ltr'>de</span> <span class='ocrx_word' id='word_1_1235' title='bbox 1914 722 1949 749; x_wconf 69' lang='lat' dir='ltr'>ira</span> <span class='ocrx_word' id='word_1_1236' title='bbox 1963 721 2020 751; x_wconf 78' lang='lat' dir='ltr'>Dei.</span> <span class='ocrx_word' id='word_1_1237' title='bbox 2044 734 2103 761; x_wconf 75' lang='lat' dir='ltr'>cup.</span> <span class='ocrx_word' id='word_1_1238' title='bbox 2117 735 2159 761; x_wconf 90' lang='lat'>23.</span> <span class='ocrx_word' id='word_1_1239' title='bbox 2191 728 2282 763; x_wconf 79' lang='lat' dir='ltr'>Quem</span> <span class='ocrx_word' id='word_1_1240' title='bbox 2295 719 2440 763; x_wconf 54' lang='lat' dir='ltr'>nii-mones</span> 
     </span>
     <span class='ocr_line' id='line_1_119' title="bbox 1328 748 2438 803; baseline 0.016 -26"><span class='ocrx_word' id='word_1_1241' title='bbox 1328 748 1532 779; x_wconf 80' lang='lat' dir='ltr'>abhorrelcunt.</span> <span class='ocrx_word' id='word_1_1242' title='bbox 1560 752 1652 780; x_wconf 82' lang='lat' dir='ltr'>{edibi</span> <span class='ocrx_word' id='word_1_1243' title='bbox 1664 754 1799 791; x_wconf 80' lang='lat' dir='ltr'>Interpres</span> <span class='ocrx_word' id='word_1_1244' title='bbox 1817 756 1913 793; x_wconf 71' lang='lat' dir='ltr'>aliquis</span> <span class='ocrx_word' id='word_1_1245' title='bbox 1929 761 2063 789; x_wconf 79' lang='lat' dir='ltr'>recentior</span> <span class='ocrx_word' id='word_1_1246' title='bbox 2080 762 2116 791; x_wconf 78' lang='lat' dir='ltr'>ita</span> <span class='ocrx_word' id='word_1_1247' title='bbox 2132 764 2224 794; x_wconf 83' lang='lat' dir='ltr'>reddit</span> <span class='ocrx_word' id='word_1_1248' title='bbox 2240 766 2387 803; x_wconf 65' lang='grc' dir='ltr'>ώκφςίῆεωι</span> <span class='ocrx_word' id='word_1_1249' title='bbox 2404 781 2438 802; x_wconf 62' lang='grc' dir='ltr'>ςχ</span> 
     </span>
     <span class='ocr_line' id='line_1_120' title="bbox 1328 786 2427 816; baseline 0.017 -2"><span class='ocrx_word' id='word_1_1250' title='bbox 1328 786 1441 815; x_wconf 79' lang='lat' dir='ltr'>oraculo</span> <span class='ocrx_word' id='word_1_1251' title='bbox 1459 788 1563 816; x_wconf 58' lang='lat' dir='ltr'>Graeca</span> <span class='ocrx_word' id='word_1_1252' title='bbox 2423 797 2427 800; x_wconf 39' lang='lat'>⁵</span> 
     </span>
     <span class='ocr_line' id='line_1_121' title="bbox 1291 824 2439 877; baseline 0.018 -24"><span class='ocrx_word' id='word_1_1253' title='bbox 1291 824 1312 853; x_wconf 88' lang='lat' dir='ltr'>A</span> <span class='ocrx_word' id='word_1_1254' title='bbox 1321 834 1334 851; x_wconf 77' lang='lat' dir='ltr'>B</span> <span class='ocrx_word' id='word_1_1255' title='bbox 1344 833 1362 853; x_wconf 77' lang='lat' dir='ltr'><strong>H</strong></span> <span class='ocrx_word' id='word_1_1256' title='bbox 1372 834 1388 853; x_wconf 90' lang='lat' dir='ltr'>o</span> <span class='ocrx_word' id='word_1_1257' title='bbox 1398 834 1414 852; x_wconf 76' lang='lat' dir='ltr'>R</span> <span class='ocrx_word' id='word_1_1258' title='bbox 1427 834 1441 853; x_wconf 89' lang='lat' dir='ltr'>r</span> <span class='ocrx_word' id='word_1_1259' title='bbox 1450 836 1466 854; x_wconf 89' lang='lat' dir='ltr'>o</span> <span class='ocrx_word' id='word_1_1260' title='bbox 1475 835 1491 853; x_wconf 81' lang='lat' dir='ltr'>R</span> <span class='ocrx_word' id='word_1_1261' title='bbox 1501 847 1510 860; x_wconf 96' lang='lat'>,</span> <span class='ocrx_word' id='word_1_1262' title='bbox 1530 826 1590 855; x_wconf 76' lang='lat' dir='ltr'>aris.</span> <span class='ocrx_word' id='word_1_1263' title='bbox 1612 824 1773 865; x_wconf 60' lang='lat' dir='ltr'>[zbmgivm]</span> <span class='ocrx_word' id='word_1_1264' title='bbox 1801 829 1877 859; x_wconf 86' lang='lat' dir='ltr'>ldeiii</span> <span class='ocrx_word' id='word_1_1265' title='bbox 1891 832 1944 861; x_wconf 83' lang='lat' dir='ltr'>sere</span> <span class='ocrx_word' id='word_1_1266' title='bbox 1958 835 2031 870; x_wconf 87' lang='lat' dir='ltr'>quod</span> <span class='ocrx_word' id='word_1_1267' title='bbox 2042 835 2186 868; x_wconf 84' lang='lat' dir='ltr'>Dehortor.</span> <span class='ocrx_word' id='word_1_1268' title='bbox 2212 839 2384 877; x_wconf 78' lang='lat' dir='ltr'>Sipontinus.</span> <span class='ocrx_word' id='word_1_1269' title='bbox 2427 850 2439 868; x_wconf 60' lang='grc' dir='ltr'>ἱ</span> 
     </span>
    </p>
   </div>
   <div class='ocr_carea' id='block_1_6' title="bbox 1749 885 1985 924">
    <p class='ocr_par' dir='ltr' id='par_1_52' title="bbox 1749 885 1985 924">
     <span class='ocr_line' id='line_1_122' title="bbox 1749 885 1985 924; baseline 0.025 -6"><span class='ocrx_word' id='word_1_1270' title='bbox 1749 885 1777 918; x_wconf 87' lang='lat' dir='ltr'>A</span> <span class='ocrx_word' id='word_1_1271' title='bbox 1859 888 1882 920; x_wconf 83' lang='lat' dir='ltr'>B</span> <span class='ocrx_word' id='word_1_1272' title='bbox 1971 890 1985 924; x_wconf 93' lang='grc' dir='ltr'>Ι</span> 
     </span>
    </p>
   </div>
   <div class='ocr_carea' id='block_1_7' title="bbox 1278 932 2446 3959">
    <p class='ocr_par' dir='ltr' id='par_1_53' title="bbox 1290 932 2419 1058">
     <span class='ocr_line' id='line_1_123' title="bbox 1290 932 2335 982; baseline 0.016 -20"><span class='ocrx_word' id='word_1_1273' title='bbox 1290 932 1415 975; x_wconf 56' lang='lat' dir='ltr'>Assriis,</span> <span class='ocrx_word' id='word_1_1274' title='bbox 1436 933 1496 962; x_wconf 69' lang='lat' dir='ltr'>etis.</span> <span class='ocrx_word' id='word_1_1275' title='bbox 1514 932 1539 975; x_wconf 37' lang='lat' dir='ltr'>s..</span> <span class='ocrx_word' id='word_1_1276' title='bbox 1560 932 1653 977; x_wconf 51' lang='grc' dir='ltr'>[ἒλοὶπζ</span> <span class='ocrx_word' id='word_1_1277' title='bbox 1662 934 1684 976; x_wconf 52' lang='grc' dir='ltr'>]ἱ</span> <span class='ocrx_word' id='word_1_1278' title='bbox 1701 945 1804 964; x_wconf 90' lang='lat' dir='ltr'>nomen</span> <span class='ocrx_word' id='word_1_1279' title='bbox 1821 937 1939 968; x_wconf 67' lang='lat' dir='ltr'>arboris:</span> <span class='ocrx_word' id='word_1_1280' title='bbox 1967 941 2000 970; x_wconf 87' lang='lat' dir='ltr'>de</span> <span class='ocrx_word' id='word_1_1281' title='bbox 2013 944 2108 978; x_wconf 76' lang='lat' dir='ltr'>qualic</span> <span class='ocrx_word' id='word_1_1282' title='bbox 2124 945 2188 975; x_wconf 79' lang='lat' dir='ltr'>Plin.</span> <span class='ocrx_word' id='word_1_1283' title='bbox 2202 947 2248 977; x_wconf 83' lang='lat' dir='ltr'>lib.</span> <span class='ocrx_word' id='word_1_1284' title='bbox 2265 954 2295 979; x_wconf 82' lang='lat'>16</span> <span class='ocrx_word' id='word_1_1285' title='bbox 2323 963 2335 982; x_wconf 73' lang='lat' dir='ltr'>t</span> 
     </span>
     <span class='ocr_line' id='line_1_124' title="bbox 1328 969 2338 1018; baseline 0.018 -21"><span class='ocrx_word' id='word_1_1286' title='bbox 1328 969 1408 1012; x_wconf 83' lang='lat' dir='ltr'>Abies</span> <span class='ocrx_word' id='word_1_1287' title='bbox 1424 980 1439 999; x_wconf 87' lang='lat' dir='ltr'>e</span> <span class='ocrx_word' id='word_1_1288' title='bbox 1449 972 1555 1013; x_wconf 71' lang='lat' dir='ltr'>cunetis</span> <span class='ocrx_word' id='word_1_1289' title='bbox 1570 971 1733 1009; x_wconf 79' lang='lat' dir='ltr'>aniplillima</span> <span class='ocrx_word' id='word_1_1290' title='bbox 1743 974 1779 1002; x_wconf 78' lang='lat' dir='ltr'>est</span> <span class='ocrx_word' id='word_1_1291' title='bbox 1789 995 1796 1007; x_wconf 84' lang='lat'>,</span> <span class='ocrx_word' id='word_1_1292' title='bbox 1817 976 1842 1003; x_wconf 62' lang='lat'>6.-</span> <span class='ocrx_word' id='word_1_1293' title='bbox 1855 976 1967 1005; x_wconf 61' lang='lat' dir='ltr'>iit—minzi</span> <span class='ocrx_word' id='word_1_1294' title='bbox 1978 980 2059 1007; x_wconf 76' lang='lat' dir='ltr'>etiam</span> <span class='ocrx_word' id='word_1_1295' title='bbox 2071 982 2201 1017; x_wconf 65' lang='lat' dir='ltr'>prolixior</span> <span class='ocrx_word' id='word_1_1296' title='bbox 2245 997 2271 1015; x_wconf 86' lang='lat' dir='ltr'>ni</span> <span class='ocrx_word' id='word_1_1297' title='bbox 2282 974 2338 1018; x_wconf 50' lang='lat' dir='ltr'>iri-ri</span> 
     </span>
     <span class='ocr_line' id='line_1_125' title="bbox 1327 1006 2419 1058; baseline 0.018 -23"><span class='ocrx_word' id='word_1_1298' title='bbox 1327 1006 1380 1036; x_wconf 87' lang='lat' dir='ltr'>lior</span> <span class='ocrx_word' id='word_1_1299' title='bbox 1390 1030 1396 1042; x_wconf 82' lang='lat'>,</span> <span class='ocrx_word' id='word_1_1300' title='bbox 1419 1008 1584 1051; x_wconf 69' lang='lat' dir='ltr'>utiliorque,</span> <span class='ocrx_word' id='word_1_1301' title='bbox 1607 1009 1701 1038; x_wconf 84' lang='lat' dir='ltr'>arbore</span> <span class='ocrx_word' id='word_1_1302' title='bbox 1714 1012 1858 1040; x_wconf 78' lang='lat' dir='ltr'>rotundior</span> <span class='ocrx_word' id='word_1_1303' title='bbox 1869 1034 1875 1046; x_wconf 80' lang='lat'><strong><em>‚</em></strong></span> <span class='ocrx_word' id='word_1_1304' title='bbox 1902 1014 1968 1042; x_wconf 86' lang='lat' dir='ltr'>solio</span> <span class='ocrx_word' id='word_1_1305' title='bbox 1982 1016 2095 1051; x_wconf 70' lang='lat' dir='ltr'>pinnato</span> <span class='ocrx_word' id='word_1_1306' title='bbox 2108 1020 2187 1049; x_wconf 77' lang='lat' dir='ltr'>densi</span> <span class='ocrx_word' id='word_1_1307' title='bbox 2210 1008 2217 1018; x_wconf 44' lang='lat'>³</span> <span class='ocrx_word' id='word_1_1308' title='bbox 2229 1033 2257 1052; x_wconf 88' lang='lat' dir='ltr'>ut</span> <span class='ocrx_word' id='word_1_1309' title='bbox 2269 1026 2367 1055; x_wconf 66' lang='lat' dir='ltr'>inibw·</span> <span class='ocrx_word' id='word_1_1310' title='bbox 2384 1040 2400 1058; x_wconf 78' lang='grc' dir='ltr'>η</span> <span class='ocrx_word' id='word_1_1311' title='bbox 2415 1044 2419 1054; x_wconf 77' lang='grc'><em>»</em></span> 
     </span>
    </p>

    <p class='ocr_par' dir='ltr' id='par_1_54' title="bbox 1328 1042 2439 1095">
     <span class='ocr_line' id='line_1_126' title="bbox 1328 1042 2439 1095; baseline 0.014 -22"><span class='ocrx_word' id='word_1_1312' title='bbox 1328 1052 1517 1089; x_wconf 33' lang='lat' dir='ltr'>transmittat..</span> <span class='ocrx_word' id='word_1_1313' title='bbox 1534 1046 1641 1090; x_wconf 79' lang='lat' dir='ltr'>Ibidem</span> <span class='ocrx_word' id='word_1_1314' title='bbox 1655 1056 1714 1084; x_wconf 73' lang='lat' dir='ltr'>cap.</span> <span class='ocrx_word' id='word_1_1315' title='bbox 1729 1057 1769 1083; x_wconf 86' lang='lat'>39.</span> <span class='ocrx_word' id='word_1_1316' title='bbox 1812 1049 1913 1079; x_wconf 80' lang='lat' dir='ltr'>Abietis</span> <span class='ocrx_word' id='word_1_1317' title='bbox 1926 1061 1985 1087; x_wconf 72' lang='lat' dir='ltr'>qua·</span> <span class='ocrx_word' id='word_1_1318' title='bbox 1997 1063 2055 1089; x_wconf 63' lang='lat' dir='ltr'>pars</span> <span class='ocrx_word' id='word_1_1319' title='bbox 2073 1065 2086 1083; x_wconf 76' lang='lat' dir='ltr'>zi</span> <span class='ocrx_word' id='word_1_1320' title='bbox 2103 1045 2229 1088; x_wconf 59' lang='lat' dir='ltr'>resumit</span> <span class='ocrx_word' id='word_1_1321' title='bbox 2274 1045 2367 1093; x_wconf 47' lang='lat' dir='ltr'>cuntis</span> <span class='ocrx_word' id='word_1_1322' title='bbox 2393 1042 2439 1095; x_wconf 45' lang='lat' dir='ltr'>-itli</span> 
     </span>
    </p>

    <p class='ocr_par' dir='ltr' id='par_1_55' title="bbox 1329 1078 2436 1134">
     <span class='ocr_line' id='line_1_127' title="bbox 1329 1078 2436 1134; baseline 0.008 -23"><span class='ocrx_word' id='word_1_1323' title='bbox 1329 1082 1388 1115; x_wconf 65' lang='lat' dir='ltr'>hirc</span> <span class='ocrx_word' id='word_1_1324' title='bbox 1398 1094 1450 1126; x_wconf 82' lang='lat' dir='ltr'>qua</span> <span class='ocrx_word' id='word_1_1325' title='bbox 1462 1084 1582 1112; x_wconf 74' lang='lat' dir='ltr'>diximus</span> <span class='ocrx_word' id='word_1_1326' title='bbox 1592 1092 1697 1114; x_wconf 75' lang='lat' dir='ltr'>ratione</span> <span class='ocrx_word' id='word_1_1327' title='bbox 1708 1086 1818 1116; x_wconf 72' lang='lat' dir='ltr'>fluviata</span> <span class='ocrx_word' id='word_1_1328' title='bbox 1827 1087 2026 1125; x_wconf 70' lang='lat' dir='ltr'>decorticatos,</span> <span class='ocrx_word' id='word_1_1329' title='bbox 2049 1100 2130 1128; x_wconf 68' lang='lat' dir='ltr'>:itque</span> <span class='ocrx_word' id='word_1_1330' title='bbox 2143 1096 2177 1123; x_wconf 60' lang='lat' dir='ltr'>ita</span> <span class='ocrx_word' id='word_1_1331' title='bbox 2190 1083 2295 1134; x_wconf 57' lang='lat' dir='ltr'>liipinus</span> <span class='ocrx_word' id='word_1_1332' title='bbox 2310 1078 2394 1133; x_wconf 40' lang='lat' dir='ltr'>viis?</span> <span class='ocrx_word' id='word_1_1333' title='bbox 2431 1092 2436 1120; x_wconf 78' lang='lat'><em>3</em></span> 
     </span>
    </p>

    <p class='ocr_par' dir='ltr' id='par_1_56' title="bbox 1328 1115 2439 1170">
     <span class='ocr_line' id='line_1_128' title="bbox 1328 1115 2439 1170; baseline 0.014 -20"><span class='ocrx_word' id='word_1_1334' title='bbox 1328 1120 1450 1158; x_wconf 86' lang='lat' dir='ltr'>superior</span> <span class='ocrx_word' id='word_1_1335' title='bbox 1467 1131 1527 1159; x_wconf 74' lang='lat' dir='ltr'>pars</span> <span class='ocrx_word' id='word_1_1336' title='bbox 1542 1122 1662 1156; x_wconf 71' lang='lat' dir='ltr'>nodofii,</span> <span class='ocrx_word' id='word_1_1337' title='bbox 1691 1123 1856 1161; x_wconf 86' lang='lat' dir='ltr'>duriorque,</span> <span class='ocrx_word' id='word_1_1338' title='bbox 1877 1125 2003 1156; x_wconf 77' lang='lat' dir='ltr'>fusterna.</span> <span class='ocrx_word' id='word_1_1339' title='bbox 2038 1128 2107 1166; x_wconf 64' lang='lat' dir='ltr'>virg.</span> <span class='ocrx_word' id='word_1_1340' title='bbox 2122 1131 2177 1161; x_wconf 73' lang='lat' dir='ltr'>hcl.</span> <span class='ocrx_word' id='word_1_1341' title='bbox 2191 1143 2215 1170; x_wconf 93' lang='lat'>7.</span> <span class='ocrx_word' id='word_1_1342' title='bbox 2236 1141 2270 1165; x_wconf 89' lang='lat'>66</span> <span class='ocrx_word' id='word_1_1343' title='bbox 2362 1116 2376 1133; x_wconf 42' lang='grc' dir='ltr'><strong><em>Α</em></strong></span> <span class='ocrx_word' id='word_1_1344' title='bbox 2391 1115 2439 1136; x_wconf 54' lang='grc' dir='ltr'>ω’</span> 
     </span>
    </p>

    <p class='ocr_par' dir='ltr' id='par_1_57' title="bbox 1404 1158 2280 1197">
     <span class='ocr_line' id='line_1_129' title="bbox 1404 1158 2280 1197; baseline 0.01 -10"><span class='ocrx_word' id='word_1_1345' title='bbox 1404 1158 1524 1197; x_wconf 88' lang='lat' dir='ltr'>Populus</span> <span class='ocrx_word' id='word_1_1346' title='bbox 1539 1160 1567 1187; x_wconf 93' lang='lat' dir='ltr'>in</span> <span class='ocrx_word' id='word_1_1347' title='bbox 1580 1160 1686 1196; x_wconf 80' lang='lat' dir='ltr'>fluviis,</span> <span class='ocrx_word' id='word_1_1348' title='bbox 1709 1161 1784 1190; x_wconf 78' lang='lat' dir='ltr'>abies</span> <span class='ocrx_word' id='word_1_1349' title='bbox 1797 1163 1824 1191; x_wconf 90' lang='lat' dir='ltr'>in</span> <span class='ocrx_word' id='word_1_1350' title='bbox 1841 1164 1983 1193; x_wconf 77' lang='lat' dir='ltr'>montibus</span> <span class='ocrx_word' id='word_1_1351' title='bbox 1996 1164 2064 1195; x_wconf 74' lang='lat' dir='ltr'>altis.</span> <span class='ocrx_word' id='word_1_1352' title='bbox 2274 1160 2280 1167; x_wconf 60' lang='lat'>⁸</span> 
     </span>
    </p>

    <p class='ocr_par' dir='ltr' id='par_1_58' title="bbox 1326 1195 2228 1238">
     <span class='ocr_line' id='line_1_130' title="bbox 1326 1195 2228 1238; baseline 0.011 -12"><span class='ocrx_word' id='word_1_1353' title='bbox 1326 1195 1414 1226; x_wconf 90' lang='lat' dir='ltr'>Idem.</span> <span class='ocrx_word' id='word_1_1354' title='bbox 1427 1207 1452 1226; x_wconf 85' lang='lat'>2.</span> <span class='ocrx_word' id='word_1_1355' title='bbox 1473 1197 1533 1226; x_wconf 77' lang='lat' dir='ltr'>JEn.</span> <span class='ocrx_word' id='word_1_1356' title='bbox 1551 1200 1591 1226; x_wconf 91' lang='lat'>16.</span> <span class='ocrx_word' id='word_1_1357' title='bbox 1707 1218 1741 1223; x_wconf 80' lang='lat'><strong>—</strong></span> <span class='ocrx_word' id='word_1_1358' title='bbox 1751 1199 1877 1237; x_wconf 63' lang='lat' dir='ltr'>lectique</span> <span class='ocrx_word' id='word_1_1359' title='bbox 1890 1201 2019 1231; x_wconf 73' lang='lat' dir='ltr'>intexunt</span> <span class='ocrx_word' id='word_1_1360' title='bbox 2034 1205 2123 1233; x_wconf 77' lang='lat' dir='ltr'>abiete</span> <span class='ocrx_word' id='word_1_1361' title='bbox 2135 1207 2228 1238; x_wconf 80' lang='lat' dir='ltr'>costas.</span> 
     </span>
    </p>

    <p class='ocr_par' dir='ltr' id='par_1_59' title="bbox 1327 1233 2441 1314">
     <span class='ocr_line' id='line_1_131' title="bbox 1327 1233 2441 1284; baseline 0.013 -22"><span class='ocrx_word' id='word_1_1362' title='bbox 1327 1233 1454 1264; x_wconf 87' lang='lat' dir='ltr'>Abietem</span> <span class='ocrx_word' id='word_1_1363' title='bbox 1465 1245 1514 1272; x_wconf 89' lang='lat' dir='ltr'>pro</span> <span class='ocrx_word' id='word_1_1364' title='bbox 1526 1234 1634 1264; x_wconf 80' lang='lat' dir='ltr'>tabellis</span> <span class='ocrx_word' id='word_1_1365' title='bbox 1645 1235 1782 1280; x_wconf 83' lang='lat' dir='ltr'>usurpavit</span> <span class='ocrx_word' id='word_1_1366' title='bbox 1794 1237 1878 1267; x_wconf 72' lang='lat' dir='ltr'>Plaut.</span> <span class='ocrx_word' id='word_1_1367' title='bbox 1890 1239 1918 1267; x_wconf 93' lang='lat' dir='ltr'>in</span> <span class='ocrx_word' id='word_1_1368' title='bbox 1930 1239 1998 1269; x_wconf 81' lang='lat' dir='ltr'>Pers.</span> <span class='ocrx_word' id='word_1_1369' title='bbox 2018 1250 2042 1269; x_wconf 90' lang='lat'>2.</span> <span class='ocrx_word' id='word_1_1370' title='bbox 2065 1251 2089 1271; x_wconf 89' lang='lat'>2.</span> <span class='ocrx_word' id='word_1_1371' title='bbox 2111 1246 2153 1272; x_wconf 88' lang='lat'>66.</span> <span class='ocrx_word' id='word_1_1372' title='bbox 2185 1248 2259 1282; x_wconf 82' lang='lat' dir='ltr'>quod</span> <span class='ocrx_word' id='word_1_1373' title='bbox 2274 1259 2330 1279; x_wconf 90' lang='lat' dir='ltr'>non</span> <span class='ocrx_word' id='word_1_1374' title='bbox 2344 1255 2441 1284; x_wconf 37' lang='grc' dir='ltr'>ται-ἰπὶ</span> 
     </span>
     <span class='ocr_line' id='line_1_132' title="bbox 1347 1266 2425 1314; baseline 0.009 -14"><span class='ocrx_word' id='word_1_1375' title='bbox 1347 1271 1432 1301; x_wconf 73' lang='lat' dir='ltr'>libera</span> <span class='ocrx_word' id='word_1_1376' title='bbox 1447 1273 1542 1301; x_wconf 72' lang='lat' dir='ltr'>Oratio</span> <span class='ocrx_word' id='word_1_1377' title='bbox 1553 1295 1560 1307; x_wconf 87' lang='lat'>,</span> <span class='ocrx_word' id='word_1_1378' title='bbox 1581 1274 1646 1302; x_wconf 78' lang='lat' dir='ltr'>telle</span> <span class='ocrx_word' id='word_1_1379' title='bbox 1659 1274 1777 1309; x_wconf 87' lang='lat' dir='ltr'>Quintil.</span> <span class='ocrx_word' id='word_1_1380' title='bbox 1791 1274 1836 1304; x_wconf 90' lang='lat' dir='ltr'>lib.</span> <span class='ocrx_word' id='word_1_1381' title='bbox 1851 1282 1876 1310; x_wconf 73' lang='lat'>8.</span> <span class='ocrx_word' id='word_1_1382' title='bbox 1895 1286 1955 1314; x_wconf 83' lang='lat' dir='ltr'>cap.</span> <span class='ocrx_word' id='word_1_1383' title='bbox 1968 1280 1993 1306; x_wconf 88' lang='lat'>6.</span> <span class='ocrx_word' id='word_1_1384' title='bbox 2400 1273 2406 1291; x_wconf 72' lang='lat'><strong>¹</strong></span> <span class='ocrx_word' id='word_1_1385' title='bbox 2421 1266 2425 1283; x_wconf 60' lang='lat'><strong>¹</strong></span> 
     </span>
    </p>

    <p class='ocr_par' dir='ltr' id='par_1_60' title="bbox 1326 1310 2442 1385">
     <span class='ocr_line' id='line_1_133' title="bbox 1326 1310 2442 1360; baseline 0.015 -22"><span class='ocrx_word' id='word_1_1386' title='bbox 1326 1310 1409 1353; x_wconf 77' lang='lat' dir='ltr'>Abies</span> <span class='ocrx_word' id='word_1_1387' title='bbox 1427 1310 1513 1352; x_wconf 72' lang='lat' dir='ltr'>visura</span> <span class='ocrx_word' id='word_1_1388' title='bbox 1524 1310 1598 1353; x_wconf 68' lang='lat' dir='ltr'>castis</span> <span class='ocrx_word' id='word_1_1389' title='bbox 1615 1312 1744 1342; x_wconf 67' lang='lat' dir='ltr'>marinos.</span> <span class='ocrx_word' id='word_1_1390' title='bbox 1776 1312 1846 1351; x_wconf 82' lang='lat' dir='ltr'>Virg.</span> <span class='ocrx_word' id='word_1_1391' title='bbox 1862 1315 1959 1353; x_wconf 79' lang='lat' dir='ltr'>Georg.</span> <span class='ocrx_word' id='word_1_1392' title='bbox 1974 1325 1998 1344; x_wconf 87' lang='lat'>2.</span> <span class='ocrx_word' id='word_1_1393' title='bbox 2014 1318 2058 1351; x_wconf 85' lang='lat'>68.</span> <span class='ocrx_word' id='word_1_1394' title='bbox 2088 1327 2136 1355; x_wconf 86' lang='lat' dir='ltr'>per</span> <span class='ocrx_word' id='word_1_1395' title='bbox 2148 1324 2343 1359; x_wconf 68' lang='lat' dir='ltr'>metonymiam</span> <span class='ocrx_word' id='word_1_1396' title='bbox 2358 1337 2442 1360; x_wconf 63' lang='lat' dir='ltr'>mite-</span> 
     </span>
     <span class='ocr_line' id='line_1_134' title="bbox 1345 1347 2392 1385; baseline 0.008 -9"><span class='ocrx_word' id='word_1_1397' title='bbox 1345 1358 1391 1376; x_wconf 76' lang='lat' dir='ltr'>riae</span> <span class='ocrx_word' id='word_1_1398' title='bbox 1403 1347 1487 1385; x_wconf 82' lang='lat' dir='ltr'>ipsam</span> <span class='ocrx_word' id='word_1_1399' title='bbox 1498 1349 1648 1385; x_wconf 70' lang='lat' dir='ltr'>iignihcans</span> <span class='ocrx_word' id='word_1_1400' title='bbox 1661 1359 1767 1379; x_wconf 82' lang='lat' dir='ltr'>navem.</span> <span class='ocrx_word' id='word_1_1401' title='bbox 2387 1350 2392 1356; x_wconf 51' lang='lat'><strong>⁸</strong></span> 
     </span>
    </p>

    <p class='ocr_par' dir='ltr' id='par_1_61' title="bbox 1325 1386 1820 1418">
     <span class='ocr_line' id='line_1_135' title="bbox 1325 1386 1820 1418; baseline 0.004 -3"><span class='ocrx_word' id='word_1_1402' title='bbox 1325 1386 1423 1415; x_wconf 74' lang='lat' dir='ltr'>Audax</span> <span class='ocrx_word' id='word_1_1403' title='bbox 1436 1386 1524 1415; x_wconf 80' lang='lat' dir='ltr'>Abies.</span> <span class='ocrx_word' id='word_1_1404' title='bbox 1545 1388 1611 1416; x_wconf 74' lang='lat' dir='ltr'>Stiit.</span> <span class='ocrx_word' id='word_1_1405' title='bbox 1626 1386 1672 1415; x_wconf 93' lang='lat' dir='ltr'>lib.</span> <span class='ocrx_word' id='word_1_1406' title='bbox 1685 1391 1711 1417; x_wconf 95' lang='lat'>6.</span> <span class='ocrx_word' id='word_1_1407' title='bbox 1730 1387 1820 1418; x_wconf 85' lang='lat' dir='ltr'>Theb.</span> 
     </span>
    </p>

    <p class='ocr_par' dir='ltr' id='par_1_62' title="bbox 1346 1423 2441 1498">
     <span class='ocr_line' id='line_1_136' title="bbox 1410 1423 2430 1470; baseline 0.015 -17"><span class='ocrx_word' id='word_1_1408' title='bbox 1410 1423 1483 1453; x_wconf 86' lang='lat' dir='ltr'>Hinc</span> <span class='ocrx_word' id='word_1_1409' title='bbox 1493 1425 1582 1453; x_wconf 78' lang='lat' dir='ltr'>audax</span> <span class='ocrx_word' id='word_1_1410' title='bbox 1594 1424 1668 1454; x_wconf 83' lang='lat' dir='ltr'>abies</span> <span class='ocrx_word' id='word_1_1411' title='bbox 1678 1447 1686 1459; x_wconf 88' lang='lat'>,</span> <span class='ocrx_word' id='word_1_1412' title='bbox 1707 1428 1732 1456; x_wconf 66' lang='lat' dir='ltr'>Sc</span> <span class='ocrx_word' id='word_1_1413' title='bbox 1742 1426 1830 1456; x_wconf 88' lang='lat' dir='ltr'>odoro</span> <span class='ocrx_word' id='word_1_1414' title='bbox 1839 1425 1952 1456; x_wconf 88' lang='lat' dir='ltr'>vulnere</span> <span class='ocrx_word' id='word_1_1415' title='bbox 1964 1428 2056 1465; x_wconf 85' lang='lat' dir='ltr'>pinus.</span> <span class='ocrx_word' id='word_1_1416' title='bbox 2086 1429 2172 1467; x_wconf 76' lang='lat' dir='ltr'>Quod</span> <span class='ocrx_word' id='word_1_1417' title='bbox 2182 1442 2216 1462; x_wconf 81' lang='lat' dir='ltr'>ex</span> <span class='ocrx_word' id='word_1_1418' title='bbox 2232 1444 2263 1463; x_wconf 78' lang='lat' dir='ltr'>ea</span> <span class='ocrx_word' id='word_1_1419' title='bbox 2274 1435 2339 1466; x_wconf 81' lang='lat' dir='ltr'>fiant</span> <span class='ocrx_word' id='word_1_1420' title='bbox 2351 1448 2430 1470; x_wconf 79' lang='lat' dir='ltr'>naves</span> 
     </span>
     <span class='ocr_line' id='line_1_137' title="bbox 1346 1461 2441 1498; baseline 0.004 -8"><span class='ocrx_word' id='word_1_1421' title='bbox 1346 1461 1446 1498; x_wconf 85' lang='lat' dir='ltr'>quibus</span> <span class='ocrx_word' id='word_1_1422' title='bbox 1461 1463 1529 1498; x_wconf 89' lang='lat' dir='ltr'>quid</span> <span class='ocrx_word' id='word_1_1423' title='bbox 1540 1463 1692 1492; x_wconf 68' lang='lat' dir='ltr'>audacius?</span> <span class='ocrx_word' id='word_1_1424' title='bbox 2431 1463 2441 1477; x_wconf 80' lang='lat'><em>⁰</em></span> 
     </span>
    </p>

    <p class='ocr_par' dir='ltr' id='par_1_63' title="bbox 1326 1498 2371 1543">
     <span class='ocr_line' id='line_1_138' title="bbox 1326 1498 2371 1543; baseline 0.012 -16"><span class='ocrx_word' id='word_1_1425' title='bbox 1326 1498 1419 1536; x_wconf 78' lang='lat' dir='ltr'>Crispa</span> <span class='ocrx_word' id='word_1_1426' title='bbox 1430 1500 1517 1529; x_wconf 84' lang='lat' dir='ltr'>Abies.</span> <span class='ocrx_word' id='word_1_1427' title='bbox 1542 1500 1599 1529; x_wconf 79' lang='lat' dir='ltr'>Cic.</span> <span class='ocrx_word' id='word_1_1428' title='bbox 1612 1500 1692 1529; x_wconf 83' lang='lat' dir='ltr'>Tusc.</span> <span class='ocrx_word' id='word_1_1429' title='bbox 1707 1511 1729 1536; x_wconf 82' lang='lat'>3.</span> <span class='ocrx_word' id='word_1_1430' title='bbox 1743 1512 1789 1537; x_wconf 84' lang='lat'>44.</span> <span class='ocrx_word' id='word_1_1431' title='bbox 1827 1501 1913 1539; x_wconf 91' lang='lat' dir='ltr'>quue</span> <span class='ocrx_word' id='word_1_1432' title='bbox 1925 1502 1961 1531; x_wconf 92' lang='lat' dir='ltr'>ob</span> <span class='ocrx_word' id='word_1_1433' title='bbox 1974 1503 2121 1542; x_wconf 82' lang='lat' dir='ltr'>crispantes</span> <span class='ocrx_word' id='word_1_1434' title='bbox 2133 1516 2264 1539; x_wconf 87' lang='lat' dir='ltr'>venarum</span> <span class='ocrx_word' id='word_1_1435' title='bbox 2274 1511 2371 1543; x_wconf 76' lang='lat' dir='ltr'>flexus.</span> 
     </span>
    </p>

    <p class='ocr_par' dir='ltr' id='par_1_64' title="bbox 1325 1536 1902 1575">
     <span class='ocr_line' id='line_1_139' title="bbox 1325 1536 1902 1575; baseline 0.007 -10"><span class='ocrx_word' id='word_1_1436' title='bbox 1325 1536 1430 1566; x_wconf 86' lang='lat' dir='ltr'>Enodis</span> <span class='ocrx_word' id='word_1_1437' title='bbox 1443 1538 1530 1567; x_wconf 82' lang='lat' dir='ltr'>Abies.</span> <span class='ocrx_word' id='word_1_1438' title='bbox 1560 1538 1642 1567; x_wconf 85' lang='lat' dir='ltr'>Ovid.</span> <span class='ocrx_word' id='word_1_1439' title='bbox 1656 1538 1704 1568; x_wconf 86' lang='lat' dir='ltr'>lib.</span> <span class='ocrx_word' id='word_1_1440' title='bbox 1719 1539 1788 1568; x_wconf 78' lang='lat' dir='ltr'>Met.</span> <span class='ocrx_word' id='word_1_1441' title='bbox 1804 1549 1844 1568; x_wconf 92' lang='lat'>10.</span> <span class='ocrx_word' id='word_1_1442' title='bbox 1859 1552 1902 1575; x_wconf 76' lang='lat'>94.</span> 
     </span>
    </p>

    <p class='ocr_par' dir='ltr' id='par_1_65' title="bbox 1325 1574 2442 1766">
     <span class='ocr_line' id='line_1_140' title="bbox 1403 1574 2092 1616; baseline 0.007 -11"><span class='ocrx_word' id='word_1_1443' title='bbox 1403 1574 1562 1613; x_wconf 87' lang='lat' dir='ltr'>Enodisque</span> <span class='ocrx_word' id='word_1_1444' title='bbox 1573 1576 1648 1605; x_wconf 79' lang='lat' dir='ltr'>abies</span> <span class='ocrx_word' id='word_1_1445' title='bbox 1658 1598 1665 1611; x_wconf 92' lang='lat'>,</span> <span class='ocrx_word' id='word_1_1446' title='bbox 1689 1584 1853 1614; x_wconf 86' lang='lat' dir='ltr'>curvataque</span> <span class='ocrx_word' id='word_1_1447' title='bbox 1866 1577 2012 1616; x_wconf 71' lang='lat' dir='ltr'>glandibus</span> <span class='ocrx_word' id='word_1_1448' title='bbox 2028 1580 2092 1611; x_wconf 67' lang='lat' dir='ltr'>ileX.</span> 
     </span>
     <span class='ocr_line' id='line_1_141' title="bbox 1326 1611 2314 1658; baseline 0.01 -17"><span class='ocrx_word' id='word_1_1449' title='bbox 1326 1611 1520 1650; x_wconf 78' lang='lat' dir='ltr'>LongaAbies.</span> <span class='ocrx_word' id='word_1_1450' title='bbox 1551 1613 1622 1650; x_wconf 76' lang='lat' dir='ltr'>Virg.</span> <span class='ocrx_word' id='word_1_1451' title='bbox 1639 1624 1680 1644; x_wconf 83' lang='grc' dir='ltr'>ιι.</span> <span class='ocrx_word' id='word_1_1452' title='bbox 1701 1615 1762 1644; x_wconf 75' lang='lat' dir='ltr'>[En-</span> <span class='ocrx_word' id='word_1_1453' title='bbox 1775 1618 1838 1652; x_wconf 84' lang='lat'>667.</span> <span class='ocrx_word' id='word_1_1454' title='bbox 2044 1620 2176 1655; x_wconf 73' lang='lat' dir='ltr'>-cujus</span> <span class='ocrx_word' id='word_1_1455' title='bbox 2190 1629 2314 1658; x_wconf 81' lang='lat' dir='ltr'>apertum</span> 
     </span>
     <span class='ocr_line' id='line_1_142' title="bbox 1405 1651 2434 1699; baseline 0.012 -20"><span class='ocrx_word' id='word_1_1456' title='bbox 1405 1651 1512 1680; x_wconf 70' lang='lat' dir='ltr'>Adverti</span> <span class='ocrx_word' id='word_1_1457' title='bbox 1523 1651 1605 1687; x_wconf 76' lang='lat' dir='ltr'>longa</span> <span class='ocrx_word' id='word_1_1458' title='bbox 1616 1652 1816 1682; x_wconf 83' lang='lat' dir='ltr'>transverberat</span> <span class='ocrx_word' id='word_1_1459' title='bbox 1826 1652 1915 1683; x_wconf 84' lang='lat' dir='ltr'>abiete</span> <span class='ocrx_word' id='word_1_1460' title='bbox 1945 1656 2030 1685; x_wconf 63' lang='lat' dir='ltr'>ectus.</span> <span class='ocrx_word' id='word_1_1461' title='bbox 2053 1656 2084 1685; x_wconf 91' lang='lat' dir='ltr'>ld</span> <span class='ocrx_word' id='word_1_1462' title='bbox 2095 1658 2141 1690; x_wconf 80' lang='lat' dir='ltr'>est.</span> <span class='ocrx_word' id='word_1_1463' title='bbox 2153 1658 2225 1688; x_wconf 82' lang='lat' dir='ltr'>hasta</span> <span class='ocrx_word' id='word_1_1464' title='bbox 2235 1660 2358 1699; x_wconf 75' lang='lat' dir='ltr'>abiegna.</span> <span class='ocrx_word' id='word_1_1465' title='bbox 2370 1663 2434 1694; x_wconf 77' lang='lat' dir='ltr'>Serv</span> 
     </span>
     <span class='ocr_line' id='line_1_143' title="bbox 1325 1665 2442 1731; baseline 0.005 -13"><span class='ocrx_word' id='word_1_1466' title='bbox 1325 1687 1412 1726; x_wconf 85' lang='lat' dir='ltr'>Nigra</span> <span class='ocrx_word' id='word_1_1467' title='bbox 1427 1689 1516 1720; x_wconf 88' lang='lat' dir='ltr'>Abies.</span> <span class='ocrx_word' id='word_1_1468' title='bbox 1549 1690 1579 1719; x_wconf 90' lang='lat' dir='ltr'>Id</span> <span class='ocrx_word' id='word_1_1469' title='bbox 1591 1690 1645 1724; x_wconf 87' lang='lat' dir='ltr'>est,</span> <span class='ocrx_word' id='word_1_1470' title='bbox 1663 1690 1802 1719; x_wconf 80' lang='lat' dir='ltr'>Umbrosa.</span> <span class='ocrx_word' id='word_1_1471' title='bbox 1832 1691 1906 1721; x_wconf 78' lang='lat' dir='ltr'>Serv.</span> <span class='ocrx_word' id='word_1_1472' title='bbox 1921 1665 1991 1730; x_wconf 45' lang='grc' dir='ltr'><strong>εἰπε.</strong></span> <span class='ocrx_word' id='word_1_1473' title='bbox 2004 1699 2029 1728; x_wconf 83' lang='lat'>8.</span> <span class='ocrx_word' id='word_1_1474' title='bbox 2049 1694 2110 1725; x_wconf 77' lang='lat' dir='ltr'>IEn.</span> <span class='ocrx_word' id='word_1_1475' title='bbox 2126 1705 2187 1731; x_wconf 85' lang='lat'>599.</span> <span class='ocrx_word' id='word_1_1476' title='bbox 2436 1689 2442 1696; x_wconf 83' lang='grc'><strong>’</strong></span> 
     </span>
     <span class='ocr_line' id='line_1_144' title="bbox 1435 1727 1949 1766; baseline 0.002 -9"><span class='ocrx_word' id='word_1_1477' title='bbox 1435 1744 1473 1748; x_wconf 88' lang='lat'>—</span> <span class='ocrx_word' id='word_1_1478' title='bbox 1482 1730 1507 1757; x_wconf 62' lang='grc' dir='ltr'>ἅ</span> <span class='ocrx_word' id='word_1_1479' title='bbox 1518 1727 1595 1764; x_wconf 75' lang='lat' dir='ltr'>nigra</span> <span class='ocrx_word' id='word_1_1480' title='bbox 1612 1737 1710 1757; x_wconf 85' lang='lat' dir='ltr'>nemus</span> <span class='ocrx_word' id='word_1_1481' title='bbox 1723 1728 1812 1757; x_wconf 87' lang='lat' dir='ltr'>abiete</span> <span class='ocrx_word' id='word_1_1482' title='bbox 1825 1729 1949 1766; x_wconf 80' lang='lat' dir='ltr'>cingunt.</span> 
     </span>
    </p>

    <p class='ocr_par' dir='ltr' id='par_1_66' title="bbox 1325 1763 2443 1840">
     <span class='ocr_line' id='line_1_145' title="bbox 1325 1763 2443 1808; baseline 0.013 -15"><span class='ocrx_word' id='word_1_1483' title='bbox 1325 1763 1425 1794; x_wconf 84' lang='lat' dir='ltr'>Tacita</span> <span class='ocrx_word' id='word_1_1484' title='bbox 1441 1764 1530 1795; x_wconf 87' lang='lat' dir='ltr'>Abies.</span> <span class='ocrx_word' id='word_1_1485' title='bbox 1570 1766 1632 1795; x_wconf 79' lang='lat' dir='ltr'>Hoc</span> <span class='ocrx_word' id='word_1_1486' title='bbox 1645 1766 1701 1801; x_wconf 86' lang='lat' dir='ltr'>est,</span> <span class='ocrx_word' id='word_1_1487' title='bbox 1732 1774 1880 1797; x_wconf 88' lang='lat' dir='ltr'>ventorum</span> <span class='ocrx_word' id='word_1_1488' title='bbox 1899 1768 2010 1799; x_wconf 86' lang='lat' dir='ltr'>flatibus</span> <span class='ocrx_word' id='word_1_1489' title='bbox 2026 1779 2085 1799; x_wconf 90' lang='lat' dir='ltr'>non</span> <span class='ocrx_word' id='word_1_1490' title='bbox 2096 1778 2252 1803; x_wconf 73' lang='lat' dir='ltr'>commota.</span> <span class='ocrx_word' id='word_1_1491' title='bbox 2294 1773 2353 1805; x_wconf 77' lang='lat' dir='ltr'>val.</span> <span class='ocrx_word' id='word_1_1492' title='bbox 2374 1775 2443 1808; x_wconf 65' lang='lat' dir='ltr'>Flac.</span> 
     </span>
     <span class='ocr_line' id='line_1_146' title="bbox 1343 1805 1614 1840; baseline 0.004 -9"><span class='ocrx_word' id='word_1_1493' title='bbox 1343 1805 1491 1840; x_wconf 81' lang='lat' dir='ltr'>Argonaut.</span> <span class='ocrx_word' id='word_1_1494' title='bbox 1505 1812 1529 1839; x_wconf 95' lang='lat'>7.</span> <span class='ocrx_word' id='word_1_1495' title='bbox 1550 1813 1614 1838; x_wconf 82' lang='lat'>405.</span> 
     </span>
    </p>

    <p class='ocr_par' dir='ltr' id='par_1_67' title="bbox 1407 1840 2140 1918">
     <span class='ocr_line' id='line_1_147' title="bbox 1407 1840 2028 1881; baseline 0.006 -11"><span class='ocrx_word' id='word_1_1496' title='bbox 1407 1840 1551 1870; x_wconf 86' lang='lat' dir='ltr'>Abietibus</span> <span class='ocrx_word' id='word_1_1497' title='bbox 1565 1841 1672 1875; x_wconf 87' lang='lat' dir='ltr'>tacitis,</span> <span class='ocrx_word' id='word_1_1498' title='bbox 1693 1847 1740 1870; x_wconf 89' lang='lat' dir='ltr'>aut</span> <span class='ocrx_word' id='word_1_1499' title='bbox 1753 1841 1874 1871; x_wconf 84' lang='lat' dir='ltr'>immotis</span> <span class='ocrx_word' id='word_1_1500' title='bbox 1889 1844 2028 1881; x_wconf 74' lang='lat' dir='ltr'>cypariffis</span> 
     </span>
     <span class='ocr_line' id='line_1_148' title="bbox 1407 1878 2140 1918; baseline 0.007 -10"><span class='ocrx_word' id='word_1_1501' title='bbox 1407 1878 1541 1908; x_wconf 82' lang='lat' dir='ltr'>Allimiles</span> <span class='ocrx_word' id='word_1_1502' title='bbox 1552 1900 1559 1914; x_wconf 79' lang='lat'><strong>‚</strong></span> <span class='ocrx_word' id='word_1_1503' title='bbox 1580 1878 1691 1915; x_wconf 83' lang='lat' dir='ltr'>rapidus</span> <span class='ocrx_word' id='word_1_1504' title='bbox 1701 1879 1828 1908; x_wconf 87' lang='lat' dir='ltr'>nondum</span> <span class='ocrx_word' id='word_1_1505' title='bbox 1841 1890 1907 1918; x_wconf 83' lang='lat' dir='ltr'>quas</span> <span class='ocrx_word' id='word_1_1506' title='bbox 1920 1882 2029 1911; x_wconf 83' lang='lat' dir='ltr'>miscuit</span> <span class='ocrx_word' id='word_1_1507' title='bbox 2039 1883 2140 1914; x_wconf 87' lang='lat' dir='ltr'>Auster.</span> 
     </span>
    </p>

    <p class='ocr_par' dir='ltr' id='par_1_68' title="bbox 1324 1915 2086 1955">
     <span class='ocr_line' id='line_1_149' title="bbox 1324 1915 2086 1955; baseline 0.005 -9"><span class='ocrx_word' id='word_1_1508' title='bbox 1324 1915 1461 1946; x_wconf 89' lang='lat' dir='ltr'>Umbrosa</span> <span class='ocrx_word' id='word_1_1509' title='bbox 1473 1916 1561 1945; x_wconf 82' lang='lat' dir='ltr'>Abies.</span> <span class='ocrx_word' id='word_1_1510' title='bbox 1590 1916 1687 1946; x_wconf 70' lang='lat' dir='ltr'>Claud.</span> <span class='ocrx_word' id='word_1_1511' title='bbox 1700 1916 1748 1947; x_wconf 90' lang='lat' dir='ltr'>lib.</span> <span class='ocrx_word' id='word_1_1512' title='bbox 1762 1926 1785 1951; x_wconf 84' lang='lat'>3.</span> <span class='ocrx_word' id='word_1_1513' title='bbox 1801 1922 1843 1952; x_wconf 87' lang='lat'>36.</span> <span class='ocrx_word' id='word_1_1514' title='bbox 1861 1928 1921 1954; x_wconf 81' lang='lat'>349.</span> <span class='ocrx_word' id='word_1_1515' title='bbox 1941 1919 1975 1949; x_wconf 89' lang='lat' dir='ltr'>de</span> <span class='ocrx_word' id='word_1_1516' title='bbox 1985 1919 2024 1950; x_wconf 84' lang='lat' dir='ltr'>Ra</span> <span class='ocrx_word' id='word_1_1517' title='bbox 2046 1928 2086 1955; x_wconf 82' lang='lat' dir='ltr'>tu,</span> 
     </span>
    </p>

    <p class='ocr_par' dir='ltr' id='par_1_69' title="bbox 1362 1954 2442 1999">
     <span class='ocr_line' id='line_1_150' title="bbox 1362 1954 2442 1999; baseline 0.01 -16"><span class='ocrx_word' id='word_1_1518' title='bbox 1362 1954 1448 1984; x_wconf 91' lang='lat' dir='ltr'>Altior</span> <span class='ocrx_word' id='word_1_1519' title='bbox 1458 1956 1483 1984; x_wconf 63' lang='grc' dir='ltr'>ἃ</span> <span class='ocrx_word' id='word_1_1520' title='bbox 1495 1954 1602 1984; x_wconf 73' lang='lat' dir='ltr'>cunctis</span> <span class='ocrx_word' id='word_1_1521' title='bbox 1611 1954 1686 1984; x_wconf 83' lang='lat' dir='ltr'>abies</span> <span class='ocrx_word' id='word_1_1522' title='bbox 1696 1976 1703 1988; x_wconf 80' lang='lat'>,</span> <span class='ocrx_word' id='word_1_1523' title='bbox 1721 1954 1902 1993; x_wconf 82' lang='lat' dir='ltr'>umbrosaque</span> <span class='ocrx_word' id='word_1_1524' title='bbox 1912 1956 1974 1986; x_wconf 85' lang='lat' dir='ltr'>late.</span> <span class='ocrx_word' id='word_1_1525' title='bbox 2005 1957 2029 1987; x_wconf 73' lang='lat' dir='ltr'>Ic</span> <span class='ocrx_word' id='word_1_1526' title='bbox 2047 1959 2099 1993; x_wconf 83' lang='lat' dir='ltr'>est,</span> <span class='ocrx_word' id='word_1_1527' title='bbox 2115 1968 2204 1990; x_wconf 88' lang='lat' dir='ltr'>ramos</span> <span class='ocrx_word' id='word_1_1528' title='bbox 2213 1960 2296 1999; x_wconf 83' lang='lat' dir='ltr'>longe</span> <span class='ocrx_word' id='word_1_1529' title='bbox 2307 1962 2324 1991; x_wconf 91' lang='lat' dir='ltr'>s</span> <span class='ocrx_word' id='word_1_1530' title='bbox 2338 1972 2442 1999; x_wconf 74' lang='lat' dir='ltr'>argens.</span> 
     </span>
    </p>

    <p class='ocr_par' dir='ltr' id='par_1_70' title="bbox 1323 1992 2446 2074">
     <span class='ocr_line' id='line_1_151' title="bbox 1323 1992 2446 2037; baseline 0.011 -16"><span class='ocrx_word' id='word_1_1531' title='bbox 1323 1992 1413 2022; x_wconf 72' lang='lat' dir='ltr'>Uncta</span> <span class='ocrx_word' id='word_1_1532' title='bbox 1424 1992 1513 2021; x_wconf 87' lang='lat' dir='ltr'>Abies.</span> <span class='ocrx_word' id='word_1_1533' title='bbox 1543 1992 1614 2030; x_wconf 80' lang='lat' dir='ltr'>Virg.</span> <span class='ocrx_word' id='word_1_1534' title='bbox 1627 1998 1651 2026; x_wconf 85' lang='lat'>8.</span> <span class='ocrx_word' id='word_1_1535' title='bbox 1671 1992 1732 2022; x_wconf 77' lang='lat' dir='ltr'>AEn.</span> <span class='ocrx_word' id='word_1_1536' title='bbox 1745 2003 1788 2028; x_wconf 82' lang='lat'>91.</span> <span class='ocrx_word' id='word_1_1537' title='bbox 1831 1993 1943 2024; x_wconf 73' lang='lat' dir='ltr'>Labitur</span> <span class='ocrx_word' id='word_1_1538' title='bbox 1954 1995 2037 2026; x_wconf 53' lang='lat' dir='ltr'>uncta</span> <span class='ocrx_word' id='word_1_1539' title='bbox 2046 1997 2122 2026; x_wconf 83' lang='lat' dir='ltr'>vadis</span> <span class='ocrx_word' id='word_1_1540' title='bbox 2133 1996 2218 2028; x_wconf 85' lang='lat' dir='ltr'>abies.</span> <span class='ocrx_word' id='word_1_1541' title='bbox 2249 1999 2284 2030; x_wconf 81' lang='lat' dir='ltr'>ld</span> <span class='ocrx_word' id='word_1_1542' title='bbox 2295 2003 2320 2031; x_wconf 83' lang='lat' dir='ltr'>el</span> <span class='ocrx_word' id='word_1_1543' title='bbox 2341 2023 2349 2037; x_wconf 92' lang='lat'>,</span> <span class='ocrx_word' id='word_1_1544' title='bbox 2370 2003 2446 2033; x_wconf 71' lang='lat' dir='ltr'>navis</span> 
     </span>
     <span class='ocr_line' id='line_1_152' title="bbox 1342 2030 2051 2074; baseline 0.004 -15"><span class='ocrx_word' id='word_1_1545' title='bbox 1342 2030 1466 2068; x_wconf 84' lang='lat' dir='ltr'>abiegna.</span> <span class='ocrx_word' id='word_1_1546' title='bbox 1504 2030 1652 2067; x_wconf 77' lang='lat' dir='ltr'>Ungunrur</span> <span class='ocrx_word' id='word_1_1547' title='bbox 1666 2036 1758 2060; x_wconf 84' lang='lat' dir='ltr'>autem</span> <span class='ocrx_word' id='word_1_1548' title='bbox 1774 2040 1857 2061; x_wconf 86' lang='lat' dir='ltr'>naves</span> <span class='ocrx_word' id='word_1_1549' title='bbox 1873 2032 1942 2070; x_wconf 87' lang='lat' dir='ltr'>pice.</span> <span class='ocrx_word' id='word_1_1550' title='bbox 2045 2062 2051 2074; x_wconf 49' lang='grc' dir='ltr'>ι</span> 
     </span>
    </p>

    <p class='ocr_par' dir='ltr' id='par_1_71' title="bbox 1322 2068 2178 2111">
     <span class='ocr_line' id='line_1_153' title="bbox 1322 2068 2178 2111; baseline 0.007 -13"><span class='ocrx_word' id='word_1_1551' title='bbox 1322 2068 1403 2099; x_wconf 89' lang='lat' dir='ltr'>Abies</span> <span class='ocrx_word' id='word_1_1552' title='bbox 1419 2075 1483 2106; x_wconf 81' lang='lat' dir='ltr'>apta</span> <span class='ocrx_word' id='word_1_1553' title='bbox 1494 2068 1578 2098; x_wconf 85' lang='lat' dir='ltr'>fretis.</span> <span class='ocrx_word' id='word_1_1554' title='bbox 1611 2068 1707 2102; x_wconf 79' lang='lat' dir='ltr'>ldest,</span> <span class='ocrx_word' id='word_1_1555' title='bbox 1730 2069 1806 2098; x_wconf 81' lang='lat' dir='ltr'>mari.</span> <span class='ocrx_word' id='word_1_1556' title='bbox 1838 2069 1936 2100; x_wconf 80' lang='lat' dir='ltr'>Claud.</span> <span class='ocrx_word' id='word_1_1557' title='bbox 1949 2070 2019 2101; x_wconf 75' lang='lat' dir='ltr'>Pros.</span> <span class='ocrx_word' id='word_1_1558' title='bbox 2033 2081 2058 2102; x_wconf 82' lang='lat'>2.</span> <span class='ocrx_word' id='word_1_1559' title='bbox 2077 2082 2103 2103; x_wconf 93' lang='lat' dir='ltr'>v.</span> <span class='ocrx_word' id='word_1_1560' title='bbox 2118 2082 2178 2111; x_wconf 88' lang='lat'>107.</span> 
     </span>
    </p>

    <p class='ocr_par' dir='ltr' id='par_1_72' title="bbox 1402 2105 2076 2144">
     <span class='ocr_line' id='line_1_154' title="bbox 1402 2105 2076 2144; baseline 0.007 -10"><span class='ocrx_word' id='word_1_1561' title='bbox 1402 2106 1473 2144; x_wconf 83' lang='lat' dir='ltr'>Apta</span> <span class='ocrx_word' id='word_1_1562' title='bbox 1484 2106 1558 2135; x_wconf 88' lang='lat' dir='ltr'>fretis</span> <span class='ocrx_word' id='word_1_1563' title='bbox 1570 2106 1644 2136; x_wconf 83' lang='lat' dir='ltr'>abies</span> <span class='ocrx_word' id='word_1_1564' title='bbox 1653 2128 1661 2141; x_wconf 95' lang='lat'>,</span> <span class='ocrx_word' id='word_1_1565' title='bbox 1683 2105 1762 2136; x_wconf 92' lang='lat' dir='ltr'>bellis</span> <span class='ocrx_word' id='word_1_1566' title='bbox 1773 2109 1955 2137; x_wconf 82' lang='lat' dir='ltr'>accommoda</span> <span class='ocrx_word' id='word_1_1567' title='bbox 1966 2119 2076 2141; x_wconf 85' lang='lat' dir='ltr'>cornus.</span> 
     </span>
    </p>

    <p class='ocr_par' dir='ltr' id='par_1_73' title="bbox 1284 2144 2445 2374">
     <span class='ocr_line' id='line_1_155' title="bbox 1284 2144 2445 2185; baseline 0.007 -12"><span class='ocrx_word' id='word_1_1568' title='bbox 1284 2146 1492 2179; x_wconf 63' lang='lat' dir='ltr'>Aurccixius,</span> <span class='ocrx_word' id='word_1_1569' title='bbox 1514 2144 1574 2180; x_wconf 87' lang='lat' dir='ltr'>Adj.</span> <span class='ocrx_word' id='word_1_1570' title='bbox 1605 2144 1777 2174; x_wconf 87' lang='lat' dir='ltr'>denominat.</span> <span class='ocrx_word' id='word_1_1571' title='bbox 1807 2154 1823 2173; x_wconf 89' lang='lat' dir='ltr'>a</span> <span class='ocrx_word' id='word_1_1572' title='bbox 1843 2147 1957 2175; x_wconf 88' lang='lat' dir='ltr'>nomine</span> <span class='ocrx_word' id='word_1_1573' title='bbox 1974 2146 2049 2177; x_wconf 85' lang='lat' dir='ltr'>abies</span> <span class='ocrx_word' id='word_1_1574' title='bbox 2079 2148 2236 2185; x_wconf 60' lang='grc' dir='ltr'>[ὲλοέπνΘ]</span> <span class='ocrx_word' id='word_1_1575' title='bbox 2265 2156 2313 2185; x_wconf 87' lang='lat' dir='ltr'>ut,</span> <span class='ocrx_word' id='word_1_1576' title='bbox 2341 2151 2445 2183; x_wconf 83' lang='lat' dir='ltr'>Trabes</span> 
     </span>
     <span class='ocr_line' id='line_1_156' title="bbox 1323 2181 2444 2223; baseline 0.005 -11"><span class='ocrx_word' id='word_1_1577' title='bbox 1323 2182 1464 2219; x_wconf 76' lang='lat' dir='ltr'>abiegnae,</span> <span class='ocrx_word' id='word_1_1578' title='bbox 1504 2192 1546 2211; x_wconf 65' lang='lat' dir='ltr'>ure</span> <span class='ocrx_word' id='word_1_1579' title='bbox 1563 2182 1627 2212; x_wconf 90' lang='lat' dir='ltr'>sunt</span> <span class='ocrx_word' id='word_1_1580' title='bbox 1637 2192 1671 2211; x_wconf 79' lang='lat' dir='ltr'>ex</span> <span class='ocrx_word' id='word_1_1581' title='bbox 1682 2181 1782 2212; x_wconf 90' lang='lat' dir='ltr'>abiete.</span> <span class='ocrx_word' id='word_1_1582' title='bbox 1812 2182 1921 2213; x_wconf 82' lang='lat' dir='ltr'>Coluri.</span> <span class='ocrx_word' id='word_1_1583' title='bbox 1934 2183 1981 2214; x_wconf 92' lang='lat' dir='ltr'>lib.</span> <span class='ocrx_word' id='word_1_1584' title='bbox 1998 2195 2038 2214; x_wconf 87' lang='lat'>12.</span> <span class='ocrx_word' id='word_1_1585' title='bbox 2053 2195 2113 2223; x_wconf 80' lang='lat' dir='ltr'>cap.</span> <span class='ocrx_word' id='word_1_1586' title='bbox 2126 2196 2169 2222; x_wconf 89' lang='lat'>43.</span> <span class='ocrx_word' id='word_1_1587' title='bbox 2212 2187 2334 2223; x_wconf 70' lang='lat' dir='ltr'>Quidam</span> <span class='ocrx_word' id='word_1_1588' title='bbox 2348 2193 2444 2219; x_wconf 81' lang='lat' dir='ltr'>eadem</span> 
     </span>
     <span class='ocr_line' id='line_1_157' title="bbox 1322 2219 2444 2258; baseline 0.007 -10"><span class='ocrx_word' id='word_1_1589' title='bbox 1322 2221 1430 2249; x_wconf 84' lang='lat' dir='ltr'>ratione</span> <span class='ocrx_word' id='word_1_1590' title='bbox 1440 2220 1477 2248; x_wconf 85' lang='lat' dir='ltr'>ari</span> <span class='ocrx_word' id='word_1_1591' title='bbox 1501 2230 1515 2249; x_wconf 82' lang='lat' dir='ltr'>a</span> <span class='ocrx_word' id='word_1_1592' title='bbox 1525 2220 1666 2258; x_wconf 87' lang='lat' dir='ltr'>populnea</span> <span class='ocrx_word' id='word_1_1593' title='bbox 1675 2242 1683 2255; x_wconf 95' lang='lat'>,</span> <span class='ocrx_word' id='word_1_1594' title='bbox 1701 2219 1745 2249; x_wconf 89' lang='lat' dir='ltr'>vel</span> <span class='ocrx_word' id='word_1_1595' title='bbox 1755 2220 1872 2258; x_wconf 82' lang='lat' dir='ltr'>abiegna</span> <span class='ocrx_word' id='word_1_1596' title='bbox 1882 2221 1963 2251; x_wconf 89' lang='lat' dir='ltr'>scobe</span> <span class='ocrx_word' id='word_1_1597' title='bbox 1972 2222 2073 2252; x_wconf 85' lang='lat' dir='ltr'>virides</span> <span class='ocrx_word' id='word_1_1598' title='bbox 2085 2234 2148 2252; x_wconf 60' lang='lat' dir='ltr'>uvas</span> <span class='ocrx_word' id='word_1_1599' title='bbox 2157 2224 2324 2255; x_wconf 74' lang='lat' dir='ltr'>custodiunt.</span> <span class='ocrx_word' id='word_1_1600' title='bbox 2354 2227 2444 2257; x_wconf 67' lang='lat' dir='ltr'>Didio</span> 
     </span>
     <span class='ocr_line' id='line_1_158' title="bbox 1323 2257 2439 2302; baseline 0.006 -15"><span class='ocrx_word' id='word_1_1601' title='bbox 1323 2258 1361 2287; x_wconf 91' lang='lat' dir='ltr'>est</span> <span class='ocrx_word' id='word_1_1602' title='bbox 1379 2257 1594 2295; x_wconf 77' lang='lat' dir='ltr'>quadrisyllaba,</span> <span class='ocrx_word' id='word_1_1603' title='bbox 1615 2258 1662 2288; x_wconf 90' lang='lat' dir='ltr'>sed</span> <span class='ocrx_word' id='word_1_1604' title='bbox 1674 2258 1814 2287; x_wconf 90' lang='lat' dir='ltr'>interdum</span> <span class='ocrx_word' id='word_1_1605' title='bbox 1830 2259 1905 2296; x_wconf 86' lang='lat' dir='ltr'>apud</span> <span class='ocrx_word' id='word_1_1606' title='bbox 1943 2266 2018 2289; x_wconf 89' lang='lat' dir='ltr'>oetas</span> <span class='ocrx_word' id='word_1_1607' title='bbox 2034 2261 2180 2299; x_wconf 73' lang='lat' dir='ltr'>trisyllaba.</span> <span class='ocrx_word' id='word_1_1608' title='bbox 2197 2262 2328 2302; x_wconf 63' lang='lat' dir='ltr'>&#39;Propere</span> <span class='ocrx_word' id='word_1_1609' title='bbox 2354 2264 2401 2293; x_wconf 92' lang='lat' dir='ltr'>lib.</span> <span class='ocrx_word' id='word_1_1610' title='bbox 2416 2274 2439 2299; x_wconf 85' lang='lat'>3.</span> 
     </span>
     <span class='ocr_line' id='line_1_159' title="bbox 1323 2269 2442 2338; baseline 0.006 -13"><span class='ocrx_word' id='word_1_1611' title='bbox 1323 2296 1392 2333; x_wconf 87' lang='lat' dir='ltr'>eleg.</span> <span class='ocrx_word' id='word_1_1612' title='bbox 1410 2305 1451 2333; x_wconf 87' lang='lat'>17.</span> <span class='ocrx_word' id='word_1_1613' title='bbox 1466 2306 1507 2326; x_wconf 89' lang='lat'>12.</span> <span class='ocrx_word' id='word_1_1614' title='bbox 1546 2296 1641 2326; x_wconf 88' lang='lat' dir='ltr'>Induit</span> <span class='ocrx_word' id='word_1_1615' title='bbox 1650 2295 1773 2332; x_wconf 61' lang='lat' dir='ltr'>abiegnae</span> <span class='ocrx_word' id='word_1_1616' title='bbox 1788 2306 1892 2326; x_wconf 86' lang='lat' dir='ltr'>cornua</span> <span class='ocrx_word' id='word_1_1617' title='bbox 1902 2269 1967 2327; x_wconf 53' lang='lat' dir='ltr'>faIIsa</span> <span class='ocrx_word' id='word_1_1618' title='bbox 1979 2297 2052 2327; x_wconf 83' lang='lat' dir='ltr'>bovi.</span> <span class='ocrx_word' id='word_1_1619' title='bbox 2107 2298 2184 2329; x_wconf 85' lang='lat' dir='ltr'>Idem</span> <span class='ocrx_word' id='word_1_1620' title='bbox 2198 2299 2275 2335; x_wconf 79' lang='lat' dir='ltr'>lib.4.</span> <span class='ocrx_word' id='word_1_1621' title='bbox 2288 2300 2385 2338; x_wconf 54' lang='lat' dir='ltr'>elega.</span> <span class='ocrx_word' id='word_1_1622' title='bbox 2397 2312 2442 2338; x_wconf 86' lang='lat'>42.</span> 
     </span>
     <span class='ocr_line' id='line_1_160' title="bbox 1321 2333 2317 2374; baseline 0.001 -9"><span class='ocrx_word' id='word_1_1623' title='bbox 1321 2333 1437 2365; x_wconf 64' lang='lat' dir='ltr'>Laeserat</span> <span class='ocrx_word' id='word_1_1624' title='bbox 1453 2333 1561 2370; x_wconf 74' lang='lat' dir='ltr'>abiegni</span> <span class='ocrx_word' id='word_1_1625' title='bbox 1573 2340 1669 2363; x_wconf 88' lang='lat' dir='ltr'>venter</span> <span class='ocrx_word' id='word_1_1626' title='bbox 1685 2341 1795 2370; x_wconf 83' lang='lat' dir='ltr'>apertus</span> <span class='ocrx_word' id='word_1_1627' title='bbox 1810 2335 1881 2371; x_wconf 87' lang='lat' dir='ltr'>equi.</span> <span class='ocrx_word' id='word_1_1628' title='bbox 1943 2335 2022 2365; x_wconf 87' lang='lat' dir='ltr'>Idem</span> <span class='ocrx_word' id='word_1_1629' title='bbox 2038 2335 2084 2364; x_wconf 91' lang='lat' dir='ltr'>lib.</span> <span class='ocrx_word' id='word_1_1630' title='bbox 2102 2346 2125 2372; x_wconf 87' lang='lat'>3.</span> <span class='ocrx_word' id='word_1_1631' title='bbox 2146 2337 2214 2374; x_wconf 78' lang='lat' dir='ltr'>eleg.</span> <span class='ocrx_word' id='word_1_1632' title='bbox 2235 2349 2256 2366; x_wconf 96' lang='lat' dir='ltr'>i.</span> <span class='ocrx_word' id='word_1_1633' title='bbox 2275 2348 2317 2373; x_wconf 85' lang='lat'>25.</span> 
     </span>
    </p>

    <p class='ocr_par' dir='ltr' id='par_1_74' title="bbox 1359 2371 2105 2489">
     <span class='ocr_line' id='line_1_161' title="bbox 1397 2371 2105 2409; baseline 0.004 -8"><span class='ocrx_word' id='word_1_1634' title='bbox 1397 2372 1471 2401; x_wconf 87' lang='lat' dir='ltr'>Nam</span> <span class='ocrx_word' id='word_1_1635' title='bbox 1482 2372 1543 2409; x_wconf 89' lang='lat' dir='ltr'>quis</span> <span class='ocrx_word' id='word_1_1636' title='bbox 1559 2382 1631 2409; x_wconf 89' lang='lat' dir='ltr'>equo</span> <span class='ocrx_word' id='word_1_1637' title='bbox 1642 2371 1732 2409; x_wconf 79' lang='lat' dir='ltr'>pulsas</span> <span class='ocrx_word' id='word_1_1638' title='bbox 1744 2371 1861 2409; x_wconf 87' lang='lat' dir='ltr'>abiegno</span> <span class='ocrx_word' id='word_1_1639' title='bbox 1874 2372 1998 2403; x_wconf 85' lang='lat' dir='ltr'>nosceret</span> <span class='ocrx_word' id='word_1_1640' title='bbox 2008 2375 2105 2404; x_wconf 76' lang='lat' dir='ltr'>arces?</span> 
     </span>
     <span class='ocr_line' id='line_1_162' title="bbox 1360 2409 1956 2440; baseline 0.002 -1"><span class='ocrx_word' id='word_1_1641' title='bbox 1360 2409 1474 2440; x_wconf 83' lang='lat' dir='ltr'>Utinam</span> <span class='ocrx_word' id='word_1_1642' title='bbox 1490 2419 1525 2439; x_wconf 90' lang='lat' dir='ltr'>ne</span> <span class='ocrx_word' id='word_1_1643' title='bbox 1543 2410 1572 2438; x_wconf 91' lang='lat' dir='ltr'>in</span> <span class='ocrx_word' id='word_1_1644' title='bbox 1594 2419 1707 2439; x_wconf 89' lang='lat' dir='ltr'>nemore</span> <span class='ocrx_word' id='word_1_1645' title='bbox 1725 2409 1800 2438; x_wconf 88' lang='lat' dir='ltr'>Pelio</span> <span class='ocrx_word' id='word_1_1646' title='bbox 1817 2409 1956 2440; x_wconf 84' lang='lat' dir='ltr'>securibus</span> 
     </span>
     <span class='ocr_line' id='line_1_163' title="bbox 1359 2447 2006 2489; baseline 0.002 -12"><span class='ocrx_word' id='word_1_1647' title='bbox 1359 2447 1434 2477; x_wconf 81' lang='lat' dir='ltr'>Caesa</span> <span class='ocrx_word' id='word_1_1648' title='bbox 1453 2447 1595 2477; x_wconf 83' lang='lat' dir='ltr'>accidisset</span> <span class='ocrx_word' id='word_1_1649' title='bbox 1611 2447 1728 2489; x_wconf 80' lang='lat' dir='ltr'>abiegna</span> <span class='ocrx_word' id='word_1_1650' title='bbox 1745 2447 1775 2476; x_wconf 89' lang='lat' dir='ltr'>in</span> <span class='ocrx_word' id='word_1_1651' title='bbox 1791 2455 1890 2477; x_wconf 80' lang='lat' dir='ltr'>terram</span> <span class='ocrx_word' id='word_1_1652' title='bbox 1908 2448 2006 2479; x_wconf 88' lang='lat' dir='ltr'>trabes.</span> 
     </span>
    </p>

    <p class='ocr_par' dir='ltr' id='par_1_75' title="bbox 1320 2484 2441 2561">
     <span class='ocr_line' id='line_1_164' title="bbox 1320 2484 2441 2528; baseline 0.005 -14"><span class='ocrx_word' id='word_1_1653' title='bbox 1320 2484 1463 2523; x_wconf 86' lang='lat' dir='ltr'>Leguntur</span> <span class='ocrx_word' id='word_1_1654' title='bbox 1480 2485 1509 2514; x_wconf 85' lang='lat' dir='ltr'>hi</span> <span class='ocrx_word' id='word_1_1655' title='bbox 1527 2485 1617 2515; x_wconf 88' lang='lat' dir='ltr'>versus</span> <span class='ocrx_word' id='word_1_1656' title='bbox 1634 2495 1677 2523; x_wconf 88' lang='lat' dir='ltr'>ap.</span> <span class='ocrx_word' id='word_1_1657' title='bbox 1698 2486 1774 2515; x_wconf 68' lang='lat' dir='ltr'>Aust.</span> <span class='ocrx_word' id='word_1_1658' title='bbox 1795 2486 1830 2515; x_wconf 88' lang='lat' dir='ltr'>ad</span> <span class='ocrx_word' id='word_1_1659' title='bbox 1847 2486 1970 2517; x_wconf 88' lang='lat' dir='ltr'>Herenn.</span> <span class='ocrx_word' id='word_1_1660' title='bbox 1991 2496 2016 2517; x_wconf 88' lang='lat'>2.</span> <span class='ocrx_word' id='word_1_1661' title='bbox 2037 2495 2080 2524; x_wconf 88' lang='lat'>34.</span> <span class='ocrx_word' id='word_1_1662' title='bbox 2114 2488 2140 2518; x_wconf 86' lang='lat'>&amp;</span> <span class='ocrx_word' id='word_1_1663' title='bbox 2153 2487 2210 2519; x_wconf 89' lang='lat' dir='ltr'>Cic.</span> <span class='ocrx_word' id='word_1_1664' title='bbox 2230 2488 2338 2520; x_wconf 88' lang='lat' dir='ltr'>Invent.</span> <span class='ocrx_word' id='word_1_1665' title='bbox 2358 2500 2379 2520; x_wconf 84' lang='lat' dir='ltr'>i.</span> <span class='ocrx_word' id='word_1_1666' title='bbox 2398 2501 2441 2528; x_wconf 86' lang='lat'>9¹·</span> 
     </span>
     <span class='ocr_line' id='line_1_165' title="bbox 1338 2523 1789 2561; baseline -0.002 -8"><span class='ocrx_word' id='word_1_1667' title='bbox 1338 2523 1462 2561; x_wconf 88' lang='lat' dir='ltr'>itemque</span> <span class='ocrx_word' id='word_1_1668' title='bbox 1480 2524 1515 2552; x_wconf 88' lang='lat' dir='ltr'>de</span> <span class='ocrx_word' id='word_1_1669' title='bbox 1533 2523 1595 2552; x_wconf 86' lang='lat' dir='ltr'>Nat.</span> <span class='ocrx_word' id='word_1_1670' title='bbox 1608 2523 1691 2553; x_wconf 92' lang='lat' dir='ltr'>Deor.</span> <span class='ocrx_word' id='word_1_1671' title='bbox 1705 2532 1728 2559; x_wconf 91' lang='lat'>3.</span> <span class='ocrx_word' id='word_1_1672' title='bbox 1745 2532 1789 2558; x_wconf 83' lang='lat'>75-</span> 
     </span>
    </p>

    <p class='ocr_par' dir='ltr' id='par_1_76' title="bbox 1282 2560 2444 2675">
     <span class='ocr_line' id='line_1_166' title="bbox 1282 2560 2442 2601; baseline 0.005 -12"><span class='ocrx_word' id='word_1_1673' title='bbox 1282 2561 1305 2591; x_wconf 87' lang='lat' dir='ltr'>A</span> <span class='ocrx_word' id='word_1_1674' title='bbox 1314 2571 1369 2590; x_wconf 73' lang='lat'>8113</span> <span class='ocrx_word' id='word_1_1675' title='bbox 1378 2571 1396 2591; x_wconf 81' lang='lat' dir='ltr'>c</span> <span class='ocrx_word' id='word_1_1676' title='bbox 1405 2573 1414 2590; x_wconf 92' lang='lat' dir='ltr'>i</span> <span class='ocrx_word' id='word_1_1677' title='bbox 1424 2571 1443 2590; x_wconf 84' lang='lat' dir='ltr'>N</span> <span class='ocrx_word' id='word_1_1678' title='bbox 1452 2571 1467 2590; x_wconf 78' lang='grc' dir='ltr'><strong>Ε</strong></span> <span class='ocrx_word' id='word_1_1679' title='bbox 1475 2571 1494 2590; x_wconf 87' lang='lat' dir='ltr'>u</span> <span class='ocrx_word' id='word_1_1680' title='bbox 1502 2571 1514 2590; x_wconf 91' lang='lat' dir='ltr'>s</span> <span class='ocrx_word' id='word_1_1681' title='bbox 1525 2583 1532 2596; x_wconf 86' lang='lat'>,</span> <span class='ocrx_word' id='word_1_1682' title='bbox 1553 2561 1629 2590; x_wconf 87' lang='lat' dir='ltr'>idem</span> <span class='ocrx_word' id='word_1_1683' title='bbox 1639 2561 1714 2598; x_wconf 87' lang='lat' dir='ltr'>quod</span> <span class='ocrx_word' id='word_1_1684' title='bbox 1725 2560 1865 2598; x_wconf 80' lang='lat' dir='ltr'>abiegnus.</span> <span class='ocrx_word' id='word_1_1685' title='bbox 1887 2571 1952 2592; x_wconf 88' lang='lat' dir='ltr'>nam</span> <span class='ocrx_word' id='word_1_1686' title='bbox 1963 2561 2080 2599; x_wconf 83' lang='lat' dir='ltr'>legimus</span> <span class='ocrx_word' id='word_1_1687' title='bbox 2091 2561 2248 2601; x_wconf 81' lang='lat' dir='ltr'>abiegineas</span> <span class='ocrx_word' id='word_1_1688' title='bbox 2259 2565 2404 2595; x_wconf 64' lang='lat' dir='ltr'>trabiculas</span> <span class='ocrx_word' id='word_1_1689' title='bbox 2416 2567 2442 2597; x_wconf 70' lang='lat' dir='ltr'>Sc</span> 
     </span>
     <span class='ocr_line' id='line_1_167' title="bbox 1321 2598 2444 2641; baseline 0.005 -13"><span class='ocrx_word' id='word_1_1690' title='bbox 1321 2598 1472 2637; x_wconf 87' lang='lat' dir='ltr'>abiegineis</span> <span class='ocrx_word' id='word_1_1691' title='bbox 1488 2598 1627 2628; x_wconf 59' lang='lat' dir='ltr'>sectilibus</span> <span class='ocrx_word' id='word_1_1692' title='bbox 1645 2600 1672 2628; x_wconf 92' lang='lat' dir='ltr'>in</span> <span class='ocrx_word' id='word_1_1693' title='bbox 1692 2598 1752 2635; x_wconf 71' lang='lat' dir='ltr'>lege</span> <span class='ocrx_word' id='word_1_1694' title='bbox 1768 2598 1982 2633; x_wconf 79' lang='lat' dir='ltr'>aedificantium,</span> <span class='ocrx_word' id='word_1_1695' title='bbox 2012 2609 2072 2637; x_wconf 82' lang='lat' dir='ltr'>quae</span> <span class='ocrx_word' id='word_1_1696' title='bbox 2088 2603 2217 2631; x_wconf 83' lang='lat' dir='ltr'>marmori</span> <span class='ocrx_word' id='word_1_1697' title='bbox 2226 2603 2361 2641; x_wconf 83' lang='lat' dir='ltr'>insculpta</span> <span class='ocrx_word' id='word_1_1698' title='bbox 2374 2604 2444 2634; x_wconf 79' lang='lat' dir='ltr'>Nea-</span> 
     </span>
     <span class='ocr_line' id='line_1_168' title="bbox 1320 2636 2168 2675; baseline 0.001 -9"><span class='ocrx_word' id='word_1_1699' title='bbox 1320 2636 1380 2675; x_wconf 87' lang='lat' dir='ltr'>poli</span> <span class='ocrx_word' id='word_1_1700' title='bbox 1391 2637 1502 2672; x_wconf 76' lang='lat' dir='ltr'>viiitur,</span> <span class='ocrx_word' id='word_1_1701' title='bbox 1522 2644 1555 2665; x_wconf 87' lang='lat' dir='ltr'>ut</span> <span class='ocrx_word' id='word_1_1702' title='bbox 1564 2637 1646 2666; x_wconf 82' lang='lat' dir='ltr'>refert</span> <span class='ocrx_word' id='word_1_1703' title='bbox 1657 2636 1791 2667; x_wconf 80' lang='lat' dir='ltr'>Hess&#39;elius</span> <span class='ocrx_word' id='word_1_1704' title='bbox 1802 2637 1830 2665; x_wconf 91' lang='lat' dir='ltr'>in</span> <span class='ocrx_word' id='word_1_1705' title='bbox 1843 2637 1907 2667; x_wconf 83' lang='lat' dir='ltr'>Not.</span> <span class='ocrx_word' id='word_1_1706' title='bbox 1924 2637 1959 2666; x_wconf 87' lang='lat' dir='ltr'>ad</span> <span class='ocrx_word' id='word_1_1707' title='bbox 1971 2637 2043 2667; x_wconf 83' lang='lat' dir='ltr'>Enn.</span> <span class='ocrx_word' id='word_1_1708' title='bbox 2085 2661 2090 2667; x_wconf 97' lang='lat'>.</span> <span class='ocrx_word' id='word_1_1709' title='bbox 2108 2649 2168 2675; x_wconf 91' lang='lat'>199.</span> 
     </span>
    </p>

    <p class='ocr_par' dir='ltr' id='par_1_77' title="bbox 1282 2647 2444 2751">
     <span class='ocr_line' id='line_1_169' title="bbox 1282 2647 2444 2713; baseline 0.003 -10"><span class='ocrx_word' id='word_1_1710' title='bbox 1282 2675 1510 2710; x_wconf 75' lang='grc' dir='ltr'><strong><em>ΑΒιΕΤῖΝυε,</em></strong></span> <span class='ocrx_word' id='word_1_1711' title='bbox 1532 2675 1572 2704; x_wconf 92' lang='lat' dir='ltr'>ld.</span> <span class='ocrx_word' id='word_1_1712' title='bbox 1592 2681 1640 2709; x_wconf 81' lang='lat' dir='ltr'>ut,</span> <span class='ocrx_word' id='word_1_1713' title='bbox 1668 2675 1719 2704; x_wconf 84' lang='lat' dir='ltr'>Vas</span> <span class='ocrx_word' id='word_1_1714' title='bbox 1728 2674 1888 2704; x_wconf 86' lang='lat' dir='ltr'>abietinum.</span> <span class='ocrx_word' id='word_1_1715' title='bbox 1921 2675 2001 2712; x_wconf 85' lang='lat' dir='ltr'>Apul.</span> <span class='ocrx_word' id='word_1_1716' title='bbox 2013 2675 2048 2704; x_wconf 87' lang='lat' dir='ltr'>de</span> <span class='ocrx_word' id='word_1_1717' title='bbox 2057 2647 2141 2706; x_wconf 62' lang='lat' dir='ltr'>slerb.</span> <span class='ocrx_word' id='word_1_1718' title='bbox 2157 2686 2180 2706; x_wconf 91' lang='lat' dir='ltr'>c.</span> <span class='ocrx_word' id='word_1_1719' title='bbox 2192 2687 2235 2713; x_wconf 90' lang='lat'>29.</span> <span class='ocrx_word' id='word_1_1720' title='bbox 2264 2678 2319 2708; x_wconf 86' lang='lat' dir='ltr'>Sed</span> <span class='ocrx_word' id='word_1_1721' title='bbox 2331 2678 2444 2709; x_wconf 88' lang='lat' dir='ltr'>Humel.</span> 
     </span>
     <span class='ocr_line' id='line_1_170' title="bbox 1321 2712 2287 2751; baseline 0.003 -9"><span class='ocrx_word' id='word_1_1722' title='bbox 1321 2712 1430 2751; x_wconf 83' lang='lat' dir='ltr'>bergius</span> <span class='ocrx_word' id='word_1_1723' title='bbox 1442 2712 1609 2742; x_wconf 79' lang='lat' dir='ltr'>authoritate</span> <span class='ocrx_word' id='word_1_1724' title='bbox 1621 2712 1698 2742; x_wconf 81' lang='lat' dir='ltr'>MSS.</span> <span class='ocrx_word' id='word_1_1725' title='bbox 1713 2714 1740 2742; x_wconf 66' lang='grc' dir='ltr'>δι</span> <span class='ocrx_word' id='word_1_1726' title='bbox 1749 2713 1855 2742; x_wconf 85' lang='lat' dir='ltr'>ratione</span> <span class='ocrx_word' id='word_1_1727' title='bbox 1868 2713 1967 2742; x_wconf 64' lang='lat' dir='ltr'>&lt;ruerus</span> <span class='ocrx_word' id='word_1_1728' title='bbox 1980 2712 2101 2751; x_wconf 87' lang='lat' dir='ltr'>reposuit</span> <span class='ocrx_word' id='word_1_1729' title='bbox 2112 2715 2287 2750; x_wconf 77' lang='lat' dir='ltr'>Argenteum.</span> 
     </span>
    </p>

    <p class='ocr_par' dir='ltr' id='par_1_78' title="bbox 1281 2747 2442 2976">
     <span class='ocr_line' id='line_1_171' title="bbox 1281 2747 2441 2790; baseline 0.003 -10"><span class='ocrx_word' id='word_1_1730' title='bbox 1281 2753 1344 2784; x_wconf 74' lang='lat' dir='ltr'>Ani</span> <span class='ocrx_word' id='word_1_1731' title='bbox 1353 2761 1368 2780; x_wconf 77' lang='lat' dir='ltr'>a</span> <span class='ocrx_word' id='word_1_1732' title='bbox 1380 2761 1395 2780; x_wconf 89' lang='lat' dir='ltr'>r</span> <span class='ocrx_word' id='word_1_1733' title='bbox 1405 2761 1493 2780; x_wconf 64' lang='grc' dir='ltr'>ΛΜΗ</span> <span class='ocrx_word' id='word_1_1734' title='bbox 1502 2761 1513 2780; x_wconf 90' lang='lat' dir='ltr'>s</span> <span class='ocrx_word' id='word_1_1735' title='bbox 1523 2773 1531 2786; x_wconf 85' lang='lat'>,</span> <span class='ocrx_word' id='word_1_1736' title='bbox 1552 2751 1570 2781; x_wconf 91' lang='lat' dir='ltr'>i.</span> <span class='ocrx_word' id='word_1_1737' title='bbox 1596 2747 1728 2786; x_wconf 67' lang='grc' dir='ltr'>[τέκτων]</span> <span class='ocrx_word' id='word_1_1738' title='bbox 1757 2750 1842 2780; x_wconf 85' lang='lat' dir='ltr'>Faber</span> <span class='ocrx_word' id='word_1_1739' title='bbox 1854 2749 1983 2788; x_wconf 87' lang='lat' dir='ltr'>lignarius</span> <span class='ocrx_word' id='word_1_1740' title='bbox 1994 2773 2001 2786; x_wconf 88' lang='lat'>,</span> <span class='ocrx_word' id='word_1_1741' title='bbox 2021 2750 2055 2780; x_wconf 88' lang='lat' dir='ltr'>ab</span> <span class='ocrx_word' id='word_1_1742' title='bbox 2072 2751 2208 2781; x_wconf 82' lang='lat' dir='ltr'>abietibus</span> <span class='ocrx_word' id='word_1_1743' title='bbox 2218 2775 2226 2787; x_wconf 81' lang='lat'>,</span> <span class='ocrx_word' id='word_1_1744' title='bbox 2249 2756 2274 2784; x_wconf 57' lang='grc' dir='ltr'>ἃ</span> <span class='ocrx_word' id='word_1_1745' title='bbox 2287 2753 2344 2783; x_wconf 85' lang='lat' dir='ltr'>aliis</span> <span class='ocrx_word' id='word_1_1746' title='bbox 2354 2753 2441 2790; x_wconf 84' lang='lat' dir='ltr'>ligno-</span> 
     </span>
     <span class='ocr_line' id='line_1_172' title="bbox 1318 2787 2442 2827; baseline -0.001 -9"><span class='ocrx_word' id='word_1_1747' title='bbox 1318 2799 1382 2818; x_wconf 86' lang='lat' dir='ltr'>rum</span> <span class='ocrx_word' id='word_1_1748' title='bbox 1391 2789 1546 2827; x_wconf 87' lang='lat' dir='ltr'>generibus.</span> <span class='ocrx_word' id='word_1_1749' title='bbox 1570 2787 1648 2825; x_wconf 87' lang='lat' dir='ltr'>Vulg.</span> <span class='ocrx_word' id='word_1_1750' title='bbox 1661 2788 1747 2818; x_wconf 80' lang='lat' dir='ltr'>Exod.</span> <span class='ocrx_word' id='word_1_1751' title='bbox 1764 2797 1806 2824; x_wconf 80' lang='lat'>35.</span> <span class='ocrx_word' id='word_1_1752' title='bbox 1820 2797 1862 2824; x_wconf 82' lang='lat'>35.</span> <span class='ocrx_word' id='word_1_1753' title='bbox 1895 2788 1932 2817; x_wconf 93' lang='lat' dir='ltr'>Hi</span> <span class='ocrx_word' id='word_1_1754' title='bbox 1941 2789 2023 2818; x_wconf 86' lang='lat' dir='ltr'>etiam</span> <span class='ocrx_word' id='word_1_1755' title='bbox 2034 2788 2183 2820; x_wconf 80' lang='lat' dir='ltr'>Materiarii</span> <span class='ocrx_word' id='word_1_1756' title='bbox 2193 2791 2338 2825; x_wconf 89' lang='lat' dir='ltr'>dicuntur,</span> <span class='ocrx_word' id='word_1_1757' title='bbox 2360 2802 2374 2819; x_wconf 77' lang='lat' dir='ltr'>zi</span> <span class='ocrx_word' id='word_1_1758' title='bbox 2386 2801 2442 2820; x_wconf 84' lang='lat' dir='ltr'>ma..</span> 
     </span>
     <span class='ocr_line' id='line_1_173' title="bbox 1319 2825 2440 2865; baseline 0.001 -9"><span class='ocrx_word' id='word_1_1759' title='bbox 1319 2827 1404 2862; x_wconf 71' lang='lat' dir='ltr'>teria,</span> <span class='ocrx_word' id='word_1_1760' title='bbox 1429 2828 1508 2863; x_wconf 88' lang='lat' dir='ltr'>cujus</span> <span class='ocrx_word' id='word_1_1761' title='bbox 1519 2827 1633 2856; x_wconf 88' lang='lat' dir='ltr'>nomine</span> <span class='ocrx_word' id='word_1_1762' title='bbox 1650 2826 1725 2863; x_wconf 87' lang='lat' dir='ltr'>ligna</span> <span class='ocrx_word' id='word_1_1763' title='bbox 1741 2836 1801 2864; x_wconf 84' lang='lat' dir='ltr'>quae</span> <span class='ocrx_word' id='word_1_1764' title='bbox 1817 2826 1853 2856; x_wconf 89' lang='lat' dir='ltr'>ad</span> <span class='ocrx_word' id='word_1_1765' title='bbox 1866 2825 2060 2856; x_wconf 62' lang='lat' dir='ltr'>redificandum</span> <span class='ocrx_word' id='word_1_1766' title='bbox 2078 2826 2305 2865; x_wconf 82' lang='lat' dir='ltr'>fulciendumque</span> <span class='ocrx_word' id='word_1_1767' title='bbox 2322 2828 2440 2858; x_wconf 70' lang='lat' dir='ltr'>neccss‘a-</span> 
     </span>
     <span class='ocr_line' id='line_1_174' title="bbox 1318 2863 2439 2904; baseline 0 -10"><span class='ocrx_word' id='word_1_1768' title='bbox 1318 2865 1359 2894; x_wconf 86' lang='lat' dir='ltr'>ria</span> <span class='ocrx_word' id='word_1_1769' title='bbox 1376 2865 1456 2900; x_wconf 84' lang='lat' dir='ltr'>sunt,</span> <span class='ocrx_word' id='word_1_1770' title='bbox 1488 2864 1670 2902; x_wconf 84' lang='lat' dir='ltr'>intelligenda</span> <span class='ocrx_word' id='word_1_1771' title='bbox 1681 2863 1734 2893; x_wconf 81' lang='lat' dir='ltr'>esse</span> <span class='ocrx_word' id='word_1_1772' title='bbox 1747 2863 1868 2893; x_wconf 84' lang='lat' dir='ltr'>declarat</span> <span class='ocrx_word' id='word_1_1773' title='bbox 1877 2863 2101 2900; x_wconf 88' lang='lat' dir='ltr'>Jurisconsultus.</span> <span class='ocrx_word' id='word_1_1774' title='bbox 2139 2865 2230 2895; x_wconf 84' lang='lat' dir='ltr'>Festus</span> <span class='ocrx_word' id='word_1_1775' title='bbox 2248 2876 2297 2904; x_wconf 88' lang='lat' dir='ltr'>pro</span> <span class='ocrx_word' id='word_1_1776' title='bbox 2315 2866 2439 2895; x_wconf 82' lang='lat' dir='ltr'>denomi-</span> 
     </span>
     <span class='ocr_line' id='line_1_175' title="bbox 1318 2902 2440 2940; baseline -0.002 -8"><span class='ocrx_word' id='word_1_1777' title='bbox 1318 2904 1413 2932; x_wconf 87' lang='lat' dir='ltr'>nativo</span> <span class='ocrx_word' id='word_1_1778' title='bbox 1423 2902 1550 2940; x_wconf 80' lang='lat' dir='ltr'>usurpat:</span> <span class='ocrx_word' id='word_1_1779' title='bbox 1580 2902 1717 2932; x_wconf 85' lang='lat' dir='ltr'>Abietaria</span> <span class='ocrx_word' id='word_1_1780' title='bbox 1726 2924 1734 2937; x_wconf 91' lang='lat'>,</span> <span class='ocrx_word' id='word_1_1781' title='bbox 1755 2902 1846 2939; x_wconf 82' lang='lat' dir='ltr'>inquit</span> <span class='ocrx_word' id='word_1_1782' title='bbox 1855 2923 1863 2937; x_wconf 89' lang='lat'>,</span> <span class='ocrx_word' id='word_1_1783' title='bbox 1886 2903 1997 2938; x_wconf 79' lang='lat' dir='ltr'>negotia</span> <span class='ocrx_word' id='word_1_1784' title='bbox 2007 2924 2014 2937; x_wconf 85' lang='lat'>,</span> <span class='ocrx_word' id='word_1_1785' title='bbox 2035 2912 2118 2939; x_wconf 87' lang='lat' dir='ltr'>quam</span> <span class='ocrx_word' id='word_1_1786' title='bbox 2131 2913 2205 2933; x_wconf 87' lang='lat' dir='ltr'>nunc</span> <span class='ocrx_word' id='word_1_1787' title='bbox 2219 2904 2361 2933; x_wconf 78' lang='lat' dir='ltr'>materiam</span> <span class='ocrx_word' id='word_1_1788' title='bbox 2371 2904 2440 2933; x_wconf 86' lang='lat' dir='ltr'>dici.</span> 
     </span>
     <span class='ocr_line' id='line_1_176' title="bbox 1318 2939 2327 2976; baseline 0 -6"><span class='ocrx_word' id='word_1_1789' title='bbox 1318 2950 1380 2970; x_wconf 87' lang='lat' dir='ltr'>mus</span> <span class='ocrx_word' id='word_1_1790' title='bbox 1390 2963 1398 2976; x_wconf 96' lang='lat'>,</span> <span class='ocrx_word' id='word_1_1791' title='bbox 1424 2941 1557 2970; x_wconf 88' lang='lat' dir='ltr'>videlicet</span> <span class='ocrx_word' id='word_1_1792' title='bbox 1566 2940 1600 2969; x_wconf 85' lang='lat' dir='ltr'>ab</span> <span class='ocrx_word' id='word_1_1793' title='bbox 1614 2939 1751 2970; x_wconf 87' lang='lat' dir='ltr'>abietibus</span> <span class='ocrx_word' id='word_1_1794' title='bbox 1762 2939 1939 2970; x_wconf 84' lang='lat' dir='ltr'>coemendis:</span> <span class='ocrx_word' id='word_1_1795' title='bbox 1968 2941 1994 2970; x_wconf 85' lang='lat'>&amp;</span> <span class='ocrx_word' id='word_1_1796' title='bbox 2007 2939 2157 2970; x_wconf 85' lang='lat' dir='ltr'>Abietarius</span> <span class='ocrx_word' id='word_1_1797' title='bbox 2169 2941 2327 2976; x_wconf 72' lang='lat' dir='ltr'>negotiator.</span> 
     </span>
    </p>

    <p class='ocr_par' dir='ltr' id='par_1_79' title="bbox 1280 2976 2439 3054">
     <span class='ocr_line' id='line_1_177' title="bbox 1280 2976 2439 3018; baseline 0.001 -11"><span class='ocrx_word' id='word_1_1798' title='bbox 1280 2978 1466 3013; x_wconf 63' lang='lat' dir='ltr'>Assrcfsixiii,</span> <span class='ocrx_word' id='word_1_1799' title='bbox 1489 2978 1556 3013; x_wconf 91' lang='lat' dir='ltr'>bos,</span> <span class='ocrx_word' id='word_1_1800' title='bbox 1589 2978 1662 3008; x_wconf 81' lang='lat' dir='ltr'>Varr.</span> <span class='ocrx_word' id='word_1_1801' title='bbox 1685 2977 1720 3006; x_wconf 91' lang='lat' dir='ltr'>de</span> <span class='ocrx_word' id='word_1_1802' title='bbox 1741 2977 1770 3008; x_wconf 93' lang='lat' dir='ltr'>L.</span> <span class='ocrx_word' id='word_1_1803' title='bbox 1793 2976 1850 3008; x_wconf 81' lang='lat' dir='ltr'>Lat.</span> <span class='ocrx_word' id='word_1_1804' title='bbox 1872 2976 1921 3008; x_wconf 89' lang='lat' dir='ltr'>lib.</span> <span class='ocrx_word' id='word_1_1805' title='bbox 1934 2980 1959 3009; x_wconf 89' lang='lat'>6.</span> <span class='ocrx_word' id='word_1_1806' title='bbox 2001 2977 2085 3007; x_wconf 84' lang='lat' dir='ltr'>Varro</span> <span class='ocrx_word' id='word_1_1807' title='bbox 2103 2988 2191 3018; x_wconf 85' lang='lat' dir='ltr'>nuper</span> <span class='ocrx_word' id='word_1_1808' title='bbox 2210 2979 2303 3008; x_wconf 73' lang='lat' dir='ltr'>Romae</span> <span class='ocrx_word' id='word_1_1809' title='bbox 2322 2978 2439 3011; x_wconf 79' lang='lat' dir='ltr'>excusus</span> 
     </span>
     <span class='ocr_line' id='line_1_178' title="bbox 1318 3016 1772 3054; baseline 0.002 -9"><span class='ocrx_word' id='word_1_1810' title='bbox 1318 3016 1402 3045; x_wconf 85' lang='lat' dir='ltr'>habet</span> <span class='ocrx_word' id='word_1_1811' title='bbox 1411 3016 1579 3054; x_wconf 84' lang='lat' dir='ltr'>Ambiegna,</span> <span class='ocrx_word' id='word_1_1812' title='bbox 1601 3023 1632 3045; x_wconf 88' lang='lat' dir='ltr'>ut</span> <span class='ocrx_word' id='word_1_1813' title='bbox 1642 3017 1668 3046; x_wconf 67' lang='grc' dir='ltr'>δε</span> <span class='ocrx_word' id='word_1_1814' title='bbox 1678 3016 1772 3054; x_wconf 78' lang='lat' dir='ltr'>steph.</span> 
     </span>
    </p>

    <p class='ocr_par' dir='ltr' id='par_1_80' title="bbox 1279 3052 2438 3205">
     <span class='ocr_line' id='line_1_179' title="bbox 1279 3052 2438 3092; baseline 0.002 -9"><span class='ocrx_word' id='word_1_1815' title='bbox 1279 3055 1414 3089; x_wconf 61' lang='lat' dir='ltr'>Antea,</span> <span class='ocrx_word' id='word_1_1816' title='bbox 1436 3064 1465 3084; x_wconf 80' lang='lat' dir='ltr'>ae.</span> <span class='ocrx_word' id='word_1_1817' title='bbox 1495 3054 1514 3084; x_wconf 85' lang='lat' dir='ltr'>f.</span> <span class='ocrx_word' id='word_1_1818' title='bbox 1543 3053 1577 3083; x_wconf 85' lang='lat' dir='ltr'>ab</span> <span class='ocrx_word' id='word_1_1819' title='bbox 1595 3053 1733 3091; x_wconf 86' lang='lat' dir='ltr'>abigendo</span> <span class='ocrx_word' id='word_1_1820' title='bbox 1754 3060 1834 3092; x_wconf 87' lang='lat' dir='ltr'>partu</span> <span class='ocrx_word' id='word_1_1821' title='bbox 1852 3053 1888 3082; x_wconf 86' lang='lat' dir='ltr'>sic</span> <span class='ocrx_word' id='word_1_1822' title='bbox 1904 3059 2018 3088; x_wconf 81' lang='lat' dir='ltr'>vocata,</span> <span class='ocrx_word' id='word_1_1823' title='bbox 2048 3052 2102 3082; x_wconf 85' lang='lat' dir='ltr'>alio</span> <span class='ocrx_word' id='word_1_1824' title='bbox 2123 3053 2234 3082; x_wconf 86' lang='lat' dir='ltr'>nomine</span> <span class='ocrx_word' id='word_1_1825' title='bbox 2253 3053 2438 3092; x_wconf 75' lang='lat' dir='ltr'>Chaniaepitys</span> 
     </span>
     <span class='ocr_line' id='line_1_180' title="bbox 1319 3090 2437 3130; baseline 0.004 -13"><span class='ocrx_word' id='word_1_1826' title='bbox 1319 3092 1514 3128; x_wconf 51' lang='lat' dir='ltr'>[gastoni‘mm]</span> <span class='ocrx_word' id='word_1_1827' title='bbox 1551 3091 1590 3121; x_wconf 81' lang='lat' dir='ltr'>Ea</span> <span class='ocrx_word' id='word_1_1828' title='bbox 1607 3092 1645 3121; x_wconf 88' lang='lat' dir='ltr'>est</span> <span class='ocrx_word' id='word_1_1829' title='bbox 1666 3091 1750 3121; x_wconf 89' lang='lat' dir='ltr'>herba</span> <span class='ocrx_word' id='word_1_1830' title='bbox 1775 3101 1857 3129; x_wconf 84' lang='lat' dir='ltr'>quam</span> <span class='ocrx_word' id='word_1_1831' title='bbox 1877 3090 1922 3120; x_wconf 89' lang='lat' dir='ltr'>vul</span> <span class='ocrx_word' id='word_1_1832' title='bbox 1945 3100 1974 3119; x_wconf 92' lang='lat' dir='ltr'>us</span> <span class='ocrx_word' id='word_1_1833' title='bbox 1996 3090 2180 3120; x_wconf 83' lang='lat' dir='ltr'>herbariorum</span> <span class='ocrx_word' id='word_1_1834' title='bbox 2203 3090 2276 3120; x_wconf 78' lang='lat' dir='ltr'>ivam</span> <span class='ocrx_word' id='word_1_1835' title='bbox 2299 3092 2437 3130; x_wconf 65' lang='lat' dir='ltr'>appellat,</span> 
     </span>
     <span class='ocr_line' id='line_1_181' title="bbox 1317 3127 2434 3169; baseline 0.002 -11"><span class='ocrx_word' id='word_1_1836' title='bbox 1317 3137 1506 3167; x_wconf 86' lang='lat' dir='ltr'>cognomento</span> <span class='ocrx_word' id='word_1_1837' title='bbox 1519 3129 1677 3159; x_wconf 86' lang='lat' dir='ltr'>muscatam.</span> <span class='ocrx_word' id='word_1_1838' title='bbox 1708 3130 1775 3159; x_wconf 87' lang='lat' dir='ltr'>teste</span> <span class='ocrx_word' id='word_1_1839' title='bbox 1785 3128 1911 3164; x_wconf 84' lang='lat' dir='ltr'>Ruellio,</span> <span class='ocrx_word' id='word_1_1840' title='bbox 1945 3127 1981 3158; x_wconf 91' lang='lat' dir='ltr'>ib.</span> <span class='ocrx_word' id='word_1_1841' title='bbox 1995 3137 2018 3165; x_wconf 91' lang='lat'>3.</span> <span class='ocrx_word' id='word_1_1842' title='bbox 2033 3138 2090 3165; x_wconf 76' lang='lat' dir='ltr'>cap.</span> <span class='ocrx_word' id='word_1_1843' title='bbox 2105 3137 2148 3164; x_wconf 69' lang='grc' dir='ltr'>ῖς.</span> <span class='ocrx_word' id='word_1_1844' title='bbox 2167 3127 2233 3157; x_wconf 88' lang='lat' dir='ltr'>Plin.</span> <span class='ocrx_word' id='word_1_1845' title='bbox 2248 3128 2295 3158; x_wconf 93' lang='lat' dir='ltr'>lib.</span> <span class='ocrx_word' id='word_1_1846' title='bbox 2309 3139 2353 3166; x_wconf 82' lang='lat'>24.</span> <span class='ocrx_word' id='word_1_1847' title='bbox 2374 3140 2434 3169; x_wconf 86' lang='lat' dir='ltr'>cap.</span> 
     </span>
     <span class='ocr_line' id='line_1_182' title="bbox 1318 3165 2253 3205; baseline -0.002 -8"><span class='ocrx_word' id='word_1_1848' title='bbox 1318 3171 1345 3197; x_wconf 94' lang='lat'>6.</span> <span class='ocrx_word' id='word_1_1849' title='bbox 1358 3177 1401 3197; x_wconf 91' lang='lat'>20.</span> <span class='ocrx_word' id='word_1_1850' title='bbox 1436 3167 1622 3205; x_wconf 75' lang='lat' dir='ltr'>Chamaepitvs</span> <span class='ocrx_word' id='word_1_1851' title='bbox 1632 3189 1640 3203; x_wconf 92' lang='lat'>‚</span> <span class='ocrx_word' id='word_1_1852' title='bbox 1662 3166 1757 3197; x_wconf 88' lang='lat' dir='ltr'>Latine</span> <span class='ocrx_word' id='word_1_1853' title='bbox 1769 3166 1849 3204; x_wconf 79' lang='lat' dir='ltr'>abiga</span> <span class='ocrx_word' id='word_1_1854' title='bbox 1860 3173 1973 3196; x_wconf 84' lang='lat' dir='ltr'>vocatur</span> <span class='ocrx_word' id='word_1_1855' title='bbox 1982 3187 1990 3201; x_wconf 94' lang='lat'>,</span> <span class='ocrx_word' id='word_1_1856' title='bbox 2012 3173 2122 3203; x_wconf 83' lang='lat' dir='ltr'>propter</span> <span class='ocrx_word' id='word_1_1857' title='bbox 2133 3165 2253 3195; x_wconf 78' lang='lat' dir='ltr'>abortus.</span> 
     </span>
    </p>

    <p class='ocr_par' dir='ltr' id='par_1_81' title="bbox 1278 3201 2437 3433">
     <span class='ocr_line' id='line_1_183' title="bbox 1278 3201 2437 3241; baseline -0.003 -6"><span class='ocrx_word' id='word_1_1858' title='bbox 1278 3205 1413 3240; x_wconf 59' lang='lat' dir='ltr'>Aureo,</span> <span class='ocrx_word' id='word_1_1859' title='bbox 1444 3201 1606 3241; x_wconf 60' lang='grc' dir='ltr'>[διπλαυνωζ</span> <span class='ocrx_word' id='word_1_1860' title='bbox 1629 3205 1750 3240; x_wconf 68' lang='grc' dir='ltr'>ἀπελοὲω]</span> <span class='ocrx_word' id='word_1_1861' title='bbox 1771 3206 1862 3234; x_wconf 68' lang='lat' dir='ltr'>actum</span> <span class='ocrx_word' id='word_1_1862' title='bbox 1873 3226 1881 3240; x_wconf 91' lang='lat'>,</span> <span class='ocrx_word' id='word_1_1863' title='bbox 1911 3207 1964 3234; x_wconf 69' lang='lat' dir='ltr'>ere.</span> <span class='ocrx_word' id='word_1_1864' title='bbox 2002 3203 2021 3232; x_wconf 88' lang='lat' dir='ltr'>A</span> <span class='ocrx_word' id='word_1_1865' title='bbox 2040 3202 2101 3232; x_wconf 87' lang='lat' dir='ltr'>loco</span> <span class='ocrx_word' id='word_1_1866' title='bbox 2117 3212 2275 3238; x_wconf 82' lang='lat' dir='ltr'>removere,</span> <span class='ocrx_word' id='word_1_1867' title='bbox 2296 3212 2379 3241; x_wconf 86' lang='lat' dir='ltr'>atque</span> <span class='ocrx_word' id='word_1_1868' title='bbox 2392 3215 2437 3234; x_wconf 77' lang='lat' dir='ltr'>ex.</span> 
     </span>
     <span class='ocr_line' id='line_1_184' title="bbox 1315 3239 2433 3283; baseline 0.001 -11"><span class='ocrx_word' id='word_1_1869' title='bbox 1315 3243 1430 3282; x_wconf 87' lang='lat' dir='ltr'>pellere.</span> <span class='ocrx_word' id='word_1_1870' title='bbox 1471 3242 1529 3273; x_wconf 91' lang='lat' dir='ltr'>Cic.</span> <span class='ocrx_word' id='word_1_1871' title='bbox 1552 3243 1587 3272; x_wconf 90' lang='lat' dir='ltr'>de</span> <span class='ocrx_word' id='word_1_1872' title='bbox 1602 3242 1678 3273; x_wconf 81' lang='lat' dir='ltr'>Orat.</span> <span class='ocrx_word' id='word_1_1873' title='bbox 1699 3242 1748 3272; x_wconf 93' lang='lat' dir='ltr'>lib.</span> <span class='ocrx_word' id='word_1_1874' title='bbox 1766 3252 1791 3272; x_wconf 88' lang='lat'>2.</span> <span class='ocrx_word' id='word_1_1875' title='bbox 1813 3252 1875 3281; x_wconf 85' lang='lat'>247.</span> <span class='ocrx_word' id='word_1_1876' title='bbox 1917 3241 1985 3271; x_wconf 91' lang='lat' dir='ltr'>Puer</span> <span class='ocrx_word' id='word_1_1877' title='bbox 2003 3239 2081 3276; x_wconf 70' lang='lat' dir='ltr'>abige</span> <span class='ocrx_word' id='word_1_1878' title='bbox 2098 3240 2212 3283; x_wconf 79' lang='lat' dir='ltr'>muscas.</span> <span class='ocrx_word' id='word_1_1879' title='bbox 2245 3241 2321 3271; x_wconf 86' lang='lat' dir='ltr'>Idem</span> <span class='ocrx_word' id='word_1_1880' title='bbox 2340 3242 2388 3273; x_wconf 88' lang='lat' dir='ltr'>lib.</span> <span class='ocrx_word' id='word_1_1881' title='bbox 2407 3255 2433 3278; x_wconf 85' lang='lat'>4.</span> 
     </span>
     <span class='ocr_line' id='line_1_185' title="bbox 1315 3278 2437 3320; baseline -0.001 -10"><span class='ocrx_word' id='word_1_1882' title='bbox 1315 3281 1400 3312; x_wconf 82' lang='lat' dir='ltr'>Acad.</span> <span class='ocrx_word' id='word_1_1883' title='bbox 1414 3286 1458 3317; x_wconf 86' lang='lat'>89.</span> <span class='ocrx_word' id='word_1_1884' title='bbox 1496 3280 1600 3310; x_wconf 82' lang='lat' dir='ltr'>Pesteiii</span> <span class='ocrx_word' id='word_1_1885' title='bbox 1612 3281 1691 3318; x_wconf 81' lang='lat' dir='ltr'>abige</span> <span class='ocrx_word' id='word_1_1886' title='bbox 1707 3290 1786 3310; x_wconf 86' lang='lat' dir='ltr'>ame.</span> <span class='ocrx_word' id='word_1_1887' title='bbox 1808 3278 1927 3310; x_wconf 71' lang='lat' dir='ltr'>martial.</span> <span class='ocrx_word' id='word_1_1888' title='bbox 1940 3278 1988 3308; x_wconf 88' lang='lat' dir='ltr'>lib.</span> <span class='ocrx_word' id='word_1_1889' title='bbox 2002 3287 2092 3320; x_wconf 74' lang='lat'>¹⁰¹..5·.</span> <span class='ocrx_word' id='word_1_1890' title='bbox 2124 3278 2275 3320; x_wconf 60' lang='lat' dir='ltr'>Abigatque</span> <span class='ocrx_word' id='word_1_1891' title='bbox 2293 3288 2370 3309; x_wconf 75' lang='lat' dir='ltr'>niori»</span> <span class='ocrx_word' id='word_1_1892' title='bbox 2388 3290 2437 3309; x_wconf 77' lang='lat' dir='ltr'>no-</span> 
     </span>
     <span class='ocr_line' id='line_1_186' title="bbox 1314 3314 2433 3356; baseline 0 -8"><span class='ocrx_word' id='word_1_1893' title='bbox 1314 3319 1374 3348; x_wconf 79' lang='lat' dir='ltr'>xias</span> <span class='ocrx_word' id='word_1_1894' title='bbox 1392 3329 1454 3349; x_wconf 87' lang='lat' dir='ltr'>aves</span> <span class='ocrx_word' id='word_1_1895' title='bbox 1471 3329 1574 3356; x_wconf 82' lang='lat' dir='ltr'>panno.</span> <span class='ocrx_word' id='word_1_1896' title='bbox 1615 3318 1673 3348; x_wconf 92' lang='lat' dir='ltr'>Cic.</span> <span class='ocrx_word' id='word_1_1897' title='bbox 1692 3318 1740 3347; x_wconf 93' lang='lat' dir='ltr'>lib.</span> <span class='ocrx_word' id='word_1_1898' title='bbox 1756 3329 1777 3347; x_wconf 90' lang='lat'>1.</span> <span class='ocrx_word' id='word_1_1899' title='bbox 1797 3317 1878 3347; x_wconf 90' lang='lat' dir='ltr'>Tusc.</span> <span class='ocrx_word' id='word_1_1900' title='bbox 1898 3322 1956 3351; x_wconf 81' lang='lat'>184.</span> <span class='ocrx_word' id='word_1_1901' title='bbox 1995 3315 2093 3349; x_wconf 76' lang='lat' dir='ltr'>Proiici</span> <span class='ocrx_word' id='word_1_1902' title='bbox 2113 3314 2138 3345; x_wconf 89' lang='lat' dir='ltr'>se</span> <span class='ocrx_word' id='word_1_1903' title='bbox 2158 3316 2233 3351; x_wconf 72' lang='lat' dir='ltr'>Juss&#39;it</span> <span class='ocrx_word' id='word_1_1904' title='bbox 2249 3317 2433 3348; x_wconf 79' lang='lat' dir='ltr'>inhumatum.</span> 
     </span>
     <span class='ocr_line' id='line_1_187' title="bbox 1315 3353 2436 3395; baseline -0.003 -8"><span class='ocrx_word' id='word_1_1905' title='bbox 1315 3357 1391 3387; x_wconf 91' lang='lat' dir='ltr'>Tum</span> <span class='ocrx_word' id='word_1_1906' title='bbox 1407 3357 1506 3392; x_wconf 81' lang='lat' dir='ltr'>amici,</span> <span class='ocrx_word' id='word_1_1907' title='bbox 1537 3355 1739 3386; x_wconf 85' lang='lat' dir='ltr'>Volucribusne</span> <span class='ocrx_word' id='word_1_1908' title='bbox 1756 3357 1782 3385; x_wconf 67' lang='lat'>6.-</span> <span class='ocrx_word' id='word_1_1909' title='bbox 1796 3355 1883 3385; x_wconf 84' lang='lat' dir='ltr'>feris?</span> <span class='ocrx_word' id='word_1_1910' title='bbox 1909 3353 2026 3383; x_wconf 82' lang='lat' dir='ltr'>Minime</span> <span class='ocrx_word' id='word_1_1911' title='bbox 2039 3362 2121 3395; x_wconf 78' lang='lat' dir='ltr'>vero,</span> <span class='ocrx_word' id='word_1_1912' title='bbox 2153 3354 2261 3392; x_wconf 89' lang='lat' dir='ltr'>inquit:</span> <span class='ocrx_word' id='word_1_1913' title='bbox 2295 3354 2342 3386; x_wconf 79' lang='lat' dir='ltr'>scd</span> <span class='ocrx_word' id='word_1_1914' title='bbox 2353 3355 2436 3386; x_wconf 80' lang='lat' dir='ltr'>bacil-</span> 
     </span>
     <span class='ocr_line' id='line_1_188' title="bbox 1314 3389 2198 3433; baseline -0.002 -9"><span class='ocrx_word' id='word_1_1915' title='bbox 1314 3394 1375 3424; x_wconf 87' lang='lat' dir='ltr'>lum</span> <span class='ocrx_word' id='word_1_1916' title='bbox 1386 3404 1472 3433; x_wconf 86' lang='lat' dir='ltr'>prope</span> <span class='ocrx_word' id='word_1_1917' title='bbox 1484 3404 1546 3430; x_wconf 89' lang='lat' dir='ltr'>me,</span> <span class='ocrx_word' id='word_1_1918' title='bbox 1567 3404 1622 3432; x_wconf 92' lang='lat' dir='ltr'>quo</span> <span class='ocrx_word' id='word_1_1919' title='bbox 1635 3394 1760 3431; x_wconf 80' lang='lat' dir='ltr'>abigam,</span> <span class='ocrx_word' id='word_1_1920' title='bbox 1782 3393 1916 3431; x_wconf 88' lang='lat' dir='ltr'>ponitote.</span> <span class='ocrx_word' id='word_1_1921' title='bbox 1953 3389 2092 3425; x_wconf 70' lang='lat' dir='ltr'>subaudi,</span> <span class='ocrx_word' id='word_1_1922' title='bbox 2114 3401 2129 3419; x_wconf 80' lang='lat' dir='ltr'>a</span> <span class='ocrx_word' id='word_1_1923' title='bbox 2146 3401 2198 3423; x_wconf 88' lang='lat' dir='ltr'>me.</span> 
     </span>
    </p>

    <p class='ocr_par' dir='ltr' id='par_1_82' title="bbox 1314 3427 2435 3545">
     <span class='ocr_line' id='line_1_189' title="bbox 1314 3427 2435 3474; baseline -0.003 -12"><span class='ocrx_word' id='word_1_1924' title='bbox 1314 3432 1365 3463; x_wconf 90' lang='lat' dir='ltr'>Abi</span> <span class='ocrx_word' id='word_1_1925' title='bbox 1386 3442 1431 3462; x_wconf 89' lang='lat' dir='ltr'>ere</span> <span class='ocrx_word' id='word_1_1926' title='bbox 1442 3433 1587 3468; x_wconf 88' lang='lat' dir='ltr'>homines,</span> <span class='ocrx_word' id='word_1_1927' title='bbox 1613 3442 1664 3470; x_wconf 90' lang='lat' dir='ltr'>pro</span> <span class='ocrx_word' id='word_1_1928' title='bbox 1676 3431 1822 3474; x_wconf 82' lang='lat' dir='ltr'>expellere.</span> <span class='ocrx_word' id='word_1_1929' title='bbox 1857 3429 1940 3471; x_wconf 55' lang='lat' dir='ltr'>Piiut.</span> <span class='ocrx_word' id='word_1_1930' title='bbox 1961 3427 2058 3472; x_wconf 76' lang='lat' dir='ltr'>Amph.</span> <span class='ocrx_word' id='word_1_1931' title='bbox 2079 3427 2148 3472; x_wconf 80' lang='lat' dir='ltr'>Prol.</span> <span class='ocrx_word' id='word_1_1932' title='bbox 2164 3439 2225 3464; x_wconf 86' lang='lat'>150.</span> <span class='ocrx_word' id='word_1_1933' title='bbox 2267 3429 2332 3459; x_wconf 85' lang='lat' dir='ltr'>Non</span> <span class='ocrx_word' id='word_1_1934' title='bbox 2346 3430 2435 3460; x_wconf 74' lang='lat' dir='ltr'>vivam</span> 
     </span>
     <span class='ocr_line' id='line_1_190' title="bbox 1333 3466 2435 3508; baseline -0.001 -10"><span class='ocrx_word' id='word_1_1935' title='bbox 1333 3480 1366 3500; x_wconf 84' lang='lat' dir='ltr'>ve</span> <span class='ocrx_word' id='word_1_1936' title='bbox 1379 3471 1455 3508; x_wconf 86' lang='lat' dir='ltr'>peri,</span> <span class='ocrx_word' id='word_1_1937' title='bbox 1477 3471 1526 3499; x_wconf 80' lang='lat' dir='ltr'>nili</span> <span class='ocrx_word' id='word_1_1938' title='bbox 1536 3469 1613 3499; x_wconf 85' lang='lat' dir='ltr'>illam</span> <span class='ocrx_word' id='word_1_1939' title='bbox 1625 3480 1640 3499; x_wconf 89' lang='lat' dir='ltr'>a</span> <span class='ocrx_word' id='word_1_1940' title='bbox 1651 3479 1696 3500; x_wconf 80' lang='lat' dir='ltr'>me</span> <span class='ocrx_word' id='word_1_1941' title='bbox 1707 3469 1843 3499; x_wconf 69' lang='lat' dir='ltr'>{celestain</span> <span class='ocrx_word' id='word_1_1942' title='bbox 1853 3467 1969 3504; x_wconf 73' lang='lat' dir='ltr'>abigam.</span> <span class='ocrx_word' id='word_1_1943' title='bbox 2005 3467 2051 3495; x_wconf 72' lang='lat' dir='ltr'>bic</span> <span class='ocrx_word' id='word_1_1944' title='bbox 2067 3466 2176 3505; x_wconf 85' lang='lat' dir='ltr'>abigere</span> <span class='ocrx_word' id='word_1_1945' title='bbox 2185 3466 2322 3498; x_wconf 86' lang='lat' dir='ltr'>delatores</span> <span class='ocrx_word' id='word_1_1946' title='bbox 2332 3489 2340 3504; x_wconf 88' lang='lat'>,</span> <span class='ocrx_word' id='word_1_1947' title='bbox 2359 3468 2435 3507; x_wconf 76' lang='lat' dir='ltr'>apud</span> 
     </span>
     <span class='ocr_line' id='line_1_191' title="bbox 1333 3507 1618 3545; baseline -0.007 -7"><span class='ocrx_word' id='word_1_1948' title='bbox 1333 3507 1402 3538; x_wconf 89' lang='lat' dir='ltr'>Plin.</span> <span class='ocrx_word' id='word_1_1949' title='bbox 1416 3509 1446 3537; x_wconf 93' lang='lat' dir='ltr'>in</span> <span class='ocrx_word' id='word_1_1950' title='bbox 1462 3508 1559 3545; x_wconf 81' lang='lat' dir='ltr'>Paneg.</span> <span class='ocrx_word' id='word_1_1951' title='bbox 1574 3511 1618 3537; x_wconf 91' lang='lat'>66.</span> 
     </span>
    </p>

    <p class='ocr_par' dir='ltr' id='par_1_83' title="bbox 1313 3543 1966 3583">
     <span class='ocr_line' id='line_1_192' title="bbox 1313 3543 1966 3583; baseline -0.006 -8"><span class='ocrx_word' id='word_1_1952' title='bbox 1313 3545 1435 3583; x_wconf 80' lang='lat' dir='ltr'>Abigunt</span> <span class='ocrx_word' id='word_1_1953' title='bbox 1445 3546 1533 3575; x_wconf 88' lang='lat' dir='ltr'>nubes</span> <span class='ocrx_word' id='word_1_1954' title='bbox 1547 3545 1630 3575; x_wconf 81' lang='lat' dir='ltr'>venti.</span> <span class='ocrx_word' id='word_1_1955' title='bbox 1662 3544 1730 3574; x_wconf 89' lang='lat' dir='ltr'>Plin.</span> <span class='ocrx_word' id='word_1_1956' title='bbox 1746 3543 1792 3572; x_wconf 91' lang='lat' dir='ltr'>lib.</span> <span class='ocrx_word' id='word_1_1957' title='bbox 1805 3552 1830 3572; x_wconf 88' lang='lat'>2.</span> <span class='ocrx_word' id='word_1_1958' title='bbox 1848 3551 1908 3578; x_wconf 84' lang='lat' dir='ltr'>cap.</span> <span class='ocrx_word' id='word_1_1959' title='bbox 1920 3550 1966 3578; x_wconf 89' lang='lat'>47.</span> 
     </span>
    </p>

    <p class='ocr_par' dir='ltr' id='par_1_84' title="bbox 1312 3577 2161 3622">
     <span class='ocr_line' id='line_1_193' title="bbox 1312 3577 2161 3622; baseline -0.005 -10"><span class='ocrx_word' id='word_1_1960' title='bbox 1312 3583 1430 3621; x_wconf 81' lang='lat' dir='ltr'>Abigere</span> <span class='ocrx_word' id='word_1_1961' title='bbox 1442 3594 1456 3612; x_wconf 82' lang='lat' dir='ltr'>a</span> <span class='ocrx_word' id='word_1_1962' title='bbox 1467 3583 1531 3614; x_wconf 91' lang='lat' dir='ltr'>cibo</span> <span class='ocrx_word' id='word_1_1963' title='bbox 1541 3605 1549 3618; x_wconf 89' lang='lat'>,</span> <span class='ocrx_word' id='word_1_1964' title='bbox 1570 3593 1620 3622; x_wconf 91' lang='lat' dir='ltr'>pro</span> <span class='ocrx_word' id='word_1_1965' title='bbox 1633 3581 1787 3611; x_wconf 85' lang='lat' dir='ltr'>Prohibere.</span> <span class='ocrx_word' id='word_1_1966' title='bbox 1817 3579 1902 3622; x_wconf 76' lang='lat' dir='ltr'>l’laiit.</span> <span class='ocrx_word' id='word_1_1967' title='bbox 1912 3577 2027 3621; x_wconf 75' lang='lat' dir='ltr'>Curcul.</span> <span class='ocrx_word' id='word_1_1968' title='bbox 2042 3588 2065 3610; x_wconf 85' lang='lat'>1.</span> <span class='ocrx_word' id='word_1_1969' title='bbox 2080 3589 2103 3617; x_wconf 89' lang='lat'>3.</span> <span class='ocrx_word' id='word_1_1970' title='bbox 2117 3588 2161 3617; x_wconf 82' lang='lat'>30.</span> 
     </span>
    </p>

    <p class='ocr_par' dir='ltr' id='par_1_85' title="bbox 1351 3616 1974 3657">
     <span class='ocr_line' id='line_1_194' title="bbox 1351 3616 1974 3657; baseline -0.006 -6"><span class='ocrx_word' id='word_1_1971' title='bbox 1351 3621 1467 3652; x_wconf 80' lang='lat' dir='ltr'>Irascere</span> <span class='ocrx_word' id='word_1_1972' title='bbox 1477 3644 1485 3657; x_wconf 90' lang='lat'>,</span> <span class='ocrx_word' id='word_1_1973' title='bbox 1507 3621 1525 3650; x_wconf 82' lang='lat' dir='ltr'>ii</span> <span class='ocrx_word' id='word_1_1974' title='bbox 1536 3628 1563 3650; x_wconf 90' lang='lat' dir='ltr'>te</span> <span class='ocrx_word' id='word_1_1975' title='bbox 1575 3621 1704 3650; x_wconf 85' lang='lat' dir='ltr'>edentem</span> <span class='ocrx_word' id='word_1_1976' title='bbox 1717 3619 1762 3647; x_wconf 82' lang='lat' dir='ltr'>iiic</span> <span class='ocrx_word' id='word_1_1977' title='bbox 1773 3628 1788 3646; x_wconf 86' lang='lat' dir='ltr'>a</span> <span class='ocrx_word' id='word_1_1978' title='bbox 1798 3617 1861 3646; x_wconf 90' lang='lat' dir='ltr'>cibo</span> <span class='ocrx_word' id='word_1_1979' title='bbox 1874 3616 1974 3654; x_wconf 81' lang='lat' dir='ltr'>abigat.</span> 
     </span>
    </p>

    <p class='ocr_par' dir='ltr' id='par_1_86' title="bbox 1312 3653 2433 3772">
     <span class='ocr_line' id='line_1_195' title="bbox 1312 3653 2433 3697; baseline -0.004 -8"><span class='ocrx_word' id='word_1_1980' title='bbox 1312 3659 1430 3697; x_wconf 85' lang='lat' dir='ltr'>Abigere</span> <span class='ocrx_word' id='word_1_1981' title='bbox 1447 3659 1499 3693; x_wconf 78' lang='lat' dir='ltr'>de,</span> <span class='ocrx_word' id='word_1_1982' title='bbox 1520 3658 1608 3688; x_wconf 76' lang='lat' dir='ltr'>velex</span> <span class='ocrx_word' id='word_1_1983' title='bbox 1625 3656 1710 3686; x_wconf 83' lang='lat' dir='ltr'>Plaur.</span> <span class='ocrx_word' id='word_1_1984' title='bbox 1726 3654 1838 3684; x_wconf 82' lang='lat' dir='ltr'>Trucul.</span> <span class='ocrx_word' id='word_1_1985' title='bbox 1852 3664 1877 3683; x_wconf 87' lang='lat'>2.</span> <span class='ocrx_word' id='word_1_1986' title='bbox 1895 3664 1917 3684; x_wconf 89' lang='lat' dir='ltr'>r.</span> <span class='ocrx_word' id='word_1_1987' title='bbox 1937 3665 1982 3690; x_wconf 86' lang='lat'>41.</span> <span class='ocrx_word' id='word_1_1988' title='bbox 2021 3654 2099 3685; x_wconf 88' lang='lat' dir='ltr'>Idem</span> <span class='ocrx_word' id='word_1_1989' title='bbox 2111 3654 2147 3683; x_wconf 88' lang='lat' dir='ltr'>de</span> <span class='ocrx_word' id='word_1_1990' title='bbox 2169 3653 2308 3683; x_wconf 72' lang='lat' dir='ltr'>frumento</span> <span class='ocrx_word' id='word_1_1991' title='bbox 2326 3653 2433 3685; x_wconf 62' lang='lat' dir='ltr'>anseres</span> 
     </span>
     <span class='ocr_line' id='line_1_196' title="bbox 1332 3691 2433 3730; baseline -0.005 -4"><span class='ocrx_word' id='word_1_1992' title='bbox 1332 3697 1452 3726; x_wconf 82' lang='lat' dir='ltr'>clamore</span> <span class='ocrx_word' id='word_1_1993' title='bbox 1462 3696 1589 3726; x_wconf 75' lang='lat' dir='ltr'>absterret</span> <span class='ocrx_word' id='word_1_1994' title='bbox 1599 3697 1624 3725; x_wconf 60' lang='grc' dir='ltr'>ἃ</span> <span class='ocrx_word' id='word_1_1995' title='bbox 1636 3694 1726 3730; x_wconf 72' lang='lat' dir='ltr'>abigit.</span> <span class='ocrx_word' id='word_1_1996' title='bbox 1752 3692 1830 3722; x_wconf 86' lang='lat' dir='ltr'>Idem</span> <span class='ocrx_word' id='word_1_1997' title='bbox 1839 3692 1908 3722; x_wconf 82' lang='lat' dir='ltr'>Alin.</span> <span class='ocrx_word' id='word_1_1998' title='bbox 1924 3702 1965 3723; x_wconf 87' lang='lat'>12.</span> <span class='ocrx_word' id='word_1_1999' title='bbox 2004 3692 2077 3722; x_wconf 81' lang='lat' dir='ltr'>Hinc</span> <span class='ocrx_word' id='word_1_2000' title='bbox 2087 3702 2132 3721; x_wconf 85' lang='lat' dir='ltr'>me</span> <span class='ocrx_word' id='word_1_2001' title='bbox 2147 3691 2315 3722; x_wconf 84' lang='lat' dir='ltr'>clamantem</span> <span class='ocrx_word' id='word_1_2002' title='bbox 2325 3702 2361 3722; x_wconf 76' lang='lat' dir='ltr'>ex</span> <span class='ocrx_word' id='word_1_2003' title='bbox 2370 3692 2433 3721; x_wconf 82' lang='lat' dir='ltr'>aedi-</span> 
     </span>
     <span class='ocr_line' id='line_1_197' title="bbox 1332 3734 2383 3772; baseline -0.012 -8"><span class='ocrx_word' id='word_1_2004' title='bbox 1332 3734 1384 3764; x_wconf 82' lang='lat' dir='ltr'>bus</span> <span class='ocrx_word' id='word_1_2005' title='bbox 1401 3735 1492 3771; x_wconf 74' lang='lat' dir='ltr'>abegit</span> <span class='ocrx_word' id='word_1_2006' title='bbox 1506 3734 1588 3769; x_wconf 87' lang='lat' dir='ltr'>hujus</span> <span class='ocrx_word' id='word_1_2007' title='bbox 1604 3740 1698 3761; x_wconf 83' lang='lat' dir='ltr'>mater.</span> <span class='ocrx_word' id='word_1_2008' title='bbox 2332 3767 2336 3772; x_wconf 29' lang='lat'>⁵</span> <span class='ocrx_word' id='word_1_2009' title='bbox 2378 3767 2383 3772; x_wconf 39' lang='grc'><em>.</em></span> 
     </span>
    </p>

    <p class='ocr_par' dir='ltr' id='par_1_87' title="bbox 1312 3765 2432 3847">
     <span class='ocr_line' id='line_1_198' title="bbox 1312 3765 2432 3810; baseline -0.005 -8"><span class='ocrx_word' id='word_1_2010' title='bbox 1312 3772 1427 3809; x_wconf 85' lang='lat' dir='ltr'>Abigere</span> <span class='ocrx_word' id='word_1_2011' title='bbox 1438 3772 1545 3808; x_wconf 75' lang='lat' dir='ltr'>aliquo,</span> <span class='ocrx_word' id='word_1_2012' title='bbox 1583 3780 1612 3798; x_wconf 91' lang='lat' dir='ltr'>ro</span> <span class='ocrx_word' id='word_1_2013' title='bbox 1625 3768 1758 3805; x_wconf 82' lang='lat' dir='ltr'>ablegare.</span> <span class='ocrx_word' id='word_1_2014' title='bbox 1781 3767 1867 3797; x_wconf 88' lang='lat' dir='ltr'>Plaut.</span> <span class='ocrx_word' id='word_1_2015' title='bbox 1879 3767 1965 3798; x_wconf 82' lang='lat' dir='ltr'>Merc.</span> <span class='ocrx_word' id='word_1_2016' title='bbox 1983 3773 2023 3801; x_wconf 85' lang='lat'>18.</span> <span class='ocrx_word' id='word_1_2017' title='bbox 2053 3766 2151 3804; x_wconf 81' lang='lat' dir='ltr'>Abegit</span> <span class='ocrx_word' id='word_1_2018' title='bbox 2162 3767 2202 3810; x_wconf 75' lang='lat' dir='ltr'>vir</span> <span class='ocrx_word' id='word_1_2019' title='bbox 2212 3775 2290 3796; x_wconf 85' lang='lat' dir='ltr'>meus</span> <span class='ocrx_word' id='word_1_2020' title='bbox 2299 3765 2366 3795; x_wconf 88' lang='lat' dir='ltr'>olim</span> <span class='ocrx_word' id='word_1_2021' title='bbox 2376 3765 2432 3804; x_wconf 81' lang='lat' dir='ltr'>ipse</span> 
     </span>
     <span class='ocr_line' id='line_1_199' title="bbox 1332 3804 2414 3847; baseline -0.006 -8"><span class='ocrx_word' id='word_1_2022' title='bbox 1332 3811 1368 3839; x_wconf 86' lang='lat' dir='ltr'>ad</span> <span class='ocrx_word' id='word_1_2023' title='bbox 1378 3817 1528 3838; x_wconf 66' lang='lat' dir='ltr'>mercatum</span> <span class='ocrx_word' id='word_1_2024' title='bbox 1540 3808 1563 3837; x_wconf 89' lang='lat' dir='ltr'>R</span> <span class='ocrx_word' id='word_1_2025' title='bbox 1586 3808 1687 3840; x_wconf 86' lang='lat' dir='ltr'>odum,</span> <span class='ocrx_word' id='word_1_2026' title='bbox 1711 3805 1807 3835; x_wconf 73' lang='lat' dir='ltr'>filium.</span> <span class='ocrx_word' id='word_1_2027' title='bbox 1829 3805 1893 3835; x_wconf 87' lang='lat' dir='ltr'>Ter.</span> <span class='ocrx_word' id='word_1_2028' title='bbox 1905 3805 1982 3835; x_wconf 87' lang='lat' dir='ltr'>Adel.</span> <span class='ocrx_word' id='word_1_2029' title='bbox 1995 3814 2018 3841; x_wconf 89' lang='lat'>3.</span> <span class='ocrx_word' id='word_1_2030' title='bbox 2034 3814 2057 3847; x_wconf 79' lang='lat'>3.</span> <span class='ocrx_word' id='word_1_2031' title='bbox 2072 3815 2116 3842; x_wconf 85' lang='lat'>47.</span> <span class='ocrx_word' id='word_1_2032' title='bbox 2150 3804 2264 3842; x_wconf 75' lang='lat' dir='ltr'>Abigam</span> <span class='ocrx_word' id='word_1_2033' title='bbox 2276 3804 2350 3847; x_wconf 75' lang='lat' dir='ltr'>hunc</span> <span class='ocrx_word' id='word_1_2034' title='bbox 2360 3814 2414 3847; x_wconf 77' lang='lat' dir='ltr'>rus.</span> 
     </span>
    </p>

    <p class='ocr_par' dir='ltr' id='par_1_88' title="bbox 1311 3841 2432 3922">
     <span class='ocr_line' id='line_1_200' title="bbox 1311 3841 2432 3884; baseline -0.004 -8"><span class='ocrx_word' id='word_1_2035' title='bbox 1311 3848 1427 3884; x_wconf 84' lang='lat' dir='ltr'>Abigere</span> <span class='ocrx_word' id='word_1_2036' title='bbox 1444 3846 1478 3875; x_wconf 86' lang='lat' dir='ltr'>ab</span> <span class='ocrx_word' id='word_1_2037' title='bbox 1496 3845 1619 3880; x_wconf 74' lang='lat' dir='ltr'>aedibus,</span> <span class='ocrx_word' id='word_1_2038' title='bbox 1643 3853 1693 3882; x_wconf 89' lang='lat' dir='ltr'>pro</span> <span class='ocrx_word' id='word_1_2039' title='bbox 1705 3853 1806 3873; x_wconf 84' lang='lat' dir='ltr'>arcere.</span> <span class='ocrx_word' id='word_1_2040' title='bbox 1839 3843 1925 3873; x_wconf 87' lang='lat' dir='ltr'>Plaut.</span> <span class='ocrx_word' id='word_1_2041' title='bbox 1942 3842 2064 3881; x_wconf 81' lang='lat' dir='ltr'>Amphit.</span> <span class='ocrx_word' id='word_1_2042' title='bbox 2081 3851 2104 3878; x_wconf 89' lang='lat'>3.</span> <span class='ocrx_word' id='word_1_2043' title='bbox 2126 3852 2150 3880; x_wconf 87' lang='lat'>3.</span> <span class='ocrx_word' id='word_1_2044' title='bbox 2162 3852 2206 3878; x_wconf 83' lang='lat'>24</span> <span class='ocrx_word' id='word_1_2045' title='bbox 2250 3841 2363 3879; x_wconf 74' lang='lat' dir='ltr'>Abigam</span> <span class='ocrx_word' id='word_1_2046' title='bbox 2376 3850 2432 3876; x_wconf 71' lang='lat' dir='ltr'>jam</span> 
     </span>
     <span class='ocr_line' id='line_1_201' title="bbox 1330 3881 2420 3922; baseline -0.005 -8"><span class='ocrx_word' id='word_1_2047' title='bbox 1330 3894 1382 3922; x_wconf 83' lang='lat' dir='ltr'>ego</span> <span class='ocrx_word' id='word_1_2048' title='bbox 1397 3884 1476 3913; x_wconf 87' lang='lat' dir='ltr'>illum</span> <span class='ocrx_word' id='word_1_2049' title='bbox 1487 3883 1682 3912; x_wconf 80' lang='lat' dir='ltr'>advenientem</span> <span class='ocrx_word' id='word_1_2050' title='bbox 1695 3881 1729 3910; x_wconf 89' lang='lat' dir='ltr'>ab</span> <span class='ocrx_word' id='word_1_2051' title='bbox 1742 3881 1856 3911; x_wconf 85' lang='lat' dir='ltr'>aedibus.</span> <span class='ocrx_word' id='word_1_2052' title='bbox 2303 3916 2308 3921; x_wconf 39' lang='lat'>¹</span> <span class='ocrx_word' id='word_1_2053' title='bbox 2354 3915 2360 3921; x_wconf 42' lang='lat'>¹</span> <span class='ocrx_word' id='word_1_2054' title='bbox 2415 3915 2420 3920; x_wconf 43' lang='grc' dir='ltr'>Ι</span> 
     </span>
    </p>

    <p class='ocr_par' dir='ltr' id='par_1_89' title="bbox 1310 3915 2434 3959">
     <span class='ocr_line' id='line_1_202' title="bbox 1310 3915 2434 3959; baseline -0.006 -8"><span class='ocrx_word' id='word_1_2055' title='bbox 1310 3922 1426 3959; x_wconf 88' lang='lat' dir='ltr'>Abigere</span> <span class='ocrx_word' id='word_1_2056' title='bbox 1444 3928 1575 3959; x_wconf 64' lang='lat' dir='ltr'>praeterea</span> <span class='ocrx_word' id='word_1_2057' title='bbox 1584 3943 1592 3956; x_wconf 91' lang='lat'>,</span> <span class='ocrx_word' id='word_1_2058' title='bbox 1612 3919 1652 3949; x_wconf 88' lang='lat' dir='ltr'>est</span> <span class='ocrx_word' id='word_1_2059' title='bbox 1663 3919 1736 3948; x_wconf 85' lang='lat' dir='ltr'>furto</span> <span class='ocrx_word' id='word_1_2060' title='bbox 1750 3926 1798 3948; x_wconf 84' lang='lat' dir='ltr'>aut</span> <span class='ocrx_word' id='word_1_2061' title='bbox 1808 3918 1954 3948; x_wconf 77' lang='lat' dir='ltr'>latrocinio</span> <span class='ocrx_word' id='word_1_2062' title='bbox 1967 3917 2089 3955; x_wconf 85' lang='lat' dir='ltr'>pecudes</span> <span class='ocrx_word' id='word_1_2063' title='bbox 2100 3915 2246 3945; x_wconf 82' lang='lat' dir='ltr'>abducere.</span> <span class='ocrx_word' id='word_1_2064' title='bbox 2275 3915 2333 3945; x_wconf 64' lang='lat' dir='ltr'>Cic.</span> <span class='ocrx_word' id='word_1_2065' title='bbox 2352 3925 2383 3944; x_wconf 84' lang='lat' dir='ltr'>in</span> <span class='ocrx_word' id='word_1_2066' title='bbox 2392 3915 2434 3946; x_wconf 78' lang='lat' dir='ltr'>Pi.</span> 
     </span>
    </p>
   </div>
   <div class='ocr_carea' id='block_1_8' title="bbox 1329 3951 2434 4028">
    <p class='ocr_par' dir='ltr' id='par_1_90' title="bbox 1329 3951 2434 4028">
     <span class='ocr_line' id='line_1_203' title="bbox 1329 3951 2434 4028; baseline -0.008 -38"><span class='ocrx_word' id='word_1_2067' title='bbox 1329 3960 1380 3990; x_wconf 87' lang='lat' dir='ltr'>son</span> <span class='ocrx_word' id='word_1_2068' title='bbox 1395 3963 1458 3996; x_wconf 86' lang='lat'>634.</span> <span class='ocrx_word' id='word_1_2069' title='bbox 1498 3958 1591 3989; x_wconf 87' lang='lat' dir='ltr'>Omne</span> <span class='ocrx_word' id='word_1_2070' title='bbox 1607 3958 1820 3989; x_wconf 83' lang='lat' dir='ltr'>instrumentum</span> <span class='ocrx_word' id='word_1_2071' title='bbox 1836 3956 1969 4024; x_wconf 58' lang='lat' dir='ltr'>diripuit,</span> <span class='ocrx_word' id='word_1_2072' title='bbox 1990 3954 2123 3985; x_wconf 77' lang='lat' dir='ltr'>familiam</span> <span class='ocrx_word' id='word_1_2073' title='bbox 2139 3953 2272 3991; x_wconf 85' lang='lat' dir='ltr'>abduxit,</span> <span class='ocrx_word' id='word_1_2074' title='bbox 2292 3951 2434 4028; x_wconf 52' lang='lat' dir='ltr'>pecuzglbt:</span> 
     </span>
    </p>
   </div>
   <div class='ocr_carea' id='block_1_9' title="bbox 2342 964 2441 1021">
    <p class='ocr_par' dir='ltr' id='par_1_91' title="bbox 2342 964 2441 1021">
     <span class='ocr_line' id='line_1_204' title="bbox 2342 964 2440 990; baseline 0.031 -8"><span class='ocrx_word' id='word_1_2075' title='bbox 2342 964 2383 990; x_wconf 61' lang='lat' dir='ltr'>ap.</span> <span class='ocrx_word' id='word_1_2076' title='bbox 2399 964 2440 985; x_wconf 90' lang='lat' dir='ltr'>ro.</span> 
     </span>
     <span class='ocr_line' id='line_1_205' title="bbox 2343 994 2441 1021; baseline 0 -3"><span class='ocrx_word' id='word_1_2077' title='bbox 2343 1004 2356 1019; x_wconf 67' lang='lat' dir='ltr'>ii</span> <span class='ocrx_word' id='word_1_2078' title='bbox 2372 994 2441 1021; x_wconf 67' lang='lat' dir='ltr'>mol„</span> 
     </span>
    </p>
   </div>
   <div class='ocr_carea' id='block_1_10' title="bbox 2190 2375 2421 2408">
    <p class='ocr_par' dir='ltr' id='par_1_92' title="bbox 2190 2375 2421 2408">
     <span class='ocr_line' id='line_1_206' title="bbox 2190 2375 2421 2408; baseline 0.017 -4"><span class='ocrx_word' id='word_1_2079' title='bbox 2190 2375 2295 2405; x_wconf 88' lang='lat' dir='ltr'>Ennius</span> <span class='ocrx_word' id='word_1_2080' title='bbox 2308 2376 2421 2408; x_wconf 77' lang='lat' dir='ltr'>Medea.</span> 
     </span>
    </p>
   </div>
  </div>
 </body>
</html>
