2604 4222
722 101 752 135 R
847 102 882 135 O

195 184 211 211 A
221 192 235 210 i<
245 192 263 210 N
272 192 289 210 o
297 192 311 209 s
320 193 328 209 1
338 192 355 211 u
365 192 376 211 s
387 204 394 217 ‚
412 183 579 212 Christianus
589 182 769 220 Philosophus
779 181 861 212 seculi
873 182 962 217 tertii,
978 183 1056 217 cujus
1067 180 1171 218 septem
1183 181 1237 215 jam
1249 186 1345 210 extant

230 219 294 248 libri
306 220 432 249 adversus
442 230 545 257 gentes.

196 259 215 286 :i
225 267 241 285 R
252 267 270 285 N
282 261 297 286 ὅ
309 268 326 285 n
338 268 346 285 i
358 279 365 290 ,
395 256 530 293 [zeraam]
564 258 620 293 Qui
634 257 755 286 carmina
769 257 843 293 apud
862 257 989 292 antiquos
1007 254 1159 283 recitabant
1169 277 1176 289 ‚
1206 255 1243 284 ita
1262 256 1344 291 didi,

231 295 305 332 quod
317 296 412 324 victori
425 297 570 332 praeniium
582 295 804 324 contribueretur
815 303 908 330 agnus.
931 293 994 321 Cael.
1014 293 1060 321 lib.
1074 302 1098 328 7.
1118 302 1178 330 cap.
1190 302 1234 327 29.

195 333 215 361 A
225 342 241 360 r.
253 342 271 361 Ν
282 343 297 361 o
309 342 326 361 G
336 343 351 360 L
361 343 377 361 ο
387 344 398 361 s
408 343 419 361 s
430 344 448 361 A
459 355 467 368 ,
488 343 518 362 ce.
542 335 555 368 [
565 332 750 368 ?4}v⁶7n..=w01]
774 331 868 359 Latine
886 330 1021 366 Plancius).
1058 330 1088 357 V.
1106 340 1120 357 P
1131 341 1146 357 L
1156 341 1175 358 A
1184 340 1203 363 ixi
1216 340 1235 358 'r
1246 341 1264 359 A
1274 341 1291 359 G
1302 341 1328 359 o.

195 372 215 398 A
226 380 242 398 ιι
252 379 273 398 N
284 380 300 398 u
313 380 323 398 s
333 392 340 403 ‚
363 370 485 405 [Ἄξιος]
506 371 616 399 Fluvius
628 372 664 398 est
683 368 867 405 rsipacissimus
878 367 1012 397 lletruritc
1023 389 1030 402 ,
1054 366 1219 397 Florentiam
1230 367 1345 398 alluens.

234 408 339 436 Autlior
353 408 422 436 Plin.
438 407 485 436 lib.
500 417 524 443 3.
542 417 601 445 cap.
618 418 640 442 5.
663 406 745 442 vulgo
761 409 840 433 Arno.
1315 420 1318 425 ·

637 457 663 490 A
756 454 786 488 R

198 522 286 554 Ano,
307 518 406 555 Dium,
426 519 580 555 ξοωςιαῖξω]
608 521 661 546 are.
692 515 729 544 est
747 514 863 543 Terram
881 519 970 542 aratro
987 514 1085 549 quovis
1105 513 1190 543 modo
1201 520 1305 543 vertere
1321 516 1347 543 ἃ

233 553 420 595 proscindere.
457 551 588 586 Piinflib.
603 561 643 588 18.
659 563 720 590 cap.
736 562 776 587 19.
798 552 829 581 ln
842 552 945 580 arando
959 561 1126 589 magnopere
1138 552 1299 581 servandum
1310 553 1347 580 est

234 596 347 624 Catonis
359 595 509 623 oraculum.
548 592 625 629 Quid
643 594 680 619 eit
698 590 838 627 primum?
870 592 969 625 Agrum
985 589 1054 618 benc
1073 589 1172 618 colere.
1214 590 1291 626 Quid
1309 589 1348 618 se-

235 633 380 661 cundum?
403 632 475 660 Bene
487 641 570 660 arare.
610 629 685 665 Quid
698 628 833 657 tertium?
854 628 1016 655 Stercorare.

235 672 331 704 Arare,
352 669 477 698 Pollione
494 668 604 697 colere:
635 674 682 699 ut,
712 667 793 694 Arare
810 664 950 693 olivetum.
992 664 1128 693 Columel.
1143 663 1192 693 lib.
1209 675 1231 697 ς.
1249 673 1308 701 cap.
1321 675 1346 699 9.,

253 708 325 737 Nam
342 709 440 735 veteris
456 705 595 744 proverbii
612 702 766 733 nieniiiiill'e
785 703 936 736 convenit,
970 701 1038 730 Eum
1059 702 1106 739 qui
1124 708 1181 731 aret
1199 702 1344 736 olivetum,

252 754 346 781 rogare
358 745 495 773 fructum:
518 744 563 780 qui
576 743 720 776 stercoret,
738 749 867 769 exorare:
896 740 1057 776 quicaedat,
1078 749 1186 776 cogere.

234 783 314 812 Arare
326 792 359 810 ex
372 792 435 818 agro
447 782 615 810 frumentum
627 802 634 814 ,
655 789 705 817 pro
716 778 857 815 Per-cipere
869 778 1046 807 exaratione.
1082 778 1140 806 Cic.
1154 788 1177 812 ς.
1193 776 1267 805 Verr.
1282 785 1345 811 113.

252 820 337 855 Quod
355 819 373 848 si
393 819 451 848 fieri
468 829 527 848 non
543 825 651 856 poterat
662 839 669 853 ‚
697 823 728 846 ut
744 816 806 854 plus
823 825 906 852 quam
925 816 1024 844 decem
1042 815 1185 844 medimna
1199 824 1233 843 ex
1247 816 1346 851 jugero

195 107 263 137 260
400 136 406 139 ,
603 104 624 136 A

249 863 365 886 ararent.

231 896 314 925 Arare
324 896 352 923 in
363 893 473 931 singulis
484 893 565 931 jugis.
596 893 654 922 Cic.
670 903 692 928 5.
708 891 782 921 Verr.
793 900 838 928 27.
861 890 947 927 Quid,
960 890 1044 926 quiin
1056 889 1166 926 singulis
1176 890 1247 926 jugis
1257 896 1345 931 arant,

251 934 297 969 qui
309 932 342 961 ab
353 941 437 969 opere
449 931 497 968 ipli
509 941 565 959 non
578 931 728 965 recedunt,
748 932 800 959 διο.
841 929 956 957 Videtur
969 928 1038 964 juga
1050 937 1099 964 pro
1108 927 1206 964 jugera
1219 927 1344 964 posuisse.

251 977 284 998 ut
299 971 347 1004 sit,
368 970 425 1006 Qui
436 975 513 998 arant
529 969 632 1009 singula
646 969 746 1005 iugera.
785 967 842 996 Nisi
854 967 923 995 sorte
937 975 986 1003 per
1001 965 1113 1001 Singula
1128 966 1192 1001 juga
1210 965 1346 1001 intell-igar

250 1007 362 1045 Singula
375 1007 460 1036 boum
473 1007 557 1043 paria.
598 1007 708 1042 [Immo
723 1006 824 1042 jugum
835 1004 900 1041 quid
914 1003 944 1031 sit
954 1003 1058 1031 docent
1072 1012 1107 1031 ex
1121 1002 1241 1031 Varrone
1252 1003 1277 1031 ὁὶ
1294 1002 1346 1030 Pii-

251 1046 300 1074 nio
310 1046 344 1074 ad
357 1045 410 1074 loc.
425 1044 481 1073 Viri
493 1044 550 1073 DD.
584 1044 616 1073 V.
634 1054 703 1079 Juc
715 1053 731 1071 u
742 1053 771 1071 Μ.
794 1042 810 1071 s.
824 1042 842 1070 l.
880 1041 969 1077 Magis
986 1047 1080 1069 tamen
1097 1041 1198 1069 arridet
1214 1040 1345 1077 posterior

250 1083 386 1120 expofitio
395 1083 476 1118 hujus
486 1082 551 1110 loci.
591 1082 645 1111 Sed
657 1080 811 1119 praepositio
823 1078 941 1107 delenda
953 1079 1068 1106 videtur.
1112 1077 1152 1107 De
1164 1078 1345 1115 pauperrimis

249 1122 325 1149 enim
342 1118 464 1156 loquitur
477 1121 592 1156 quinon
609 1119 656 1148 nisi
674 1117 785 1156 singulis
800 1117 870 1153 jugis
882 1123 967 1145 arant.
1005 1115 1055 1144 His
1067 1116 1141 1144 enim
1152 1122 1343 1153 opponuntur,

251 1159 297 1195 qui
309 1157 435 1196 pluribus
445 1157 516 1195 jugis
530 1163 624 1190 ararit,
646 1165 676 1185 ut
687 1157 715 1184 iri
727 1155 824 1184 eadem
837 1154 963 1182 oratione
973 1175 981 1187 ,
1005 1163 1065 1195 120.
1103 1154 1201 1190 Neque
1214 1154 1241 1182 id
1254 1152 1344 1181 stolum

248 1197 365 1231 accidit,
385 1196 427 1225 uti
438 1196 530 1224 minus
545 1194 639 1223 multis
650 1194 720 1231 jugis
732 1199 826 1226 arent,
848 1192 865 1220 si
878 1192 925 1228 qui
941 1192 970 1219 in
981 1201 1051 1227 agris
1063 1191 1269 1225 remanserunt3
1297 1191 1344 1219 sed

250 1235 333 1263 etiam
344 1256 351 1269 ,
367 1240 398 1263 ut
408 1232 538 1271 permulti
550 1232 703 1270 locupletes
714 1230 843 1259 homines
852 1251 859 1263 ,
876 1230 968 1265 magni
981 1230 1005 1258 Sc
1016 1229 1096 1265 gnavi
1107 1235 1226 1258 aratores
1237 1251 1245 1264 ,
1266 1237 1344 1270 agros

249 1272 328 1301 laetos
341 1281 373 1301 ac
384 1271 487 1300 fertiles
497 1269 651 1299 desererent
661 1292 669 1304 ,
689 1275 816 1304 totasque
833 1267 969 1296 arationes
980 1266 1211 1302 derelinquerent.
1252 1266 1344 1295 Nostri

251 1311 342 1339 Aratra
353 1309 476 1338 limiliter
489 1318 538 1347 pro
553 1309 685 1344 cujusque
697 1304 872 1335 facultatibus
884 1313 1027 1332 numerare
1042 1304 1250 1334 consueverunt.

230 1347 294 1377 Atat
304 1347 410 1377 Falerni
421 1346 497 1376 mille
507 1346 586 1375 fundi
598 1347 700 1382 jugera.
722 1344 788 1373 Hor.
802 1342 890 1380 Eporl.
901 1353 927 1376 4.
943 1350 984 1377 13.

230 1387 327 1414 Aratur
338 1407 346 1420 ,
367 1384 475 1421 imperf.
504 1383 573 1413 Plin.
590 1383 638 1412 lib.
655 1388 696 1416 18.
712 1391 772 1419 cap.
785 1390 809 1415 3.
833 1381 914 1409 ricius
925 1378 1074 1409 vocabatur
1083 1379 1112 1408 in
1123 1389 1177 1417 quo
1187 1378 1272 1409 boves
1283 1388 1345 1417 agea

248 1430 341 1452 rentur
351 1445 358 1458 ‚
380 1432 465 1460 quum
476 1428 584 1456 aratur,
604 1430 661 1450 uno
672 1418 866 1457 impetujusto.

228 1461 344 1496 ſtratur,
364 1460 434 1498 pers.
451 1460 516 1497 pass'.
547 1459 631 1488 Ovid.
644 1467 668 1487 2.
686 1457 767 1487 Trist.
781 1461 842 1492 328.

387 1512 425 1518 —
438 1497 530 1526 tenuis
545 1496 615 1525 mihi
631 1505 745 1533 campus
760 1501 859 1524 aratur.

228 1535 310 1566 Mille
323 1536 391 1573 iugis
401 1534 550 1572 Campania
562 1534 670 1571 pinguis
681 1539 780 1562 aratur.
803 1531 925 1569 Propert.
940 1530 987 1574 libt
1001 1539 1024 1565 3.
1039 1540 1062 1565 ς.
1077 1540 1101 1565 5.

228 1577 308 1604 Arare
319 1583 428 1610 aequor.‚
450 1570 810 1609 Navigarefignifieatapud
822 1572 927 1606 poetas.
956 1568 1029 1605 Virg.
1042 1577 1065 1604 3.
1083 1567 1221 1604 ffin.495.

309 1611 392 1640 Vobis
416 1617 493 1648 parta
515 1610 613 1647 quies,
643 1608 753 1638 nullum
773 1608 855 1636 maris
877 1615 970 1644 aequor
990 1605 1132 1635 arandum.
1213 1605 1298 1635 Ovid.
1318 1615 1342 1636 ιι,

246 1649 328 1679 Trist.
340 1659 366 1678 2.
381 1652 426 1686 76.

307 1687 404 1716 Latum
418 1685 558 1715 mutandis
572 1684 712 1714 rriercibus
727 1693 819 1721 :equor
833 1692 890 1712 aro.

227 1725 308 1755 Arare
320 1734 418 1762 aquas.
440 1734 490 1761 pro
501 1724 610 1752 eodem.
636 1723 721 1752 Ovid.
737 1734 759 1758 3.
774 1721 853 1752 Trist.
870 1730 910 1750 12.
924 1722 966 1757 36.

226 1762 316 1792 Littus
325 1784 333 1797 ,
352 1762 466 1791 Terram
477 1762 598 1790 vicinam
611 1762 679 1790 mari
691 1760 734 1789 vel
746 1759 906 1789 Infertilem.
933 1758 1007 1787 Serv.
1024 1756 1097 1794 Virg.
1108 1766 1134 1792 4.
1148 1756 1210 1787 AEn.
1223 1757 1286 1787 21'2.

226 1799 423 1834 Ararelittora,
440 1808 489 1836 pro
499 1799 613 1828 inanem
623 1807 737 1835 operam
747 1796 863 1826 sumere.
886 1796 970 1825 Ovid.
984 1806 1007 1830 ς.
1024 1795 1107 1833 Epist.
1123 1798 1185 1824 116.

225 1838 340 1868 Terram
351 1847 424 1866 arare
436 1859 444 1871 ‚
466 1838 491 1865 δι
502 1836 605 1865 sulcum
617 1837 697 1865 altius
709 1836 876 1872 imprimere.
905 1834 963 1862 Cic.
979 1843 1003 1862 2.
1020 1833 1055 1862 de
1070 1833 1165 1862 Divin.
1181 1842 1223 1869 ςο.

226 1878 310 1905 Arare
320 1898 328 1910 ,
345 1882 392 1904 aut
402 1874 493 1904 colere
505 1883 606 1911 agrum.
629 1874 686 1903 Cic.
697 1883 722 1902 2.
739 1874 774 1902 de
788 1872 860 1910 Lege
874 1873 932 1908 Agr.
944 1875 990 1914 ⁶5⁵²
1046 1908 1052 1916 η
1075 1908 1080 1914 Π

226 1915 500 1951 Arandiprzeceptor.
524 1912 606 1941 Ovid.
618 1916 643 1940 6.
661 1912 727 1941 Fast.
743 1919 783 1946 ¹3-
805 1910 953 1940 Hesiodum
965 1908 1103 1945 intelligit.

225 1952 336 1980 Arando
347 1949 510 1979 mansuescit
520 1949 610 1978 tellus.
632 1950 649 1978 i.
663 1959 686 1978 e.
709 1949 783 1978 Dum
795 1956 894 1978 aratur.
922 1947 994 1983 Virg.
1010 1956 1034 1975 2.
1054 1948 1153 1982 Georg.
1166 1953 1228 1988 2312.
1321 1984 1324 1987 .

226 1990 336 2018 Arando
353 1989 465 2018 enectus
484 1988 540 2016 bos.
570 1988 586 2016 i.
601 1997 624 2016 e.
657 1986 733 2016 Dum
753 1992 826 2015 arat:
858 1985 920 2018 vel,
946 1984 1002 2013 Prae
1019 1985 1107 2013 nimio
1124 1984 1218 2012 arandi
1234 1980 1337 2023 labore.

245 2027 311 2056 Hor.
328 2037 350 2055 i.
366 2026 386 2055 E
409 2026 447 2054 ist.
458 2034 484 2062 7.
497 2031 541 2061 87.

189 2064 210 2094 A
220 2075 237 2093 R
249 2075 266 2093 A
277 2075 296 2092 T
305 2075 321 2093 u
333 2074 345 2093 s
355 2086 363 2099 ‚
409 2064 484 2092 artic.
516 2061 756 2099 [rigowxo-ffls‘·&]
785 2067 833 2097 ut,
859 2060 931 2089 Arati
944 2060 1012 2098 agri.

227 2103 305 2131 Arata
315 2110 393 2131 terra.
415 2101 497 2131 Ovid.
512 2111 534 2130 1.
550 2100 616 2130 Fast.
629 2109 691 2136 703.

188 2141 210 2169 A
219 2150 236 2169 R
246 2150 265 2169 A
274 2150 294 2168 T
303 2150 320 2168 u
332 2149 347 2168 R
356 2150 375 2168 u
384 2149 395 2168 s
404 2161 413 2174 ‚
434 2138 530 2168 Partic.
560 2137 665 2168 Tibull.
681 2148 703 2167 1.
718 2147 760 2167 11.
773 2139 818 2173 46.

305 2177 412 2207 Interea
425 2185 479 2214 pax
492 2186 554 2205 arva
568 2176 657 2209 colat,
678 2185 732 2213 pax
745 2173 863 2204 candida
874 2173 995 2212 primum

347 2215 434 2244 Duxit
449 2220 569 2243 araturos
586 2213 632 2242 sub
650 2214 712 2250 iuga
726 2222 808 2242 curva
824 2212 918 2241 boves.
1299 2246 1305 2253 μ

190 2254 236 2284 AR
246 2263 312 2282 ATr
322 2263 338 2282 o
348 2275 355 2288 ,
372 2253 442 2282 onis.
460 2252 478 2280 f.
500 2251 627 2287 [bigam]
657 2251 746 2285 Valla,
765 2250 886 2280 Nomina
899 2259 958 2286 quae
971 2248 1136 2286 positionem
1146 2247 1249 2277 habent
1259 2247 1286 2276 in
1298 2256 1335 2283 io,

227 2291 308 2320 latius
320 2290 468 2327 {ignificare
483 2289 590 2323 solent,
611 2298 663 2318 nec
673 2289 811 2317 actionem
822 2287 906 2316 modo
916 2309 924 2321 ‚
945 2286 992 2315 sed
1007 2295 1066 2315 rem
1077 2286 1161 2315 etiam
1177 2296 1209 2314 ac
1228 2295 1337 2323 corpus.

227 2329 285 2359 Cic.
297 2339 322 2358 2.
341 2328 459 2365 Philipp.
474 2337 533 2356 101.
559 2327 608 2356 lize
619 2327 759 2363 quondam
770 2326 907 2354 arationes
919 2324 1053 2361 Campani
1066 2325 1091 2353 Sc
1101 2323 1229 2352 Leontini
1241 2324 1295 2360 agri
1308 2325 1337 2352 in

225 2377 292 2405 pop.
304 2367 420 2396 Romani
430 2365 598 2402 patrimonio
609 2364 767 2401 glandiferae
778 2365 803 2393 δι
813 2361 955 2391 fructuosa:
967 2361 1131 2390 ferebantur.
1154 2362 1172 2389 i.
1183 2371 1206 2389 e.
1230 2362 1290 2397 Agri
1301 2361 1336 2389 ad

225 2405 359 2434 arantium
371 2403 474 2432 idonei.
515 2403 654 2431 Hactenus
670 2401 746 2430 Valla
760 2401 807 2430 lib.
818 2411 843 2434 4.
865 2400 922 2429 Cic.
938 2410 961 2434 ς.
979 2399 1052 2428 Verr.
1065 2408 1109 2435 27·
1142 2398 1238 2434 Quum
1251 2399 1336 2427 dede-

223 2443 279 2471 rint
291 2442 412 2479 Apronio
424 2440 499 2478 quod
512 2439 689 2478 poposcerit,
717 2438 873 2476 relinquent
883 2438 1041 2466 arationes?
1072 2435 1232 2473 relinquent
1248 2436 1335 2465 larem

223 2480 387 2510 familiarem
399 2478 497 2507 suum?
518 2478 659 2507 Arationes
670 2476 797 2511 desertae,
814 2485 845 2504 ac
856 2475 956 2504 relicte
967 2485 982 2503 a
992 2475 1124 2503 dominis.
1152 2473 1209 2503 Cic.
1223 2484 1246 2510 ς.
1261 2474 1284 2502 V
1287 2483 1336 2503 err.

224 2523 288 2551 228.
310 2517 378 2547 Plin.
395 2516 442 2545 lib.
455 2524 499 2552 27.
515 2525 574 2553 cap.
586 2521 611 2549 8.
639 2514 764 2544 Nascitur
775 2515 804 2542 in
814 2513 991 2542 arationibus.

223 2556 313 2584 Aratio
325 2554 468 2583 fructuosa.
490 2553 548 2582 Cic.
562 2564 585 2587 ς.
602 2552 681 2582 Tusc.
694 2556 738 2585 516.
762 2551 815 2581 Hic
825 2551 862 2580 est
876 2551 952 2579 Actio
964 2550 1068 2579 arandi.

186 2593 257 2622 ARA
268 2602 315 2621 TU
325 2602 353 2627 s,
374 2592 413 2620 us.
440 2591 525 2620 Ideni.
547 2591 618 2620 Did.
635 2591 707 2619 Cret.
724 2589 759 2618 de
773 2588 839 2618 Bell.
852 2588 929 2623 Tro-i.

186 2632 207 2660 A
217 2641 233 2659 R
243 2639 365 2659 AT1UN
375 2640 392 2658 c
404 2630 419 2657 ὕ
430 2638 474 2657 LA
484 2650 492 2663 ‚
512 2638 542 2657 εξ.
565 2629 661 2657 dimin.
689 2623 845 2663 [ἒξσοὸ-ἱδὶον]
875 2626 959 2655 Plaut.
977 2624 1093 2654 Trucul.
1108 2634 1131 2653 1.
1145 2633 1171 2653 2.
1184 2634 1229 2660 44.
1260 2623 1336 2654 Male

224 2669 310 2697 vortit
319 2677 359 2696 res
376 2667 504 2704 pecuaria
518 2665 585 2694 mihi
597 2665 670 2703 apud
683 2674 730 2694 vos
742 2674 749 2694 :
773 2673 849 2693 nunc
863 2663 979 2692 vicissim
989 2663 1053 2692 volo
1066 2662 1167 2692 habene
1181 2662 1337 2692 aratiuncu-

223 2705 278 2734 lam
293 2715 342 2742 pro
354 2705 435 2740 copia
447 2704 520 2741 apud
534 2709 592 2732 vos.

186 2747 206 2776 A
217 2753 233 2772 ιι
244 2747 260 2772 ῑι
271 2752 291 2771 τ
300 2752 316 2771 o
327 2752 342 2770 R
352 2764 359 2777 ‚
381 2742 444 2771 oris.
466 2751 503 2770 ni.
525 2740 677 2776 [230730535]
705 2738 762 2775 Qui
775 2744 873 2768 terram
885 2744 951 2768 arat.
987 2737 1044 2767 Cic.
1056 2747 1081 2775 7.
1099 2737 1174 2767 Verr.
1185 2747 1228 2773 99.
1258 2737 1336 2768 Sicu.

222 2781 302 2810 losne
316 2779 419 2809 milites
431 2801 439 2814 ,
465 2786 639 2808 aratorumne
654 2777 776 2806 liberos?
806 2786 922 2813 quorum
944 2782 1034 2813 patres
1053 2782 1162 2804 tantum
1175 2774 1269 2803 labore
1286 2775 1334 2804 suo

221 2819 352 2848 {rumenti
364 2817 512 2846 exarabant
522 2838 530 2849 ‚
551 2822 581 2844 ut
592 2815 698 2852 populo
708 2814 835 2843 Romano
844 2836 851 2847 ,
872 2815 979 2850 totique
991 2813 1073 2842 ltaliae
1086 2813 1259 2850 suppeditare
1274 2813 1336 2850 pos-

220 2856 289 2885 sent.
321 2855 392 2884 Plin.
408 2854 456 2883 lib.
473 2860 513 2887 18.
529 2863 588 2890 cap.
603 2863 643 2887 ιφ.
673 2853 783 2888 Arator,
804 2852 854 2881 nisi
865 2852 1010 2886 incurvus,
1029 2852 1229 2889 praevaricatur.

222 2895 316 2924 Arator
326 2902 432 2922 curvus.
456 2891 527 2928 Virg.
538 2890 633 2927 3.,Ecl.
647 2899 692 2926 42.

220 2932 282 2962 Bos.
304 2931 378 2960 Suet.
394 2929 472 2967 Vesp.
487 2939 546 2966 cap.
560 2938 584 2964 5.

220 2970 321 2999 Durus.
342 2968 414 3005 Virg.
427 2979 453 3003 4.
470 2967 567 3004 Georg.
581 2973 643 3002 512.

222 3007 379 3037 Peronatus.
403 3004 469 3034 Pers.
482 3015 504 3040 5.
519 3004 574 3033 Sat.
590 3012 650 3033 102.

220 3044 368 3074 Robustus.
391 3043 462 3080 Virg.
475 3054 500 3077 4.
515 3041 572 3071 Ecl.
583 3051 629 3077 41.

221 3082 336 3112 Taurus.
363 3081 446 3111 Ovid.
462 3090 485 3110 1.
503 3080 569 3110 Fast.
581 3084 644 3115 6953.
725 3093 762 3100 --
772 3077 889 3107 cedebat
901 3082 993 3108 taurus
1007 3083 1096 3107 arator
1110 3087 1191 3116 equo.

220 3120 260 3150 Ex
272 3128 375 3149 aratore
387 3125 476 3147 orator
485 3118 581 3147 factus.
604 3117 661 3145 Cic.
674 3124 699 3150 τ.
717 3115 833 3152 Philipp.
844 3124 888 3144 22.

220 3159 345 3187 Aratores
356 3179 364 3191 ‚
385 3157 431 3193 qui
442 3156 553 3194 proprie
564 3165 579 3184 a
590 3154 725 3184 Cicerone
740 3160 874 3182 vocentur
885 3174 894 3187 ‚
921 3153 1001 3189 pauci
1019 3152 1168 3190 explicant.
1204 3150 1327 3182 Tui-neb.

240 3197 308 3232 Ager
318 3194 415 3232 aliquis
429 3194 551 3231 tinquit)
564 3193 733 3222 decumanus
742 3199 838 3219 eorum
850 3199 865 3218 a
874 3191 973 3227 quibus
984 3190 1126 3219 colebatur
1137 3192 1262 3228 proprius
1271 3201 1328 3219 non

238 3239 314 3267 erat,
334 3233 380 3262 sed
393 3232 521 3268 publicus
537 3240 603 3269 pop.
620 3229 700 3259 Rom.
713 3228 873 3257 censebatur
884 3249 892 3261 ‚
912 3237 944 3256 ac
960 3227 1139 3256 decumarum
1154 3229 1327 3262 conditione,

239 3272 265 3299 δι
276 3270 458 3308 pensitatione
469 3268 595 3306 agricolis
604 3274 661 3296 erat
670 3265 826 3299 attributus,
841 3265 887 3301 qui
898 3266 1019 3293 Aratores
1031 3265 1200 3299 dicebantur,
1217 3266 1328 3302 agrique

238 3317 307 3344 quos
323 3307 453 3337 colebant
468 3307 626 3336 Arationes:
654 3304 701 3334 sed
717 3305 743 3334 δι
757 3303 849 3332 omnis
865 3312 929 3339 ager
942 3302 1082 3339 vectigalis
1100 3304 1126 3331 δι
1144 3302 1325 3337 decumanus,

237 3346 284 3381 qui
299 3345 440 3379 arabatur,
460 3344 708 3379 frumentariusque
718 3346 792 3376 etat,
813 3340 849 3369 sic
858 3340 1015 3369 vocabatur.
1058 3339 1115 3368 Cic.
1131 3349 1155 3374 ς.
1173 3339 1246 3369 Verr.
1263 3350 1323 3375 119.

234 3381 355 3411 Pulsatos
372 3389 490 3412 aratores
505 3382 558 3411 effe
570 3381 634 3410 dico
646 3402 654 3415 ,
674 3389 753 3417 agros
767 3377 914 3415 vectigales
925 3383 1036 3406 vexatos
1046 3398 1054 3410 ,
1075 3383 1101 3405 at
1123 3386 1156 3405 ue
1167 3378 1326 3406 exinanitos

234 3429 250 3448 a
265 3419 355 3449 Verre.
394 3420 497 3449 Iterum
509 3441 516 3454 ,
538 3419 633 3455 Magni
645 3427 676 3446 ac
692 3417 753 3446 navi
764 3423 882 3445 aratores
892 3425 969 3452 agros
980 3414 1049 3443 latos
1063 3423 1095 3442 ac
1118 3414 1209 3443 ertiles
1220 3414 1326 3444 desere-

233 3463 303 3492 rent,
312 3464 437 3494 totasque
445 3458 580 3486 arationes
591 3456 820 3491 derelinquerent.
836 3453 896 3482 Nec
904 3462 969 3481 vcro
979 3452 1102 3481 Aratores
1111 3451 1224 3480 Domini
1236 3460 1322 3486 erant,

233 3504 286 3523 nec
301 3494 413 3523 Domini
425 3494 604 3523 censebantur
617 3503 622 3522 :
645 3501 746 3528 eosque
758 3502 773 3521 a
783 3491 911 3520 Dominis
923 3490 979 3519 Cic.
993 3490 1022 3518 in
1035 3489 1106 3517 Verr.
1126 3488 1268 3525 perspicue
1282 3490 1323 3518 di-

233 3532 360 3568 stinguit,
375 3532 410 3561 sic
422 3532 539 3561 scribens
549 3554 557 3565 ,
577 3531 686 3560 Tamen
697 3529 845 3558 incolumis
856 3536 985 3557 numerus
995 3526 1125 3568 manebat
1134 3526 1320 3561 dominorum,

232 3575 314 3605 atquc
330 3576 475 3598 aratorum.
515 3570 579 3598 Non
591 3578 635 3597 me
651 3568 718 3596 latet
730 3574 823 3596 tamen
840 3566 956 3595 Aratoris
965 3573 1063 3593 vocem
1080 3562 1160 3592 latius
1177 3564 1259 3607 etiam
1272 3574 1319 3602 pa-

232 3613 306 3636 tere:
327 3606 372 3640 sed
383 3608 409 3636 Sc
420 3607 558 3636 Aratorem
570 3607 624 3643 agri
636 3605 777 3642 vectigalis
787 3604 925 3633 interdum
937 3603 1087 3632 Dominum
1100 3610 1200 3630 vocari.

177 3644 197 3675 A
207 3653 223 3674 ιι
233 3654 249 3672 A
260 3646 340 3672 niti
352 3653 364 3672 s
374 3665 382 3678 ‚
396 3653 420 3672 e.
443 3643 569 3679 [Xforzs]
590 3642 675 3679 Quod
687 3643 752 3671 arari
764 3642 860 3679 potest.
886 3641 953 3670 Plin.
966 3640 1013 3669 lib.
1028 3648 1069 3675 17.
1086 3647 1146 3681 cap.
1162 3648 1185 3673 ς.
1208 3637 1319 3672 Contra,

213 3683 243 3711 in
254 3680 369 3723 Byzacio
381 3681 475 3710 Africae
486 3680 563 3709 illum
574 3688 690 3709 centena
705 3681 731 3709 &
748 3680 939 3716 quinquagena
956 3679 1031 3714 fruge
1041 3676 1161 3706 fertilem
1178 3684 1318 3713 campum,

213 3718 296 3748 nullis
305 3740 314 3753 ,
335 3728 419 3754 quum
430 3718 514 3747 siccus
525 3718 562 3746 est
571 3740 578 3752 ,
599 3717 727 3747 arabilem
739 3717 829 3747 tauris.

172 3757 194 3787 A
202 3767 219 3786 ιι
228 3767 246 3786 A
255 3765 274 3784 T
284 3765 301 3783 o
311 3765 326 3784 R
337 3766 345 3784 ι
356 3766 373 3784 υ
383 3766 395 3784 s
405 3777 413 3790 ‚
433 3755 491 3790 Adj.
513 3761 542 3784 ut
551 3777 559 3788 ,
579 3755 632 3784 Bos
643 3755 782 3783 aratorius.
813 3754 883 3783 Cod.
895 3752 1004 3783 Theod.
1267 3787 1272 3792 .

170 3795 193 3824 A
202 3798 244 3823 ιιῖι
253 3802 297 3821 Tr<
306 3802 339 3828 o,
355 3793 567 3828 [ὰςοτςιάζομοᾳ]
581 3796 635 3821 are.
656 3791 728 3828 quasi
740 3792 846 3822 Arando
857 3793 970 3820 iterare:
993 3789 1068 3828 quod
1079 3788 1125 3823 est,
1140 3788 1250 3829 Segetes
1262 3797 1318 3822 jain

209 3837 286 3860 natas
295 3829 381 3859 rursus
390 3830 492 3858 arando
502 3830 684 3866 proscindere.
712 3828 781 3858 Plin.
793 3829 841 3858 lib.
856 3834 898 3862 18.
915 3838 975 3866 cap.
987 3838 1032 3858 20.
1055 3829 1089 3857 At
1098 3826 1151 3855 511ae
1162 3825 1257 3854 messes
1269 3825 1318 3853 du-

206 3868 317 3907 plicatae
327 3868 446 3896 docuere
457 3867 531 3903 quod
540 3876 614 3895 nunc
624 3872 724 3895 vocant
734 3872 832 3895 artrare
841 3888 850 3902 ,
870 3867 888 3895 i.
901 3875 925 3895 e.
944 3873 1058 3894 aratrare
1072 3866 1123 3900 (ut
1133 3863 1235 3898 credo)
1251 3869 1318 3905 tunc

207 3907 321 3936 dictum.
362 3904 424 3934 Hoc
441 3903 470 3932 fit
480 3903 523 3932 vel
539 3904 688 3940 incipiente
703 3903 815 3939 culmo,
836 3913 921 3940 quum
938 3904 994 3939 jam
1004 3904 1026 3932 is
1043 3903 1108 3932 bina
1128 3907 1240 3931 ternave
1251 3909 1319 3930 emi-

206 3944 270 3974 serit
281 3943 355 3972 folia.

1053 2058 1136 2088 ovid.
1149 2067 1174 2094 7.
1192 2057 1261 2088 Met.
1277 2066 1339 2088 122.

1839 101 1868 136 A
1962 102 1992 136 R
2088 102 2119 136 R

1395 182 1415 210 A
1426 190 1441 209 ιι
1450 179 1467 209 A
1477 190 1495 209 T
1504 190 1521 209 ιι
1531 190 1549 210 u
1559 191 1598 215 Μ,
1620 181 1636 210 i.
1660 179 1800 217 [ἅςοτξσν]
1821 182 2033 212 Instrumentum
2045 193 2100 220 quo
2111 189 2209 213 aratur.
2247 183 2318 221 Virg.
2331 193 2355 221 7.
2374 185 2435 215 AEn.
2450 194 2510 222 539.
2586 204 2588 212 .

1591 220 1666 247 -δι
1682 225 1781 248 terram
1795 228 1908 249 ceritum
1923 220 2047 249 verteb:t
2065 222 2165 250 aratris.
2204 220 2209 223 ’
2268 221 2326 251 Cic.
2347 233 2370 257 ς.
2395 223 2466 251 Verr.
2486 230 2544 260 128.
2586 243 2590 249 .

1435 256 1545 291 Qiibus
1559 262 1674 284 aratrum
1687 255 1783 285 saltem
1794 257 1906 293 aliquod
1918 257 2022 286 sitelles
2033 258 2107 287 istius
2120 258 2255 296 Apronius
2266 259 2403 296 reliquum
2416 261 2491 290 fecit.
2586 263 2588 276 '

1434 295 1560 323 Aratrum
1571 294 1797 323 inducerenioris
1807 295 1858 323 fuit
1867 294 2007 329 Romanis,
2022 304 2085 325 cum
2097 296 2192 325 urbem
2205 296 2323 332 aliquam
2334 297 2503 333 evertissent,
2517 305 2547 330 ut
2586 315 2587 321 ι

1455 341 1515 359 enm
1533 331 1655 359 funditus
1668 330 1800 360 delerent.
1827 332 1946 361 Alodest.
1958 332 2015 360 iul.
2029 342 2072 362 21.
2092 333 2124 363 D.
2141 333 2227 370 Quib.
2240 333 2546 367 mod.ususfr.amittat.
2585 342 2587 354 ²

1436 369 1582 398 Aduncum
1595 376 1720 396 aratrum.
1743 368 1827 397 Ovid.
1839 379 1864 397 2.
1881 369 1949 398 Met.
1963 373 2026 402 286.
2513 368 2515 370 ’

1437 406 1548 435 Ailiduo
1560 405 1668 434 satiatus
1679 412 1765 434 aratro
1775 406 1901 443 agricola.
1923 406 2027 436 Tibull.
2039 416 2064 437 2.
2079 417 2105 437 1.
2122 418 2164 444 51.

1438 444 1568 472 curvum.
1592 443 1664 479 Virg.
1679 452 1701 471 1.
1717 443 1815 480 Georg.
1832 453 1892 481 170.

1437 479 1610 518 Depressum.
1638 480 1708 517 Virg.
1725 490 1746 509 ι.
1761 481 1858 518 Georg.
1870 492 1915 518 45.
1937 481 2020 511 Ovid.
2037 491 2078 518 15.
2094 481 2163 512 Met.
2177 485 2240 518 618.

1436 518 1553 548 Durum.
1577 518 1642 547 Hor.
1657 527 1679 546 1.
1696 518 1780 547 Serm.
1796 529 1817 548 1.
1832 524 1875 551 28-

1425 555 1589 595 ¹Emeritum
1601 554 1665 592 palo
1676 554 1838 592 suspendere
1849 562 1976 586 aratrum.
1999 555 2084 586 Ovid.
2098 565 2123 586 1.
2139 556 2205 587 Fast.
2217 561 2280 594 665,-

1438 593 1534 622 Grave.
1557 593 1624 622 Hor.
1641 593 1669 621 in
1681 593 1742 622 Arte
1753 593 1827 623 Poet.
1840 597 1884 623 66.

1437 630 1555 659 Incurvo
1567 636 1653 658 aratro
1665 636 1763 660 terram
1775 631 1874 660 moliri.
1902 631 1973 669 Virg.
1989 641 2012 660 1.
2032 631 2131 669 Georg.
2142 642 2207 669 494.

1436 666 1582 697 Inflexum.
1605 667 1676 705 Virg.
1692 678 1714 697 1.
1731 669 1829 706 Georg.
1843 673 1904 698 162.

1436 705 1555 771 Patiens.
1577 706 1594 734 i.
1611 714 1634 734 e.
1664 705 1768 735 Durum
1779 728 1788 742 ‚
1810 708 1836 736 Sc
1854 706 1929 744 quod
1946 706 2054 736 labores
2072 706 2191 737 affiduos
2206 708 2275 738 ferre
2287 707 2379 747 poffit.
2418 709 2500 742 Ovid.
2520 716 2547 749 12³
2584 732 2585 735 =

1478 752 1545 771 mor.
1559 753 1600 778 ις.
1618 752 1659 776 31.

1436 780 1567 809 Ruricola
1578 787 1704 810 aratrum.
1731 781 1850 818 Ov'id.4.
1868 782 1984 811 Trist.6.
2002 792 2025 812 1.

1436 817 1578 847 Vertentia
1589 818 1682 855 glebas
1693 826 1787 849 aratra.
1810 820 1893 849 Ovid.
1909 831 1932 856 5.
1948 820 2017 849 Met.
2030 829 2094 857 477.

1435 855 1556 884 Uncum.
1579 855 1650 893 Virg.
1664 866 1686 885 1.
1702 856 1800 894 Georg.
1815 867 1856 892 19-
1936 873 1974 877 -—
1985 859 2106 895 uncique
2118 868 2186 896 puer
2200 859 2364 889 monstrator
2378 862 2465 891 aratri.

1437 892 1478 935 Ab
1492 900 1578 922 aratro
1589 893 1788 924 arcessebantur
1797 896 1843 932 qui
1854 894 1985 925 Consules
1996 895 2103 925 fierent.
2125 896 2182 926 Cic.
2195 901 2246 935 pro
2257 897 2336 927 Rosc.
2350 899 2440 928 Amer.
2453 909 2497 934 59.

1435 930 1653 960 Circumducere
1664 938 1790 962 aratrum.
1812 933 1869 962 Cic.
1881 943 1906 962 2.
1924 933 2044 971 Philipp.

1434 968 1576 1003 Detreclat
1585 977 1672 998 aratra
1682 977 1783 1000 taurus.
1804 970 1924 1008 Propert.
1937 980 1963 999 2.
1976 980 2000 1007 3.
2013 980 2058 1007 47.
2577 995 2581 1004 .
2596 1003 2599 1006 ,

1435 1005 1583 1035 Extrahere
1597 1013 1722 1036 aratrum.
1761 1008 1819 1038 Cic.
1833 1018 1858 1037 2.
1876 1009 1910 1037 de
1925 1008 1988 1038 Nat.
2004 1008 2086 1038 Deor.
2101 1018 2162 1044 159-
2191 1009 2270 1045 fTum
2282 1011 2352 1041 vires
2369 1011 2544 1043 humerorum
2576 1011 2604 1045 ι’.

1454 1043 1648 1073 &latitudines
1659 1045 1693 1073 ad
1705 1051 1791 1075 aratra
1802 1046 1980 1075 extrahenda.

1433 1079 1596 1119 imprimere
1606 1089 1724 1112 aratrum
1733 1084 1818 1113 muris
1829 1084 1929 1113 dicitur
1940 1083 2031 1112 hostis.
2053 1083 2121 1114 Hor.
2136 1094 2160 1114 1.
2175 1084 2265 1114 Carm-
2279 1088 2322 1116 16.
2335 1095 2381 1116 21.

1433 1118 1599 1149 Iiicumbere
1612 1121 1713 1149 aratris.
1740 1120 1813 1158 Virg.
1829 1131 1854 1151 1.
1870 1122 1968 1159 Georg.
1981 1130 2044 1157 213.

1433 1156 1529 1186 Moliri
1540 1164 1638 1186 terrain
1649 1165 1745 1187 aratro.
1767 1158 1838 1196 Virg.
1854 1169 1877 1188 1.
1894 1159 1993 1196 Georg.
2004 1168 2068 1195 494.

1432 1193 1526 1225 Preffis
1536 1201 1635 1224 terram
1647 1195 1822 1233 proscindere
1833 1198 1935 1226 aratris.
1958 1196 2064 1226 Lucret.
2079 1196 2128 1226 lib.
2142 1207 2166 1233 5.
2178 1207 2243 1227 210.

1432 1231 1600 1270 Relinquere
1611 1240 1696 1262 aratra
1706 1233 1796 1263 defixa
1807 1235 1835 1263 in
1846 1235 1940 1263 medio
1952 1244 2045 1272 opere.
2068 1234 2140 1273 Virg.
2153 1241 2177 1272 3.
2200 1235 2299 1273 Georg.
2314 1245 2376 1272 519.

1432 1270 1564 1300 Scindere
1575 1277 1674 1300 terram
1685 1277 1782 1301 aratro.
1805 1271 1852 1301 Sil.
1868 1271 1915 1301 lib.
1930 1282 1972 1307 15.
2322 1301 2330 1310 ,

1432 1306 1541 1337 Rustica
1552 1308 1682 1346 paulatim
1691 1315 1784 1339 taurus
1795 1316 1882 1339 aratra
1893 1310 1972 1339 subit.
1995 1309 2079 1339 Ovi-d.
2091 1318 2117 1339 2.
2133 1309 2168 1339 de
2178 1310 2242 1340 Arte
2253 1311 2312 1341 Am.
2320 1308 2389 1347 '184-

1396 1344 1416 1375 Ji
1427 1355 1449 1412 RS
1452 1348 1470 1412 p
1481 1357 1510 1412 hb
1511 1356 1530 1374 A
1540 1367 1552 1412 ,l
1556 1345 1721 1412 .b[’‘Aeo,⁴<9o]
1749 1346 1843 1384 Lydiae
1861 1347 1915 1377 sive
1933 1348 2064 1378 Maeoniae
2082 1348 2219 1386 oppidum
2236 1348 2293 1385 est,
2322 1350 2400 1385 cujus
2418 1349 2544 1382 meminit
2589 1352 2604 1413 ,i

1465 1393 1491 1413 ra
1513 1394 1529 1412 o
1555 1394 1562 1412 1
1585 1407 1591 1413 .
1606 1394 1648 1419 14.

1394 1420 1415 1450 A
1424 1431 1439 1449 R
1449 1425 1465 1450 ὃ
1475 1432 1496 1450 Μ
1507 1431 1524 1450 A
1534 1430 1553 1450 T
1564 1432 1582 1450 A
1591 1444 1599 1456 ‚
1618 1417 1777 1458 [ἀςίικςιὲι]
1794 1422 1822 1451 in
1832 1421 1931 1460 plurali
1947 1421 2034 1458 (nam
2045 1422 2144 1452 Aroma
2153 1433 2213 1453 raro
2226 1423 2347 1460 dicitur)
2364 1424 2553 1461 Quarundam
2586 1434 2604 1731 l

2587 1510 2590 1523 Ι

2595 1081 2604 1095 O

1431 1459 1578 1488 herbarum
1588 1460 1705 1494 fructus,
1720 1459 1812 1489 odoris
1823 1462 1848 1490 &
1858 1459 1960 1498 saporis
1971 1461 2123 1490 admodum
2133 1462 2217 1498 grati,
2234 1461 2334 1499 quibus
2344 1462 2447 1491 utimur
2455 1462 2498 1491 vel
2508 1462 2543 1493 ad

1431 1497 1673 1526 excalfaciendum
1684 1497 1867 1527 ventriculum
1875 1520 1882 1533 ‚
1899 1497 1943 1527 vel
1955 1499 1989 1526 ad
2000 1500 2188 1536 appetentiam
2200 1500 2406 1537 provocandam
2415 1521 2423 1534 ‚
2441 1506 2472 1529 ut
2481 1500 2542 1530 sunt

1432 1534 1572 1572 Zingiber,
1589 1536 1683 1579 piper,
1697 1534 1852 1564 saccharum
1862 1557 1870 1571 ,
1885 1537 1910 1565 Sc
1922 1535 2132 1572 hujuscemodi,
2148 1547 2213 1574 quas
2223 1536 2319 1573 vulgus
2329 1537 2441 1575 Species
2453 1545 2541 1570 vocat.

1432 1571 1570 1602 Columel.
1582 1573 1629 1602 lib.
1645 1583 1685 1602 12.
1700 1582 1761 1610 cap.
1773 1583 1818 1603 20.
1845 1573 1955 1603 Deinde
1965 1583 2050 1610 quum
2063 1574 2200 1604 videbitur
2210 1574 2388 1604 mediocriter
2398 1574 2486 1605 calere
2496 1576 2541 1605 de-

1430 1610 1535 1639 'frutum
1543 1633 1551 1645 ‚
1567 1611 1671 1647 reliqua
1680 1617 1801 1640 aromata
1810 1611 1958 1641 contusa&
1969 1612 2083 1641 cribrata
2093 1612 2226 1650 paulatim
2236 1612 2384 1650 insperges,
2399 1613 2540 1649 &jubebis

1431 1648 1559 1678 rutabulo
1570 1648 1662 1685 ligneo
1673 1649 1768 1685 agitari
1777 1649 1853 1686 quod
1864 1649 2008 1678 decoxeris
2016 1671 2024 1685 ‚
2042 1659 2164 1687 eousque
2174 1651 2242 1679 dum
2252 1650 2417 1687 defrigescit.
2457 1651 2541 1688 Quod

1433 1685 1452 1714 si
1462 1696 1519 1715 non
1530 1687 1567 1715 ita
1577 1695 1608 1716 ut
1619 1687 1793 1724 praecipimus
1801 1708 1809 1722 ‚
1826 1686 2015 1724 permiscueris
2024 1709 2032 1723 ‚
2049 1687 2187 1717 subsident
2196 1695 2316 1717 aromata
2324 1710 2332 1723 ,
2347 1689 2373 1717 ἀ
2382 1688 2538 1720 adurentur.

1394 1722 1415 1751 A
1426 1732 1441 1751 ιι
1451 1733 1467 1752 o
1477 1735 1498 1752 M
1510 1734 1529 1752 A
1538 1734 1558 1752 T
1567 1734 1585 1753 A
1597 1734 1611 1752 R
1621 1736 1629 1753 1
1639 1734 1657 1753 υ
1666 1734 1678 1753 s
1687 1746 1695 1759 ,
1715 1724 1732 1753 i.
1753 1734 1790 1753 m.
1812 1722 2052 1760 [ἀςωιιμππῶληε]
2081 1725 2138 1762 Qui
2151 1732 2273 1755 aromata
2283 1726 2388 1755 vendit.
2416 1726 2541 1756 Budaeus.

1392 1761 1414 1789 A
1424 1771 1464 1804 ιιρ
1473 1772 1494 1790 Μ
1502 1771 1521 1790 A
1529 1771 1548 1790 T
1557 1765 1591 1791 ic
1602 1772 1618 1791 u
1627 1772 1638 1791 s
1649 1784 1656 1796 ‚
1674 1762 1732 1795 Adi.
1748 1759 1951 1798 [ἀρωμροτύδης]
1969 1762 2054 1798 Quod
2065 1764 2180 1792 odorem
2191 1769 2344 1793 aromatum
2353 1763 2445 1793 habet.
2470 1763 2536 1794 Plin.
2584 1779 2586 1783 ν

1430 1798 1477 1828 lib.
1492 1809 1533 1835 14.
1549 1809 1608 1837 cap.
1623 1809 1664 1836 13.
1688 1799 1755 1829 Ideo
1767 1799 1879 1837 quidem
1892 1801 2048 1830 aromaticis
2059 1801 2211 1831 delectatos
2223 1802 2344 1830 maxime
2357 1803 2483 1831 credunt.
2587 1829 2592 1841 ι

1392 1836 1413 1866 A
1423 1846 1439 1864 R
1449 1846 1466 1865 o
1475 1848 1495 1865 Μ
1507 1847 1526 1866 A
1536 1847 1554 1865 T
1563 1842 1575 1866 ῖ
1585 1848 1604 1866 T
1615 1847 1628 1866 ιι
1637 1847 1649 1866 s
1658 1859 1667 1873 ‚
1694 1847 1725 1866 ae.
1754 1847 1792 1866 m.
1823 1838 2022 1876 [ἀρωκᾳῆης]
2051 1838 2167 1868 Gemma
2178 1849 2238 1876 quae
2253 1840 2283 1868 in
2294 1838 2391 1868 Arabia
2403 1840 2536 1877 gignitur:
2582 1847 2604 1877 ια

1428 1874 1468 1903 ita
1479 1875 1552 1904 dieta
1562 1876 1637 1912 quod
1649 1874 1763 1912 myrrhae
1776 1875 1891 1904 odorem
1901 1875 2007 1905 habeat.
2037 1875 2106 1905 Plin.
2125 1876 2173 1906 lib.
2187 1885 2230 1913 37.
2247 1886 2307 1914 cap.
2321 1887 2365 1905 10.

1427 1912 1591 1942 Aromatites
1601 1914 1696 1942 vinum
1713 1922 1775 1942 cum
1791 1913 1909 1947 dicitur,
1930 1913 2112 1944 masculinum
2122 1913 2234 1956 figurate
2250 1920 2349 1944 neutro
2367 1914 2461 1952 generi
2477 1916 2536 1951 juri.-
2567 1910 2572 1939 Γ
2588 1909 2604 1949 sa

1443 1951 1518 1987 gitur
1529 1973 1536 1986 ‚
1559 1951 1713 1988 Vinumque
1730 1950 1861 1987 significat
1877 1951 2012 1980 factitium
2023 1973 2032 1987 ,
2061 1952 2241 1982 cinnamomo
2258 1954 2284 1982 Sc
2299 1952 2427 1982 saccharo
2442 1953 2536 1982 condi·
2566 1942 2571 1988 l
2588 1949 2604 1984 fi

1445 1997 1515 2017 tum.
1538 1989 1606 2018 Plin.
1622 1988 1670 2017 lib.
1686 1998 1727 2024 14.
1743 1998 1802 2025 cap.
1817 1992 1858 2018 16.
2566 1991 2571 2040 3⁵
2603 2024 2604 2028 ,

1388 2024 1410 2054 A
1420 2035 1436 2054 R
1447 2036 1464 2054 ο
1474 2036 1493 2054 N
1505 2048 1513 2061 ,
1534 2025 1578 2055 vel
1599 2028 1617 2055 A
1627 2037 1642 2054 ιι
1652 2036 1668 2055 o
1678 2036 1689 2054 s
1699 2048 1707 2060 ,
1728 2025 1747 2055 i.
1778 2025 1873 2062 [ἔρον]
1903 2025 1983 2055 Bulbi
1996 2036 2082 2064 genus
2092 2049 2100 2062 ,
2120 2027 2204 2064 vulgo
2217 2038 2267 2066 per
2284 2034 2371 2057 totam
2382 2027 2536 2059 Hetruriam
2567 2059 2569 2062 ,
2589 2037 2604 2060 ιι

1424 2070 1538 2092 vocatur
1550 2065 1648 2100 Gigaro.
1667 2073 1702 2092 ex
1717 2063 1796 2099 cujus
1808 2064 1898 2093 radice
1917 2064 2045 2093 mulieres
2056 2074 2155 2101 aquam
2170 2066 2291 2101 faciunt,
2313 2066 2349 2095 ad
2363 2066 2464 2095 faciem
2477 2066 2536 2100 inu,-
2563 2062 2604 2103 μέ

1423 2101 1568 2130 strandam.
1592 2101 1658 2132 Plin.
1672 2101 1721 2130 lib.
1736 2111 1776 2136 19.
1792 2111 1852 2139 cap.
1866 2112 1889 2137 5.
1908 2101 1944 2130 de
1956 2104 2006 2131 Aro
2019 2102 2137 2139 plenius.
2564 2115 2569 2134 ι
2600 2135 2601 2138 ,

1424 2140 1514 2174 Aron,
1535 2139 1696 2176 Spinagium
1706 2138 1829 2176 sylvestre
1840 2139 2015 2177 appellatura
2026 2139 2085 2169 folii
2096 2140 2292 2170 similitudine:
2316 2141 2398 2178 vulgo
2409 2147 2535 2180 corrupte
2563 2139 2565 2178 4
2582 2150 2604 2174 *11

1443 2181 1518 2204 Ia'ron
1535 2184 1643 2206 vocant.
1680 2175 1782 2206 Pedem
1796 2177 1876 2205 vituli
1893 2177 1976 2206 etiam
1992 2177 2213 2215 Pharmacopolae
2225 2178 2375 2216 appellant.
2414 2179 2490 2215 Quin
2508 2181 2533 2210 ἃ
2562 2185 2565 2201 ῑ
2595 2187 2604 2218 ς

1443 2223 1461 2243 a
1472 2214 1539 2244 flore
1554 2214 1666 2252 genitali
1683 2214 1783 2244 canino
1795 2214 1875 2244 simili
1886 2236 1894 2250 ‚
1915 2215 2028 2252 quidam
2043 2215 2169 2245 Genitale
2184 2217 2314 2245 caninum
2325 2221 2500 2246 vocaverunt.
2562 2207 2568 2255 ᾖ
2595 2221 2604 2250 ε

1825 2290 1854 2326 A
1945 2291 1975 2326 R
2070 2292 2095 2327 P
2560 2271 2566 2345 l
2599 2285 2604 2322 i

1386 2356 1407 2388 A
1416 2367 1432 2387 ιι
1440 2361 1455 2386 ι»
1465 2366 1484 2387 A
1492 2366 1514 2387 rr
1523 2367 1542 2387 i>
1551 2366 1566 2387 t
1574 2367 1586 2387 s
1595 2380 1603 2394 ,
1618 2353 1797 2395 [Ἃρππίνῶις]
1813 2357 1876 2388 Fuit
1884 2358 1992 2396 AEgypti
2004 2368 2054 2396 pro
2065 2358 2197 2397 cambyse
2207 2360 2354 2398 praefec‘tus
2362 2383 2371 2398 ‚
2385 2362 2433 2399 qui
2442 2361 2532 2400 postea
2557 2348 2565 2392 i
2571 2350 2604 2394 ,11

1422 2406 1437 2425 a
1450 2395 1531 2425 Dario
1543 2397 1703 2426 interfectus
1718 2396 1765 2425 est.
1793 2397 1898 2426 Author
1914 2397 2047 2426 Herodot.
2063 2396 2110 2426 lib.
2126 2406 2152 2433 3.
2560 2395 2564 2423 l
2581 2409 2584 2415 ·
2598 2402 2604 2414 ‘¹

1385 2434 1495 2467 Arpi,
1516 2444 1603 2463 orum.
1640 2435 1896 2473 V.ARGY3R1PA.
2596 2426 2604 2456 l

1385 2473 1406 2501 A
1415 2481 1431 2499 R
1439 2481 1454 2499 ι»
1462 2473 1475 2501 ἶ
1483 2481 1501 2499 Ν
1512 2482 1529 2500 u
1538 2482 1558 2500 M
1571 2493 1578 2505 ,
1601 2472 1755 2508 [Ἀρπίνσν]
1777 2471 1922 2509 Oppidum
1933 2471 2094 2501 Volscorum
2105 2472 2134 2501 in
2143 2471 2221 2501 Latio
2231 2495 2238 2507 ‚
2255 2474 2329 2510 quod
2339 2474 2379 2504 M.
2393 2474 2532 2504 Ciceronis
2573 2474 2604 2508 «ω’

1423 2510 1450 2539 &
1461 2509 1585 2553 Cirta-rii
1597 2509 1732 2553 natalibus
1743 2509 1873 2546 gloriatur
1885 2519 1891 2539 :
1913 2517 1946 2539 ex
1958 2520 2013 2552 quo
2024 2510 2166 2553 Arpinates
2176 2510 2260 2539 hodie
2270 2512 2307 2540 ob
2318 2512 2453 2541 honorem
2462 2512 2529 2542 tanti

1385 2547 1963 2620 i11²2¹¹1⁰r¹1⁰lps¹³tiiis¹¹ti3³j⁸’[³2¹iissiwi'23350
1976 2550 2049 2615 ‘'55³0‘'
2062 2547 2325 2616 Pui’issis'euffirpssssi'
2337 2592 2352 2621 g
2390 2586 2423 2617 ivr
2440 2596 2472 2616 us
2504 2596 2518 2616 a
2576 2599 2579 2602 -

1422 2629 1515 2652 ternus
1527 2604 1676 2659 avi'dusque
1686 2607 1788 2652 fundus
1800 2623 1922 2660 Arpinas.
1992 2646 1998 2654 ,
2039 2607 2045 2614 ·
2059 2595 2083 2621 3·
2190 2596 2206 2623 g
2260 2597 2275 2623 ὃ
2319 2610 2325 2616 ”
2355 2610 2362 2616 ’
2425 2597 2439 2617 e
2484 2597 2502 2625 P
2519 2606 2530 2613 “
2556 2594 2590 2671 3&

1384 2659 1573 2734 Αιίίιὲιῗουῗᾶ
1593 2660 1668 2690 aliud
1682 2660 1741 2696 Adj.
1768 2661 1876 2698 Arpinae
1891 2660 2008 2696 chartae,
2033 2660 2050 2690 i.
2064 2669 2088 2690 e.
2110 2659 2217 2699 Scripta
2229 2660 2364 2692 Tulliana.
2409 2661 2527 2693 Maniai.
2556 2667 2562 2680 ··

1810 2774 1839 2810 A
1934 2774 1964 2810 R
2063 2776 2114 2817 Q

1382 2840 1403 2871 Α
1413 2850 1427 2870 1<
1440 2851 1485 2877 Qu
1497 2850 1516 2870 Α
1525 2850 1545 2869 τ
1554 2851 1572 2870 υ
1583 2850 1594 2870 s
1606 2862 1613 2875 ‚
1634 2839 1800 2876 [ιςᾳμπόλςψ
1812 2862 1820 2875 ,
1842 2841 1950 2875 imm]
1975 2840 2033 2877 Adj.
2056 2841 2156 2870 dicitur
2167 2840 2307 2879 Quicquid
2318 2841 2439 2878 speciem
2449 2849 2524 2871 arcus
2574 2839 2575 2842 ’

1405 2880 1496 2916 gerit.
1526 2879 1659 2908 Scribitur
1671 2880 1696 2907 8..-
1710 2879 1846 2908 Arcuatus.
1877 2878 1960 2908 Ovid.
1976 2888 2017 2908 11.
2033 2878 2101 2908 Met.
2116 2888 2176 2913 590.

1498 2916 1547 2946 Iris
1561 2918 1587 2945 Sa
1602 2922 1715 2952 arquato
1729 2915 1831 2945 coelum
1846 2917 2003 2945 curvamine
2018 2916 2132 2953 signans.

1419 2954 1531 2983 Curius.
1554 2954 1610 2983 Liv.
1618 2963 1687 2982 1.21.
1703 2954 1743 2982 Ad
1753 2954 1782 2982 id
1792 2953 1935 2983 sacrarium
1946 2954 2071 2983 flamines
2082 2953 2151 2991 bigis
2161 2963 2242 2983 curru
2252 2960 2361 2982 arcuato
2370 2953 2432 2982 vehi
2441 2952 2521 2989 juffit.
2555 2959 2558 2975 ⁸

1418 2993 1552 3028 Arquatus
1564 2991 1680 3021 Morbus
1692 2991 1729 3019 est
1739 3012 1746 3025 ,
1768 3001 1850 3027 quem
1864 2991 1979 3028 Regium
1989 2992 2151 3020 nominant:
2179 2992 2213 3020 sic
2229 2991 2318 3020 dicius
2333 3001 2347 3020 a
2359 2991 2452 3020 colore
2469 3001 2523 3030 coe7

1437 3029 1508 3059 lestis
1519 3039 1612 3063 arcus,
1633 3038 1714 3065 quem
1724 3029 1878 3066 poetaelrin
1887 3036 1995 3058 vocant.
2036 3029 2108 3058 Nam
2120 3029 2224 3065 antiqui
2234 3038 2282 3066 per
2296 3039 2331 3065 qu
2346 3031 2449 3065 Arquus
2463 3028 2523 3058 scri-

1436 3066 1558 3102 bebant,
1579 3067 1653 3103 quod
1667 3076 1718 3095 nos
1729 3076 1778 3103 per
1790 3076 1822 3101 e,
1844 3068 1935 3095 Arcus.
1974 3066 2042 3096 Cels.
2058 3067 2103 3095 lib.
2118 3075 2141 3103 3.
2158 3076 2217 3103 cap.
2235 3077 2275 3101 ¹4·
2300 3067 2387 3103 ffique
2398 3073 2478 3095 notus
2487 3065 2523 3095 est

1436 3105 1565 3139 morbus,
1586 3114 1668 3141 quem
1680 3104 1820 3133 interdum
1831 3111 1974 3141 arquatum
1985 3126 1992 3138 ‚
2013 3105 2152 3134 interdum
2163 3105 2266 3139 regium
2278 3107 2431 3133 nominant.
2455 3103 2520 3133 Plin.
2568 3115 2572 3127 ε

1435 3142 1483 3172 lib.
1496 3151 1539 3172 22.
1559 3152 1617 3179 cap.
1630 3151 1674 3177 24.
1709 3141 1791 3170 Varro
1805 3142 1910 3178 regium
1931 3143 2157 3178 cognominatum
2172 3141 2299 3170 morbum
2316 3148 2458 3179 arquatum
2473 3147 2522 3170 tra-

1433 3180 1494 3216 dit,
1516 3182 1645 3217 quoniam
1656 3184 1765 3208 curetur
1776 3179 1871 3208 mulso.
1912 3179 2012 3216 Regius
2023 3186 2114 3208 autern
2128 3180 2229 3208 dicitur
2241 3201 2248 3214 ,
2271 3187 2302 3208 ut
2317 3180 2355 3208 ait
2366 3179 2449 3209 Ovid.
2465 3203 2469 3207 .

1494 3217 1617 3247 Molliter
1630 3216 1734 3245 excelsa
1749 3217 1878 3253 quoniam
1895 3225 2005 3246 curetur
2019 3218 2048 3245 in
2063 3216 2134 3246 aula.

1414 3256 1525 3292 Arquati
1546 3255 1659 3290 (inquit
1672 3254 1800 3289 Nonius)
1828 3254 1936 3290 Quibus
1953 3254 2029 3283 color
2046 3256 2071 3284 Sc
2087 3254 2161 3283 oculi
2178 3254 2282 3289 virent,
2314 3254 2384 3292 quali
2400 3255 2429 3283 iri
2447 3252 2520 3295 arqpi

1432 3292 1647 3322 liniilitudinem.
1697 3291 1780 3320 Varro
1800 3292 2029 3327 Eudaemonibus‚
2058 3292 2128 3321 Nam
2146 3298 2176 3320 ut
2193 3293 2311 3328 arquatis
2330 3294 2355 3321 <Sc
2375 3292 2519 3321 veternoiis

1435 3341 1495 3367 qua:
1509 3331 1582 3360 lutea
1592 3340 1647 3359 non
1659 3329 1737 3364 sunt,
1758 3339 1834 3366 aeque
1844 3329 1955 3358 utlutea
1964 3331 2108 3359 videntur:
2130 3329 2165 3358 sic
2176 3329 2274 3358 insanis
2286 3329 2358 3365 sani,
2378 3332 2404 3359 δι
2415 3327 2516 3358 furiolis

1431 3369 1558 3397 videntur
1572 3368 1624 3397 effe
1641 3367 1736 3396 insani.
1774 3366 1914 3396 Hactenus
1931 3367 2046 3397 Nonius.
2084 3366 2153 3397 Plin.
2169 3367 2218 3396 lib.
2230 3377 2272 3404 27.
2289 3377 2349 3404 cap.
2365 3376 2406 3396 12.
2437 3365 2515 3395 Radi-
2549 3374 2551 3389 1

1430 3416 1494 3435 cum
1507 3407 1654 3435 decoctum
1667 3412 1764 3442 potum
1773 3426 1782 3439 ,
1803 3404 1877 3433 sanat
1887 3412 2020 3442 arquatos.
2550 3411 2551 3430 i
2601 3432 2604 3439 Δ

1410 3442 1559 3481 Arquatum
1578 3452 1663 3481 pecus
1682 3442 1742 3472 Col.
1766 3441 1785 3471 l.
1800 3451 1824 3478 7.
1848 3451 1871 3471 c,
1893 3453 1916 3478 5.
1954 3442 2024 3479 Quae
2043 3443 2099 3481 ipsa
2119 3442 2242 3474 remedio
2262 3442 2300 3471 est
2320 3442 2403 3471 etiam
2423 3439 2515 3479 pecori
2544 3458 2551 3490 Ι,
2601 3472 2604 3477 ,

1430 3491 1457 3510 ar
1478 3488 1552 3510 nato,
2575 3493 2578 3496 ·
2601 3485 2603 3506 ζ

1371 3492 1501 3586 Λιέᾳὲιι
1512 3528 1549 3547 τι
1561 3529 1576 3547 1.
1587 3529 1594 3546 i
1606 3527 1618 3547 s
1638 3517 1682 3547 vel
1703 3518 1749 3547 AR
1760 3526 1883 3547 cuAri
1896 3528 1963 3547 Lis.
2003 3517 2083 3548 Idem
2100 3518 2176 3555 quod
2194 3517 2342 3553 Armatus,
2371 3516 2510 3552 Sidon-3.
2544 3495 2547 3542 i

1453 3557 1491 3585 ist.
1505 3566 1530 3585 2.
2548 3571 2549 3577 .
2600 3572 2602 3581 ι

1370 3567 1529 3661 RRQgiTss,
1547 3593 1681 3660 [Τπξόὗοιι]
1700 3593 1768 3622 Areu
1779 3592 1950 3630 praeliantes,
1966 3594 2100 3631 quinunc
2111 3593 2240 3624 dicuntur
2249 3591 2392 3630 Sagittarii.
2413 3589 2509 3620 Festus.
2543 3590 2549 3632 3

1402 3641 1582 3669 aquusfl.
1643 3638 1805 3659 .A1<c.1JS.
2542 3647 2545 3654 .

2546 3249 2553 3372 a—q—efl-
2552 3211 2553 3214 „
2552 3176 2553 3179 „

1796 3693 1823 3728 A
1912 3693 1942 3729 R

1370 3750 1656 3781 ΛιιιιιιοτΛιιιυε.
1690 3750 1723 3780 V.
1746 3758 1897 3778 Αιιιιιοο.

1368 3788 1527 3818 Annio.
1563 3789 1593 3818 V.
1614 3796 1767 3818 Annaeo.

1367 3833 1386 3852 A
1397 3834 1413 3852 ιι
1423 3834 1439 3852 ιι
1449 3835 1463 3853 ιι
1472 3835 1487 3853 Ρ
1497 3835 1516 3853 T
1525 3836 1542 3854 0
1552 3848 1560 3860 ,
1580 3824 1746 3863 [waima]
1771 3826 1825 3853 are.
1856 3823 1934 3853 Idem
1947 3824 2021 3861 quod
2035 3824 2154 3863 Adrepo.
2192 3824 2262 3853 Plin.
2277 3823 2324 3853 lib.
2336 3831 2379 3861 35.
2395 3830 2453 3860 cap.
2466 3828 2507 3850 ιο.

1404 3861 1475 3890 Item
1488 3863 1596 3894 nobiles
1611 3863 1730 3893 Bacchas
1744 3861 1943 3898 arreptantibus
1957 3863 2066 3899 Satyris.
2544 3892 2545 3898 .

1365 3899 1386 3929 A
1396 3908 1482 3929 naar
1492 3909 1577 3931 *riri
1588 3912 1605 3931 u
1615 3912 1627 3932 s
1637 3923 1646 3937 ‚
1676 3894 1858 3936 [draconariis]
1888 3898 1944 3935 Qui
1964 3909 1980 3929 a
1999 3900 2126 3930 daemone
2144 3899 2265 3937 rapitur,
2293 3898 2340 3935 qui
2359 3894 2507 3963 etiamtigiblg

2385 3943 2433 3972 rep
2468 3941 2486 3961 u

2033 3694 2065 3729 R
