2641 4187
409 75 448 111 JE
549 77 601 117 Q
683 74 716 110 U

87 158 247 199 Apollodor.
263 157 310 187 lib.
325 166 350 187 2.
367 164 491 197 extremo
504 177 511 191 ,
535 155 584 184 ubi
615 155 710 184 uidam
728 151 856 190 Aban-731
877 156 990 195 legunt,
1011 156 1058 187 sed
1072 157 1216 189 pausamas

88 197 202 230 Menesi.
221 207 247 234 p.
267 205 328 229 ιιι.
352 196 396 224 Gr.
417 198 551 222 Amvr&.
622 193 667 221 inc

51 235 132 270 ΞΕΡῩ·
146 237 270 268 rsnrs,
292 233 383 269 ffipyti
396 231 476 260 tilius.
506 230 579 266 Virg.
595 240 617 265 ς.
635 231 696 259 ffin.
713 241 747 265 54
768 252 774 258 .
805 232 831 260 ἃ
846 231 883 268 pl,

52 274 84 306 ΗΞ
92 284 105 303 1²
114 274 132 302 rr
142 283 159 301 T
169 283 177 300 1
189 282 204 300 o
213 282 236 300 AE
247 269 378 308 appellati
388 277 464 305 reges
475 267 674 298 Messeniorum
686 267 737 296 abi
762 278 788 297 o.
810 269 841 297 V.
856 269 965 300 Pausan.
977 271 1008 300 in
1017 270 1134 301 Meffen.

53 311 251 344 AEprTrus,
272 318 305 343 a,
327 317 383 336 um.
405 306 467 341 Adj.
505 305 537 334 V.
559 314 763 334 AEPHlTlus.

542 366 740 410 AEQ..

0 430 5 459 ,ι
53 421 304 458 EQUAuirrs,
336 416 367 446 V.
390 425 526 451 AEQUUS.

0 931 1 938 ι
50 911 360 946 ΕᾳυΛΜΕΝΊ-υνι,
381 908 398 936 i.
419 917 445 936 n.

0 2774 27 2924 il

0 2926 7 3142 l

0 3295 7 3479 l

0 3482 6 3556 l

0 3679 5 3712 l

3 3713 9 3727 Β

27 3266 29 3275 i

27 3283 29 3294 ι

28 3378 30 3393 l

22 1950 23 1959 i
60 1931 185 1968 AEqur‚
207 1930 342 1968 [Aiaci]

22 2515 24 2523 ¹
66 2503 278 2538 IEQurnres,
299 2503 334 2531 ei.

0 2695 26 2782 ³2
75 2752 78 2754 ,

30 3656 32 3671 l

0 3711 27 3793 ,w

0 3939 16 4098 i

54 458 85 493 AE
94 469 138 494 Qu
149 469 171 486 ε
181 466 197 485 ν
208 466 225 485 u
234 465 246 485 s
259 478 267 491 ,
288 465 303 484 a
313 477 320 489 ,
342 464 398 483 um.
422 453 554 489 [ὀμνῖλιξ]
577 452 762 490 compositum
775 461 810 483 ex
823 454 926 490 AEquus
938 457 964 485 Sc
979 455 1087 486 IEvum.
1129 454 1168 483 Ab
1181 463 1216 483 eo

91 494 166 534 quod
182 494 213 523 sit
231 493 308 523 alteri
323 491 434 529 aequalis
451 501 510 521 aevo
521 513 528 526 ,
555 490 573 519 i.
593 500 617 519 e.
643 497 808 520 coaetaneus.
844 491 905 521 Ilid.
919 493 936 522 l.
954 503 994 522 10.
1024 493 1092 522 Plin.
1109 492 1156 521 lib.
1173 496 1214 520 16.

89 543 150 571 cap.
164 544 209 568 44.
250 531 352 559 Verum
368 529 452 558 altera
466 529 539 558 lotos
554 529 583 556 in
598 527 741 557 Vulcanali
755 550 762 563 ,
784 530 860 565 quod
873 530 1008 560 Romulus
1021 531 1164 560 constituit
1182 539 1217 558 cx

89 571 203 602 victoria
215 569 250 598 de
261 567 386 597 decumis
397 589 404 601 ,
426 576 544 603 :equreva
554 565 614 595 urbi
628 566 800 603 intelligitur.
833 567 905 603 Virg.
921 577 946 597 2.
962 569 1024 598 JEn.
1040 573 1101 605 5⁶¹·

169 608 206 637 Ut
220 616 313 644 regem
331 614 482 641 :equ-<evum
497 602 604 634 crudeli
622 603 735 633 vulnere
752 604 809 632 vidi

169 645 259 674 Vitam
274 642 458 672 exhalantem.
543 641 657 671 Nomen
674 641 712 671 est
725 641 836 679 proprie
847 642 998 680 poeticum.
1041 644 1114 674 Nam
1130 653 1220 680 oequa-

71 708 73 712 .
93 683 125 714 lis
136 705 144 718 ,
165 683 317 712 oratorium
329 680 374 709 est.

58 723 179 760 Corpus,
197 729 357 758 aequaevum.
389 717 438 747 Sil.
450 716 510 746 Ital.
528 716 575 746 lib.
590 726 612 754 3.
626 726 690 755 479.

58 761 137 791 Grex.
167 759 231 788 Seri.
246 758 339 794 Agam.
354 765 379 793 7.
397 758 499 791 v.⁴639.
523 755 558 784 de
570 756 662 792 pueris
676 754 803 791 ejusdem
816 755 910 784 aetatis.

93 796 229 831 Maiestas.
258 794 355 824 Claud.
370 799 395 827 8.
412 793 510 829 paneg.
527 802 587 822 ιιι.

92 833 196 864 Falmes
209 842 353 870 aequaevus.
384 832 450 860 Stat.
465 842 489 866 ς.
505 830 578 868 Sylv.
596 841 620 859 1.
632 835 679 866 48.

55 873 252 908 AEquAers,
282 870 313 899 V.
335 879 473 904 AEQuus.
518 901 523 911 Ι

466 905 588 942 [laum]
610 904 643 934 ab
653 905 743 941 ffiquo
753 926 760 940 ,
782 904 841 934 Vet.
854 904 936 934 Gloss‘.
956 905 1031 936 idem
1043 906 1119 944 quod
1128 906 1221 943 AEqui-

92 948 214 978 librium.
236 947 310 976 Non.
328 956 350 975 1.
370 956 380 974 1
389 955 411 974 ι.
445 944 651 973 Hostimentum
660 942 701 985 est
712 950 916 980 aequamentum
926 966 934 979 ,
955 945 1030 974 unde
1041 947 1067 974 S:
1078 945 1168 974 hostes
1180 944 1221 973 di-

94 986 130 1015 eti
142 984 203 1014 sunt
213 1007 221 1019 ,
244 985 291 1021 qui
301 994 336 1013 ex
349 993 425 1020 aequa
434 981 512 1012 causa
523 990 647 1019 pugnam
658 987 767 1011 ineunt.
790 981 863 1010 lbid.
875 987 919 1015 28.
958 983 1073 1012 Amullis
1085 983 1123 1013 est
1132 993 1221 1019 aequa-

93 1030 220 1053 mentum
233 1022 382 1060 levigatum
396 1022 446 1050 &a

57 1061 90 1094 AE
100 1071 147 1098 Qu
157 1071 175 1089 A
186 1070 205 1089 N
215 1062 228 1089 ῑ
236 1071 256 1089 Μ
265 1070 283 1089 u
293 1070 305 1089 s
315 1082 324 1095 ,
341 1069 357 1088 a
365 1081 373 1093 ,
390 1067 447 1088 um.
469 1066 503 1086 ex
514 1056 618 1093 AEquus
631 1057 657 1085 &
668 1056 782 1085 Animus
793 1057 915 1094 compos.
937 1058 1111 1094 [ἔυγνώμων]
1130 1056 1221 1087 Animi

94 1099 166 1167 ffqui
183 1100 209 1128 ἃ
225 1098 320 1127 sedati.
350 1095 449 1126 Auson.
467 1095 538 1125 Sec‘t.
554 1105 580 1131 4·
598 1104 623 1123 v.
646 1103 670 1131 3.
700 1093 735 1123 ad
753 1094 946 1132 Drepanium,
978 1097 1013 1126 de
1028 1096 1097 1126 ludo
1115 1094 1221 1135 septem

107 1148 121 1166 zi
142 1143 250 1166 rentum

122 1147 140 1176 p
173 1157 354 1211 ffiquainimus
368 1171 432 1201 fiam
445 1176 473 1199 te
486 1170 598 1206 judice:
620 1168 673 1199 sive
687 1168 816 1206 legenda,

216 1212 278 1241 Sive
292 1210 411 1247 tegenda
424 1216 506 1246 putes
520 1208 643 1237 carmina
658 1217 718 1244 quae
733 1207 871 1237 dedimus.

95 1250 193 1280 Cicero
202 1270 210 1285 ,
231 1249 310 1278 Bono
320 1247 414 1276 animo
425 1269 433 1281 ,
456 1248 482 1276 ἃ
494 1256 572 1283 aequo
584 1246 678 1274 animo
689 1245 742 1274 effe
755 1245 837 1289 dixit.
866 1246 947 1275 Conf.
972 1256 991 1275 A
1001 1257 1022 1276 Ν
1032 1260 1041 1277 ι
1051 1260 1072 1277 M
1082 1259 1106 1278 ,ιε
1115 1257 1161 1284 Qu
1170 1257 1190 1277 υ
1198 1257 1220 1277 s.

57 1287 204 1324 AEQUAN
215 1297 223 1314 1
233 1297 254 1315 M
264 1288 368 1320 fTAs,
389 1285 449 1313 atis.
472 1284 617 1320 [3v9vei-1'oe2
634 1284 820 1320 e'vvapmwn]
842 1284 934 1313 Animi
948 1287 1070 1322 aequitas.
1107 1286 1173 1315 Haec
1184 1286 1223 1314 est

95 1325 206 1365 propria
222 1325 281 1359 ejus
297 1323 419 1352 nominis
439 1321 615 1359 lignificatio:
647 1330 750 1358 nempe
768 1328 904 1359 perpetua
922 1324 1047 1360 quaedain
1065 1324 1221 1359 tolerantia,

95 1372 181 1401 quum
199 1361 303 1391 scilicet
322 1360 398 1390 nulla
418 1369 447 1389 re
467 1360 583 1397 graviter
602 1359 799 1396 indignamur,
828 1359 877 1388 sed
896 1370 975 1397 aequo
996 1363 1089 1391 animo
1109 1362 1223 1392 ferimus

94 1399 197 1431 omnia.
237 1400 355 1429 Budaeus
371 1398 567 1436 aegritudinum
579 1397 746 1426 vacuitatem
758 1397 962 1435 interpretatur.

92 1439 162 1506 Plirg.
177 1437 224 1467 lib.
240 1443 281 1472 18-
295 1447 355 1475 cap.
370 1445 411 1466 12.
442 1435 560 1466 lnvenio
572 1435 647 1474 apud
658 1435 789 1465 authores
800 1437 1035 1473 aequanimitatem
1045 1436 1105 1466 fieri
1115 1437 1225 1468 vescen-

114 1482 135 1506 ti
157 1486 188 1506 us
200 1486 241 1505 ea.

95 1513 294 1552 AEquanimitas
304 1511 420 1550 populi,
442 1511 547 1548 Favor,
569 1512 742 1549 &propitius
752 1510 861 1542 animus
871 1534 879 1548 ,
900 1518 932 1542 ut
943 1513 982 1542 ait
990 1512 1125 1544 Donatus.
1156 1513 1222 1543 Ter.

116 1552 187 1591 prol.
203 1552 312 1581 Phorm.
325 1560 351 1579 v.
365 1559 408 1586 35.

137 1590 305 1627 Bonitasque
319 1588 405 1618 vestra
416 1588 544 1624 adjurans
555 1609 563 1623 ,
584 1594 666 1624 atque
682 1587 881 1624 aequanimitas.

58 1627 94 1662 ΞΕ
102 1638 146 1665 Qu
156 1639 174 1657 A
185 1638 205 1657 Ν
214 1639 223 1656 1
233 1639 253 1656 M
263 1638 272 1655 1
282 1636 301 1655 T
310 1636 325 1655 a
333 1636 351 1655 R
361 1648 368 1662 ‚
390 1625 589 1670 [e'uyvsvpio‘vm]
610 1625 768 1661 moderate,
780 1626 934 1664 patienter,
951 1637 1030 1664 aequo
1039 1627 1142 1656 animo.
1164 1626 1227 1656 Ma-

97 1666 171 1696 crob.
184 1676 209 1695 2.
226 1666 334 1695 Saturn.
347 1676 372 1700 4.
390 1665 525 1693 Ammian.
543 1674 584 1699 19.
598 1673 643 1693 21.

0 1700 23 1732 .'
60 1703 270 1747 AEQUArro,
299 1702 331 1731 V.
354 1711 478 1738 AEQUO,
499 1711 536 1731 as.

59 1742 93 1774 lh
102 1746 173 1778 qux
183 1751 202 1770 rr
211 1752 227 1770 o
237 1751 254 1770 R
263 1763 271 1777 ,
290 1740 353 1770 oris.
376 1750 413 1769 m.
435 1739 613 1776 [ὶσημεωνὶς]
635 1738 762 1770 Circulus
773 1740 802 1770 in
812 1740 939 1779 Sphaera,
961 1740 996 1770 ad
1008 1741 1087 1777 cujus
1099 1740 1226 1770 medium

97 1781 145 1810 ubi
157 1779 196 1809 sol
208 1779 336 1818 pervenit
345 1800 353 1814 ,
373 1784 441 1808 tunc
452 1777 570 1815 aequales
580 1776 644 1806 sunt
655 1778 786 1809 noetibus
803 1778 879 1809 dies:
909 1780 986 1809 hunc
998 1781 1024 1809 Sa
1037 1778 1227 1816 AEquinoctia-

97 1818 154 1848 lem
163 1824 246 1848 vocat
256 1816 371 1847 Plinius.
411 1816 443 1845 V.
464 1826 488 1844 ιε
497 1825 542 1853 qu
552 1826 561 1844 1
570 1825 589 1844 n
600 1826 609 1844 1
620 1825 634 1844 ε
643 1825 662 1846 s.

59 1855 190 1893 AEQUE,
215 1855 245 1885 V.
269 1864 408 1892 AEQJUS.

60 1892 192 1930 AE‘Qusss
202 1904 255 1922 1L1
265 1903 301 1922 cl
311 1915 319 1928 ,
341 1892 480 1930 Hispaniae
491 1891 599 1930 populi.
624 1890 694 1921 Plin.
710 1891 762 1921 lib.
773 1901 798 1928 3.
818 1901 878 1930 cap.
893 1901 917 1929 3.

371 1931 428 1967 Qui
444 1931 547 1959 fuerint
557 1929 673 1968 populi,
695 1940 753 1959 non
770 1930 851 1960 facile
865 1930 1058 1968 distinguitur,
1080 1930 1227 1961 commixti

96 1970 199 2007 alioqui
209 1969 313 1999 Latinis
324 1967 470 1998 &Volscis
484 1967 619 1997 Volaterr.
629 1967 811 2006 lib.6.Geogr.
831 1968 890 1998 Hos
898 1968 1038 2005 Liv.lib.9.
1051 1968 1131 2005 C.45.
1144 1975 1227 1998 vocat

95 2015 202 2038 veteres
213 2008 404 2038 Romanorum
415 2006 505 2036 hostes
516 2016 522 2035 :
540 2006 679 2043 traditque
690 2016 778 2039 unum
788 2008 814 2036 Sc
825 2007 1004 2044 quadraginta
1014 2017 1112 2037 eorum
1122 2007 1227 2045 oppida

96 2047 169 2076 intra
179 2046 237 2076 dies
248 2045 388 2082 sexaginta
398 2045 493 2074 onmia
505 2044 697 2082 oppugnando
711 2043 744 2073 ab
752 2044 886 2074 Romanis
896 2052 977 2083 capta
985 2068 993 2081 ,
1010 2047 1036 2075 Sa
1047 2045 1178 2083 pleraque
1187 2045 1229 2074 di-

99 2090 161 2114 ruta
170 2090 251 2122 atque
261 2082 546 2119 incensa,nomenque
553 2083 708 2118 ffiquorum
717 2092 805 2120 prope
815 2083 850 2112 ad
859 2083 1083 2113 internecionem
1092 2083 1227 2112 deletum.

62 2121 215 2161 IEQurco
224 2131 303 2162 Lus,
320 2131 351 2157 a,
368 2131 425 2150 um.
449 2126 480 2150 ut
491 2120 565 2150 Gens
575 2120 735 2158 AEquicola,
757 2122 935 2158 [Alaunoi]
959 2121 1032 2160 Virg.
1044 2131 1070 2160 7.
1085 2121 1148 2153 AEn.
1162 2124 1226 2159 746,

176 2160 297 2190 Horrida
310 2161 450 2197 praecipue
464 2159 510 2188 cui
525 2168 592 2196 gens
601 2180 609 2193 ‚
631 2157 788 2196 assuetaque
802 2158 892 2188 multo

177 2198 286 2233 Venatu
300 2207 448 2226 nemorum
457 2219 465 2232 ,
487 2197 562 2226 duris
574 2196 721 2233 AEquicola
732 2196 820 2234 glebis
831 2207 842 2226 :.

177 2236 281 2266 Armati
291 2242 391 2265 terram
401 2240 550 2265 exercent:
572 2234 735 2272 semperque
747 2241 874 2264 recentes

131 2290 133 2292 ·
176 2274 348 2305 Conved'tare
360 2274 438 2310 juvat
450 2273 557 2312 praedas
566 2294 575 2310 ,
596 2274 623 2303 Sc
636 2273 729 2302 vivere
741 2281 830 2311 rapto.

98 2312 185 2344 ovid.
200 2322 224 2349 3.
239 2311 307 2342 Fast.
323 2315 367 2348 63.

179 2350 319 2388 Quintum
332 2349 483 2378 Laurentes
492 2371 500 2384 ‚
526 2348 568 2378 bis
581 2349 713 2386 quintum
724 2347 889 2387 AEquiculus
903 2358 974 2380 acer.

99 2388 220 2428 populus
234 2388 313 2418 Unus
325 2387 458 2424 idemque
471 2387 542 2422 fuit,
563 2393 594 2416 ut
608 2388 634 2417 δέ
648 2385 702 2424 seq.

63 2426 97 2461 AE
106 2437 152 2465 qu
161 2438 170 2456 1
178 2437 196 2457 c
204 2437 223 2456 u
232 2438 249 2456 L
258 2437 277 2456 A
286 2436 306 2455 N
318 2437 327 2454 1
338 2449 346 2462 ,
367 2426 446 2456 Idem
457 2425 542 2455 Italiae
552 2435 589 2463 po
612 2424 680 2454 ulus.
706 2425 774 2455 Plin.
788 2424 836 2454 lib.
851 2434 875 2461 3.
890 2435 950 2464 cap.
964 2435 1006 2456 12.
1029 2425 1077 2464 qui
1087 2426 1172 2456 etiam
1180 2426 1232 2456 ibi-

103 2466 167 2495 dem
175 2465 335 2503 AEquicolos
345 2470 434 2493 vocat.
462 2463 562 2508 Cellar.
604 2487 610 2492 .
627 2462 726 2501 Geogr.
742 2464 804 2493 Ant.
817 2473 843 2493 2.
856 2474 881 2500 9.
903 2473 965 2499 342.

357 2502 523 2538 [immam]
552 2500 591 2531 Ea
610 2501 699 2531 forma
722 2512 776 2540 qua
792 2502 1005 2540 AEquinoc‘tium
1023 2502 1152 2533 dicimus.
1184 2501 1228 2539 Jo.

96 2541 208 2575 Neustr.
220 2540 392 2571 Archithren.
409 2539 458 2569 lib.
471 2544 497 2573 8.
514 2548 574 2577 cap.
588 2550 613 2575 9.

222 2579 260 2600 -“
270 2585 392 2616 aequator
403 2577 489 2607 solem
502 2578 618 2607 statione
632 2578 759 2614 reflectit,

178 2617 394 2655 AEquidiemque
404 2615 481 2645 facit.
594 2615 675 2646 Idem
689 2616 737 2646 lib.
750 2626 776 2652 9.
793 2626 853 2654 cap.
867 2626 896 2651 4.

181 2653 295 2685 Ciculus
310 2654 458 2692 aequidiem
472 2652 576 2683 librans
586 2675 594 2688 ‚
609 2654 797 2692 ,Austrumque
810 2654 921 2684 colurus

181 2693 240 2730 Qui
251 2693 324 2723 secat
336 2695 362 2723 ἃ
373 2692 490 2722 Boream
498 2714 506 2727 ,
527 2690 568 2722 Ze
590 2692 653 2729 hyri
662 2691 711 2721 sub
724 2692 837 2722 cardine
849 2692 989 2722 mundum

182 2733 347 2769 Auroraeque
359 2730 454 2768 ligant.
586 2730 643 2760 bid.
659 2740 719 2769 cap.
736 2741 760 2767 5.

263 2769 368 2798 ——haec
378 2768 504 2807 plenior,
526 2767 574 2798 illa

184 2806 313 2845 IEquidie
324 2807 433 2837 brevior
442 2829 450 2842 ,
472 2806 644 2836 brumalibus
657 2803 750 2835 evolat
761 2803 845 2836 horis.

66 2845 101 2878 AE
110 2855 156 2882 Qu
165 2855 175 2874 1
184 2855 203 2874 D
215 2856 224 2874 1
234 2849 250 2874 A
260 2856 276 2874 L
285 2855 316 2882 a,
334 2846 367 2875 is.
391 2845 572 2881 [ιάημερμνὸς]
592 2845 686 2875 Festus
695 2866 703 2879 ,
724 2843 881 2888 AEquidiale
893 2842 968 2881 apud
983 2842 1111 2881 antiquos
1124 2840 1233 2874 dietum

105 2884 161 2919 est,
183 2883 259 2921 quod
268 2891 344 2912 nunc
355 2883 474 2913 dicimus
484 2882 706 2920 AEquinoc‘uale:
729 2892 794 2920 quia
805 2892 863 2911 nox
876 2882 931 2911 diei
946 2882 1039 2919 potius
1048 2903 1056 2917 ,
1078 2890 1161 2919 quam
1173 2882 1233 2911 dies

104 2921 183 2951 noffl
193 2921 375 2954 annumerari
385 2920 478 2951 debet.
519 2921 608 2951 Graeci
624 2930 735 2959 quoque
750 2920 780 2950 in
791 2920 847 2950 hoc
866 2919 1046 2950 consentiunt
1058 2942 1066 2955 ,
1087 2917 1232 2956 ἰσημεείαν,

105 2959 124 2989 i.
140 2969 165 2989 e.
182 2959 339 2997 AEquidiale
351 2959 486 2989 dicentes.
1027 2981 1030 2983 Α

68 2996 102 3028 AE
110 3008 154 3033 Qu
165 3008 174 3026 1
184 3008 202 3026 n
212 3008 221 3026 1
231 3007 243 3027 s
254 3007 273 3026 Τ
282 3007 302 3026 A
312 3007 332 3026 N
341 3007 353 3027 s
362 3019 370 3033 ,
390 2997 471 3027 antis.
492 2995 615 3026 Ordines
627 2997 840 3035 aequidistantes.
863 2997 966 3034 Aggen.
979 2994 1045 3025 Urb.
1059 3006 1087 3034 p.
1103 3004 1146 3033 53.
1176 2995 1236 3025 Cir-

47 3060 64 3068 ..
107 3034 163 3065 culi
173 3034 314 3074 paralleli,
336 3035 538 3073 aequidistantes
549 3034 645 3064 latine.
676 3035 759 3065 Mart.
778 3034 884 3072 Capell.
898 3040 923 3068 8.
939 3045 967 3072 p.
982 3037 1046 3071 276.

71 3072 103 3104 ΖΕ
112 3084 157 3111 Qu
166 3085 175 3102 1
184 3085 197 3103 r
207 3084 223 3103 o
233 3084 250 3103 R
258 3084 280 3103 M
288 3085 298 3102 1
307 3083 319 3103 s
329 3095 338 3109 ,
358 3083 383 3104 e.
405 3080 437 3103 ut
447 3072 545 3104 Versus
556 3073 741 3111 aequiformes.
770 3072 924 3103 Diomedes
938 3083 965 3110 p.
979 3078 1044 3108 498.

58 3111 175 3163 lAEQffl
185 3123 202 3140 L
212 3121 336 3141 Auium
346 3134 354 3148 ,
375 3112 404 3141 ii.
427 3121 454 3141 n.
476 3111 587 3141 videtur
598 3121 634 3140 ex
652 3112 758 3149 AEquus
774 3112 801 3141 ἃ
814 3110 887 3140 Lana
900 3110 1092 3148 compositum.
1131 3109 1236 3144 Festus,

107 3149 297 3188 AEquilanium
309 3148 442 3188 significat
455 3159 490 3179 ex
501 3156 562 3178 roto
575 3149 742 3179 dimidium:
771 3148 879 3178 dietum
889 3159 903 3177 a
915 3148 1054 3178 lavatione
1065 3147 1135 3177 lanae
1145 3168 1154 3183 ,
1176 3157 1236 3184 quae

109 3188 211 3218 dieitur
222 3187 369 3225 aequilanio
379 3188 469 3217 redire
479 3210 487 3223 ‚
509 3198 597 3225 quum
607 3187 756 3217 dimidium
766 3187 874 3217 decidit
884 3186 1019 3216 sordibus.
1057 3185 1125 3215 Haec
1136 3185 1237 3215 Festus.

109 3226 242 3256 Scribitur
253 3227 283 3255 in
293 3226 438 3255 nonnullis
448 3226 653 3263 exemplaribus
662 3248 670 3261 ,
686 3225 874 3263 AEquilavium
883 3247 891 3259 ,
913 3235 963 3263 per
972 3235 988 3254 v
1000 3225 1029 3253 in
1042 3233 1108 3262 pen.
1123 3229 1155 3252 ut
1164 3223 1195 3252 sit
1204 3223 1238 3252 ab

110 3273 215 3302 aequus,
234 3265 260 3294 Sc
271 3263 333 3293 lavo
343 3263 424 3294 lavas.
461 3264 529 3301 [Sic
544 3264 612 3294 edit.
630 3264 728 3294 Dacer.
743 3265 768 3294 Se
780 3263 907 3294 Gothofr.
920 3273 974 3292 nec
983 3262 1062 3292 aliter
1076 3261 1239 3299 legendum.

112 3301 166 3332 Sed
179 3303 205 3332 Sc
218 3302 354 3337 Decedit,
376 3302 481 3331 malim.

75 3337 109 3372 JE
116 3350 162 3376 ou
171 3351 181 3369 1
190 3351 208 3369 L
218 3350 237 3369 A
246 3349 265 3369 N
275 3349 294 3369 x
303 3363 311 3376 ,
332 3341 417 3370 aneis.
439 3339 567 3378 fulgent.
581 3339 616 3368 de
628 3338 710 3369 Cont.
722 3339 796 3378 Virg.
824 3339 908 3369 Tunc
918 3338 1034 3368 demum
1041 3337 1147 3368 trutina
1156 3337 1240 3375 aequi-

75 3407 76 3410 ,
112 3377 190 3408 lance
200 3377 370 3416 ponderatur
380 3388 412 3408 ac
422 3377 585 3416 disponitur.

76 3412 108 3448 ΞΕ
119 3420 181 3452 qui
192 3427 208 3445 ι.
217 3426 235 3445 A
245 3426 264 3445 *r
273 3426 292 3445 A
300 3426 320 3445 ‘r
330 3427 339 3444 1
349 3426 366 3445 o
376 3438 384 3452 ‚
401 3417 472 3446 onis.
490 3417 509 3445 f.
533 3415 742 3452 [ὶο-ιπλοίτννσὶς]
762 3415 877 3445 Nomen
886 3413 1044 3444 duriuscule
1055 3412 1241 3452 compositum

113 3463 148 3483 ex
163 3454 253 3492 AEquo
270 3456 297 3484 Sc
316 3452 432 3484 Larum:
464 3454 536 3491 quasi
554 3453 714 3491 IEqualium
730 3453 868 3483 linearum
884 3452 1039 3482 secundum
1059 3451 1241 3481 latitudinem

112 3492 268 3530 produe’tio.
298 3492 400 3522 Vitruv.
417 3492 465 3522 lib.
479 3502 504 3522 2.
520 3502 580 3529 cap.
594 3497 619 3526 8.
637 3493 663 3521 ἃ
675 3502 700 3528 9.
718 3498 743 3526 8.
785 3491 869 3521 Tunc
887 3490 921 3520 ab
942 3497 1039 3520 centro
1057 3489 1173 3519 diducto
1190 3489 1241 3519 cir-

114 3530 177 3559 cino
188 3531 223 3560 ad
238 3530 341 3559 lineam
357 3530 480 3568 planitiae
491 3529 659 3568 aequilatatio
677 3530 814 3567 signetur,
836 3529 884 3559 ubi
897 3529 949 3558 erit
965 3528 1065 3564 litera,
1087 3538 1120 3564 e,
1141 3528 1242 3557 siniste-

112 3567 183 3598 riore
194 3576 271 3606 parte
281 3590 290 3603 ,
310 3569 327 3598 i.
340 3578 364 3598 e.
386 3569 474 3606 AEqua
485 3568 539 3597 sive
549 3567 671 3606 AEqualis
680 3567 809 3597 latitudo.
1051 3594 1055 3595 .

76 3602 110 3637 Ε
118 3616 136 3640 Q
144 3616 162 3634 u
172 3617 181 3634 1
191 3616 235 3635 LA
243 3616 263 3634 T
271 3608 288 3635 ἓ
296 3617 311 3635 ι(
321 3616 341 3635 u
350 3616 361 3636 s
371 3629 379 3642 ,
395 3617 426 3641 a,
442 3617 499 3636 um.
523 3607 583 3641 Adi.
608 3606 641 3635 ab
654 3606 819 3644 AEqualitate
830 3605 956 3635 laterum.
998 3603 1134 3634 Firmicus
1151 3603 1199 3633 lib.
1213 3614 1238 3633 2.

115 3653 176 3682 cap.
187 3652 198 3672 1
208 3654 230 3673 ι.
248 3644 345 3681 Quum
356 3644 506 3682 aequilateri
515 3644 646 3681 trianguli
655 3643 750 3682 figura,
760 3645 789 3673 in
799 3644 886 3673 semet
895 3652 972 3681 aequa
981 3642 1013 3671 fit
1022 3643 1048 3672 Sc
1058 3642 1239 3672 conveniens.

77 3678 111 3711 ΞΕ
119 3691 165 3718 qu
175 3692 184 3710 1
192 3692 210 3710 ι.
219 3692 239 3711 A
247 3691 267 3710 T
276 3692 290 3711 ε
301 3692 316 3711 r<
325 3686 343 3711 Ᾰ
352 3694 368 3711 1.
378 3694 387 3711 1
397 3692 409 3712 s
419 3705 427 3718 ,
449 3683 536 3712 idem.
556 3682 698 3712 Censorin.
715 3692 775 3720 cap.
789 3688 815 3715 8.

78 3717 332 3758 AEqurmirus,
355 3721 416 3750 eris.
436 3730 461 3750 c.
484 3721 596 3759 Species
608 3721 716 3758 trigoni.
748 3720 846 3749 lluson.
864 3717 954 3756 Edyll.
970 3727 1012 3748 ιι.
1028 3728 1073 3755 51.

192 3757 241 3787 Per
256 3759 339 3788 trinas
352 3758 458 3797 species
472 3760 647 3797 trigonorum
660 3758 754 3796 regula
769 3758 863 3791 currit,

193 3795 347 3832 AEquilatus
357 3818 366 3832 ,
386 3796 432 3826 vel
445 3807 524 3826 crure
539 3798 616 3835 pari,
637 3795 681 3825 vel
692 3797 721 3825 in
733 3796 863 3825 omnibus
876 3795 974 3832 impar.

78 3829 361 3870 AEQU1LAvruM,
390 3835 716 3871 V.AEQU1LAN1UM.

1082 2351 1097 2387 [
1108 2349 1230 2388 Uterque

79 3870 112 3901 AE
122 3881 169 3908 Qu
180 3882 190 3899 ι
199 3881 216 3899 ι.
226 3881 235 3899 ι
247 3881 262 3899 B
271 3881 288 3899 a
299 3882 309 3899 1
320 3882 336 3900 o
347 3883 369 3901 M
378 3895 386 3908 ,
407 3873 435 3902 ii.
457 3883 485 3902 n.
509 3871 672 3909 [immin]
700 3871 828 3909 AEquatio
841 3870 917 3899 librae
927 3892 936 3904 ,
948 3879 1045 3907 ,quum
1056 3867 1163 3901 scilicet
1172 3879 1244 3909 pon-

118 3908 183 3937 dera
198 3908 236 3937 ita
248 3908 312 3938 sunt
322 3910 436 3947 aequalia
447 3933 454 3945 ,
477 3918 507 3939 ut
522 3917 620 3940 neutra
633 3920 695 3947 pars
710 3910 786 3939 librae
803 3909 1013 3947 praeponderet:
1041 3908 1070 3938 h.
1083 3919 1107 3938 e.
1132 3907 1162 3937 in
1174 3918 1243 3938 neu-

115 3953 185 3975 tram
196 3955 302 3983 partem
314 3946 381 3976 libra
393 3948 510 3977 inclinet
521 3971 528 3983 ,
551 3947 627 3986 quod
639 3950 664 3977 Sc
676 3948 875 3977 libramentum
887 3946 998 3975 dicimr.

115 3983 148 4016 Ε
168 3983 310 4054 ubfisrhlm
319 3985 454 4023 membri,
474 3985 544 4018 Gell.
561 3986 610 4017 lib.
622 3995 666 4018 20.
681 3996 741 4024 cap.
756 3996 781 4016 1.
801 3995 852 4025 per
867 3984 1060 4023 metaphoram
1069 3983 1180 4024 posuit,
1201 3983 1241 4015 ita

1667 78 1705 114 AE
1802 79 1967 120 QU
2375 96 2414 129 9¹

1319 156 1457 194 scrilien53
1479 158 1550 188 Nam
1561 158 1606 188 cui
1619 159 1775 189 membrum
1786 159 1819 189 ab
1833 160 1886 188 alio
1900 167 2010 197 ruptum
2022 160 2076 195 est,
2101 162 2116 190 si
2130 161 2177 199 ipli
2191 161 2286 192 itidem
2297 174 2422 203 rumpere

1320 207 1369 233 per
1383 197 1513 225 talionem
1530 197 1613 231 velit.
1641 208 1733 235 quaero
1752 207 1785 226 un
1805 197 1913 226 eiliccre
1931 198 2011 235 polilt
2025 200 2170 235 rumpendi
2191 201 2290 237 pariter
2309 204 2424 232 membri

1322 234 1528 270 aequilibrium?
1550 242 1579 263 ut
1591 235 1619 263 lit
1633 235 1722 264 sensus
1733 257 1740 269 ,
1762 245 1796 264 an
1809 235 1845 263 itu
1856 245 1948 272 parem
1959 236 2047 265 vicem
2059 237 2173 266 reddere
2188 238 2269 273 pollit
2279 238 2354 267 alteri
2366 261 2373 273 ,
2396 249 2425 270 ut

1322 280 1411 312 neque
1427 272 1487 300 ulus
1499 294 1506 303 ,
1529 282 1619 309 neque
1632 273 1723 302 minus
1738 279 1847 309 rumpat
1858 273 1882 301 ei
1897 273 2071 308 membrum,
2094 284 2175 310 quani
2192 275 2236 304 ille
2250 276 2297 313 ipsi
2313 279 2423 314 ruperit.

1289 345 1298 351 .
1323 308 1391 336 Ulus
1404 299 1441 336 eil
1456 312 1480 338 ὰ
1496 311 1608 339 Seneca.
1640 311 1742 352 Qua-st.
1760 311 1822 339 Nat.
1837 319 1858 345 3.
1874 320 1918 345 25.

1267 344 1300 375 Ii:
1310 355 1351 380 Qu
1364 356 1413 373 11.1
1427 357 1438 372 κ
1450 356 1462 373 r<
1474 356 1501 388 rs
1512 358 1564 388 ,⁴e.
1588 350 1600 389 [ζ
1611 349 1745 382 ὶπρρωπῶ
1758 368 1765 379 ,
1787 345 1982 382 ιππίλοαπτῶι]
2004 357 2037 376 ex
2052 348 2154 385 [Equus
2165 351 2190 378 δε
2203 349 2281 378 Libra
2293 352 2427 388 composi-

1305 387 1364 423 tum
1374 404 1381 415 ,
1399 394 1506 425 propru-
1519 385 1664 419 lignihenre
1675 385 1799 419 videtur,
1818 385 1903 421 Quod
1914 385 1946 414 ad
1960 385 2054 414 libram
2065 386 2160 422 aequali
2173 389 2278 416 constat
2288 390 2426 424 pondere:

1306 427 1337 447 ut
1353 422 1367 446 ll
1380 420 1470 453 dicus,
1495 421 1527 448 lli
1540 424 1646 463 nummi
1658 423 1719 451 sunt
1733 422 1904 460 aquilina-s:
1928 423 1944 452 i.
1957 432 1981 452 e.
2000 424 2105 459 AEquali
2121 425 2252 460 pondere.
2289 426 2431 455 'l‘runsi'er-

1307 463 1350 484 tur
1360 464 1452 485 tumen
1466 457 1498 485 ad
1512 457 1591 486 aliani
1603 459 1794 495 xequalitzrtcm.
1820 461 1921 490 Vitruv.
1936 460 1982 489 lib.
1997 471 2019 496 ς.
2035 470 2095 497 cup.
2113 471 2151 490 12.
2181 462 2288 491 Deinde
2299 465 2332 491 ad
2345 464 2429 501 ipsam

1307 504 1408 536 nquam
1417 496 1442 523 ὃς
1458 493 1540 536 lutera
1553 496 1667 532 pulvino
1679 499 1786 526 circiter
1798 497 1997 535 selquipedalcs
2009 499 2143 534 margines
2155 499 2290 528 struantur
2299 523 2306 534 ,
2328 502 2431 538 arquili-

1308 530 1369 573 bres
1385 541 1409 559 ci
1423 530 1560 573 planitue,
1584 543 1642 568 quie
1657 534 1734 576 supra
1746 537 1842 573 scripta
1854 538 1900 565 eli.
1925 537 1950 565 li.
1965 547 1989 565 e.
2011 537 2137 565 Omnino
2150 537 2283 572 aquales:
2311 539 2383 575 quali
2395 540 2431 568 ad

1309 568 1406 596 libr.un
1419 575 1533 612 aequati:
1556 570 1598 598 vel
1609 572 1680 613 qiiali
1695 573 1832 608 .cqrraliier
1847 574 1952 609 librati,
1975 574 2100 609 ejusdem
2115 574 2282 603 libramenti.

1271 605 1356 648 JEQo
1368 616 1375 632 1
1386 616 1442 633 eir.
1453 615 1466 633 r.
1477 615 1580 648 ijrAs,
1597 611 1656 650 sitis.
1687 610 1744 638 Cic.
1761 621 1781 638 ι.
1797 612 1830 639 de
1846 612 1906 640 Nat.
1921 612 2002 641 Deor.
2017 613 2046 640 C.
2062 621 2103 647 39.
2140 613 2273 649 Coniugis
2285 613 2319 641 ad
2331 614 2434 651 mquili-

1310 643 1456 671 biitatem:
1479 645 1514 671 lic
1526 653 1601 685 enim
1616 646 1736 679 ιπνομίμ
1758 654 1765 679 1,
1778 647 1793 675 1⁴1
1808 648 1897 684 placet
1911 656 1916 679 )
1934 649 2115 687 appellemus.

1272 680 1359 723 AEQLJ
1371 691 1407 722 ¹:⁸⁸3
1420 691 1436 722 *J
1447 690 1465 708 Ν
1477 690 1492 708 U
1503 690 1531 713 S.
1548 691 1565 709 ¹·
1583 691 1619 710 ΥΠ.
1643 681 1846 719 [ἀμφιὲῐξιὶῐῃ]
1868 688 1886 714 Λ
1899 687 2041 716 nonnullis
2054 687 2155 716 dicitur
2167 687 2243 717 velut
2257 689 2433 718 Ambidextcr

1311 728 1357 755 qui
1373 717 1476 746 lcilicet
1487 723 1599 760 utraque
1611 728 1692 760 manu
1707 731 1782 757 aeque
1795 723 1887 752 uritur.
1930 725 1987 753 Nos
2004 726 2079 753 enim
2097 725 2226 754 linillram
2241 727 2393 755 immunem
2408 731 2433 756 ὸί

1311 765 1400 793 prope
1412 764 1537 797 mancam
1552 756 1733 798 inutilemque
1746 760 1880 794 gerimus:
1903 761 2066 797 quibusdam
2079 769 2190 799 utraque
2202 764 2239 792 est
2250 765 2391 798 munilex,
2408 767 2434 793 ἃ

1313 793 1435 830 operula.
1473 791 1589 836 isidorus
1604 803 1645 822 10.
1663 793 1703 822 lit.
1718 796 1834 837 A3extr.
1872 798 2049 834 lliquiniunus
2067 800 2239 837 appellatur.
2261 802 2307 838 qui
2322 808 2435 839 utraque

1312 840 1396 859 manu
1408 829 1501 866 gladio
1513 834 1705 860 incunctanter
1716 839 1810 861 utitur.
1844 834 1941 864 Aulon.
1958 836 1984 864 in
2004 836 2151 867 lllirnolill.
2167 839 2254 867 deill.
2272 849 2312 868 iz.

1394 868 1465 904 Quis
1481 868 1655 906 Myrmilloni
1671 870 1851 899 contenditur
1866 874 2056 908 aequimanus?
2095 870 2196 905 Thrax.
2210 872 2215 876 ”
2246 878 2320 906 conf,
2335 876 2437 907 Bellum

1314 905 1350 935 de
1362 906 1491 942 Ortliogr.
1509 917 1536 944 p.
1551 916 1580 942 23
1591 916 1633 941 ιο.

1276 943 1410 979 ffiqeim
1419 954 1434 986 r.
1444 955 1458 971 1.
1469 956 1475 972 i
1487 955 1502 973 e
1513 956 1532 972 Μ
1545 967 1552 979 ,
1575 945 1604 973 ii.
1627 954 1654 973 n.
1685 943 1775 974 Locus
1790 944 1886 974 Romae
1904 944 1951 973 ubi
1967 945 2066 976 domus
2080 947 2158 977 Melii
2177 950 2233 978 solo
2251 960 2355 989 (equ-„ita
2371 953 2432 981 suit.

1315 983 1362 1019 Sp.
1380 991 1455 1010 enim
1470 982 1572 1011 illelius
1583 982 1618 1010 ob
1631 981 1762 1010 frumenti
1776 982 1949 1019 largitionem
1968 984 1994 1011 in
2006 983 2187 1022 suspicionem
2204 988 2335 1018 allectum.-
2349 990 2439 1018 domi-

1315 1020 1440 1048 nationis
1452 1020 1534 1048 venit.
1574 1019 1607 1048 Et
1618 1029 1703 1056 quum
1720 1021 1754 1048 ad
1767 1021 1883 1058 populi,
1906 1021 1950 1049 eui
1964 1023 2049 1050 luerat
2065 1023 2173 1059 largitus
2184 1048 2191 1059 ,
2214 1026 2294 1055 iidem
2307 1029 2439 1056 continue-

1316 1064 1375 1086 ret:
1404 1057 1437 1085 ab
1453 1057 1570 1099 Servilio
1582 1057 1666 1086 Ahala
1678 1058 1802 1094 equitum
1816 1059 1944 1095 magistro
1959 1059 2142 1095 deprclienlns
2160 1066 2183 1091 ὅ.
2197 1064 2301 1092 occisus
2313 1066 2349 1093 est
2360 1087 2367 1100 ,
2390 1055 2439 1093 do

1316 1105 1433 1131 musque
1445 1105 1504 1130 ejus
1515 1095 1605 1124 diruta
1617 1118 1624 1130 ,
1648 1096 1674 1124 ok
1693 1106 1753 1125 arca
1770 1096 1966 1132 sliquimelium
1980 1097 2061 1125 dicta.
2095 1099 2130 1127 hx
2147 1099 2200 1128 liv.
2216 1101 2262 1129 lib.
2276 1113 2300 1135 4.
2319 1107 2358 1131 ιο.
2382 1104 2439 1132 Cic.

1316 1143 1368 1170 pro
1380 1132 1472 1175 Domo
1484 1133 1528 1161 sun
1544 1143 1603 1162 101.
1621 1134 1667 1170 Sp.
1704 1133 1782 1163 ll'lelii
1802 1143 1918 1171 regnum
1929 1136 2084 1171 appetentis
2097 1136 2195 1165 domus
2208 1139 2244 1166 eit
2256 1141 2438 1170 complanata.

1317 1181 1351 1199 ec
1361 1170 1427 1212 quid
1438 1170 1513 1199 aliud
1522 1172 1534 1199 ῗ
1544 1180 1653 1207 aequum
1664 1172 1791 1201 accidille
1801 1171 1889 1201 Mello
1900 1182 1936 1209 po
1961 1172 2021 1201 ulus
2031 1172 2170 1202 Romanus
2180 1173 2330 1209 judicavit?
2346 1180 2442 1207 Nomi-

1317 1218 1354 1237 ne
1365 1209 1422 1246 iplo
1432 1208 1591 1245 ffiquimelii
1604 1209 1715 1238 stultitia
1726 1220 1810 1247 poena
1820 1219 1935 1247 compro
1958 1219 2000 1239 ata
2010 1211 2055 1239 cst.
2092 1209 2121 1240 V.
2141 1210 2211 1241 Vari.
2227 1213 2261 1241 de
2273 1213 2300 1242 L.
2319 1214 2345 1244 L.
2358 1227 2381 1250 4.
2397 1225 2441 1252 32·

1320 1248 1382 1275 Aur.
1400 1246 1467 1275 vict.
1486 1246 1538 1275 Vir.
1555 1246 1652 1276 illustr.
1669 1257 1728 1285 cap.
1745 1257 1785 1282 17.

1280 1282 1314 1314 JE
1323 1295 1369 1320 Qu
1380 1296 1387 1312 1
1397 1295 1417 1312 M
1428 1294 1467 1312 ιῑΝ
1476 1293 1495 1312 ἰ’
1505 1294 1522 1313 υ
1533 1295 1569 1320 M,
1586 1285 1602 1314 i.
1622 1285 1741 1321 Nonius,
1756 1285 1967 1322 IEquimentum
1979 1284 2096 1322 positum
2108 1286 2154 1319 est,
2165 1295 2220 1314 non
2233 1297 2441 1327 aquarnentum,

1320 1323 1392 1360 quali
1402 1331 1496 1359 parem
1509 1322 1616 1352 vicem:
1638 1323 1684 1352 sed
1695 1333 1816 1358 merces,
1834 1333 1884 1360 pro
1894 1322 2014 1359 eoquod
2029 1323 2131 1352 dicitur
2141 1324 2294 1354 admistum.
2325 1326 2394 1356 Varr.
2408 1329 2444 1358 le-

1320 1360 1408 1397 xages.
1431 1361 1471 1389 An
1483 1360 1499 1389 li
1512 1370 1609 1397 equam
1623 1361 1731 1389 emisses
1742 1361 1950 1399 quadrupedem
1961 1382 1968 1395 ,
1985 1367 2016 1389 ut
2029 1370 2092 1390 meo
2103 1362 2177 1390 alino
2191 1362 2307 1391 Reatino
2321 1366 2446 1395 admitte-

1319 1408 1380 1433 res3
1394 1405 1527 1435 quantum
1537 1398 1727 1436 poposciss'eni,
1738 1399 1855 1428 dedilles
1867 1399 2049 1436 aequimenti?
2064 1398 2195 1428 hactenus
2207 1400 2280 1430 Non.
2303 1402 2446 1438 k'quiinen-

1320 1443 1380 1466 tum
1390 1437 1508 1474 putarim
1519 1435 1705 1471 scribendum,
1721 1437 1754 1466 ab
1764 1447 1845 1471 equo,
1862 1443 1908 1465 aut
1920 1447 1998 1473 equa.
2035 1436 2079 1466 Est
2091 1437 2166 1466 enim
2178 1448 2283 1467 merces
2293 1450 2342 1476 pro
2353 1441 2448 1470 admis-

1320 1473 1380 1504 sura
1391 1475 1463 1511 equi.
1485 1475 1550 1510 [Sic
1562 1475 1590 1503 in
1600 1475 1681 1504 Thes.
1692 1474 1831 1513 Lipsiensi,
1845 1484 1879 1504 cx
1888 1474 2012 1504 Turneb.
2023 1475 2089 1504 Adv.
2098 1484 2172 1511 29.3.
2192 1475 2222 1505 V.
2235 1476 2360 1507 lilercad
2374 1479 2444 1509 Non.

1322 1512 1380 1550 Ego
1395 1512 1434 1541 nil
1449 1514 1588 1542 mutarim.

1283 1552 1371 1586 AEQU
1380 1562 1388 1578 1
1397 1561 1417 1579 N
1426 1561 1442 1579 o
1451 1560 1494 1580 e‘r
1504 1562 1511 1579 1
1523 1561 1541 1579 u
1550 1562 1570 1579 M
1581 1573 1588 1586 ,
1609 1551 1636 1579 ii.
1659 1560 1686 1580 n.
1710 1551 1877 1586 [luneseia]
1896 1559 1930 1579 ex
1942 1550 1996 1585 adi.
2024 1550 2128 1587 AEquus
2139 1573 2147 1585 ,
2169 1552 2195 1580 Sa
2207 1551 2289 1581 Nox:
2313 1553 2382 1589 quali
2394 1554 2451 1583 No.

1322 1589 1373 1618 etis
1385 1598 1447 1618 cum
1459 1589 1504 1618 die
1514 1588 1664 1626 aequalitas.
1685 1588 1769 1617 Varro
1782 1587 1830 1617 lib.
1842 1600 1868 1624 4.
1883 1589 1918 1617 de
1931 1587 1958 1617 L.
1970 1587 2000 1618 L.
2033 1588 2118 1625 Quod
2129 1589 2188 1618 dies
2197 1599 2290 1626 zrquus
2301 1590 2330 1619 lit
2341 1601 2372 1620 ac
2381 1602 2447 1628 nor,

1322 1627 1521 1663 aequinofftium
1534 1626 1650 1655 dicium.
1682 1626 1747 1656 Caes.
1760 1638 1786 1662 4.
1804 1625 1871 1656 Bell.
1888 1626 1958 1656 Gall.
1973 1631 2017 1663 46.
2035 1626 2090 1655 Liv.
2106 1636 2148 1662 31.
2162 1636 2207 1663 47.
2225 1630 2251 1656 ὃς
2264 1639 2285 1662 5.
2302 1638 2344 1664 23.
2369 1630 2451 1659 Colu-

1322 1664 1387 1694 mel.
1404 1664 1453 1693 lib.
1466 1675 1491 1700 9.
1507 1674 1538 1693 ca
1561 1688 1567 1693 .
1584 1675 1626 1700 14.
1666 1664 1753 1701 quue
1768 1665 1881 1702 optimae
1898 1672 1971 1693 notae
1989 1664 2115 1693 enitescit
2127 1666 2257 1694 Autumni
2274 1668 2448 1702 iequiiioctio.

1322 1702 1399 1739 quod
1409 1703 1447 1731 est
1459 1708 1521 1732 ante
1533 1675 1669 1732 &alendas
1681 1702 1811 1732 Oelobris
1821 1724 1829 1737 ,
1851 1712 1915 1731 curn
1931 1704 2056 1731 octavam
2073 1711 2179 1740 partem
2191 1701 2278 1732 Libra·
2299 1705 2335 1732 lol
2351 1706 2447 1741 arrigit.

1322 1740 1392 1770 Plin.
1408 1740 1455 1769 lib.
1472 1746 1512 1773 18.
1530 1750 1589 1778 cap.
1605 1750 1648 1776 25.
1691 1740 1782 1769 Cardo
1797 1746 1955 1777 temporum
1974 1741 2172 1778 quadripartita
2190 1742 2255 1770 anni
2274 1742 2448 1772 distinctione

1325 1778 1446 1813 constat,
1469 1788 1518 1816 per
1531 1779 1704 1807 incrementa
1716 1778 1786 1807 lucis
1797 1800 1805 1813 ,
1828 1780 1948 1815 [lugetur
1959 1779 2018 1807 liaec
2028 1788 2043 1807 a
2053 1779 2149 1808 bruma
2160 1801 2167 1812 .
2189 1781 2215 1808 ἃ
2226 1787 2347 1816 aequatur
2364 1783 2449 1810 nocti-

1324 1816 1375 1845 bus
1391 1826 1476 1845 verno
1488 1816 1654 1852 :equinoerio
1667 1816 1764 1845 diebus
1781 1826 1824 1852 90.
1843 1816 1917 1845 horis
1928 1816 2022 1845 tribus.
2064 1816 2174 1845 Deinde
2189 1816 2297 1854 superat
2308 1820 2401 1848 noctes
2415 1820 2449 1848 :id

1323 1853 1467 1883 solstitium
1480 1854 1579 1883 diebus
1592 1863 1636 1889 93.
1653 1853 1727 1883 horis
1744 1863 1786 1882 12.
1806 1863 1893 1891 usque
1905 1854 1939 1883 ad
1951 1853 2149 1891 aequinoctium
2163 1854 2303 1884 Autumni.
2345 1857 2377 1885 Et
2391 1865 2450 1886 tum

1324 1899 1430 1929 aequata
1440 1892 1496 1926 die,
1510 1892 1637 1929 procedit
1648 1901 1682 1921 ex
1693 1902 1727 1921 eo
1738 1893 1772 1921 ad
1785 1891 1911 1921 brumam
1921 1891 2019 1921 diebus
2030 1898 2074 1927 89.
2085 1892 2160 1921 horis
2171 1892 2266 1921 tribus.
2289 1894 2451 1931 Omnesque

1324 1930 1367 1960 lia)
1385 1929 1549 1959 differentiae
1564 1930 1635 1959 fiunt
1649 1929 1676 1959 in
1695 1931 1798 1959 oetavis
1811 1929 1934 1967 partibus
1951 1930 2106 1967 lignorum:
2138 1930 2256 1965 Bruma,
2279 1931 2449 1969 Capricorni,

1324 1968 1359 1997 ab
1372 1974 1397 2002 8.
1410 1968 1525 1997 Calend.
1538 1967 1659 2003 januarii
1677 1968 1750 1997 fere:
1783 1968 1981 2005 aequinoctium
1997 1977 2112 1997 vernum
2123 1989 2131 2003 ,
2154 1969 2268 1997 Arietis:
2297 1969 2450 2006 solstitium,

1325 2006 1425 2035 Cancri
1435 2005 1606 2043 alterumque
1618 2006 1814 2043 aequinoctium
1824 2028 1832 2042 ‚
1852 2005 1954 2035 Librae:
1977 2006 2060 2043 qui&
2071 2006 2128 2044 ipse
2140 2006 2198 2036 dies
2209 2016 2269 2035 raro
2279 2017 2337 2037 non
2347 2009 2452 2046 aliquos

1323 2044 1516 2082 tempestatum
1529 2043 1692 2081 significatus
1704 2043 1815 2074 habent.

1324 2081 1490 2113 Autumnale
1502 2081 1708 2119 aequinoffium.
1731 2080 1868 2111 Columel.
1880 2080 1928 2111 lib.
1943 2091 1984 2111 ιι.
1998 2091 2058 2119 cap.
2072 2091 2097 2111 2.
2121 2082 2228 2111 Oc‘tavo
2240 2082 2355 2112 Calend.
2368 2084 2453 2113 Oc'to-

1344 2121 1415 2156 bris,
1432 2122 1457 2150 Sc
1467 2119 1584 2158 septimo
1596 2121 1621 2149 ἃ
1631 2119 1707 2149 sexto
1717 2142 1725 2155 ,
1745 2118 1953 2157 IEquinoc'tium
1964 2119 2141 2155 autumnale,
2159 2119 2280 2158 pluviam
2291 2121 2432 2157 fignificat.

1324 2157 1449 2188 Vernum
1461 2157 1679 2196 ffiquinoerium.
1702 2157 1840 2187 Columel.
1856 2157 1903 2186 lib.
1920 2168 1942 2187 1.
1959 2167 2020 2195 cap.
2032 2167 2059 2187 2.
2094 2158 2180 2187 Nono
2193 2160 2328 2188 &octavo
2339 2159 2454 2189 Calend.

1346 2196 1491 2235 Aprilium.
1533 2196 1741 2233 AEquinoclium
1752 2206 1867 2225 vernum
1879 2218 1886 2230 ,
1907 2196 2099 2233 tempestatem
2110 2195 2250 2233 significat.

1288 2237 1322 2268 ΗΞ,
1332 2245 1377 2270 Qu
1386 2246 1394 2263 1
1404 2245 1424 2263 Ν
1433 2244 1450 2263 o
1459 2243 1503 2263 CT
1512 2245 1521 2262 1
1530 2238 1546 2262 Ᾰ
1557 2244 1610 2262 1.1S
1621 2255 1628 2269 ,
1650 2244 1674 2263 e.
1697 2234 1879 2270 [humoris]
1910 2233 1997 2270 Quod
2009 2233 2043 2262 ad
2055 2233 2251 2270 aequinociium
2263 2235 2398 2272 pertinet:
2421 2242 2452 2264 ut

1326 2271 1539 2311 AEquinoetialis
1549 2271 1669 2301 circulus
1679 2294 1686 2307 ‚
1709 2272 1755 2309 qui
1767 2273 1793 2301 ol:
1801 2272 1934 2308 ffiquator
1945 2271 2061 2306 dicitur,
2079 2273 2105 2301 δι
2115 2271 2240 2310 Tempus
2251 2273 2450 2310 :equinoctiale

1326 2311 1396 2341 Plin.
1413 2310 1461 2339 lib.
1475 2320 1500 2340 2.
1517 2320 1577 2347 cap.
1593 2320 1636 2347 75.
1677 2310 1723 2339 Sic
1733 2309 1764 2338 fit
1775 2316 1805 2338 ut
1820 2310 1894 2338 vario
1908 2309 1978 2338 lucis
1989 2310 2162 2338 incremento
2173 2332 2181 2344 ‚
2203 2310 2233 2338 in
2247 2310 2341 2339 Meroe
2354 2310 2454 2348 longis-

1327 2349 1410 2378 snnus
1421 2349 1479 2378 dies
1493 2358 1532 2377 12.
1551 2349 1630 2377 horas
1642 2347 1847 2386 aequinoc‘liales
1857 2370 1863 2382 ,
1885 2349 1911 2377 &
1922 2353 1946 2381 8.
1960 2355 2050 2385 partes
2061 2347 2143 2376 unius
2154 2347 2227 2376 horae
2237 2348 2356 2385 colligat.
2379 2348 2448 2378 lbid.

1327 2397 1388 2426 cap.
1405 2390 1450 2424 69.
1491 2387 1587 2423 Quum
1599 2385 1785 2424 aequinoc‘tiali
1801 2392 1927 2423 tempore
1942 2395 1977 2414 ex
1989 2385 2086 2415 eadem
2105 2383 2179 2414 linea
2194 2392 2270 2415 ortus
2286 2385 2452 2425 occasusque

1327 2431 1464 2456 cernatur.
1496 2423 1596 2454 Catull.
1609 2436 1654 2460 44.
1667 2434 1694 2455 2.
1711 2424 1745 2453 ad
1756 2423 1873 2461 seipsum
1886 2423 1920 2452 de
1931 2424 2052 2453 adventu
2064 2423 2150 2459 Veris,

1406 2463 1469 2499 „Iam
1483 2473 1529 2492 ver
1543 2461 1667 2499 egelidos
1681 2462 1764 2491 refert
1777 2469 1897 2499 tepores,

1407 2502 1469 2538 Jam
1484 2500 1548 2530 coeli
1563 2500 1639 2529 furor
1653 2499 1851 2537 aequinociialis

1407 2539 1543 2575 Jucundis
1557 2538 1679 2576 Zephyri
1693 2538 1790 2567 silescit
1802 2537 1883 2567 auris.

1289 2580 1322 2611 ΖΕ
1331 2589 1375 2616 qu
1384 2579 1443 2607 ix‘A
1452 2587 1467 2606 R
1478 2599 1486 2612 ,
1508 2577 1568 2606 aris.
1591 2577 1651 2612 Adj.
1674 2576 1772 2605 Auson.
1786 2576 1815 2604 in
1829 2571 1978 2611 Monosyll.
1991 2584 2017 2603 v.
2032 2581 2092 2609 113.

1408 2615 1527 2645 Bissenas
1542 2622 1632 2652 partes
1647 2615 1707 2652 quis
1722 2614 1850 2643 continet
1862 2613 2036 2650 aequipares?
2060 2613 2104 2642 As.
2186 2611 2204 2642 i.
2219 2622 2243 2642 e.
2265 2612 2400 2651 AEquales.

1289 2656 1449 2691 ffiqmprsso
1459 2676 1466 2688 ,
1483 2650 1580 2689 [inico]
1595 2656 1649 2682 are.
1667 2657 1745 2689 (non
1754 2651 1854 2681 desunt
1865 2651 1911 2688 qui
1921 2651 2071 2688 ffiquipero
2082 2650 2214 2681 scribant}
2228 2661 2263 2680 ex
2273 2652 2327 2687 adj.
2338 2652 2450 2689 ffquus,

1329 2695 1354 2723 ὁὶ
1364 2692 1413 2722 Par
1425 2692 1515 2729 paris3
1537 2691 1654 2728 AEquare
1666 2700 1672 2719 :
1695 2692 1721 2720 ἃ
1731 2689 1804 2727 quasi
1818 2699 1895 2727 aeque
1906 2698 2001 2726 parem
2014 2688 2111 2717 facere.
2143 2689 2214 2726 Virg.
2229 2700 2252 2726 5.
2269 2689 2325 2719 Ecl.
2336 2695 2381 2726 48.

1408 2730 1469 2759 Nec
1483 2729 1593 2758 calamis
1608 2728 1697 2758 solum
1712 2728 1862 2766 aequiparas
1873 2747 1881 2763 ,
1902 2726 1949 2756 sed
1961 2734 2030 2756 voce
2045 2727 2213 2764 magistrum.

1328 2768 1388 2798 Cic.
1402 2779 1425 2804 5.
1442 2767 1524 2797 Tusc.
1542 2775 1583 2804 17.

1409 2806 1501 2835 Nemo
1515 2805 1553 2834 est
1568 2805 1615 2842 qui
1629 2803 1707 2833 factis
1720 2813 1765 2833 me
1780 2803 1946 2841 aequiparare
1978 2808 2052 2832 ueat.

1329 2845 1507 2882 ffiquiparare
1518 2865 1526 2879 ,
1548 2853 1598 2881 pro
1612 2842 1789 2880 Comparare.
1820 2841 1906 2871 Plaut.
1923 2841 1965 2871 Mi
1979 2863 1986 2871 .
2001 2851 2022 2871 1.
2038 2851 2061 2871 1.
2081 2848 2122 2871 ιι.

1372 2882 1443 2912 Cum
1459 2891 1514 2919 quo
1529 2880 1646 2910 bellator
1660 2881 1735 2910 Mars
1750 2880 1825 2909 haud
1839 2880 1905 2909 aulit
1919 2879 2021 2915 dicere,

1372 2920 1473 2957 Neque
1487 2920 1654 2957 aequiparare
1667 2918 1727 2948 suas
1741 2919 1857 2947 virtutes
1872 2919 1906 2947 ad
1921 2925 1990 2947 tuas.

1330 2958 1509 2996 AEquiparare
1519 2980 1527 2992 ‚
1548 2957 1642 2986 dativo
1653 2957 1789 2993 junctum.
1812 2956 1869 2985 Liv.
1901 2955 1973 2986 Mari
1983 2954 2131 2992 tranquillo
2147 2951 2221 2992 quod
2230 2951 2320 2982 ventis
2336 2953 2458 2982 concita-

1350 3005 1426 3026 retur
1435 3018 1443 3031 ,
1465 2995 1661 3033 aequiparando
1673 2994 1886 3023 multitudinem
1896 2993 2062 3024 ffitolorum.

1331 3035 1483 3072 AEquipero
1501 3035 1531 3062 in
1551 3033 1718 3070 Panegyrico
1739 3033 1849 3062 Nazarii
1863 3042 1890 3070 p.
1906 3042 1966 3068 190.
1990 3039 2057 3059 meae
2072 3030 2138 3060 edit.
2161 3028 2195 3058 H.
2214 3028 2254 3058 St.
2300 3027 2459 3064 [Cellarius

1350 3078 1446 3102 tamen
1457 3072 1634 3109 AEquiparare
1649 3072 1678 3100 C.
1695 3079 1719 3108 3.
1737 3071 1758 3108 §.
1774 3080 1797 3099 1.
1813 3072 1839 3100 ἅ
1854 3081 1886 3106 4,
1905 3079 1930 3099 2.
1954 3068 2052 3097 edidit.

1295 3112 1473 3146 IEQU1PAR
1483 3119 1590 3145 A‘rio,
1612 3109 1682 3138 onis.
1704 3109 1722 3138 f.
1747 3106 1866 3145 [imm]
1887 3106 1957 3137 Gell.
1971 3106 2018 3135 lib.
2032 3116 2073 3140 14.
2087 3113 2145 3147 clap.
2159 3110 2181 3139 3.
2204 3103 2393 3141 AEquiparatio
2405 3103 2461 3141 ipsa

1334 3149 1489 3187 plerunque
1501 3148 1527 3177 ἃ
1538 3146 1663 3185 parilitas
1674 3147 1808 3176 virtutum
1822 3147 1894 3175 inter
1906 3144 1959 3175 sese
1973 3142 2163 3173 consimilium.
2195 3141 2274 3184 idem
2288 3152 2312 3176 ς.
2330 3152 2353 3184 5.

1297 3187 1330 3218 AE
1339 3197 1385 3224 qu
1394 3197 1403 3215 1
1411 3196 1425 3214 ι’
1434 3196 1454 3214 A
1462 3196 1478 3214 R
1488 3196 1506 3214 A
1515 3196 1530 3214 B
1540 3188 1551 3214 ῑ
1560 3197 1576 3214 L
1585 3195 1613 3214 18
1623 3207 1631 3221 ,
1653 3195 1678 3214 e.
1701 3181 1854 3221 [imiza]
1883 3182 1993 3220 AEquari
2003 3182 2046 3210 vel
2059 3181 2216 3216 Comparari
2231 3189 2298 3208 cum
2308 3179 2401 3217 aliquo
2419 3179 2462 3208 di-

1336 3235 1431 3263 gnum.
1461 3223 1548 3253 Plaut.
1563 3223 1641 3253 Trin.
1655 3233 1680 3252 2.
1694 3234 1720 3259 4.
1735 3227 1780 3257 65.
1965 3222 1968 3227 ’
2019 3220 2026 3227 ’
2275 3254 2282 3259 ·

1378 3263 1420 3292 Ita
1430 3268 1460 3291 tu
1471 3271 1547 3291 nunc
1557 3262 1627 3291 dicis
1635 3283 1643 3297 ,
1664 3271 1723 3290 non
1735 3261 1788 3290 effe
1800 3257 2005 3296 aequiparabiles
2017 3255 2113 3284 vestras
2123 3263 2187 3283 cum
2199 3253 2298 3284 nostris

1378 3301 1525 3331 Faffiones
1538 3307 1620 3338 atque
1635 3309 1704 3337 opes
1713 3300 1726 3327 ⁸?
1839 3297 1915 3326 Idem
1930 3296 2009 3337 Cure.
2025 3304 2046 3322 ι.
2061 3302 2084 3336 3..
2102 3303 2143 3321 12.
2171 3329 2175 3335 .

1381 3339 1458 3376 Quid
1468 3338 1558 3367 vidisti
1570 3360 1578 3373 ,
1599 3344 1646 3366 aut
1657 3337 1724 3376 quid
1735 3334 1842 3366 videbis
1852 3334 1936 3371 magis
1947 3333 1999 3375 dus
2010 3329 2205 3368 aequiparabile
2214 3329 2228 3358 ἵ)

1299 3377 1554 3415 JEQHPARANTIA,
1569 3386 1599 3405 ze.
1617 3376 1634 3404 f.
1651 3375 1730 3405 Idem
1743 3373 1818 3412 quod
1829 3373 2025 3409 AEquiparatio.
2047 3367 2169 3410 Tertull.
2175 3368 2236 3396 adv.
2249 3366 2358 3397 Valent..
2372 3367 2401 3396 C.
2417 3371 2460 3397 16.

1299 3415 1333 3447 ,ΗΞ
1342 3426 1403 3451 qui
1413 3425 1426 3443 1²
1434 3425 1451 3444 o
1460 3426 1476 3443 L
1484 3425 1501 3442 L
1510 3425 1524 3443 E
1532 3424 1549 3443 o
1560 3437 1568 3449 ,
1596 3410 1790 3450 [ὶπόυναμιω]
1821 3414 1874 3440 ere.
1898 3407 2071 3445 AEquivalere
2085 3406 2217 3444 iignihcat
2226 3427 2234 3441 ,
2256 3405 2282 3435 h.
2296 3415 2319 3435 e.
2343 3406 2463 3444 ffiquum

1338 3453 1444 3483 viribus
1455 3454 1481 3482 &
1492 3461 1586 3490 parem
1596 3451 1658 3481 effe.

1292 3491 1334 3526 ,ΖΕ
1342 3502 1387 3528 Qu
1396 3503 1405 3520 1
1413 3501 1428 3521 P
1438 3501 1454 3520 0
1464 3502 1481 3519 L
1490 3502 1505 3519 L
1515 3501 1528 3519 E
1537 3500 1557 3519 Ν
1565 3500 1577 3519 s
1587 3512 1595 3525 ,
1610 3488 1690 3519 entis.
1711 3487 1829 3526 Apul.de
1839 3483 2035 3528 Styllog.Cat.p.
2044 3486 2085 3520 36.
2098 3481 2133 3511 de
2142 3480 2461 3518 Hab.DoCtr.Plat.p.39.

1301 3530 1649 3566 JEQUIPOLLENTIA,
1675 3524 1883 3563 AEquivalentia.
1971 3559 1975 3563 ⁶
2320 3557 2325 3561 η

1301 3568 1427 3602 AEQUIP
1436 3577 1452 3596 ο
1461 3577 1481 3595 Ν
1491 3577 1508 3595 1)
1518 3577 1526 3594 1
1536 3576 1555 3595 υ
1565 3577 1584 3594 M
1593 3588 1601 3600 ‚
1617 3565 1646 3594 ii,
1663 3575 1689 3593 η,
1707 3559 1862 3599 [eduma]
1886 3568 1920 3588 ex
1932 3558 1985 3595 adl.
2006 3558 2128 3595 ffiquum
2140 3558 2165 3587 8:
2176 3556 2296 3586 Pondus.
2319 3567 2335 3584 i.
2346 3564 2370 3585 e.
2394 3555 2466 3598 Pon-

1340 3606 1413 3635 deris
1424 3604 1571 3642 aequalitas.
1592 3610 1623 3632 ut
1634 3603 1651 3631 si
1664 3602 1738 3630 dicas
1748 3622 1755 3635 ,
1778 3601 1880 3628 Aurum
1892 3596 1956 3626 dedi
1969 3597 2005 3626 ad
2014 3597 2119 3632 argenti
2130 3595 2347 3632 aequipondium.
2384 3592 2462 3629 Legi-

1339 3650 1385 3672 tur
1395 3643 1470 3681 apud
1486 3642 1588 3671 Vitruv.
1601 3640 1649 3669 lib.
1664 3650 1705 3668 10.
1719 3648 1777 3675 cap.
1791 3642 1816 3670 8.
1834 3636 1908 3673 apud
1919 3642 2002 3673 quem
2016 3635 2168 3664 &Saconia
2178 3642 2228 3671 pro
2239 3632 2348 3661 eodem.
2372 3641 2396 3668 q.
2411 3631 2442 3660 V.

1302 3682 1336 3712 ΗΞ
1345 3692 1390 3718 Qu
1401 3693 1408 3710 1
1418 3691 1438 3710 T
1447 3691 1461 3709 Ε
1470 3690 1486 3708 R
1496 3690 1515 3708 Ν
1525 3690 1542 3708 u
1551 3689 1562 3707 s
1572 3700 1579 3713 ,
1601 3678 1666 3707 Tria
1677 3675 1754 3704 simul
1766 3675 1924 3711 sequiterna.
1947 3672 2043 3702 Claud.
2063 3672 2188 3701 Mamert.
2201 3680 2225 3699 2.
2241 3682 2266 3705 4.
2279 3670 2329 3712 ¹Id.
2342 3679 2367 3698 2.
2385 3675 2411 3702 8.

1301 3720 1336 3751 AE
1344 3730 1390 3756 Qu
1400 3731 1408 3748 ι
1419 3729 1435 3748 ν
1445 3729 1463 3746 A
1473 3728 1488 3746 L
1498 3726 1511 3746 a
1521 3727 1536 3744 R
1545 3726 1558 3744 E
1566 3738 1574 3750 ,
1597 3713 1757 3751 [ὶπίῥοπεῖν]
1772 3713 1858 3749 AEque
1869 3710 1953 3749 posse.
1978 3712 2082 3740 Author
2093 3708 2181 3738 libelli
2193 3708 2226 3737 de
2238 3707 2389 3738 Philomela
2401 3717 2426 3744 ς.

1419 3756 1491 3785 Nam
1524 3754 1620 3782 uanvis
1634 3751 1692 3781 aliae
1705 3750 1832 3779 volucres
1846 3748 2038 3778 modulamina
2050 3754 2171 3781 tentent,

1463 3792 1508 3822 Nu
1521 3790 1547 3819 la
1561 3790 1650 3828 potest
1664 3788 1786 3817 modulis
1801 3786 1963 3825 aequivalere
1977 3787 2041 3816 tuis.

1302 3831 1499 3869 AEqurTAS,
1521 3829 1707 3864 ffiquvrra.
1743 3826 1773 3855 V.
1795 3835 1929 3862 AEQuus.
2138 3855 2140 3857 ,
2196 3856 2198 3858 q

1302 3872 1335 3902 AE
1346 3880 1392 3905 ῳ]
1400 3871 1412 3897 f
1420 3878 1436 3896 v
1446 3870 1462 3896 6
1473 3877 1490 3895 c
1500 3877 1517 3895 u
1527 3876 1538 3894 s
1550 3888 1557 3900 ,
1581 3864 1760 3901 [ὁμώνυμΘΜ]
1782 3863 1937 3901 significans
1948 3862 2002 3892 Res
2013 3860 2106 3899 plures
2118 3857 2244 3890 diversas.

1339 3907 1492 3944 AEquivoca
1505 3902 1619 3933 nomina
1629 3925 1636 3937 ,
1658 3903 1676 3931 i.
1693 3911 1717 3931 e.
1742 3902 1882 3939 Ambigua.
1906 3910 1929 3930 e.
1943 3910 1966 3938 g.

1419 3942 1490 3980 Quis
1505 3948 1588 3977 neget
1602 3940 1694 3971 AEneae
1710 3949 1809 3978 magna
1824 3940 1858 3968 de
1873 3940 1953 3976 stirpe
1968 3936 2134 3967 Neronem?

1461 3978 1577 4011 Sustulit
1588 3979 1635 4010 hic
1647 3984 1766 4010 matrem
1776 4000 1783 4014 ‚
1805 3975 1912 4007 sustulit
1924 3976 1971 4005 ille
1985 3981 2101 4014 patrem.

1881 4014 1914 4046 Μ
1945 4022 1963 4044 2
2416 4004 2472 4035 ubi
