2600 4177
15 337 17 366 4

5 3492 7 3495 ,
41 3466 230 3504 ΟιΝοιυε,
251 3469 270 3498 i.
291 3479 328 3498 m.

0 3656 2 3658 Ι
75 3617 169 3657 inopia
185 3619 343 3650 laborantes
358 3642 367 3656 ,
396 3619 496 3650 Cinclo
514 3620 692 3657 pauperiores
728 3629 842 3650 icamus.

468 102 497 137 C
585 103 600 137 Ι
690 103 724 138 N

78 181 240 212 continente
256 182 372 212 distans:
395 183 430 212 stc
450 183 541 218 dieta,
562 182 637 219 quod
656 183 802 221 probrosos
821 184 859 214 ibi
881 184 1022 222 reliquerit
1037 185 1188 216 Alexander

80 216 205 254 Magnus.
227 220 267 249 Ex
283 220 349 249 Plin.
370 221 416 249 lib.
431 232 453 254 ς.
475 231 536 257 cap.
551 230 596 249 21.

42 251 80 282 Cr
90 264 109 282 N
118 265 140 282 ,ε
152 266 167 283 o
178 266 195 284 υ
204 265 216 285 s
227 278 235 291 ,
255 255 409 292 [κιναίδων]
430 258 547 287 Aviculae
559 267 671 287 nomen.
693 259 790 287 Galen.
805 258 851 287 lib.
863 270 888 294 4.
902 259 936 288 de
947 261 1097 298 Compulit.
1110 261 1188 297 phar.

78 301 147 321 mac.
161 292 271 322 secund.
282 294 335 323 loc.
349 304 407 331 cap.
421 305 445 331 7.
468 294 514 324 Fel
525 295 637 324 aviculae
650 317 657 330 ,
680 305 739 332 quae
753 297 876 325 cinzrdus
894 298 1055 334 appellatur.
1087 299 1189 327 Corna-

79 329 134 357 rius
144 331 280 359 existimat
289 341 349 359 earn
361 332 413 361 csse
422 354 431 367 ,
452 342 533 369 quam
542 341 593 361 nos
605 332 777 362 Motticillam
793 334 826 362 ab
839 334 940 363 assidua
955 337 1049 365 caudit·
1064 337 1189 371 agitati&

77 375 114 395 ne
124 365 242 396 Latinea
265 368 400 404 pellamus
411 391 419 404 ,
441 379 500 406 quae
511 369 576 398 alias
591 369 649 402 ἴυγξ
663 372 763 399 (ὖιωεῐε
783 372 821 400 est
835 394 842 404 ,
864 374 889 401 ἃ
907 374 980 409 apud
995 373 1161 402 Aristotelem
1174 382 1189 402 a

79 402 230 432 Theodoro
242 378 315 434 (gaza
325 405 419 435 Turbo
431 416 463 436 ac
473 406 614 442 Torquilla
630 417 751 437 vocatur.
793 410 852 438 Nec
869 410 949 439 aliam
960 410 994 439 ab
1004 420 1035 439 ea
1045 411 1190 439 arbitratur

82 440 209 470 Cincium
220 442 431 474 xi‘yunouiisdem
452 444 637 481 appellatam,
658 455 673 473 a
689 455 740 481 qua
757 445 925 476 Cinclismon
945 458 1044 476 vocem
1062 448 1191 477 formavit

80 477 263 515 Hippocrates
277 479 306 508 in
321 478 390 510 libro
407 477 461 510 ea?
473 482 557 517 ἄρθρων
569 504 576 516 ,
598 491 679 518 quam
692 483 812 512 Galenus
825 485 936 514 Brevem
950 487 976 514 ἃ
987 485 1120 514 assiduum
1132 495 1192 514 mo-

79 521 138 544 tum
157 517 291 553 exponit,
312 525 459 556 propterea
478 520 552 557 quod
569 519 681 549 Cincius
702 521 809 550 avicula
829 522 933 552 aiiidue
956 530 1067 552 moveat
1084 524 1191 553 natium

101 562 193 582 ennas.

79 563 207 620 PCinaedus
218 597 346 628 praeterea
356 601 442 629 genus
453 594 491 623 est
503 593 583 624 Piscis
596 617 603 629 ,
625 594 655 623 in
671 594 749 630 cujus
765 596 880 625 cerebro
900 598 1041 627 invenitur
1061 597 1171 635 lapillus
1181 619 1190 634 ‚

99 628 134 657 de
146 638 200 664 quo
209 629 292 666 paulo
303 635 375 660 ante.
398 631 427 661 V.
452 632 518 661 Plin.
533 631 580 661 lib.
593 641 635 669 37.
650 642 710 670 cap.
729 643 769 662 10.

44 665 111 696 CrN
121 676 143 694 Β
152 675 171 694 τ
181 675 200 694 H
210 676 228 695 o
239 676 251 695 s
262 689 270 701 ,
292 667 309 696 i.
331 677 367 696 m.
390 670 564 704 [simeo]
584 668 694 699 illustris
717 669 769 698 fuit
785 671 935 709 rhapsodus
947 694 954 706 ‚
976 672 1062 701 Chius
1083 673 1169 709 patria
1180 693 1190 709 ‚

97 703 125 731 ui
140 705 164 733 ἃ
176 703 309 740 Syracusis
322 707 448 735 omnium
459 707 562 744 primus
573 707 685 736 Homeri
693 717 805 738 carmen
816 710 973 745 concinuit,
985 710 1025 738 illi
1037 719 1146 748 quoquc
1156 711 1191 740 de

93 750 126 770 uo
139 740 244 771 insertis
254 742 399 779 plerisque.
419 745 458 773 Ex
472 745 537 774 Cael.
550 743 596 775 lib.
613 754 638 782 7.
653 755 714 782 cap.
727 755 772 781 29.

43 777 252 808 CiNAMoMu
266 790 306 814 M,
336 781 366 810 V.
390 792 406 811 c
419 791 662 811 rNNAmomuit.

41 815 134 846 01st
146 825 189 844 RA
207 838 214 851 ,
234 827 265 846 ae.
286 817 304 846 f.
337 818 467 855 [xlvxgsa]
496 820 619 849 Carduus
639 820 677 849 est
692 819 776 849 altilis
801 830 877 852 nunc
895 822 980 860 vulgo
998 830 1098 858 notus,
1120 823 1192 853 inter

77 852 231 920 {ngnsarum
248 855 362 886 delicias
382 857 533 895 plurimum
551 858 699 895 expetitus.
738 860 896 888 Articoaum
921 868 1032 891 vocant.
1053 861 1190 891 Columel.

91 901 99 920 1
120 913 126 920 .
141 900 183 920 ιο.
197 900 212 920 2
234 896 260 922 6.

155 900 271 967 Hisp³ida
284 937 402 968 ponatur
412 931 505 962 cinara
516 954 524 967 ‚
549 942 607 970 qua:
621 932 710 962 dulcis
720 932 822 962 laccho

155 966 383 1005 Potantiveniat‚
405 980 458 999 nec
470 970 573 999 Phoebo
583 978 656 1007 grata
673 972 801 1006 canenti,
822 972 874 1001 ἃς.
989 974 1094 1004 Cinarae
1112 974 1192 1004 radix

72 1004 112 1035 ‘ex
122 1013 191 1041 aqua
201 1005 316 1036 decoeta
327 1029 335 1041 ,
353 1009 421 1036 litim
435 1007 607 1045 potatoribus
617 1008 706 1037 facere
718 1016 849 1039 narratur.
872 1010 989 1041 Proinde
999 1020 1073 1049 grata
1084 1012 1192 1041 Baccho

77 1043 187 1080 potanti
201 1064 209 1077 ,
232 1044 337 1081 ingrata
347 1045 451 1074 Phoebo
464 1047 585 1075 canenti.
627 1045 764 1076 Columel.
777 1046 825 1076 lib.
839 1057 880 1077 11.
902 1059 963 1087 cap.
980 1059 1003 1085 3.
1027 1050 1133 1079 Cinarae
1152 1049 1192 1078 so-

78 1079 171 1110 bolem
186 1080 286 1111 melius
306 1092 354 1120 per
371 1084 502 1112 Autumni
523 1084 720 1121 :equinodinm
738 1084 935 1121 disponemus:
956 1086 1048 1116 semen
1068 1097 1192 1117 commo-

76 1117 140 1148 dius
151 1117 223 1147 circa
237 1119 365 1150 calendas
379 1121 471 1150 Martii
486 1121 605 1151 feremus
614 1142 623 1156 ,
644 1120 757 1158 ejusque
776 1122 899 1159 plantam
911 1125 983 1154 circa
996 1125 1124 1155 calendas
1137 1125 1192 1154 No-

76 1155 196 1185 vembris
207 1156 412 1195 deprimemus,
434 1160 460 1188 ⁴&
477 1158 568 1189 multo
580 1159 674 1188 cinere
692 1160 909 1190 stercorabimus.
949 1162 981 1192 ld
1007 1164 1083 1192 enim
1104 1173 1191 1200 genus

76 1192 202 1223 stercoris
212 1194 277 1224 huic
289 1196 357 1225 oleri
370 1196 479 1226 videtur
493 1196 672 1235 aptiffimum.
712 1197 826 1234 Propter
846 1199 904 1228 liaec
923 1199 1086 1230 Columellae
1109 1201 1192 1230 verba

76 1231 184 1269 'putavit
195 1231 364 1270 Pomponius
374 1234 537 1264 Fortunatus
551 1235 677 1264 Cinaram
687 1243 702 1262 a
713 1234 811 1264 Cinere
831 1246 935 1266 nomen
953 1237 1074 1267 sortitam
1086 1260 1094 1272 ,
1116 1239 1192 1275 quod

76 1277 112 1298 eo
126 1269 246 1299 maxime
257 1272 382 1307 gaudeat.
421 1272 547 1302 Ruellius
558 1279 653 1301 tamen
662 1271 710 1301 lib.
727 1282 749 1302 1.
764 1282 825 1311 cap.
836 1284 880 1303 20.
902 1275 968 1304 huic
980 1275 1122 1305 sententiae
1133 1286 1193 1311 non

76 1306 201 1343 accedit,
222 1308 288 1338 hinc
298 1310 401 1339 difftam
412 1311 538 1345 tradens,
560 1310 635 1347 quod
658 1310 718 1345 ejus
729 1312 852 1341 nominis
865 1313 989 1350 puellam
1006 1315 1035 1343 in
1051 1314 1123 1344 hanc
1133 1315 1193 1344 her-

74 1342 139 1373 bam
148 1343 255 1382 fingant
264 1347 431 1378 conversam.
472 1347 503 1378 V.
520 1357 532 1377 s
541 1357 558 1377 c
568 1358 585 1377 o
594 1358 610 1376 1.
618 1358 636 1377 Y
648 1358 669 1376 M
679 1357 695 1376 o
705 1358 726 1378 s.

41 1377 233 1416 CrNARAs‚
255 1383 286 1414 V.
310 1395 488 1415 crNxRAs.

42 1419 84 1450 Cr
93 1429 114 1448 N
123 1429 142 1448 A
153 1429 191 1487 sti)
202 1431 222 1449 N
233 1431 252 1450 A
262 1431 274 1450 s
284 1444 292 1457 ,
315 1423 387 1453 Acus
396 1445 404 1459 ,
427 1423 526 1461 quibus
540 1421 670 1453 mulieres
687 1429 772 1462 caput
791 1433 937 1456 exornant.
958 1426 1059 1457 Festus.
1099 1429 1116 1464 [
1125 1427 1192 1457 Non

81 1467 109 1487 re
130 1468 168 1487 err
191 1469 283 1490 ocum.

41 1492 79 1526 C'r
89 1466 153 1524 Nfbr
163 1505 181 1525 A
193 1518 201 1532 ,
222 1496 408 1533 [Γοιμιίλιέυ]
428 1497 502 1534 Juno
525 1498 670 1528 dicebatur
679 1520 686 1533 ,
708 1500 785 1536 quod
809 1502 914 1539 nuptiis
929 1502 1062 1540 praeesset.
1117 1503 1191 1532 Inito

77 1534 152 1563 enirn
166 1535 298 1572 coniugio
309 1535 464 1566 solvebatur
474 1536 632 1574 cingulum,
655 1546 709 1574 quo
718 1547 790 1568 nova
801 1546 888 1577 nupta
899 1548 957 1569 erat
965 1541 1065 1571 cincta.
1087 1541 1190 1571 Festus.

78 1572 129 1601 Alii
142 1573 240 1602 Cinxia
252 1573 382 1603 scribunt.

41 1604 82 1640 Cr
92 1619 111 1638 N
122 1619 138 1639 c
147 1621 157 1638 1
166 1620 206 1640 us
217 1632 225 1646 ,
247 1611 357 1641 Nomen
368 1617 443 1648 gent.
462 1611 514 1641 Ro.
536 1610 565 1641 L.
576 1611 706 1648 Cincius,
727 1612 827 1643 Praetor
838 1615 961 1645 Siciliam
977 1626 1026 1654 per
1036 1616 1191 1646 secundum

78 1647 183 1677 bellum
196 1649 329 1678 Punicum
341 1650 540 1679 administravit
549 1672 557 1684 ,
578 1656 609 1679 ut
624 1650 718 1680 scribit
728 1650 820 1681 Livius
831 1660 855 1689 7.
870 1661 894 1687 3.

76 1686 190 1716 Cincius
201 1686 269 1716 alius
278 1687 394 1716 Senator
402 1687 545 1717 Romanus
553 1687 657 1726 scripsit
677 1689 712 1718 de
730 1699 759 1718 re
773 1689 891 1720 militari.
931 1690 1011 1721 Idem
1029 1692 1059 1720 in
1070 1691 1191 1722 suasione

95 1723 174 1761 Legis
184 1724 308 1760 Fanniae,
329 1725 435 1761 objecit
445 1725 544 1755 saeculo
553 1725 617 1761 suc,
639 1727 714 1762 quod
727 1737 842 1764 porcum
859 1728 1014 1764 Troianum
1033 1730 1130 1759 menfis
1150 1730 1192 1759 in-

94 1762 214 1791 ferrent:
235 1772 317 1800 quem
328 1762 415 1793 illisio
425 1763 571 1798 vocabant,
586 1765 659 1800 quasi
671 1764 732 1793 aliis
743 1765 850 1795 inclusis
861 1767 1026 1796 animalibus
1036 1768 1189 1804 gravidum,

96 1807 127 1829 ut
138 1799 185 1829 ille
195 1799 332 1836 Troianus
345 1811 431 1838 equus
439 1801 566 1838 gravidus
576 1803 685 1831 armatis
700 1803 761 1832 fuit.
804 1805 910 1833 Auclor.
924 1804 1049 1834 Macrob.
1060 1806 1115 1834 Sat.
1127 1815 1152 1834 2.
1163 1816 1190 1840 9.

41 1832 82 1869 Cr
92 1846 111 1866 N
121 1847 138 1867 c
147 1848 156 1866 ι
166 1847 184 1866 u
193 1847 205 1867 s
216 1860 224 1874 ,
247 1839 305 1874 Adj.
328 1845 359 1868 ut
378 1839 475 1869 Cincia
486 1838 558 1874 Lex,
582 1839 617 1869 de
634 1840 715 1869 donis
727 1842 752 1870 Sc
764 1841 924 1871 muneribus
935 1852 949 1871 a
959 1843 999 1872 M.
1016 1843 1114 1872 Cincio
1127 1842 1190 1879 lata,

75 1883 107 1905 ut
120 1875 179 1905 Cic.
189 1884 214 1905 2.
233 1876 269 1906 de
289 1876 366 1906 Orat.
379 1880 442 1910 28⁶.
456 1876 565 1912 scribit,
586 1877 719 1907 suadente
735 1878 821 1907 Fabio
840 1879 965 1909 Maximo
977 1902 985 1915 ,
1010 1881 1189 1916 quemadmo-

75 1914 143 1942 dum
155 1913 224 1943 Cato
234 1914 346 1943 testatur
356 1914 429 1952 apud
440 1914 562 1944 eundem
572 1914 737 1945 Ciceronem
755 1917 784 1945 in
801 1916 848 1946 lib.
869 1917 907 1946 sui
919 1919 1048 1948 nominis.
1072 1929 1113 1948 ιο.
1152 1919 1190 1948 Ea

75 1951 224 1981 cavebatur
233 1973 241 1987 ,
260 1961 296 1981 ne
307 1953 368 1989 quis
379 1952 416 1981 ob
427 1952 535 1982 causam
545 1953 676 1982 orandam
688 1954 795 1983 donum
811 1955 943 1984 munusve
957 1957 1101 1994 acciperet.
1135 1956 1191 1986 Un-

75 1989 112 2018 de
122 1989 148 2019 8<
159 1989 310 2019 Muneralis
319 1990 365 2019 lex
375 1990 512 2027 appellata
524 1990 561 2019 est
570 2012 578 2025 ‚
600 1992 711 2021 audtore
723 1991 810 2022 Festo.
832 1992 965 2023 Meminit
977 1995 1037 2030 eius
1049 1994 1139 2024 Tacit.
1147 2005 1157 2024 ι
1166 2005 1190 2031 ς.

79 2028 148 2056 tinn.
159 2036 204 2057 20.
218 2028 245 2057 ὃς
260 2027 359 2057 Arnob.
378 2027 425 2057 lib.
438 2038 464 2058 2.
479 2028 582 2057 advers.
600 2036 673 2066 gent.

40 2057 202 2132 (ἴιΝοιὸι,
224 2064 313 2095 Locus
332 2065 427 2096 Romae
443 2066 491 2096 ubi
510 2066 673 2096 Cinciorum
689 2072 904 2098 monumentum
921 2068 983 2098 fuit.
1006 2068 1074 2100 Fest.
1106 2069 1137 2100 V.
1165 2071 1192 2101 δε

78 2103 142 2132 Not.
184 2112 254 2132 acer.

41 2139 64 2170 C
73 2151 82 2169 r
92 2149 136 2169 Nc
145 2151 154 2168 1
164 2150 185 2169 N
195 2150 215 2169 N
225 2150 264 2170 us
275 2162 283 2176 ,
304 2140 322 2171 i.
341 2150 379 2170 m.
400 2139 579 2177 [xt'ymv=&1]
601 2140 731 2172 Cincinni
743 2165 751 2177 ,
772 2144 884 2173 auctore
895 2143 972 2173 Festo
984 2166 992 2179 ,
1023 2143 1085 2174 sunt
1094 2145 1191 2176 Crines

76 2179 181 2208 intorti.
221 2178 279 2208 Cic.
292 2178 321 2208 in
332 2178 419 2208 Pison.
432 2189 477 2215 ας.
499 2179 582 2209 Erant
596 2180 637 2209 illi
650 2181 755 2218 compti
770 2180 874 2218 capilli,
896 2183 921 2211 ἃ
932 2182 1075 2212 madentes
1086 2184 1193 2213 cincin-

76 2225 178 2246 norum
188 2215 312 2246 fimbriae.
353 2216 410 2254 Qui
423 2218 507 2247 etiam
518 2217 845 2248 Calamistratidicuntur.
868 2219 951 2249 Varro
965 2220 1014 2249 lib.
1029 2231 1051 2249 1.
1064 2221 1099 2251 de
1111 2221 1143 2251 R.
1158 2221 1190 2252 R.

78 2263 138 2292 cap.
149 2262 193 2290 31.
214 2254 240 2284 Is
249 2255 287 2284 est
297 2253 547 2292 coliculusviteus,
568 2257 686 2294 intortus
701 2262 732 2286 ut
748 2257 904 2287 cincinnus.
944 2258 979 2288 Et
997 2258 1084 2289 Plaut.
1106 2259 1190 2290 Truc.

77 2301 105 2322 α.
115 2301 141 2322 2.
174 2301 199 2321 2.

157 2302 227 2366 ³Jam
236 2339 289 2367 ego
298 2330 362 2360 istos
377 2329 457 2360 fictos
467 2352 475 2367 ‚
496 2330 664 2369 compositos
675 2353 683 2367 ‚
705 2331 809 2370 crispos
819 2354 827 2368 ‚
847 2333 994 2363 cincinnos
1009 2340 1073 2365 tuos

167 2368 359 2406 Unguentatos
369 2368 452 2406 usque
465 2379 499 2398 ex
511 2369 626 2399 cerebro
638 2369 765 2399 evellam.
1084 2409 1089 2415 .

78 2404 208 2436 Cincinni
217 2407 341 2436 oratoris.
378 2407 436 2436 Cic.
450 2416 474 2443 3.
491 2408 526 2437 de
539 2407 615 2437 Orat.
629 2412 673 2443 98.
693 2411 782 2445 Atque
796 2417 830 2438 eo
845 2409 927 2439 citius
946 2408 975 2438 in
987 2415 1104 2440 oratoris
1118 2432 1127 2446 ,
1147 2416 1194 2441 aut

95 2444 123 2473 in
132 2451 221 2482 poetae
233 2444 372 2474 cincinnis
381 2454 397 2474 a
405 2444 471 2474 fixco
482 2444 643 2475 offenditur.
823 2483 830 2490 ⁹

42 2480 81 2512 Gt
90 2491 110 2512 N
121 2491 138 2512 c
147 2493 157 2511 r
166 2491 186 2511 N
196 2484 241 2511 Ns]
251 2493 266 2510 1.
275 2492 312 2511 us
325 2505 333 2517 ,
354 2483 373 2511 i.
394 2492 432 2512 m.
453 2482 551 2513 dimin.
574 2483 658 2512 Varro
669 2483 743 2521 apud
754 2483 880 2514 Nonium
891 2487 916 2514 6.
932 2493 977 2521 43.

166 2522 238 2550 Ante
247 2530 324 2549 aures
340 2520 426 2550 modo
437 2528 472 2549 ex
482 2520 623 2550 sobolibus
638 2521 761 2560 parvulis

166 2557 266 2587 Intorti
287 2558 465 2588 dimittuntur
486 2558 533 2588 sex
550 2558 714 2589 cincinnuli.

809 2559 842 2590 V.
871 2558 971 2598 scalig.
984 2556 1020 2591 ad
1031 2560 1193 2599 Fragmenta

76 2594 189 2626 Varron.
205 2606 233 2634 p.
250 2605 310 2632 130.

34 2627 80 2664 'Cr
90 2643 111 2663 N
121 2644 138 2663 c
148 2645 157 2663 1
169 2637 243 2663 NNK
253 2643 299 2663 τυ
310 2644 331 2670 s,
353 2644 377 2670 a,
395 2644 453 2664 um.
478 2634 537 2671 adj„
559 2630 757 2671 [mymmvir]
778 2634 933 2665 Cuiintorti
944 2635 1005 2666 sunt
1019 2637 1119 2674 capilli.
1132 2638 1191 2669 Cic.

77 2671 136 2702 Post
147 2671 204 2701 red.
216 2672 247 2701 in
257 2672 322 2702 Sen.
334 2682 374 2702 ιι.
398 2673 464 2709 Quo
473 2673 549 2703 vultu
564 2674 739 2702 cincinnatus
754 2682 843 2710 ganeo
857 2683 914 2702 non
926 2673 1014 2703 solum
1034 2677 1137 2705 civium
1156 2676 1194 2706 la-

75 2718 182 2747 crymas
193 2733 202 2745 ,
223 2719 319 2740 verum
331 2711 415 2739 etiarn
433 2711 527 2748 patriae
541 2721 636 2749 preces
651 2711 831 2748 repudiavit?
853 2711 973 2747 Quintil.
986 2712 1033 2742 lib.
1047 2723 1070 2742 1.
1091 2723 1151 2752 cap.
1164 2725 1191 2750 9.

75 2747 334 2779 Peliascincinnatus
343 2770 352 2784 ‚
374 2748 400 2778 h.
412 2758 436 2777 e.
459 2748 579 2778 Cirratus
589 2769 598 2784 ‚
620 2748 756 2778 cincinnis
769 2750 794 2779 ὃς
805 2750 940 2780 contortis
949 2750 1057 2788 capillis
1071 2758 1193 2782 ornatus.

77 2785 207 2815 Moechus
217 2786 402 2816 cincinnatus.
423 2785 508 2816 Plaut.
523 2786 584 2817 Mil.
599 2795 623 2823 3.
643 2796 666 2821 3.
678 2796 723 2822 49.

3 2822 7 2839 ³
50 2820 53 2826 ”
75 2823 167 2854 Stellae
177 2824 353 2854 cincinnatae.
395 2823 452 2854 Cic.
466 2834 491 2854 2.
503 2825 538 2855 de
551 2825 613 2855 Nat.
625 2823 709 2854 Deor.
723 2834 765 2860 14.
787 2823 862 2854 Tum
872 2824 954 2855 stellis
963 2825 1005 2862 iis,
1027 2836 1092 2864 quas
1103 2827 1193 2858 Graeci

22 2872 23 2875 ¹
54 2891 57 2893 ,
95 2864 217 2892 cometas
227 2884 235 2897 ,
255 2862 340 2892 nostri
349 2862 501 2892 cicini-ratas
511 2869 619 2893 vocant.
662 2862 712 2892 Alii
726 2862 822 2899 legunt
833 2863 960 2893 Crinitas.

0 2919 4 2926 .
41 2898 367 2935 CrNcrNNATus,i.
390 2910 426 2929 m.

448 2901 663 2937 [κιγκιιιᾶτῶυ]
684 2900 848 2937 Cognomen
859 2901 982 2937 Quintiae
994 2903 1083 2939 gentis
1103 2913 1117 2932 a
1127 2903 1194 2933 Cin-

75 2937 173 2968 tinnis.
211 2937 269 2967 Cic.
280 2947 306 2968 2.
318 2938 353 2968 de
364 2937 452 2968 Finib.
468 2948 511 2968 12.
532 2939 627 2976 ltaque
636 2946 666 2968 ut
676 2940 794 2973 majores
813 2939 894 2967 nostri
907 2939 941 2968 ab
962 2946 1049 2969 aratro
1071 2941 1194 2971 abduxea,

75 2982 140 3006 runt
151 2974 352 3006 Cincinnatum
371 2975 449 3006 illum
463 2998 470 3011 ,
492 2982 523 3006 ut
544 2977 668 3006 Dictator
682 2976 766 3011 esset,
787 2977 839 3006 διε.
877 2975 1011 3020 Plin3lib.
1030 2984 1070 3012 18.
1091 2989 1152 3016 cap.
1167 2988 1192 3015 3.

75 3014 167 3044 Aranti
181 3020 298 3050 quatuor
307 3013 455 3051 suaiugera
465 3015 494 3043 in
511 3014 643 3044 Vaticano
654 3036 662 3048 ,
683 3024 743 3051 quae
765 3021 843 3052 prata
859 3013 977 3051 Quintia
995 3016 1191 3053 appellantur,

75 3050 241 3081 Cincinnato
251 3052 340 3082 viator
353 3051 629 3082 attulitDictaturam.
641 3054 667 3081 δι
680 3052 792 3090 quidem
800 3053 845 3087 (ut
858 3053 986 3088 traditur)
997 3054 1085 3096 nudo,
1095 3054 1192 3092 pleno-

77 3099 130 3127 que
143 3089 263 3127 pulveris
271 3090 423 3120 etiamnum
434 3099 491 3120 ore.
532 3090 584 3120 Cui
593 3091 696 3125 viator,
718 3090 784 3119 Vela
794 3099 912 3128 corpus,
933 3091 1040 3127 inquit,
1061 3099 1093 3121 ut
1101 3093 1192 3130 profe-

74 3129 133 3157 ‘ram
144 3128 260 3158 Senatus
270 3127 424 3166 populique
438 3127 558 3157 Romani
578 3128 716 3157 mandata.
753 3126 840 3157 Valer.
853 3128 929 3158 Max.
945 3128 993 3158 lib.
1004 3139 1028 3164 4.
1044 3138 1104 3167 cap.
1121 3141 1146 3165 4.
1163 3140 1189 3168 7.

74 3165 186 3203 Septem
195 3166 291 3203 jugera
304 3166 360 3203 agri
370 3164 488 3204 possedit
498 3165 527 3195 L.
541 3166 675 3203 Quintius
694 3165 885 3195 Cincinnatus
927 3166 966 3195 Ex
984 3166 1027 3196 his
1045 3167 1111 3204 tria,
1132 3178 1194 3205 quae

75 3206 125 3241 pro
135 3204 226 3232 amico
237 3204 272 3232 ad
283 3204 408 3233 aerarium
419 3203 618 3240 obsignaverat,
638 3203 731 3232 multae
742 3203 857 3232 nomine
867 3204 962 3233 amisit.
1001 3205 1114 3236 Poenam
1125 3215 1193 3243 quo-

76 3251 130 3278 que
140 3250 190 3278 pro
201 3240 258 3270 filio
269 3241 399 3275 Caesone,
419 3241 495 3278 quod
503 3242 537 3270 ad
554 3241 662 3271 causam
675 3241 823 3270 dicendam
840 3251 898 3270 non
918 3242 1089 3278 accurrisset,
1110 3243 1193 3279 hujus

75 3279 157 3316 agelli
167 3279 259 3309 reditu
269 3279 358 3309 solvit.
381 3280 407 3309 &
418 3285 510 3309 tamen
518 3280 544 3309 ei
561 3285 678 3317 quatuor
692 3280 784 3316 jugera
795 3280 880 3308 aranti
893 3289 950 3309 non
970 3279 1058 3310 solum
1074 3281 1194 3318 dignitas

75 3316 270 3354 patrisfamiliae
281 3317 420 3353 constitit,
441 3316 489 3347 sed
500 3318 585 3347 etiam
596 3317 737 3347 Dictatura
757 3316 848 3346 delata
865 3318 912 3347 est.
952 3318 1033 3348 Hanc
1052 3319 1193 3350 historiam

0 3363 4 3378 ³
56 3385 61 3389 ,
75 3354 192 3392 pulchre
203 3362 293 3385 narrat
304 3354 360 3385 Liv.
372 3363 397 3391 3.
408 3358 453 3385 26.

41 3390 109 3421 CrN
118 3402 135 3421 c
144 3403 153 3421 1
165 3402 185 3422 N
194 3402 215 3422 N
225 3403 242 3422 A
251 3403 270 3422 T
279 3394 296 3422 ὔ
306 3404 322 3422 L
331 3402 369 3423 us
381 3415 389 3429 ,
411 3403 426 3422 a
435 3414 443 3428 ‚
464 3399 522 3423 um.
544 3392 643 3422 dimin.
665 3398 697 3422 ut
708 3415 716 3427 ,
737 3389 925 3422 Cincinnatuli
942 3394 1030 3430 pueri.
1055 3393 1171 3425 Hieron.

38 3428 107 3459 CiN
117 3440 151 3460 cr
161 3439 181 3459 N
190 3440 210 3459 N
219 3435 261 3460 ιῑι
270 3442 280 3460 ι
289 3440 300 3460 s
313 3453 320 3467 ,
341 3440 366 3460 e.
388 3431 448 3466 Adj.
469 3436 510 3466 ut,
531 3430 622 3460 Herba
636 3431 809 3460 cincinnalis.
832 3430 910 3468 Apul.
928 3431 963 3459 de
974 3431 1065 3460 Herba
1075 3442 1134 3470 cap.
1146 3443 1189 3468 51.

351 3468 495 3504 [κίγκλῶ
503 3469 618 3504 Suidae]
643 3469 705 3498 Avis
728 3469 766 3497 est
785 3468 884 3506 exigua
892 3490 900 3502 ‚
923 3476 1057 3505 perpetuo
1075 3471 1192 3500 caudam

75 3515 191 3536 movens
201 3528 209 3541 ‚
230 3507 306 3536 unde
316 3507 341 3536 &
352 3505 497 3536 Motacilla
505 3516 518 3535 a
529 3506 670 3536 nonnullis
679 3506 841 3544 appellatur.
882 3506 962 3535 Hanc
980 3507 1131 3544 posteriore
1151 3507 1192 3538 sui

4 3555 14 3569 ν
28 3559 29 3574 i
53 3552 60 3555 ”
75 3548 153 3588 parte
165 3551 222 3573 tam
233 3544 356 3574 debilem
367 3545 421 3575 eise
431 3544 510 3573 aiunt
521 3566 529 3579 ‚
551 3550 581 3574 ut
590 3544 688 3573 nidum
705 3545 805 3573 struere
815 3554 873 3573 non
887 3543 969 3581 possit
979 3565 987 3578 ,
1014 3544 1062 3573 sed
1080 3545 1109 3575 in
1127 3546 1193 3576 alie-

74 3589 119 3612 ms
126 3582 199 3612 nidis
208 3592 260 3612 ova
267 3583 361 3620 pariat.
401 3582 472 3619 Quae
481 3591 523 3612 res
535 3580 631 3611 locum
642 3582 708 3611 fecit
745 3582 870 3611 roverbio
881 3602 889 3614 .
910 3587 941 3610 ut
957 3582 1085 3614 omnium
1098 3593 1191 3614 rerum

891 3620 1023 3649 Auctores
1044 3620 1142 3652 Suidas
1163 3623 1190 3653 sc

75 3651 173 3687 AElian.
186 3657 232 3687 lib.
250 3668 290 3693 ις.
303 3668 363 3696 cap.
373 3659 419 3692 28.
440 3658 509 3687 Hist.
523 3658 613 3687 Anim.
810 3695 816 3701 Ι
841 3695 847 3701 ι

41 3692 110 3723 Cm
119 3704 164 3724 c'r
173 3705 193 3724 A
215 3696 359 3726 dicebatur
369 3717 377 3731 ‚
398 3702 429 3726 ut
443 3695 534 3726 Festus
545 3696 641 3725 auctor
652 3695 690 3724 est
702 3717 710 3731 ,
731 3695 883 3725 Flaminica
891 3694 966 3724 veste
976 3694 1076 3727 velata.

42 3730 227 3769 CrNcTus,
248 3734 488 3764 CrNcrurus.
526 3733 559 3764 ln
579 3742 707 3762 crNco.

42 3767 198 3806 CrNEAs,
219 3771 252 3801 ln
270 3780 428 3802 CYNssAs.

0 3829 7 3833 .
42 3804 173 3844 Cinna,
195 3808 460 3845 C1NrtRAcaus,
481 3808 697 3845 Cumanus,
720 3808 963 3839 CrNrrtorrrs.
1004 3809 1036 3839 In
1055 3820 1167 3841 crNrs.

10 3879 14 3883 ι
42 3841 240 3881 CiN'risrAs,
260 3856 291 3876 ae.
310 3856 347 3876 m.
368 3847 516 3883 [Karna-iou]
535 3847 688 3877 Thebanus
699 3846 943 3885 Dithyramborum
953 3846 1190 3887 scriptorcompo-

75 3881 127 3913 suit
149 3883 354 3921 Pyrrhichiam,
379 3891 411 3914 ut
429 3885 467 3914 est
490 3886 519 3914 in
542 3885 708 3923 proverbio,
737 3884 853 3921 πυῤῥιλέην
874 3885 951 3917 114992
971 3884 1080 3920 Karoia,
1101 3887 1129 3916 id
1152 3888 1191 3916 est

74 3918 259 3990 Pyrxrigiphiazln
269 3922 367 3952 didicit
378 3921 497 3953 Cinefiae.
515 3923 559 3953 vel
569 3923 645 3960 quod
655 3924 684 3952 in
695 3923 786 3952 choris
797 3921 886 3952 multo
899 3929 977 3953 motu
991 3929 1113 3955 uteretur
1123 3934 1191 3955 con·

1714 109 1742 142 C
1842 110 1855 143 1
1952 111 1988 145 N
2337 126 2406 160 5¹5

1287 191 1324 215 tra
1337 189 1458 218 comicos
1472 198 1555 224 agens
1566 213 1572 223 ,
1596 191 1641 227 qui
1656 191 1684 219 in
1695 190 1747 219 hac
1761 196 1837 228 parte
1847 190 1989 220 deficiunt.
2032 192 2093 222 Erat
2104 199 2194 222 autem
2210 194 2326 224 Cinessas
2346 208 2404 227 cor.

1287 235 1352 261 peu:
1368 228 1444 262 pigro
1458 230 1481 255 ἁ
1494 228 1578 256 rrac‘sso
1589 239 1665 257 crure
1675 250 1682 261 ,
1705 228 1846 265 vulgoque
1860 229 1931 258 mule
1941 230 2071 259 audiebat
2083 232 2243 268 impietatis,
2266 238 2291 261 t<
2305 234 2407 273 impr-0-

1289 262 1381 292 bitatis
1394 266 1506 292 nomine
1517 287 1525 299 ,
1547 273 1576 294 ut
1587 266 1793 295 scribit-Sinicius.

1252 299 1317 327 Cir<
1331 310 1345 327 c
1358 312 1373 328 A
1386 323 1393 331 .
1417 313 1446 331 oe.
1470 312 1505 330 m.
1529 304 1645 338 [K‘M‘x]
1669 303 1777 332 lsluvius
1794 304 1821 332 in
1842 304 1965 332 confinio
1984 304 2195 342 Hispaniarum,
2223 316 2257 334 ex
2278 307 2407 344 l'yreneis

1288 339 1431 368 montibus
1441 341 1467 367 in
1480 339 1589 369 iberum
1602 339 1741 375 influens,
1761 341 1809 370 ubi
1820 342 1845 371 &z
1857 351 1958 371 nomen
1970 343 2081 371 amittit.
2104 342 2206 372 Lucan.
2222 344 2271 373 lib.
2285 357 2310 381 4.
2323 356 2369 377 αι,

1523 393 1559 397 —-
1572 378 1737 415 camposque
1752 385 1863 408 coercet

1369 413 1455 447 Cinga
1469 424 1551 451 rapax
1565 437 1572 449 ,
1591 417 1692 444 vetitus
1703 418 1802 446 fluctus
1814 417 1929 446 &litora
1941 417 2019 446 cursu
2031 439 2039 452 ,
2067 419 2119 447 διο.

1252 448 1320 477 C1N
1332 459 1346 476 c
1359 460 1374 478 ο
1385 471 1393 484 ,
1414 452 1488 480 cinxi
1502 473 1509 485 ,
1533 454 1673 487 cinerum,
1695 454 1806 490 [ζωινύω
1821 476 1829 490 ,
1844 456 1963 489 mmm]
1986 458 2039 484 e're.
2062 456 2174 494 proprie
2190 455 2333 489 Circuire:
2366 459 2406 489 di-

1289 487 1362 515 cium
1374 489 1445 524 quali
1459 490 1571 518 Circum
1582 500 1671 523 auzcrc.

1289 524 1423 561 Cingere,
1445 527 1642 557 Circumdam:
1664 537 1713 563 ut,
1735 529 1822 559 Amne
1836 529 1918 566 cingi.
1954 529 2025 565 virg.
2042 540 2067 565 9.
2088 530 2148 560 [ΕΠ.
2164 536 2227 567 469.

1369 562 1483 592 Sustulit
1493 564 1547 593 hoc
1560 565 1630 601 Nym
1637 566 1690 602 phe
1702 588 1709 600 ,
1731 567 1874 605 cinxitque
1885 568 2048 597 decentibus
2058 568 2158 599 herbis.

1288 599 1330 628 Ab
1341 601 1423 629 armis
1436 602 1519 637 cingi.
1541 602 1625 631 Ovid.
1641 613 1666 632 2.
1678 604 1713 632 de
1723 604 1799 633 Pont.
1812 610 1837 638 8.
1848 608 1891 640 69.

1370 637 1422 666 Vos
1433 648 1483 673 ego
1493 639 1681 676 compleciar,
1704 641 1807 672 Geticis
1826 642 1842 671 si
1857 644 1951 680 cingar
1966 643 2000 672 ab
2011 645 2100 674 armis.

1289 674 1410 703 Auxilio.
1435 676 1532 705 Claud.
1544 678 1571 705 in
1584 677 1692 713 Gigant.
1705 688 1749 714 43.

1289 711 1421 741 Excubiis
1429 714 1511 749 cingi.
1534 714 1630 743 Claud.
1646 717 1681 744 de
1699 720 1724 745 6.
1746 716 1828 746 Cons.
1844 717 1916 747 Hori.
1928 728 1972 754 ⁴4·

1288 749 1391 779 Milite.
1415 750 1512 780 Claud.
1525 760 1549 780 2.
1567 752 1595 780 in
1607 752 1679 782 Ruff.
1697 763 1736 789 ¹3·

1482 804 1518 808 -—
1529 799 1638 826 premor
1651 791 1715 820 hinc
1726 791 1797 821 odiis
1810 814 1817 825 ,
1842 793 1908 822 hinc
1916 793 2005 824 milite
2016 795 2120 833 cingor.

1288 824 1379 854 Odiis.
1402 824 1500 855 Claud.
1513 826 1542 855 in
1553 827 1656 864 praefat.
1668 828 1716 858 lib.
1728 838 1754 858 2.
1770 830 1798 857 in
1809 830 1922 868 Eutrop.
1938 841 1980 867 34.

1298 889 1301 891 ,
1370 862 1494 900 Cingeris
1507 864 1574 894 hinc
1589 866 1678 901 odiis,
1701 867 1767 895 inde
1779 868 1886 897 rcceffit
1897 879 1984 898 amor.

1288 899 1427 930 Periculis.
1470 902 1526 930 Cic.
1537 911 1587 939 pro
1598 903 1670 940 Lege
1682 904 1779 933 Manil.
1795 914 1838 939 30.
1860 904 1948 936 Testis
1964 907 2001 935 est
2014 907 2107 937 Sicilia
2118 930 2126 941 ,
2147 918 2229 946 quana
2245 911 2339 942 multis
2351 914 2408 944 cin.

1308 939 1379 966 ctam
1391 939 1520 975 periculis
1531 962 1539 974 ,
1560 950 1617 969 non
1626 948 1729 971 terrore
1744 941 1811 972 belli
1822 964 1830 978 ,
1852 943 1899 973 sed
1915 944 2054 975 celeritate
2063 946 2168 976 consilii
2176 949 2336 986 explicavit.

1288 974 1365 1004 Telis
1400 976 1469 1013 Virg.
1485 987 1509 1006 2.
1527 978 1586 1007 ffin.
1607 988 1669 1013 520.

1287 1013 1367 1043 Acies
1378 1014 1489 1050 cingere
1502 1015 1674 1046 discordibus
1686 1017 1777 1049 armis.
1799 1017 1893 1048 Tibul.
1906 1019 1954 1047 lib.
1967 1028 1993 1049 2.
2009 1029 2032 1056 3.
2045 1031 2090 1057 ⁴1·

1371 1051 1460 1081 Praeda
1471 1053 1542 1082 feras
1554 1055 1626 1084 acies
1644 1055 1732 1084 cinxit
1747 1051 1919 1086 discordibus
1931 1058 2021 1088 armis.

1289 1086 1400 1118 IEthera
1412 1090 1499 1119 nimbi
1512 1091 1669 1122 cinxerunt.
1693 1092 1765 1130 Virg.
1780 1104 1804 1128 ς.
1820 1094 1882 1124 IEn.
1900 1103 1941 1130 13.

1288 1128 1393 1162 Agmen
1404 1127 1493 1157 valida
1502 1138 1594 1159 manu.
1636 1130 1710 1160 Curt.
1721 1142 1748 1166 4.
1762 1141 1804 1167 13.
1819 1141 1862 1168 30.
1884 1131 1938 1162 Sed
1949 1142 1985 1162 ne
1995 1134 2134 1165 circumiri
2149 1136 2237 1174 posset
2256 1148 2271 1168 a
2283 1137 2408 1172 multitu-

1307 1165 1373 1193 dine
1386 1186 1393 1199 ,
1415 1165 1546 1195 ultimum
1558 1177 1657 1204 agmen
1671 1169 1763 1198 valida
1773 1179 1856 1199 manu
1867 1171 2001 1201 cinxerat.

1287 1202 1338 1231 Ara
1351 1203 1461 1232 coronis
1476 1205 1603 1241 cingitur.
1627 1206 1710 1236 Ovid.
1724 1215 1746 1242 3.
1758 1206 1838 1237 Trist.
1857 1217 1899 1244 13.
1913 1218 1955 1244 ις.

1289 1239 1381 1278 Caput
1390 1241 1425 1270 de
1434 1241 1501 1271 flore
1511 1244 1631 1280 cingere.
1655 1244 1738 1274 Ovid.
1752 1253 1776 1280 3.
1788 1245 1854 1274 Fast.
1867 1255 1931 1282 254.

1484 1281 1564 1309 —tle
1578 1288 1674 1310 tenero
1688 1284 1791 1320 cingite
1805 1285 1873 1314 ilore
1885 1291 1977 1322 caput.

1289 1315 1381 1345 Castra
1393 1316 1504 1354 cingere
1513 1318 1594 1348 vallo.
1619 1319 1673 1349 Liv.
1687 1329 1712 1356 7.
1727 1330 1769 1355 39.

1289 1353 1390 1383 Comas
1401 1354 1566 1385 diademate.
1595 1357 1692 1387 Claud.
1707 1358 1741 1387 de
1753 1363 1778 1388 6.
1795 1359 1877 1389 Cons.
1885 1359 1961 1390 Hon.
1973 1363 2017 1398 65.

1289 1390 1406 1420 Comarn
1420 1392 1504 1422 lauro.
1526 1394 1593 1424 Hor.
1607 1404 1630 1431 3.
1655 1396 1745 1425 Carni.
1761 1406 1802 1431 30.
1816 1401 1858 1427 16.

1289 1428 1390 1459 comas
1407 1431 1473 1460 vitta
1489 1432 1584 1469 cingit.
1607 1432 1691 1462 Ovid.
1704 1445 1729 1468 4.
1743 1434 1822 1464 Trist.
1841 1445 1868 1470 4.
1882 1441 1926 1471 78.

1289 1466 1414 1504 Corpore
1428 1476 1546 1498 externo
1567 1471 1650 1508 cingi.
1692 1472 1749 1501 Cic.
1766 1482 1788 1501 1.
1801 1473 1835 1501 de
1844 1473 1907 1502 Nat.
1923 1474 2003 1503 Deor.
2017 1477 2062 1504 26.
2093 1473 2172 1512 Quid
2190 1483 2282 1508 autem
2295 1479 2411 1511 interius

1308 1514 1403 1534 mente
1413 1507 1426 1534 ’ἶ
1447 1508 1783 1547 cingaturigirurcorpore
1793 1516 1920 1541 externo.
1962 1512 2004 1542 De
2014 1514 2121 1543 mundo
2133 1514 2259 1552 loquens.
2280 1517 2408 1549 Budaeus.

1288 1541 1371 1572 Dicta
1382 1544 1492 1580 cingere
1509 1555 1621 1576 corona.
1646 1547 1766 1584 Propert.
1781 1558 1807 1582 4.
1829 1558 1851 1577 1.
1862 1552 1906 1579 61.

1370 1580 1476 1611 Ennius
1493 1583 1595 1613 hirsuta
1613 1584 1707 1621 cingat
1719 1585 1762 1614 sua
1776 1587 1848 1615 dida
1858 1588 1971 1618 corona.

1288 1616 1371 1647 Diem
1388 1620 1505 1656 cingunt
1517 1622 1646 1658 tenebrae‚
1669 1622 1764 1659 Quum
1775 1624 1835 1654 dies
1844 1625 1881 1653 est
1890 1625 2065 1662 caliginosus.
2080 1626 2146 1657 Sen.
2158 1627 2241 1659 Here.
2253 1628 2305 1661 fur.
2318 1640 2410 1669 v.939.

1370 1657 1498 1688 Medium
1511 1659 1585 1688 diem
1668 1661 1788 1690 Cinxere
1804 1662 1933 1692 tenebrae.

1288 1692 1396 1723 Domos
1408 1697 1493 1725 muris
1505 1697 1615 1734 cingere
1625 1720 1633 1732 ,
1656 1697 1757 1728 Urbem
1771 1700 1901 1730 condere.
1926 1701 2012 1732 Valer.
2026 1713 2053 1739 4.
2067 1703 2168 1741 Argon.
2182 1713 2243 1735 102.

1288 1731 1415 1762 Fiumina
1427 1735 1502 1771 ripis.
1528 1735 1612 1764 Ovid.
1630 1746 1651 1765 1.
1669 1736 1737 1765 Met.
1753 1746 1795 1771 39.

1288 1769 1390 1799 Forum
1401 1772 1468 1805 jure.
1490 1771 1587 1802 Claud.
1599 1774 1627 1802 in
1641 1777 1666 1803 6.
1681 1774 1760 1803 Cons.
1774 1774 1881 1804 Stilich.
1896 1785 1956 1811 199.

1367 1808 1421 1839 Seu
1435 1809 1559 1840 celebres
1571 1811 1652 1841 ludos
1665 1821 1672 1841 :
1695 1812 1763 1842 solio
1774 1812 1818 1842 seu
1829 1813 2029 1846 fultuseburno

1370 1846 1470 1884 Cingas
1482 1848 1542 1884 jure
1551 1848 1642 1878 forum
1653 1871 1661 1885 ,
1682 1851 1735 1880 &a

1288 1883 1379 1913 Fossas
1389 1886 1554 1916 munimine.
1580 1886 1666 1916 Ovid.
1683 1897 1723 1923 13.
1741 1888 1810 1918 Met.
1827 1898 1891 1920 212.

1287 1921 1430 1957 Judicium
1442 1933 1554 1953 corona.
1578 1924 1680 1955 Lucan.
1695 1925 1743 1956 lib.
1766 1936 1788 1955 1.
1804 1935 1868 1963 321.

1367 1960 1509 1995 Judicium
1520 1961 1631 1991 insolita
1642 1964 1783 2000 trepidum
1793 1965 1906 1995 cinxere
1919 1970 2032 1997 corona.

1307 1997 1329 2025 ti
1341 1997 1580 2029 circumsteterunt
1595 2001 1742 2036 judicium.

1287 2034 1450 2066 Marelatus
1459 2043 1538 2066 terrae
1555 2039 1650 2075 cingit.
1674 2039 1759 2070 Ovid.
1775 2049 1817 2069 ιο.
1830 2039 1914 2079 Epist.
1927 2045 1973 2073 6r.

1369 2073 1462 2104 Omne
1472 2076 1543 2105 latus
1555 2081 1632 2105 terrae
1643 2077 1732 2107 cinxit
1743 2087 1827 2107 mare.

1287 2110 1370 2141 Latus
1385 2112 1467 2142 turba
1477 2112 1528 2142 tibi
1539 2114 1634 2151 cingit.
1656 2115 1739 2145 Ovid.
1749 2126 1774 2150 4.
1792 2117 1827 2145 cie
1838 2115 1919 2146 Pont.
1929 2124 1956 2152 ·9.
1970 2127 2012 2154 17.

1368 2149 1498 2187 Dumque
1513 2150 1585 2181 latus
1596 2151 1680 2182 saneti
1691 2154 1785 2191 cinget
1794 2153 1846 2183 tibi
1856 2154 1936 2184 turba
1948 2155 2072 2186 Senatus.

1287 2185 1370 2217 Latus
1382 2197 1481 2225 pennae
1495 2189 1613 2227 cingunt
1624 2197 1781 2228 utrumque.
1803 2191 1888 2221 Ovid.
1902 2197 1927 2221 6.
1948 2193 2018 2223 Met.
2032 2200 2096 2232 718.

1368 2225 1438 2255 Mox
1451 2227 1552 2263 pariter
1561 2237 1662 2265 pennae
1678 2229 1733 2258 ritu
1745 2236 1857 2267 coepere
1868 2230 2014 2261 volucrum

1369 2262 1487 2301 Cingere
1498 2271 1645 2303 utrumque
1654 2267 1723 2296 latus
1735 2288 1742 2301 ,
1756 2269 1807 2296 Sco.

1286 2300 1409 2331 Modum
1429 2302 1526 2331 obsidii
1544 2304 1657 2341 cingere
1674 2304 1847 2334 stationibus.
1886 2305 1976 2337 Tacit.
1990 2315 2033 2345 13«.
2051 2307 2123 2339 Ann.
2159 2308 2178 2340 i.
2191 2319 2215 2340 e.
2237 2311 2344 2350 Modo,
2363 2312 2410 2345 seu

1329 2348 1356 2368 er
1367 2340 1484 2369 modum
1495 2362 1503 2375 ,
1525 2341 1571 2370 vel
1585 2342 1614 2370 in
1625 2342 1741 2372 modum
1752 2343 1859 2372 obsidii.

1286 2376 1306 2406 Ii
1322 2378 1396 2407 oenia
1405 2377 1536 2408 fiammis.
1558 2379 1629 2416 Virg.
1644 2389 1685 2409 10.
1698 2380 1759 2411 ΖΕΗ.
1775 2390 1836 2416 1¹9-

1286 2414 1386 2482 Mffiuros
1396 2415 1500 2446 milites
1510 2426 1569 2446 rara
1584 2417 1696 2448 cinxere
1708 2428 1821 2448 corona.
1843 2417 1861 2448 i.
1877 2428 1902 2449 e.
1923 2419 2005 2450 Pauci
2017 2426 2095 2451 erant
2107 2422 2142 2453 ad
2153 2425 2267 2455 moenia.
2283 2426 2349 2465 Virg
2365 2438 2408 2459 ιο.

1342 2463 1368 2482 n.
1384 2463 1444 2483 122.

1285 2489 1393 2520 Navem
1401 2492 1513 2529 cingere
1520 2500 1618 2528 aggere
1628 2502 1726 2522 arenae.
1747 2493 1766 2523 i.
1779 2503 1802 2524 e.
1825 2494 1857 2523 ln
1867 2495 1939 2524 vado
1952 2496 2117 2535 impingere.
2139 2498 2214 2538 Virg.
2225 2510 2248 2531 r.
2269 2501 2332 2532 AEn.
2345 2507 2408 2534 116.

1287 2555 1291 2561 ,
1367 2528 1509 2566 llliditque
1523 2530 1600 2559 vadis
1612 2537 1695 2567 atque
1705 2540 1803 2569 aggere
1815 2532 1904 2569 cingit
1913 2543 2011 2564 arenae.

1286 2565 1353 2597 Nox
1363 2567 1483 2604 cingitur
1491 2565 1574 2597 astris.
1597 2568 1684 2598 Valer.
1700 2579 1722 2603 ς.
1732 2570 1840 2607 (lrgon.
1856 2574 1919 2604 567.

1368 2604 1504 2641 Qualibus
1516 2605 1663 2643 adsurgens
1676 2616 1733 2635 nox
1744 2617 1824 2637 aurea
1839 2608 1960 2646 cingitur
1971 2609 2053 2640 astris.

1287 2641 1403 2679 Oppida
1418 2640 1491 2672 foisse
1501 2643 1659 2681 cingebant.
1681 2645 1766 2674 Ovid.
1786 2655 1809 2674 1.
1828 2645 1895 2675 Met.
1911 2656 1955 2684 97.

1287 2679 1497 2717 Oppidamuris
1507 2681 1665 2718 cinguntur.
1689 2682 1773 2711 Ovid.
1785 2692 1808 2718 3.
1820 2684 1856 2712 de
1867 2683 1943 2714 Pont.
1956 2696 1982 2721 4.
1998 2696 2059 2722 ιος.

1287 2717 1384 2747 Polum
1397 2719 1441 2747 cin
1464 2728 1509 2748 ere
1518 2728 1584 2748 aves
1597 2726 1672 2749 coetu
1682 2720 1830 2757 dicuntur,
1852 2721 1922 2759 Quae
1939 2723 2017 2754 recto
2031 2723 2131 2756 ordine
2147 2727 2174 2757 &
2190 2725 2278 2765 longo
2302 2728 2410 2760 ambitu

1306 2755 1411 2785 volant.
1458 2758 1507 2794 irg.
1524 2767 1545 2785 1.
1557 2757 1618 2787 AEn.
1633 2767 1697 2793 402.

1381 2794 1418 2823 Ut
1428 2795 1545 2824 reduces
1558 2795 1599 2824 illi
1611 2795 1713 2825 ludunt
1728 2795 1908 2828 stridentibus
1921 2797 1971 2829 alis
1981 2819 1990 2835 ‚

1381 2832 1415 2861 Et
1426 2839 1501 2862 coetu
1512 2833 1627 2862 cinxere
1637 2833 1744 2871 polum.

1287 2865 1369 2899 Polos
1379 2870 1462 2899 stellae
1477 2871 1602 2906 cingunt.
1628 2872 1712 2901 Ovid.
1723 2875 1748 2901 6.
1764 2870 1832 2903 Fast.
1845 2878 1908 2911 718.

1288 2907 1383 2937 Portas
1395 2917 1500 2945 aggere.
1523 2909 1589 2938 Stat.
1601 2918 1625 2938 2.
1637 2907 1726 2940 Theb.
1738 2914 1802 2945 699.

1287 2945 1385 2975 Portus
1393 2947 1512 2983 cingitur
1522 2947 1547 2976 ἃ
1557 2947 1734 2977 concluditur
1743 2948 1817 2983 urbe.
1840 2948 1898 2980 Cic.
1912 2957 1937 2988 7.
1953 2950 2026 2982 Verr.
2041 2961 2085 2988 95.

1288 2982 1363 3014 Rura
1373 2982 1460 3013 fluvio
1471 2984 1628 3021 cinguntur.
1651 2986 1715 3015 Sen.
1726 2985 1819 3016 OEth.

1286 3020 1377 3062 Saltus
1387 3022 1527 3060 indagine.
1550 3022 1622 3060 Virg.
1633 3033 1658 3059 4.
1678 3023 1738 3054 ΖΕΗ.
1754 3033 1814 3054 121.
1893 3059 1896 3061 ¹

1287 3058 1378 3088 Saltus
1389 3066 1496 3089 venatu.
1521 3060 1618 3090 Claud.
1633 3062 1668 3091 de
1680 3061 1748 3091 Bell.
1766 3062 1840 3092 Gild‚
1855 3067 1918 3100 35⁶·
2003 3096 2006 3100 .

1288 3096 1372 3133 Seges
1384 3097 1446 3127 altis
1455 3097 1564 3136 sepibus
1574 3099 1722 3137 cingenda.
1744 3100 1830 3130 Ovid.
1844 3110 1868 3138 3.
1880 3101 1915 3131 de
1926 3101 1988 3132 Arte
1997 3103 2055 3134 Am.
2069 3108 2131 3142 562.

1287 3134 1370 3164 Sinus
1382 3144 1526 3166 mucrone.
1549 3136 1647 3167 Claud.
1661 3145 1686 3167 2.
1702 3138 1732 3167 in
1743 3137 1857 3176 Eutrop.
1870 3143 1935 3175 446.

1380 3172 1476 3211 Turpe
1485 3175 1571 3211 gemit
1582 3176 1690 3210 quoties
1701 3176 1801 3213 aliquis
1813 3177 2069 3209 mucrone'corusco

1381 3211 1523 3247 Armat‘ur,
1545 3213 1687 3250 cingitque
1699 3214 1779 3243 smus.
2110 3249 2113 3252 ,

1288 3247 1393 3278 Silvam
1403 3250 1523 3287 cingere.
1564 3250 1714 3281 Alfenusin
1731 3252 1748 3281 l.
1771 3251 1802 3282 In
1812 3251 1873 3289 lege
1884 3251 2037 3287 locationis.
2059 3253 2095 3284 D.
2110 3255 2222 3294 Locati,
2245 3257 2277 3289 ln
2289 3259 2351 3298 lege
2367 3260 2409 3291 lo.

1308 3287 1424 3317 cationis
1436 3287 1568 3325 scriptum
1581 3297 1638 3318 erat
1646 3311 1655 3325 ,
1675 3289 1846 3328 Redemptor
1855 3289 1947 3320 silvam
1958 3300 1993 3321 ne
2004 3293 2106 3322 caedito
2116 3316 2124 3328 ‚
2146 3305 2216 3325 neve
2223 3297 2339 3336 cingite,
2362 3310 2410 3329 ne-

1306 3333 1342 3353 ve
1353 3324 1463 3354 deurito
1475 3347 1482 3361 ,
1504 3336 1574 3355 neve
1582 3337 1664 3363 quem
1682 3328 1788 3357 caederc
1799 3349 1807 3361 ,
1828 3328 1940 3365 cingere
1952 3350 1959 3361 ,
1982 3339 2058 3359 urere
2075 3331 2166 3363 sinito.
2209 3334 2408 3373 Quaerebatiir,

1308 3363 1360 3391 διο.
1402 3363 1467 3400 Quo
1479 3364 1580 3393 inloco
1591 3365 1708 3401 Cingere
1723 3365 1856 3401 accipitur
1873 3376 1924 3403 pro
1936 3366 2119 3404 Deglabrare,
2142 3369 2187 3400 seu
2205 3375 2338 3403 corticem
2362 3376 2410 3404 de·

1306 3399 1423 3430 trahere.
1469 3402 1499 3431 ln
1510 3402 1605 3431 eadem
1619 3402 1816 3439 significatione
1832 3402 1894 3432 usus
1907 3404 1945 3432 est
1963 3405 2059 3435 Paulus
2077 3407 2106 3436 in
2124 3408 2143 3437 l.
2165 3409 2287 3440 Caedere.
2311 3412 2344 3442 D.
2363 3413 2410 3442 Ar-

1306 3436 1366 3467 bor.
1388 3438 1483 3468 fiirtim
1497 3439 1556 3468 caes.
1579 3440 1697 3476 Cingere
1708 3462 1715 3474 ,
1737 3440 1845 3475 inquit,
1867 3441 1906 3469 est
1924 3442 2094 3478 deglabrare.
2136 3446 2226 3476 Ruell.
2252 3448 2288 3478 de
2309 3450 2406 3481 Natur.

1307 3475 1382 3513 stirp.
1398 3476 1444 3505 lib.
1463 3488 1484 3506 1.
1506 3487 1566 3514 cap.
1579 3486 1605 3509 7.
1627 3479 1768 3507 Omnibus
1780 3476 1922 3513 arboribus
1935 3489 2010 3509 mors
2022 3481 2075 3516 est,
2097 3492 2193 3513 cortex
2205 3486 2233 3513 in
2250 3487 2346 3517 orbem
2361 3489 2408 3518 de-

1306 3516 1425 3543 tractus:
1449 3516 1572 3551 quamvis
1584 3525 1598 3544 a
1614 3515 1710 3544 subere
1720 3517 1743 3544 ἃ
1757 3515 1895 3545 adrachne
1907 3517 2024 3554 impune
2035 3518 2119 3556 possit
2128 3523 2221 3551 eximi-⁴
2230 3523 2295 3554 Cael.
2307 3525 2406 3556 lib.21.

1306 3560 1366 3588 cap.
1381 3561 1402 3580 ι.
1427 3551 1506 3589 Cingi
1517 3552 1640 3582 arborem
1652 3552 1766 3588 intelligi
1778 3553 1888 3582 voluere
1897 3557 2084 3592 antiquiores,
2106 3559 2153 3588 ubi
2168 3561 2228 3597 quis
2243 3565 2407 3593 nocumenti

1306 3589 1447 3626 proposito
1456 3599 1504 3626 per
1511 3590 1646 3621 ambitum
1661 3590 1956 3628 delibraffetcorticem
1968 3615 1975 3628 ,
1998 3604 2052 3631 quo
2064 3596 2402 3640 intermorereturplanta.

1286 3625 1377 3656 Silvas
1387 3627 1505 3667 cingere.
1546 3628 1608 3656 Sen.
1622 3627 1737 3665 Hippoi.
1754 3637 1776 3656 1.
1799 3628 1837 3657 lte
1850 3650 1858 3664 ,
1879 3629 2020 3661 umbrosas
2034 3634 2140 3671 cingite
2151 3635 2238 3667 silvas.

1287 3663 1391 3701 Syrtim
1401 3672 1470 3694 terra
1481 3666 1600 3702 cingere.
1624 3665 1726 3694 Lucan.
1739 3675 1763 3700 9.
1779 3674 1812 3702 37
1821 3676 1842 3695 r.

1482 3719 1516 3723 ——
1528 3710 1556 3731 at
1565 3703 1714 3740 impatiens
1723 3704 1809 3732 virtus
1818 3704 1921 3734 haerere
1934 3705 2050 3738 Catonis

1379 3740 1469 3770 Audet
1481 3740 1509 3769 in
1519 3741 1626 3778 ignotas
1638 3750 1738 3778 agmen
1750 3742 1927 3771 committere
1940 3752 2037 3780 gentes

1379 3779 1524 3807 Armorum
1535 3778 1624 3807 fidens
1638 3800 1645 3813 ,
1667 3780 1693 3807 ἃ
1702 3784 1771 3808 terra
1778 3779 1890 3817 cingere
1900 3781 2011 3819 Syrtim.

1287 3814 1429 3852 Tempora
1438 3816 1550 3845 floribus
1557 3816 1677 3852 cingere.
1701 3815 1790 3845 Catul.
1804 3827 1845 3852 59.
1856 3821 1882 3847 6.

1286 3853 1426 3890 Tempora
1437 3854 1511 3882 lauro
1522 3854 1678 3890 cinguntur.
1701 3853 1784 3883 Ovid.
1802 3865 1828 3888 4.
1845 3855 1924 3886 Trist.
1936 3866 1962 3886 2.
1986 3868 2030 3894 51.

1287 3890 1430 3927 Tempora
1439 3892 1551 3927 cingere
1561 3891 1690 3920 viridanti
1700 3890 1788 3921 lauro.
1814 3892 1886 3931 Virg.
1900 3905 1922 3931 5.
1934 3895 1995 3926 IEn.
2013 3905 2076 3934 539,

1286 3927 1428 3965 Tempora
1438 3934 1539 3965 myrto.
1563 3928 1646 3958 Ovid.
1662 3939 1685 3959 r.
1698 3929 1790 3959 Amor.
1803 3940 1830 3998 '¹1⁴
1843 3940 1888 3967 29.

1838 3975 1868 3998 tt
1888 3979 1905 3999 2

2127 1964 2146 1999 i.
2158 1978 2184 2000 e.
2205 1968 2274 2000 Glad
2279 1971 2311 2001 iis
2322 1981 2410 2003 arma-

2263 3974 2405 4013 Tempora
