2604 4222
144 99 212 138 478
573 82 853 122 cEN

187 175 272 212 Agere
283 171 433 202 censuram.
457 169 540 200 Ovid.
551 172 576 198 6.
593 167 660 197 Fast.
672 168 735 201 647.

267 211 312 240 Sic
322 211 410 248 agitur
420 208 533 238 censura
546 229 554 241 ,
576 208 601 236 ἃ
614 205 649 234 sic
660 200 788 239 exempla
798 204 938 239 parantur.

188 249 328 285 Peragere.
369 247 400 278 In
423 257 437 275 Ρ
447 257 460 275 Ε
469 256 484 274 R
496 256 512 274 A
523 255 540 273 G
550 254 575 273 o.

191 287 317 316 Censurae
327 285 382 314 lex.
405 285 525 321 Propert.
537 282 586 311 lib.
598 291 623 316 4.
640 285 681 307 12.
698 286 743 312 41.

191 325 339 353 Censurarn
349 323 405 351 vini
417 323 515 350 facere.
534 319 601 349 Plin.
614 316 661 345 lib.
683 325 723 349 14.
736 315 833 356 cap36.
1272 338 1278 344 .

193 362 328 394 Censura,
350 358 555 397 Reprehensio,
576 354 719 385 correctio.
760 350 830 379 Plin.
849 347 980 382 Panegyr.
1005 352 1066 381 cap.
1079 352 1124 378 45.
1156 339 1229 370 Nam
1252 344 1309 367 vita

211 398 346 437 principis
358 419 365 431 ,
387 396 498 426 censura
508 395 545 423 est
556 416 564 428 ,
587 399 673 427 euque
685 394 835 426 perpetua:
868 384 903 414 ad
918 383 990 426 hanc
1001 381 1147 423 dirigimur
1158 400 1166 414 ,
1186 377 1221 406 ad
1236 376 1309 405 hanc

214 436 411 466 convertimur.
441 434 468 462 h.
479 443 502 461 e.
527 431 599 461 Bona
608 427 740 466 principis
750 425 805 453 vita
815 423 852 452 est
862 421 978 451 subditis
991 418 1120 463 Magistra
1129 424 1250 446 morum.

197 474 332 504 Cachinni
342 471 462 501 censura.
482 470 579 505 Juven.
593 476 633 495 10.
646 466 697 494 Sat.
713 473 755 499 31·
772 462 807 491 de
818 459 882 490 Risu
893 459 1057 488 Democriti.

197 512 283 541 Vexat
295 509 415 539 censura.
436 509 531 543 Juven.
541 515 567 534 2.
580 505 635 533 Sat.
649 506 694 536 63.

296 548 349 577 Dat
359 546 467 575 veniam
477 544 582 576 corvis,
603 546 684 569 vexat
698 535 811 567 censura
832 533 986 564 columbas.
1027 569 1033 574 ¹
1254 563 1260 569 .

198 585 318 616 Censura
328 595 342 613 a
355 582 509 621 posterioris
520 581 568 610 aevi
582 577 683 607 Latinis
693 573 868 612 scriptoribus
878 582 928 609 pro
942 571 1092 613 Severitate
1111 568 1135 596 &
1147 564 1311 606 addudnore

216 623 362 659 disciplina
374 620 525 649 dicebatur.
565 614 684 653 Capitol.
697 614 725 642 iri
737 612 776 641 M.
791 611 931 640 Antonino
942 608 1009 637 Phil.
1021 616 1081 649 cap.
1096 615 1140 634 22.
1160 604 1216 647 lies
1226 610 1310 644 etiam

216 662 245 690 in
255 659 388 696 Sequanis
398 658 518 686 turbatas
531 653 643 683 censura
659 653 684 681 Sc
695 650 856 679 auctoritate
867 645 997 685 repressit.
1038 644 1212 680 htSpartian.
1227 642 1310 675 Nigro

216 708 275 734 cap.
290 707 314 733 7.
338 696 390 724 Hic
405 704 468 731 erga
487 693 589 721 milites
605 695 679 719 tanta
690 689 743 717 suit
761 686 894 719 censura,
919 691 968 718 ut,
989 691 1054 712 cum
1072 681 1147 724 apud
1161 680 1311 722 AEgyptutn

217 736 250 764 ab
261 745 294 764 eo
305 733 440 762 limitanei
453 731 555 760 milites
565 729 659 758 vinum
670 733 811 764 peterent,
832 723 1012 761 responderet
1025 730 1031 750 :
1054 719 1151 749 Nilum
1167 717 1276 746 habetis
1286 716 1312 743 oc

217 774 312 801 vinum
326 769 467 807 quaeritis?
802 800 808 805 .

196 810 358 846 Opponitur
367 808 449 836 etiam
460 803 630 834 Clementiae.
652 801 692 831 M.
707 801 863 830 Antoninus
875 797 952 826 Orat.
973 795 1008 825 ad
1024 794 1148 823 senatum
1160 790 1237 834 apud
1250 787 1314 818 Vul-

213 847 316 876 cadam
328 847 355 874 in
367 844 454 873 Callio
465 852 526 880 cap.
543 850 584 872 12.
608 841 660 869 Vos
679 849 727 868 oro
737 847 819 875 atque
838 835 971 877 obsecro,
986 833 1075 863 Patres
1091 830 1258 873 conscripti,
1284 831 1315 855 ut

193 906 194 909 η
215 884 327 914 censura
338 883 422 912 vestra
435 879 574 917 deposita,
594 886 685 907 meam
696 878 831 916 pietatem
842 873 1075 908 clementiamque
1085 869 1205 902 servetis,
1227 873 1315 894 immo

214 922 336 951 vestiam.
1146 943 1152 949 ι

161 961 183 990 C
192 970 205 989 r.
214 969 234 988 N
243 969 254 988 s
265 970 280 987 υ
292 969 303 988 s
313 981 320 993 ,
343 959 380 987 us.
404 966 441 986 m.
464 952 582 992 [rip-my
594 976 602 989 ,
622 950 677 980 ὲο-ἷιι
686 975 693 986 ,
704 950 848 986 irrigatori]
869 947 1011 977 dicebatur
1021 944 1172 976 AEstimatio
1182 949 1272 971 rerum
1282 948 1316 969 ac

199 998 337 1027 bonorum
347 997 432 1024 iacta:
456 994 607 1023 secundum
616 1001 696 1029 quani
707 991 809 1019 tributa
820 987 1024 1026 pendebantur.
1041 983 1116 1012 unde
1125 979 1243 1010 Censum
1254 987 1317 1024 age-

197 1045 227 1064 re
242 1036 279 1064 est
289 1034 440 1063 Recenserc
450 1032 595 1060 hominum
608 1029 760 1058 facultates.
802 1026 860 1055 Liv.
874 1025 921 1053 lib.
938 1033 960 1066 ι..
975 1031 1020 1058 42.
1033 1028 1103 1064 extr.
1125 1021 1150 1048 δι
1160 1017 1213 1054 seq.
1246 1017 1317 1058 Cen:

198 1073 258 1102 sum
278 1072 410 1105 instituit,
430 1080 489 1099 rein
511 1068 717 1098 saluberrimam
736 1071 813 1094 tanto
829 1064 923 1092 futuro
945 1068 1081 1097 imperio,
1102 1058 1155 1087 Sec.
1178 1056 1214 1085 de
1228 1054 1317 1084 Servn

196 1110 283 1140 Tullii
298 1110 368 1146 regis
380 1108 518 1137 institutis.
886 1138 891 1144 ι

197 1148 301 1178 Census
312 1169 319 1180 ,
341 1147 378 1175 est
395 1146 424 1174 id
440 1145 514 1182 quod
527 1142 645 1181 principi
661 1151 709 1179 per
722 1140 813 1176 capita
825 1137 957 1171 solvitur,
977 1135 1032 1178 sive
1050 1143 1099 1171 per
1121 1132 1217 1161 focos:
1240 1128 1317 1159 unde

216 1187 276 1223 quis
289 1186 390 1214 dicitur
401 1183 507 1213 solvisse
518 1204 526 1217 ,
547 1188 659 1210 autnon
670 1178 777 1208 solviil'e
787 1176 908 1206 censum.
932 1173 1048 1216 Vallanin
1062 1168 1247 1214 Raudensem.
1260 1205 1266 1211 .
1288 1204 1293 1210 ·
1310 1204 1316 1210 ι

197 1223 298 1254 Censui
309 1222 447 1251 censendo
459 1221 515 1258 agri
526 1219 635 1256 proprie
645 1216 832 1254 appellantur,
856 1213 912 1249 Qui
925 1213 951 1241 Sc
964 1218 1018 1240 eini
1031 1212 1056 1238 St
1068 1217 1162 1253 venire
1172 1215 1230 1241 Jure
1242 1203 1317 1248 civi-li

217 1262 337 1300 possent.
362 1260 461 1289 Festus.
503 1258 560 1287 Cic.
571 1266 620 1294 pro
633 1255 729 1283 Flacco
740 1276 747 1288 ,
763 1259 808 1287 80.
829 1251 904 1281 Illud
920 1258 1013 1292 qussro
1036 1248 1088 1276 sint
1105 1256 1141 1290 rie
1154 1245 1202 1273 ista
1215 1244 1318 1286 praedia

215 1299 309 1328 censui
320 1297 459 1327 censendo
471 1318 479 1332 ‚
496 1295 619 1325 habeant
630 1297 673 1328 jus
684 1291 778 1325 simile,
797 1290 848 1318 s1nt
858 1296 948 1317 necne
958 1289 1008 1316 lint
1019 1294 1153 1327 mancipi,
1170 1282 1318 1325 subsignari

215 1337 290 1374 apud
301 1336 427 1366 aerarium
438 1356 446 1371 ‚
467 1333 542 1372 apud
553 1331 700 1362 Censorem
713 1328 838 1368 possint?
858 1327 892 1357 In
904 1335 957 1363 qua
965 1325 1037 1353 tribu
1056 1323 1178 1358 denique
1192 1320 1241 1349 ista
1250 1328 1318 1357 prae-

216 1376 261 1404 dia
273 1374 415 1404 censuisti?
1149 1396 1155 1403 .

196 1412 301 1443 Census
316 1434 324 1446 ,
343 1411 436 1449 inquit
448 1407 580 1445 Theoph.
598 1406 730 1443 significat
744 1403 903 1446 Tabulam,
925 1406 972 1430 aut
984 1399 1107 1429 chartam
1118 1419 1126 1433 ,
1147 1406 1178 1425 in
1195 1405 1249 1433 qua
1263 1394 1319 1438 Rq.

216 1451 291 1480 mani
302 1449 446 1479 facultates
457 1448 515 1476 suas
527 1444 760 1477 conscribebant,
782 1448 813 1471 ut
827 1440 894 1484 bell—i
914 1446 1041 1482 ternpore
1056 1446 1106 1480 pro
1128 1435 1214 1478 modo
1234 1439 1320 1477 patri-

216 1489 305 1518 monii
316 1485 548 1523 suiunusquisque
558 1483 703 1512 conferret.
727 1482 748 1518 §.
761 1484 786 1510 6.
809 1480 845 1508 de
859 1479 902 1507 his
913 1487 959 1514 qui
973 1477 1033 1505 sunt
1043 1475 1083 1503 sui
1099 1473 1143 1502 vel
1153 1472 1234 1515 alien.
1249 1481 1299 1507 1ur.

197 1525 288 1556 Censu
298 1524 564 1555 manumittebantur
576 1521 641 1549 servi
653 1520 721 1548 olim
733 1541 741 1554 ,
762 1517 809 1555 qui
817 1515 918 1546 lustrali
929 1513 1012 1543 censu
1024 1535 1032 1548 ,
1054 1512 1150 1541 Romae
1160 1532 1168 1545 ,
1188 1509 1259 1554 iussu
1269 1509 1322 1538 do-

215 1565 358 1594 minorum
371 1585 379 1598 ,
402 1563 472 1591 inter
488 1561 562 1590 cives
576 1558 718 1588 Romanos
737 1555 850 1586 censum
869 1552 1079 1592 profitebantur.
1101 1549 1164 1587 Ulp.
1178 1554 1221 1577 tit.
1237 1557 1260 1577 r.
1282 1547 1319 1576 de

215 1602 333 1632 Libertis
349 1623 356 1635 ,
379 1601 408 1629 in
419 1600 482 1630 Inst.
823 1631 830 1638 ο

198 1640 303 1670 Census
319 1638 441 1668 lustralis.
475 1636 506 1666 V.
524 1633 800 1667 Lustrumcondere,
821 1640 851 1660 in
872 1637 1021 1672 cusna'u
1030 1637 1080 1670 M..

197 1677 268 1707 Vitia
280 1677 422 1707 censuum.
462 1674 527 1711 Ulp.
540 1674 569 1702 in
580 1672 599 1702 l.
610 1673 684 1701 vitia.
707 1671 741 1700 D.
760 1670 796 1699 de
815 1667 916 1699 censib.
948 1666 1019 1696 Vitia
1038 1671 1164 1703 priorum
1184 1660 1320 1692 censuum

217 1716 300 1746 editis
313 1715 391 1744 novis
402 1711 614 1751 professionibus
625 1708 800 1739 evanescunt.

198 1753 353 1792 Impudens
363 1750 535 1789 locupletum
546 1748 652 1778 census.
694 1746 752 1776 Cic.
765 1745 800 1774 ad
811 1744 885 1774 Brut.
897 1743 948 1780 Ep.
965 1746 1008 1775 18.
1021 1746 1091 1771 extr.
1121 1737 1321 1769 Obdurescunt

217 1793 294 1820 enim
307 1791 392 1827 magis
404 1789 529 1826 quotidie
540 1787 607 1816 boni
623 1785 673 1814 viri
686 1784 720 1814 ad
730 1792 829 1813 vocem
839 1781 936 1812 tributi
947 1802 955 1816 ‚
977 1779 1053 1823 quod
1062 1787 1098 1807 ex
1107 1776 1255 1820 centesima
1265 1774 1322 1804 col-

215 1829 302 1858 latum
314 1851 321 1862 ,
343 1826 502 1865 impudenti
515 1824 598 1855 censu
610 1823 785 1861 locupletum
796 1822 825 1851 in
837 1821 956 1851 duarum
970 1817 1115 1855 legionum
1125 1823 1247 1853 praemus
1262 1822 1323 1842 om-

215 1877 252 1896 ne
264 1866 442 1896 consumitur.
1223 1890 1229 1895 ¹
1303 1888 1311 1894 υ

197 1904 307 1935 Habere
319 1903 440 1933 censum.
463 1901 521 1932 Cic.
531 1911 558 1936 4.
571 1899 647 1929 Verr.
663 1907 723 1935 1³7.
745 1897 778 1928 In
789 1895 873 1927 censu
880 1893 1011 1937 habendo
1024 1891 1142 1935 potestas
1152 1899 1244 1919 omnis
1256 1889 1323 1932 aesti-

216 1943 346 1972 :nationis
359 1940 511 1975 habendae,
531 1938 701 1976 summaeque
719 1934 857 1966 faciundae
877 1932 991 1963 Censori
1008 1935 1188 1969 permittitur.
1228 1928 1272 1958 De
1282 1927 1324 1956 Si-

217 1979 282 2010 culo
295 1980 454 2017 magistratu
464 1977 596 2015 loquitur.
933 2007 938 2013 ¹
1217 2004 1224 2010 .
1272 2009 1274 2012 .

197 2018 375 2056 impendere.
416 2017 474 2046 Cic.
490 2028 515 2049 ⁴-
528 2015 582 2043 Λα.
595 2023 622 2049 9.
636 2023 677 2051 pr.
709 2012 781 2041 Sane
794 2009 878 2040 velim
902 2007 971 2037 scire
990 2015 1058 2050 num
1081 2004 1195 2035 censum
1216 2011 1325 2041 impen-

219 2057 288 2086 dant
297 2055 415 2085 Tribuni
427 2077 435 2091 ,
455 2053 556 2083 diebus
567 2051 707 2081 vitiandis.
747 2046 788 2078 Al.
810 2047 969 2085 impediant
979 2046 1087 2088 redtius.
1308 2077 1314 2083 .

200 2093 335 2132 irrepsisse
349 2094 378 2122 in
389 2092 510 2122 censum.
552 2090 610 2119 Cic.
625 2099 675 2127 pro
688 2088 770 2117 Corn.
784 2085 881 2119 Balbe,
900 2095 922 2119 ς.
947 2084 1012 2112 Non
1022 2091 1098 2125 enirn
1111 2080 1216 2123 furatus
1228 2077 1281 2107 esse
1289 2088 1327 2107 ci>-

219 2133 333 2162 vitatem
344 2153 351 2166 ,
372 2140 430 2159 non
442 2138 528 2167 genus
537 2127 615 2157 suum
634 2126 783 2156 ementitus
797 2146 805 2159 ,
826 2123 923 2166 non-in
932 2121 1026 2158 aliquo
1037 2117 1327 2161 impudenti-menda-

221 2171 265 2199 cio
276 2168 412 2198 delituisse
423 2190 430 2202 ,
451 2176 509 2196 nori
524 2164 655 2203 irrepsisse
668 2165 696 2192 in
713 2162 825 2192 censum
840 2161 951 2190 dieitur.
994 2158 1086 2187 Unum
1105 2156 1236 2191 objicmir
1250 2176 1258 2190 ,
1279 2164 1327 2183 na-

220 2215 281 2238 tum
291 2206 345 2236 esse
357 2205 482 2235 Gadibus
491 2225 499 2238 ‚
521 2203 597 2241 quod
610 2209 690 2239 negat
702 2209 794 2229 nemo.
1000 2233 1005 2238 Ι
1257 2229 1261 2235 Ι
1288 2229 1293 2235 .

201 2245 322 2275 Liberari
335 2243 427 2274 censu.
465 2242 522 2271 Cic.
535 2250 585 2278 pro
601 2240 703 2269 (ἐπείη.
717 2249 761 2274 99.
784 2237 880 2273 Quum
895 2239 1027 2264 autemin
1048 2231 1161 2274 censum
1177 2229 1326 2265 vendidit,

221 2283 388 2317 hocjudicat
401 2303 409 2315 ,
432 2289 517 2317 quum
534 2280 553 2307 ii
568 2278 614 2315 qui
628 2278 656 2306 in
667 2276 795 2306 servitute
808 2274 876 2311 justa
885 2273 1015 2307 fuerunt,
1037 2269 1119 2300 censu
1135 2268 1297 2298 liberentur.

202 2321 354 2358 Requirere
365 2318 469 2348 census.
492 2317 550 2346 Cic.
564 2326 614 2354 pro
628 2315 724 2344 Archia
736 2336 744 2348 ,
767 2322 808 2342 ii.
927 2348 933 2353 ἱ
947 2347 953 2354 ·
1279 2345 1283 2349 ¹
1300 2342 1306 2348 ⁸

202 2360 316 2388 Servare
333 2356 437 2386 census.
478 2355 535 2384 Cio.
548 2365 574 2389 4·
587 2354 661 2382 Verr.
677 2357 720 2388 63.
744 2349 847 2380 Census
858 2370 866 2384 ,
887 2357 935 2385 qui
947 2347 997 2376 isto
1015 2345 1132 2376 Praetore
1148 2343 1212 2374 sunt
1221 2342 1326 2379 habiti,

223 2406 280 2425 non
297 2395 466 2425 servaturum
478 2392 504 2421 sc
516 2391 647 2422 metellus
659 2390 823 2419 ostenderat.

204 2434 310 2464 Census
322 2455 330 2469 ,
353 2431 495 2469 Quicquid
509 2431 682 2459 fortunarum
696 2428 757 2464 quis
771 2425 861 2455 habet.
883 2423 983 2459 Juven.
998 2430 1022 2458 3.
1036 2421 1091 2451 Sat.
1105 2429 1167 2456 1⁴0·

298 2471 427 2501 Protinus
437 2470 471 2498 ad
484 2467 596 2498 censum
609 2489 616 2501 ,
638 2466 673 2495 de
683 2464 807 2494 moribus
820 2463 918 2492 ultima
927 2460 975 2490 fiet

299 2508 430 2545 Quaestio.
514 2506 572 2535 Cic.
585 2514 610 2534 2.
622 2504 656 2534 de
671 2503 763 2540 Legib.
775 2506 820 2535 68.
848 2501 869 2529 A
881 2509 937 2537 quo
948 2500 1049 2527 iterum
1060 2496 1190 2526 funerum
1202 2494 1333 2532 sumptus

226 2547 377 2586 praefinitur
387 2554 421 2574 ex
431 2543 558 2574 censibus
570 2564 577 2578 ,
592 2544 644 2571 Sec.
1035 2573 1041 2578 .
1120 2571 1126 2577 ²
1201 2570 1207 2575 ⁵

209 2585 312 2615 Census
322 2586 347 2614 &
358 2584 484 2612 fortunae.
521 2580 585 2618 Ulp.
601 2580 629 2608 iri
642 2579 660 2608 l.
676 2578 748 2613 corti.
763 2576 798 2607 D.
813 2577 848 2605 ad
860 2572 984 2605 Trebell.
1014 2572 1041 2602 Si
1055 2578 1257 2615 patrimonium
1271 2569 1330 2598 fue-

227 2624 264 2653 rit
274 2629 383 2657 rogatus
395 2642 402 2655 ,
424 2622 451 2650 δι
465 2619 481 2647 si
491 2618 651 2650 facultates,
674 2618 699 2646 Sc
713 2616 731 2644 si
743 2614 875 2652 quicquid
885 2613 975 2642 habeo
989 2633 997 2645 ,
1019 2613 1044 2640 &
1059 2608 1201 2653 siqcensuin
1215 2616 1308 2636 meum
1320 2628 1329 2643 ‚

228 2663 255 2691 ἃ
266 2661 283 2690 si
297 2652 421 2688 fortunas
430 2666 506 2686 meas
521 2678 529 2692 ,
552 2657 578 2686 St
589 2655 607 2684 si
618 2654 792 2684 substantiam
805 2661 905 2686 meam,
927 2652 952 2680 ἂ
964 2649 981 2679 si
993 2648 1135 2687 peculium
1145 2655 1240 2676 meum
1252 2645 1330 2674 testa-

260 2709 272 2727 r
286 2697 387 2727 dixerit
425 2697 476 2725 Sec.

210 2706 365 2768 AEt‘siimatio
379 2718 484 2763 cirnsus.
524 2730 582 2760 Cic.
606 2730 635 2759 in
646 2727 738 2759 Parad.
752 2731 778 2757 6.
811 2727 877 2756 Non
901 2724 1081 2755 aestimatione
1097 2720 1213 2758 census,
1234 2728 1332 2750 verum

232 2775 308 2804 viftu
320 2779 402 2809 atque
412 2770 490 2800 cultu
500 2769 665 2805 terminatur
675 2766 800 2804 pecuniae
814 2764 924 2793 modus.

211 2812 324 2846 Brevis,
346 2810 363 2839 i.
379 2819 403 2838 e.
425 2807 539 2838 Tenuis.
564 2806 666 2835 Hona.
680 2804 769 2833 Carm.
786 2813 826 2836 ις.
842 2811 883 2837 13.
945 2838 950 2843 ι

211 2849 341 2887 Equester
353 2846 458 2877 census.
495 2845 569 2874 Suet.
583 2843 647 2872 Caes.
664 2851 707 2878 3³-
730 2839 904 2870 Existimatur
915 2844 996 2867 etiam
1009 2835 1146 2879 equestres
1162 2832 1259 2863 census
1273 2832 1334 2876 pol-

230 2887 324 2917 licitus
342 2884 462 2922 singulis.
501 2882 563 2912 Fuit
575 2888 667 2910 autem
681 2879 817 2916 Equestris
834 2876 930 2907 census
948 2876 975 2904 in
995 2875 1156 2916 principio,
1181 2878 1211 2915 ut
1233 2878 1280 2907 qui
1293 2879 1335 2914 *ex

231 2926 321 2964 prima
346 2922 427 2952 classe
445 2919 646 2953 censebantur,
668 2918 733 2947 teste
746 2916 894 2949 Liv.1.41.
918 2913 1107 2942 Centenorum
1121 2909 1240 2939 millium
1254 2918 1312 2951 ieris
1325 2929 1334 2943 ,

232 2973 292 3000 quae
303 2962 437 2991 summam
451 2958 577 2989 efficiunt
593 2956 653 2985 flor.
666 2955 738 2993 lmp.
756 2963 836 2990 ¹²50-
859 2951 988 2983 Florente
1006 2959 1070 2980 vero
1082 2958 1139 2986 rep.
1161 2947 1336 2984 Quadringe-

232 3011 268 3030 na
282 3000 399 3030 sestertia
411 3019 420 3033 ,
441 2998 458 3027 i.
471 3007 495 3026 e.
514 2995 585 3025 Flor.
600 3003 703 3024 20000.

214 3039 345 3076 Exiguus.
369 3037 434 3065 Hor.
453 3045 474 3064 i.
493 3033 573 3071 Epist.
589 3042 611 3061 i.
623 3040 669 3067 43.

213 3076 373 3114 Exuperans
384 3074 484 3103 consta
499 3070 677 3110 patrimonia.
698 3067 797 3104 Juven.
812 3074 855 3095 10.
871 3064 926 3094 Sat.
941 3071 984 3100 ¹3-

214 3114 380 3143 lndomitus.
402 3113 503 3147 Juven.
519 3118 560 3145 i4.
577 3108 632 3138 Sat.
650 3110 711 3145 176.

215 3152 346 3181 intactus.
370 3150 470 3179 Lucan.
483 3146 533 3176 lib.
546 3155 570 3181 3.
587 3155 648 3182 157.

217 3189 344 3225 Magnus.
365 3187 465 3222 Juven.
481 3196 522 3220 i4.
539 3184 593 3213 Sat.
604 3192 668 3219 ²²7·

218 3226 348 3255 Privatus.
370 3226 422 3254 i.e.
443 3222 653 3253 Patrimonium.
676 3219 741 3249 Hor.
752 3227 777 3248 2.
797 3216 1010 3257 Carni-1543..
1180 3246 1187 3253 ι
1300 3248 1305 3254 ¹
1330 3247 1337 3254 ι

217 3263 375 3292 Senatorius
387 3261 491 3291 census.
513 3261 589 3290 Suet.
611 3258 689 3296 Vesp.
708 3266 750 3294 17.
779 3256 796 3284 i.
811 3264 835 3284 e.
862 3253 1060 3293 Patrimonium
1072 3248 1211 3295 senatoris
1243 3245 1276 3277 V.
1299 3246 1338 3276 ibi

239 3301 365 3329 Torrent.
380 3302 405 3329 ὃ(
415 3300 449 3328 ad
464 3301 529 3335 Aug.
540 3307 584 3334 7i.
606 3297 667 3326 Fuit
682 3302 774 3324 autem
785 3291 887 3334 duplus
899 3289 1031 3326 Equestris
1042 3286 1147 3316 census.
1179 3295 1205 3322 q.
1219 3285 1250 3314 V.

219 3337 342 3372 Tenuis,
364 3340 387 3367 δι
403 3338 493 3366 Homo
505 3335 581 3365 tenui
591 3333 682 3364 ceusu.
706 3333 774 3363 Hor.
787 3341 810 3360 1.
826 3328 908 3367 epist.
921 3336 946 3365 7.
964 3330 1007 3362 56.

220 3375 304 3404 Dives
315 3376 427 3411 antiquo
438 3373 528 3403 censu.
553 3373 618 3402 Hor.
630 3381 656 3401 2.
667 3372 754 3400 Serm.
768 3378 792 3405 3.
808 3372 869 3402 168.
1086 3398 1092 3404 ,

220 3413 286 3442 Sine
298 3412 379 3441 censu
391 3412 484 3441 homo.
525 3410 583 3440 Cic.
594 3419 644 3447 pro
659 3409 756 3438 Flacco
767 3429 775 3441 ,
794 3415 838 3442 5²·
870 3404 953 3447 Nunc
962 3410 1028 3444 vero
1047 3398 1114 3436 quid
1125 3405 1220 3440 putem
1234 3419 1241 3429 ,
1262 3397 1341 3426 Tral-

240 3449 330 3478 lianos
344 3450 488 3478 Meandrio
501 3447 607 3478 causam
619 3444 781 3476 commisisse
790 3466 798 3478 ,
818 3443 926 3472 homini
935 3446 1046 3477 egenti,
1068 3435 1179 3465 sordido
1192 3457 1200 3470 ,
1225 3435 1281 3465 sine
1293 3436 1342 3465 ho.

241 3496 308 3516 nore
319 3508 326 3520 ,
349 3487 402 3515 linc
411 3486 574 3515 existimatio
597 3494 612 3513 e
628 3506 635 3520 ,
659 3484 713 3512 sine
724 3481 806 3512 censu
816 3481 830 3510 ‘3
1009 3513 1016 3519 .

223 3524 402 3554 Germanicus
415 3524 521 3559 agendo
536 3495 684 3552 Gasiiarum
695 3520 776 3550 censu
788 3520 921 3548 intentus.
946 3512 1038 3543 Tacit.
1056 3521 1078 3541 i.
1094 3511 1166 3540 Anu.
1179 3518 1223 3547 31.

222 3561 377 3592 Nobilitate
386 3561 482 3590 census
492 3570 548 3589 non
561 3561 656 3595 major.
679 3558 764 3587 Ovid.
774 3568 800 3592 9.
817 3557 886 3586 Met.
896 3559 960 3590 670.

415 3614 451 3619 —-
462 3608 514 3627 nec
527 3597 625 3627 census
636 3598 664 3626 in
676 3597 725 3625 illo
943 3628 948 3634 ·
965 3628 970 3633 ·
1132 3623 1137 3629 ‚

314 3635 468 3664 Nobilitate
477 3636 522 3665 sua
532 3636 627 3669 major.
721 3635 737 3662 i.
750 3642 775 3662 e.
795 3631 868 3660 Tam
882 3627 996 3662 nobilis,
1016 3633 1099 3663 quam
1111 3624 1197 3654 dives.

222 3674 320 3704 Cultus
333 3674 419 3708 major
428 3673 518 3701 censu.
540 3673 606 3701 Hor.
617 3682 642 3700 2.
657 3671 743 3700 Serm.
759 3680 782 3705 3.
796 3677 858 3704 323.

222 3714 328 3749 Augere
341 3711 436 3739 census
448 3711 536 3738 reditu
549 3710 678 3745 quodam.
703 3709 785 3737 Ovid.
804 3719 825 3735 i.
840 3708 930 3734 Amor.
947 3712 990 3731 10.
1005 3710 1052 3737 41.

314 3747 409 3783 Turpe
421 3748 492 3775 thori
506 3749 594 3775 reditu
607 3746 703 3775 census
718 3754 818 3780 augere
828 3750 968 3781 paternos.

222 3787 309 3817 Omni
321 3785 403 3814 censu
420 3786 555 3819 majorum
567 3794 666 3813 carere.
688 3784 784 3817 juven.
803 3793 824 3810 i.
837 3782 891 3810 Sat.
905 3784 951 3808 ⁶0.
1012 3814 1017 3819 ¹
1320 3806 1326 3813 ⁸

220 3824 354 3855 Conferre
364 3823 462 3850 tributa
473 3831 507 3849 ex
519 3821 609 3849 censu.
651 3820 707 3849 Cic.
720 3832 744 3855 4·
761 3820 833 3848 Verr.
849 3825 911 3855 131.
933 3813 1020 3845 Siculi
1034 3821 1069 3843 ex
1088 3810 1172 3841 censu
1192 3813 1343 3847 quotannis

239 3863 341 3892 trIbuta
355 3860 510 3887 conserunt.

219 3901 275 3932 Dat
285 3898 380 3929 census
388 3898 516 3926 honores.
538 3894 621 3925 Ovid.
635 3903 659 3930 3.
676 3893 766 3924 Amor.
783 3899 810 3928 8.
824 3896 867 3929 5⁶·

1835 65 1864 100 C
1963 66 1990 101 E
2082 64 2116 101 N

1489 148 1577 183 Janua
1590 147 1759 185 pauperibus
1769 145 1858 176 clausa
1869 147 1907 175 est
1919 169 1927 179 .
1950 146 1997 176 dat
2008 146 2104 177 census
2114 147 2244 180 honores.
2422 181 2424 183 ,

1397 184 1791 259 Πξὲὶίοεῦἱῑῗῖτῗῐζὶυῐῗίἓοῑεηῐυ
1805 207 1813 220 ,
1834 193 1885 222 pro
1900 185 2024 221 Detulit,
2046 184 2180 223 professus
2197 186 2243 214 est.
2276 185 2334 215 Cic.
2355 182 2514 231 prowF'lacco

1398 261 1512 291 Deserre
1523 261 1551 288 in
1565 259 1685 289 censum.
1708 260 1818 297 Ulpian.
1832 259 1890 288 inl.
1905 258 2001 289 forma.
2022 259 2042 295 §·
2063 259 2148 288 lacus.
2172 259 2204 289 D.
2218 259 2253 289 de
2268 260 2411 296 censibus,
2432 261 2517 294 Lacus
2597 239 2599 257 Σ

1421 308 1531 335 quoque
1547 297 1708 334 piscatorios
1718 319 1726 332 ,
1748 299 1771 326 81
1784 305 1878 334 portus
1889 298 1917 326 in
1928 297 2040 326 censum
2057 298 2187 327 dominus
2199 298 2284 327 debet
2295 296 2410 328 deferre.

1400 336 1556 366 Demittere
1568 335 1680 364 censum
1693 336 1720 363 in
1734 334 1836 363 viscera
1847 356 1854 369 ,
1875 335 1913 364 est
1933 335 2086 372 Abligurire
2100 334 2183 365 bona.
2206 335 2291 365 Ovid.
2304 340 2330 370 8.
2347 336 2418 366 Met.
2434 336 2497 374 846.

1400 374 1512 404 Eruitur
1521 372 1624 401 census.
1649 372 1750 401 Lucan.
1766 371 1815 401 lib.
1829 380 1852 406 3.
1870 382 1930 408 ¹57-

1403 411 1562 441 Extendere
1575 410 1669 439 breves
1681 409 1787 439 census.
1811 410 1931 439 Nlartial.
1946 410 1993 440 lib.
2010 420 2052 440 12.
2065 411 2155 448 Epigr.
2168 413 2194 440 6.

1484 448 1585 485 Largiri
1596 470 1603 479 .
1626 448 1749 485 praestare
1760 469 1768 481 ,
1792 447 1887 477 breves
1900 448 2050 477 extendere
2062 448 2158 477 census
2168 470 2176 481 ,
2195 449 2246 478 &c.

1402 486 1496 516 Partus
1505 496 1554 523 per
1565 485 1685 515 vulnera.
1709 485 1793 514 Ovid.
1807 494 1830 519 3.
1846 486 1934 514 Amor.
1950 491 1975 519 8.
1992 496 2017 521 9.
2039 486 2055 514 i.
2071 496 2095 515 e.
2120 486 2225 515 Divitia:
2240 484 2315 514 bello
2327 489 2420 523 partae.

1404 523 1515 553 Census.
1558 523 1671 561 Egregia
1685 523 1773 552 multa
1784 523 1847 551 sunt
1858 545 1866 557 ,
1887 533 1964 552 neca
1981 523 2075 552 multis
2086 523 2294 557 animadversa,
2316 533 2375 560 quae
2392 523 2428 552 de
2438 518 2518 554 censu
2550 507 2552 517 l

1422 562 1526 590 civium
1537 558 1727 589 Romanorum
1741 571 1756 589 a
1766 560 1904 589 veteribus
1918 561 2017 589 tradita
2029 561 2094 590 licet
2106 561 2245 597 colligere.
2286 560 2472 590 Censebantur
2483 562 2520 591 cia
2550 555 2553 567 '

1422 608 1469 627 ves
1481 599 1598 628 Romani
1609 620 1616 632 ,
1639 608 1696 627 non
1706 598 1752 627 ubi
1763 599 1797 627 ad
1808 603 1915 627 aetatem
1927 598 2050 628 ferendis
2061 599 2142 627 armis
2152 599 2283 626 idoneam
2292 620 2299 631 ,
2322 598 2376 627 hoc
2387 599 2425 627 est
2434 598 2468 627 ad
2475 607 2521 629 ani·
2550 594 2552 622 Ῑ
2597 586 2604 598 ..

1424 644 1475 664 nos
1494 646 1511 664 x
1522 646 1555 664 νι
1568 646 1576 663 i
1587 657 1594 669 ,
1616 642 1815 673 pervenerant:
1838 637 1913 670 quod
1927 636 2012 664 video
2032 636 2166 673 quosdam
2178 635 2360 666 existimasse:
2382 635 2452 665 seda
2467 645 2522 672 quo

1424 674 1545 710 primum
1565 674 1612 702 die
1634 674 1692 702 nati
1709 683 1794 703 erant.
1816 682 1880 702 nam
1899 673 1916 701 si
1931 673 2096 703 robustiores
2116 680 2225 702 tantum
2246 673 2318 702 censi
2339 672 2440 708 effent,
2461 673 2518 703 Ser.

1423 711 1518 741 Tullio
1531 715 1678 748 regnante,
1697 710 1866 745 quieensum
1880 711 2015 746 instituit,
2037 711 2132 741 Romae
2140 711 2252 740 fuissent
2263 711 2409 740 hominum
2420 711 2521 740 ducen-

1423 752 1451 778 ta
1463 748 1558 777 millia.
1581 749 1715 786 siquidem
1728 749 1819 778 Livius
1835 749 1976 785 ostoginta
1996 748 2098 784 millia,
2120 749 2266 786 Dionysius
2281 749 2366 778 etiam
2381 748 2474 786 plures
2491 749 2522 778 in

1423 788 1515 825 primo
1528 786 1609 815 censu
1620 793 1836 816 commemorat:
1860 792 1891 816 ut
1901 786 2009 817 necessit:
2020 787 2052 816 fit
2064 809 2072 820 ,
2096 797 2143 816 eos
2161 808 2169 821 ,
2192 787 2239 823 qui
2254 787 2380 815 nondum
2398 795 2448 823 per
2462 792 2523 815 aeta-

1423 833 1480 853 tem
1492 825 1593 860 gestare
1605 834 1678 853 arma
1690 824 1798 862 possent
1813 825 1927 856 (omitto
1937 824 2014 854 senes
2024 824 2123 854 affesta
2134 825 2188 860 iam
2200 829 2279 853 aetate
2290 823 2326 852 ob
2335 822 2522 855 infirmitatem,

1424 863 1526 892 virium
1536 862 1613 890 domi
1624 861 1750 892 sedentes
1761 884 1769 895 ,
1791 869 1838 891 aut
1855 863 1883 890 in
1901 862 2011 892 leftulis
2028 863 2185 897 cubantes)
2205 861 2281 891 haud
2300 861 2357 890 fere
2378 861 2522 897 pauciores

1424 900 1552 929 ducentis
1563 899 1685 929 millibus
1698 899 1785 929 fuisse.
1806 906 1940 936 tantoque
1956 901 2074 930 marium
2086 909 2204 930 numero
2223 908 2317 936 parem
2332 897 2410 927 fuisse
2428 907 2524 929 nume.

1423 943 1485 967 tum
1496 937 1678 972 feminarum,
1700 948 1777 974 arque
1792 937 1973 967 necessarium
1983 939 2100 967 videtur.
2123 938 2198 980 quod
2210 944 2285 966 certe
2295 958 2303 972 ,
2324 935 2359 965 ad
2373 936 2524 966 aestimatio.

1424 985 1490 1004 nem
1500 975 1614 1012 quidem
1626 975 1788 1009 judiciimei
1799 997 1807 1010 ,
1831 977 1877 1004 vix
1889 975 1926 1004 est
1939 983 1969 1004 ut
1987 976 2062 1005 credi
2073 976 2163 1014 poslit.
2187 975 2295 1008 demus,
2309 974 2339 1003 id
2347 974 2422 1010 quod
2430 983 2522 1005 verum

1424 1014 1462 1042 est
1477 1035 1485 1047 ,
1505 1012 1601 1042 urbem
1613 1013 1730 1042 Romam
1744 1014 1866 1050 quinque
1880 1023 1977 1050 regum
1985 1014 2086 1044 virtute
2101 1023 2133 1043 ac
2141 1013 2276 1051 sapientia
2297 1011 2379 1041 rebus
2395 1011 2523 1043 omnibus

1424 1051 1606 1080 veliementer
1617 1050 1670 1079 esse
1681 1052 1798 1080 auctam.
1822 1060 1959 1080 annorum
1971 1061 2036 1081 vero
2057 1062 2074 1080 e
2082 1062 2098 1080 L
2108 1061 2125 1080 x
2135 1061 2153 1080 x
2165 1062 2173 1079 i
2186 1062 2194 1079 i
2206 1062 2215 1079 i
2239 1050 2326 1088 spatio
2337 1049 2379 1085 (in
2392 1048 2440 1078 illo
2450 1049 2524 1081 enim

1422 1089 1500 1125 regni
1511 1089 1650 1126 principio
1662 1088 1771 1118 Servius
1782 1111 1790 1124 ,
1810 1088 1901 1118 sextus
1911 1098 1959 1117 rex
1968 1110 1977 1124 ,
1997 1089 2111 1119 censum
2121 1088 2238 1118 instituit
2248 1090 2260 1123 )
2282 1088 2454 1117 incrementa
2464 1086 2526 1116 fuis-

1423 1126 1450 1155 se
1461 1133 1536 1155 tanta
1548 1148 1555 1161 ,
1577 1133 1608 1155 ut
1618 1127 1742 1164 capitum
1754 1127 1876 1155 ducenta
1884 1126 1988 1161 millia,
2013 1137 2096 1164 quarn
2107 1127 2192 1156 hodie
2201 1125 2411 1156 multitudinem
2426 1126 2456 1153 in
2471 1134 2524 1156 una
2571 1149 2575 1154 .

1423 1170 1471 1194 aut
1482 1164 1566 1193 altera
1582 1164 1696 1202 Europae
1708 1164 1775 1193 urbe
1785 1165 1848 1199 vix,
1864 1170 1911 1193 aut
1922 1164 2032 1194 fortasse
2044 1174 2079 1194 ne
2092 1165 2139 1194 vix
2150 1165 2265 1201 quidem
2275 1163 2409 1197 invenias,
2431 1170 2525 1192 nume-

1422 1209 1479 1231 rata
1493 1202 1559 1235 sint,
1581 1203 1619 1231 ita
1629 1202 1713 1232 simile
1728 1203 1785 1231 veri
1794 1211 1851 1230 non
1862 1202 1916 1237 est,
1941 1209 1972 1232 ut
1986 1203 2099 1232 monstri
2109 1202 2195 1232 simile
2206 1202 2342 1231 videatur.
2365 1200 2424 1238 ipse
2442 1200 2526 1239 etiarn

1424 1240 1518 1269 Livius
1532 1240 1580 1269 lib.
1593 1250 1662 1268 iiii
1675 1262 1682 1275 ,
1705 1250 1791 1277 quum
1804 1241 1858 1274 ait,
1880 1240 1916 1277 Q
1936 1240 2038 1276 Fabio,
2060 1240 2095 1270 T.
2120 1240 2254 1277 Quinctio
2274 1248 2366 1268 coss.
2389 1237 2468 1267 censa
2487 1238 2532 1267 οἱα·

1422 1279 1498 1307 vium
1510 1278 1600 1315 capita
1619 1287 1637 1306 c
1647 1287 1664 1306 x
1673 1287 1691 1306 x
1701 1280 1729 1306 i‘i
1739 1289 1749 1306 1
1758 1288 1767 1306 i
1789 1277 1876 1307 millia
1887 1299 1896 1313 ,
1922 1288 1940 1307 c
1949 1288 1966 1307 c
1975 1288 2028 1308 xii
2038 1289 2064 1307 ii
2077 1300 2085 1313 ,
2106 1284 2204 1316 praeter
2217 1277 2299 1306 orbos
2311 1276 2454 1313 orbasque,
2466 1275 2526 1305 nul·
2569 1287 2573 1297 τ
2603 1265 2604 1269 ¹

1424 1316 1480 1345 lam
1491 1322 1599 1345 aetatem
1612 1337 1619 1350 ,
1637 1316 1710 1344 orbis
1721 1316 1863 1353 exceptis,
1885 1316 2050 1354 nullumque
2063 1316 2160 1346 sexum
2180 1315 2264 1345 censu
2282 1313 2445 1349 exclusum,
2465 1313 2526 1345 satis
2572 1327 2575 1330 ·

1422 1354 1540 1389 indicat,
1552 1354 1683 1390 idemque
1694 1353 1742 1382 lib.
1757 1363 1816 1382 LlX
1828 1353 1967 1390 significat,
1980 1364 2065 1391 quum
2076 1354 2167 1392 inquit
2179 1363 2186 1383 ε
2209 1353 2296 1382 Censa
2307 1352 2368 1381 sunt
2380 1356 2527 1387 ccccxvirig

1424 1391 1513 1421 millia
1523 1413 1531 1427 ,
1553 1401 1571 1420 D
1580 1399 1597 1420 x
1609 1402 1617 1419 i
1630 1402 1637 1419 i
1648 1400 1656 1419 1
1669 1413 1675 1426 ,
1696 1399 1794 1428 praeter
1804 1391 1888 1420 orbos
1899 1393 1924 1421 Sc
1938 1393 2042 1421 viduas.

1423 1436 1571 1467 gumenta,
1593 1429 1717 1467 Dionysii
1735 1429 1928 1458 Halicarnaffei
1947 1429 2020 1468 legat
2039 1429 2178 1459 historiam
2211 1439 2276 1458 nani
2288 1438 2323 1457 ex
2337 1429 2396 1463 ejus
2416 1427 2525 1463 verbis,
2538 1448 2544 1457 .

1425 1477 1486 1504 quae
1498 1467 1561 1496 sunt
1576 1466 1624 1496 lib.
1642 1476 1664 1496 1.
1687 1476 1746 1496 non
1758 1467 1845 1496 modo
1859 1467 1989 1505 cujusque
2009 1477 2066 1497 rem
2084 1467 2138 1497 esse
2155 1467 2312 1496 aestimatam
2323 1488 2331 1501 ,
2351 1465 2427 1503 quod
2442 1474 2537 1496 unum·
2571 1489 2575 1496 .

1425 1505 1536 1540 Livius,
1557 1504 1672 1543 scriptor
1682 1505 1849 1542 quandoque
1861 1515 1958 1542 parum
1971 1505 2100 1543 diligens,
2121 1506 2246 1540 tradidit,
2267 1512 2365 1534 verum
2375 1504 2458 1533 etiam
2468 1509 2528 1532 aeta-

1426 1550 1469 1573 tes
1478 1543 1605 1572 omnium
1615 1565 1623 1576 ,
1646 1552 1747 1572 uxores
1757 1564 1765 1576 .
1786 1542 1890 1572 liberos
1899 1565 1906 1577 ,
1927 1543 2022 1573 locum
2034 1543 2080 1572 ubi
2089 1543 2255 1577 habitarent,
2276 1542 2320 1572 vel
2329 1543 2359 1570 in
2369 1541 2435 1570 urbe
2445 1540 2488 1570 vel
2497 1541 2528 1571 iu

1427 1591 1492 1619 agro
1504 1602 1513 1615 ,
1533 1581 1653 1618 publicis
1664 1581 1694 1609 in
1707 1580 1808 1610 tabulis
1820 1587 1947 1610 notatum
1956 1603 1963 1616 ,
1986 1581 2143 1618 planissime
2155 1581 2316 1610 ostenditur.

1427 1620 1462 1649 ad
1480 1619 1625 1648 libertinos
1637 1619 1746 1653 attinet,
1760 1628 1808 1647 eos
1818 1619 1885 1648 item
1894 1628 1949 1648 una
1959 1628 2022 1648 cuni
2032 1619 2161 1656 ingenuis
2169 1619 2222 1648 ess'e
2233 1618 2329 1648 censos
2338 1618 2415 1647 idem
2426 1616 2530 1654 Diony.

1426 1658 1478 1687 sius
1488 1657 1589 1686 eodem
1600 1657 1629 1685 in
1640 1656 1704 1686 loco
1715 1656 1856 1693 significat.
1898 1656 1994 1686 Utrum
2011 1666 2077 1687 vero
2087 1679 2095 1692 ,
2117 1657 2163 1694 qui
2185 1666 2262 1686 eXtra
2286 1656 2471 1694 pomoerium,
2493 1663 2531 1692 aia

1427 1695 1479 1724 soli
1489 1695 1534 1732 qui
1547 1696 1617 1724 intra
1628 1697 1796 1732 ponioerium
1810 1693 1988 1729 habitabant,
2010 1694 2187 1724 censerentur
2199 1717 2207 1730 ,
2228 1693 2355 1724 dubitare
2367 1703 2425 1723 non
2445 1692 2530 1722 licet&

1431 1742 1516 1770 quum
1527 1733 1561 1761 ab
1571 1733 1673 1761 eodem
1685 1734 1711 1762 ἅ
1724 1733 1759 1761 de
1769 1742 1834 1769 agro
1853 1732 1980 1762 Romano
1996 1732 2056 1762 fieri
2071 1734 2247 1762 mentionem
2259 1733 2411 1762 videamus.
2451 1730 2484 1760 Et
2499 1736 2531 1760 ue
2557 1744 2559 1752 ·
2601 1730 2604 1742 “

1430 1773 1465 1800 de
1487 1770 1593 1800 rusticis
1614 1770 1748 1799 Romanis
1767 1770 1853 1800 censis
1876 1780 1911 1800 ex
1926 1770 2079 1808 Dionysio,
2100 1771 2137 1800 sic
2155 1771 2191 1799 de
2205 1769 2418 1808 municipibus,
2439 1768 2532 1806 postea
2557 1784 2560 1792 ·
2600 1769 2604 1780 ¹

1428 1818 1511 1846 quam
1523 1808 1725 1838 communicari
1738 1814 1831 1845 coepta
1840 1808 1937 1837 civitas
1948 1808 1987 1837 est
1996 1830 2004 1843 ,
2025 1808 2109 1846 plane
2119 1809 2226 1838 constat
2235 1818 2268 1838 ex
2280 1818 2314 1838 eo
2326 1807 2439 1837 Pediani
2448 1806 2528 1836 loco:

1430 1848 1609 1876 Convenerat
1618 1855 1653 1875 ex
1664 1846 1824 1883 municipiis
1843 1845 2032 1883 cujuscunque
2049 1847 2128 1875 modi
2140 1846 2292 1876 multitudo
2304 1868 2312 1881 ,
2331 1852 2379 1874 aut
2389 1867 2397 1880 ,
2418 1847 2531 1883 propter

1430 1885 1545 1914 comitia
1559 1906 1566 1918 ,
1587 1883 1779 1922 suffragiorum
1793 1883 1887 1920 causa,
1908 1890 1955 1913 aut
1969 1883 2100 1913 ludorum
2112 1906 2119 1917 ,
2141 1892 2188 1913 aut
2199 1893 2229 1913 ut
2244 1884 2409 1913 censeretur.
2431 1891 2482 1911 nec
2493 1889 2531 1911 ta-

1432 1932 1498 1952 men
1510 1922 1625 1952 obscure
1636 1923 1711 1951 idem
1724 1921 1874 1958 significant
1885 1921 1932 1951 illa
1944 1922 2026 1951 verba
2037 1932 2087 1959 pro
2105 1922 2236 1952 Cluentio
2249 1933 2293 1957 41.
2332 1921 2414 1951 lllum
2427 1920 2533 1950 tabula·
2558 1934 2560 1941 ·

1431 1960 1557 1999 publicas
1569 1960 1659 1989 Larini
1668 1959 1805 1989 censorias
1815 1959 1982 1996 corrupisse,
2005 1960 2173 1989 decuriones
2192 1960 2309 1990 universi
2327 1960 2530 1995 judicaverunt.

1431 2006 1506 2042 certe
1517 1999 1592 2027 enim
1605 1998 1639 2027 de
1651 1997 1752 2027 tabulis
1765 1997 1799 2027 iis
1814 1996 1959 2034 intelligit,
1981 1997 2009 2026 iu
2022 2008 2087 2035 quas
2100 1997 2226 2027 censores
2235 2020 2243 2033 ,
2263 2007 2350 2035 quum
2361 1997 2465 2027 civium
2479 1996 2534 2025 Ro.

1430 2045 1577 2066 manorum
1587 2035 1699 2064 censum
1711 2041 1842 2071 agerent,
1864 2035 2039 2071 municipum
2051 2036 2166 2065 nomina
2176 2036 2333 2065 retulerant.
2374 2034 2474 2064 Coloni
2486 2039 2534 2063 ari-

1433 2080 1460 2103 te
1471 2074 1577 2103 bellum
1588 2074 1724 2103 Punicum
1737 2073 1890 2102 secundum
1902 2083 1959 2102 non
1970 2072 2162 2103 censebantur.
2184 2074 2221 2103 ait
2235 2074 2311 2103 enim
2326 2072 2418 2102 Livius
2435 2072 2470 2101 sic
2482 2071 2532 2101 lib.

1432 2121 1479 2146 αι).
1493 2121 1534 2148 Π.
1558 2112 1716 2141 Duodecim
1726 2111 1899 2140 coloniarum
1912 2133 1919 2145 ,
1941 2111 2017 2148 quod
2026 2120 2168 2148 nunquam
2178 2119 2259 2141 antea
2272 2112 2374 2140 fastum
2385 2117 2443 2139 erat
2456 2131 2464 2145 ,
2486 2110 2533 2139 de-

1433 2150 1586 2180 ferentibus
1603 2148 1781 2183 censoribus,
1803 2149 1915 2178 censum
1934 2155 2121 2186 acceperunt:
2143 2156 2174 2178 ut
2189 2156 2323 2187 quantum
2333 2157 2450 2178 numero
2463 2147 2534 2177 mili·

1432 2194 1494 2217 tum
1504 2210 1511 2223 ,
1533 2194 1666 2225 quantum
1675 2187 1794 2225 pecunia
1808 2186 1949 2221 valerent,
1969 2188 1997 2215 in
2016 2186 2137 2224 publicis
2151 2187 2250 2216 tabulis
2268 2192 2449 2215 monumenta
2460 2191 2534 2215 exta·

1433 2232 1504 2255 rent.
1546 2225 1736 2254 Censebantur
1746 2225 1843 2261 quinto
1855 2234 1965 2262 quoque
1976 2234 2050 2254 anno
2059 2247 2066 2258 ,
2084 2224 2167 2253 lustro
2177 2225 2279 2254 scilicet
2287 2224 2416 2253 confet‘to
2429 2245 2437 2258 ,
2459 2222 2535 2260 quod

1434 2264 1574 2300 integrum
1591 2270 1708 2300 quatuor
1723 2272 1860 2292 annorum
1872 2262 1988 2300 spatium
2003 2262 2064 2292 fuit.
2085 2263 2189 2292 tametsi
2202 2285 2210 2298 ‚
2231 2263 2300 2291 ultra
2312 2261 2534 2299 quadrienniiin-

1433 2301 1597 2334 tervallurri,
1618 2302 1661 2330 vel
1675 2300 1748 2330 bello
1759 2322 1767 2336 ,
1789 2300 1831 2329 vel
1843 2301 2000 2329 domesticis
2011 2300 2170 2336 discordiis,
2194 2300 2238 2330 vel
2247 2300 2300 2329 alio
2309 2299 2381 2334 casu,
2395 2299 2464 2336 saepe
2473 2308 2534 2336 pro·
2581 2294 2584 2318 l

1435 2340 1552 2369 (ludium
1561 2338 1614 2368 esse
1625 2338 1737 2367 censum
1748 2360 1755 2372 ,
1777 2337 1987 2367 observavimus.
2031 2338 2203 2375 Magistratus
2216 2339 2280 2367 huic
2296 2338 2406 2366 muneri
2417 2337 2534 2374 praefuit,

1434 2378 1556 2416 primum
1568 2399 1575 2411 ,
1600 2377 1646 2413 qui
1658 2377 1779 2405 summus
1790 2376 1816 2404 iu
1829 2376 1895 2405 urbe
1911 2375 1977 2411 fuit,
2000 2385 2077 2412 reges
2094 2376 2152 2404 duo
2165 2377 2311 2414 postremi,
2333 2376 2442 2405 Servius
2453 2374 2535 2404 &Su-

1435 2415 1556 2453 perbus:
1580 2414 1728 2451 ejectisque
1747 2414 1874 2451 regibus,
1897 2413 2040 2442 consules:
2064 2413 2185 2450 deinde⁷
2207 2423 2292 2451 quum
2312 2412 2438 2443 consules
2455 2412 2535 2441 bellis
2564 2430 2565 2436 .
2582 2414 2584 2417 '

1437 2453 1639 2490 impedirentur
1649 2474 1656 2486 ,
1679 2451 1806 2481 censores
1816 2473 1824 2486 ,
1846 2452 1892 2487 qui
1903 2451 1936 2480 ab
1949 2461 1977 2480 re
1987 2461 2090 2480 nornen
2102 2459 2279 2490 acceperunt.
2322 2450 2426 2481 Census
2439 2450 2465 2479 in
2476 2450 2535 2479 foro

1437 2491 1539 2520 fiebat:
1563 2490 1676 2519 lustrum
1687 2490 1716 2518 in
1729 2499 1828 2527 campo
1842 2490 1943 2518 Martio
1961 2489 2153 2523 condebatur,
2175 2490 2247 2518 caesis
2267 2489 2330 2524 sue,
2352 2498 2421 2523 ove,
2442 2495 2534 2517 tauro:
2584 2500 2586 2505 .

1438 2529 1516 2566 quod
1528 2528 1726 2557 sacrificium&
1738 2526 1895 2556 solitaurilia
1905 2549 1913 2560 ,
1935 2528 1960 2556 δι
1974 2526 2165 2557 suovetaurilia
2176 2528 2320 2557 vocabant.
2344 2527 2379 2555 de
2401 2526 2482 2555 lustro
2496 2525 2536 2554 Li-

1438 2567 1501 2596 vius
1512 2588 1520 2599 ,
1544 2566 1689 2602 Dionysius
1700 2587 1707 2597 ,
1728 2574 1826 2593 omnes
1841 2565 1956 2593 historiae
1965 2571 2083 2593 narrant.
2108 2565 2143 2594 de
2152 2566 2234 2594 censu
2245 2566 2311 2594 inde
2321 2564 2452 2599 conjicio,
2463 2560 2538 2600 quod

1437 2605 1544 2641 equites
1555 2604 1693 2632 trabeatos
1708 2613 1756 2640 per
1768 2603 1892 2631 medium
1904 2602 2102 2631 forumldibus
2120 2603 2311 2639 Quinctilibus
2329 2609 2392 2632 ante
2412 2602 2537 2631 censores
2579 2596 2584 2601 ”

1439 2642 1485 2671 sua
1502 2651 1585 2670 manu
1596 2651 1698 2679 equum
1709 2639 1858 2669 traduxisse
1869 2662 1877 2675 ,
1900 2640 1991 2669 Livius
2002 2662 2009 2674 ,
2031 2640 2153 2669 Valerius
2164 2662 2172 2675 ,
2193 2641 2342 2670 Suetonius
2352 2662 2359 2675 ‚
2383 2639 2537 2669 Plutarchus

1440 2680 1584 2709 affirmant.
1607 2679 1697 2716 quain
1708 2688 1735 2707 re
1748 2678 1924 2715 significanda
1934 2699 1941 2712 ,
1955 2678 2069 2707 verbum
2081 2700 2088 2711 ,
2110 2677 2318 2712 Transvehere,
2340 2686 2445 2707 veteres
2457 2677 2537 2706 histo-
2586 2700 2588 2702 .

1439 2718 1489 2746 rici
1501 2717 1619 2746 libenter
1638 2716 1816 2753 usurparunt:
1845 2716 1960 2750 Cicero,
1981 2715 2139 2745 Traducere
2160 2717 2239 2745 dixit.
2263 2717 2338 2753 quod
2352 2715 2370 2744 ii
2388 2715 2493 2752 equites
2507 2714 2536 2743 iri

1441 2756 1502 2785 foro
1521 2755 1720 2784 censebantur:
1744 2754 1779 2783 de
1801 2755 1918 2788 ceteris,
1941 2753 2010 2782 nihil
2030 2753 2136 2788 obstat,
2160 2755 2227 2790 quin
2244 2754 2319 2783 idem
2338 2760 2476 2791 putemus.
2517 2752 2536 2781 A

1441 2793 1582 2831 principio
1594 2814 1601 2825 ,
1624 2802 1639 2821 e
1653 2792 1739 2821 Servii
1750 2792 1820 2828 regis
1832 2792 1956 2820 instituto
1967 2812 1975 2824 ,
1996 2792 2025 2820 in
2038 2791 2084 2820 sua
2097 2791 2210 2828 quisque
2222 2791 2311 2823 classe,
2333 2801 2392 2828 quie
2405 2791 2432 2819 in
2445 2795 2539 2820 centu-

1444 2832 1496 2860 rias
1504 2831 1649 2868 dispertitae
1662 2836 1754 2863 erant,
1777 2829 1830 2858 hoc
1844 2829 1900 2864 est,
1921 2838 1956 2858 ex
1967 2829 2014 2858 suo
2028 2828 2143 2866 quisque
2157 2828 2240 2858 censu
2251 2851 2258 2863 ‚
2279 2839 2339 2865 quae
2350 2829 2386 2857 rei
2399 2826 2543 2862 familiaris*

1445 2876 1503 2898 erat
1512 2868 1653 2897 :estimatio
1664 2890 1671 2901 ,
1694 2866 1870 2896 censebatur:
1896 2867 1941 2903 qui
1951 2874 2065 2896 centum
2076 2867 2162 2895 millia
2173 2889 2181 2902 ,
2203 2876 2273 2896 eove
2288 2866 2407 2904 amplius
2423 2865 2538 2903 posside-

1444 2914 1503 2940 ret,
1525 2907 1552 2934 in
1572 2907 1659 2943 prima
1672 2904 1771 2934 classe:
1795 2905 1841 2940 qui
1852 2904 1920 2932 infra
1932 2912 2045 2933 centuni
2062 2904 2146 2941 usquc
2163 2904 2197 2933 ad
2217 2904 2388 2942 septuaginta
2399 2904 2536 2941 quinque,

1443 2945 1472 2973 in
1482 2944 1617 2973 secunda:
1641 2943 1706 2972 inde
1717 2943 1751 2971 ad
1762 2942 1959 2979 quinquaginta
1970 2942 2071 2976 millia,
2093 2943 2122 2970 in
2132 2943 2226 2971 tertia:
2248 2943 2315 2971 inde
2325 2943 2360 2971 ad
2370 2941 2465 2978 viginti
2477 2939 2537 2969 mil·

1444 2982 1481 3011 lia
1492 3003 1500 3017 ,
1520 2983 1549 3010 iri
1560 2988 1653 3018 quarta
1667 2991 1673 3010 ε
1697 2981 1731 3009 ab
1745 2990 1778 3009 eo
1789 2980 1823 3009 ad
1834 2980 1965 3008 undecim
1979 2979 2073 3013 millia,
2095 2980 2122 3008 in
2134 2981 2249 3016 quinta:
2270 2980 2339 3008 infra
2349 2989 2424 3013 vero,
2444 2979 2472 3007 in
2482 2977 2538 3007 sex-

1444 3026 1481 3049 ta.
1504 3029 1539 3048 ex
1550 3030 1604 3056 quo
1616 3018 1755 3055 sequitur,
1778 3025 1807 3047 ut
1819 3018 1995 3051 decuriones,
2016 3018 2140 3054 equites,
2161 3017 2442 3047 senatoresoninesin
2454 3016 2539 3054 prima

1446 3057 1527 3087 classe
1537 3056 1729 3086 censerentur:
1753 3056 1980 3092 quandoquidem
1991 3064 2081 3092 neque
2095 3056 2208 3083 decurio
2223 3062 2332 3092 poterat
2340 3054 2404 3089 esse,
2426 3053 2541 3091 quicen-
2582 3058 2598 3085 ''.

1446 3102 1508 3124 tuni
1522 3094 1608 3123 niilliu
1619 3104 1674 3122 non
1687 3094 1817 3122 haberet:
1840 3102 1929 3129 neque
1941 3102 2024 3127 eques
2036 3114 2042 3126 ,
2059 3093 2106 3129 qui
2117 3093 2314 3130 quadringenta
2326 3092 2431 3121 millia:
2453 3098 2552 3127 neque.

1443 3133 1570 3166 senator,
1592 3132 1639 3168 qui
1651 3132 1810 3167 octingenta
1820 3130 1914 3159 millia.
1955 3130 2014 3159 Post
2025 3131 2149 3168 expletas
2160 3140 2224 3159 vero
2243 3140 2260 3159 x
2271 3139 2288 3159 x
2300 3140 2315 3159 x
2327 3140 2341 3158 v
2363 3130 2463 3163 tribus,
2484 3136 2541 3157 non

1446 3171 1476 3199 in
1490 3171 1622 3199 centuriis
1632 3191 1640 3203 ,
1660 3169 1744 3197 sedin
1756 3168 1800 3197 sua
1812 3177 1950 3205 quemque
1960 3168 2031 3197 tribu
2042 3167 2155 3196 censum
2171 3168 2225 3196 eise
2242 3167 2419 3197 crediderim.
2439 3166 2542 3195 senato·

1447 3217 1490 3237 res
1501 3208 1576 3236 enini
1587 3229 1595 3242 ,
1622 3207 1781 3236 clarisliinos
1791 3207 1863 3235 viros
1875 3227 1882 3240 ,
1905 3205 2018 3234 summis
2029 3205 2180 3234 honoribus
2189 3206 2296 3234 functos
2306 3227 2314 3240 ‚
2336 3205 2418 3242 ipsos.
2431 3205 2542 3241 inquam

1449 3245 1596 3279 censores,
1618 3245 1657 3273 M.
1680 3244 1787 3273 Livium
1802 3243 2002 3275 Salinatorem,
2031 3242 2060 3272 C.
2085 3243 2234 3272 Claudium
2251 3243 2411 3273 Neronem.
2442 3242 2471 3270 in
2491 3239 2542 3270 suis

1449 3291 1597 3319 utrumque
1608 3283 1733 3311 tribubus
1742 3303 1749 3316 ,
1771 3281 1847 3310 nulla
1858 3281 1927 3310 facta
1936 3280 2060 3310 classium
2069 3282 2211 3310 mentione
2222 3303 2227 3312 .
2243 3281 2356 3309 censum
2367 3279 2420 3310 esse
2430 3301 2437 3314 ,
2453 3279 2542 3308 Livius

1450 3320 1467 3350 l.
1480 3330 1504 3350 c.
1518 3320 1660 3358 perspicue
1669 3319 1886 3348 denionllrathis
1897 3319 2004 3347 verbis:
2028 3318 2156 3355 Equitum
2168 3318 2270 3347 deinde
2279 3317 2426 3356 census¹agi
2436 3322 2543 3353 coeptue

1449 3359 1495 3388 est.
1518 3360 1542 3387 &r
1555 3358 1637 3387 ambo
1645 3358 1716 3387 forte
1728 3356 1852 3386 censores
1859 3366 1961 3393 equum
1973 3355 2117 3393 publicum
2127 3355 2280 3384 habebant:
2304 3365 2388 3392 quum
2398 3355 2432 3384 ad
2443 3354 2544 3383 tribum

1451 3396 1565 3425 Polliam
1579 3402 1692 3424 ventum
1708 3395 1745 3423 est
1757 3416 1764 3427 ,
1786 3395 1815 3422 in
1825 3404 1877 3428 qua
1891 3395 1930 3423 sil.
1947 3394 2014 3422 Livii
2026 3403 2129 3422 nomen
2140 3400 2216 3424 erat.
2239 3395 2263 3422 8<
2273 3403 2363 3428 Di'aeCO
2375 3394 2544 3421 cundiaretut
2600 3406 2604 3413 ·

1450 3434 1536 3463 citare
1547 3433 1634 3471 ipsum
1643 3432 1801 3461 censorem:
1824 3432 1900 3466 cita,
1920 3432 2012 3468 inquit
2026 3432 2098 3460 Nero
2109 3453 2116 3464 ,
2140 3431 2169 3460 M
2190 3430 2310 3460 Livium:
2332 3431 2357 3460 &
2378 3430 2430 3459 sive
2442 3439 2475 3459 ex
2485 3427 2543 3458 resi-
2580 3457 2581 3461 ,
2602 3451 2604 3453 .

1450 3472 1505 3500 dua
1515 3473 1539 3500 δε
1551 3479 1643 3499 vetere
1655 3470 1792 3499 simultate
1803 3491 1810 3503 ,
1832 3469 1884 3498 sive
1897 3469 2087 3504 intempestiva
2097 3469 2245 3504 jat‘tatione
2256 3468 2403 3497 severitatis
2415 3467 2523 3496 inflatus

1449 3510 1492 3539 M.
1504 3509 1612 3538 Livium
1624 3530 1630 3542 ,
1653 3509 1715 3544 quia
1728 3507 1825 3544 populi
1836 3507 1942 3542 judicio
1953 3507 2237 3540 essetcondemnatus,
2255 3515 2356 3541 equum
2367 3505 2485 3534 vendere
2493 3504 2520 3539 ju
2534 3519 2546 3527 -

1451 3547 1491 3576 sit.
1533 3546 1602 3575 ltem
1616 3546 1654 3574 Μ.
1668 3545 1758 3574 Livius
1768 3567 1774 3577 ,
1797 3554 1882 3581 quum
1894 3545 1928 3573 ad
1939 3544 2040 3573 tribum
2057 3543 2240 3573 Narniensem
2253 3566 2260 3576 ,
2283 3546 2308 3572 ὁὶ
2319 3552 2421 3572 nomen
2432 3541 2544 3578 collegae
2582 3559 2584 3575 ξ
2598 3563 2600 3566 ,

1451 3589 1567 3613 ventum
1580 3584 1634 3617 est,
1655 3583 1775 3612 vendere
1784 3591 1885 3619 equum
1898 3583 1919 3611 C
1939 3581 2086 3611 Claudium
2098 3580 2178 3616 julllt.
2218 3581 2309 3610 Festus
2325 3589 2419 3609 tamen
2438 3579 2544 3609 videtur

1453 3621 1604 3658 significare
1613 3641 1621 3656 ,
1641 3621 1701 3658 post
1711 3620 1834 3656 expletas
1844 3621 1926 3648 etiam
1945 3629 1960 3647 x
1972 3629 1987 3647 x
1999 3629 2015 3647 x
2025 3629 2041 3647 v
2058 3619 2145 3647 tribus
2156 3618 2251 3648 censos
2261 3618 2314 3647 eise
2325 3619 2399 3647 cives
2409 3617 2545 3646 Romanos

1454 3660 1482 3687 in
1494 3659 1642 3687 centuriis:
1665 3659 1786 3686 aitenim
1798 3657 1850 3691 sic,
1872 3656 2040 3692 Niquisciuit
2051 3657 2175 3685 centuria
2191 3657 2244 3688 est,
2265 3665 2324 3693 quae
2340 3655 2442 3685 dicitur
2456 3664 2471 3684 a
2488 3654 2544 3683 Ser.

1454 3696 1550 3725 Tullio
1562 3706 1622 3732 rege
1633 3696 1794 3728 constituta,
1818 3695 1846 3723 iri
1857 3704 1909 3730 qua
1919 3695 2014 3723 liceret
2027 3695 2050 3723 ei
2065 3693 2220 3729 suffragium
2234 3694 2304 3722 ferre
2315 3715 2322 3725 ,
2345 3693 2391 3729 qui
2410 3702 2465 3721 non
2477 3688 2549 3720 tulis·
2584 3713 2585 3717 ,

1455 3733 1533 3762 setin
1542 3733 1604 3762 sua:
1629 3734 1732 3770 nequis
1742 3732 1808 3761 civis
1818 3731 1936 3766 suffragii
1954 3733 2013 3767 jure
2025 3732 2183 3768 privaretur.
2209 3741 2291 3764 nain,
2312 3729 2434 3764 sciscito,
2455 3726 2547 3765 signifi·
2584 3735 2585 3751 l

1455 3777 1517 3805 cat,
1540 3770 1703 3799 sententiam
1712 3770 1799 3798 dicito
1811 3791 1818 3803 ,
1834 3779 1865 3798 ac
1878 3769 2129 3806 suffragiuniscrto:
2152 3768 2227 3797 unde
2237 3768 2300 3797 scita
2310 3767 2406 3805 plebis.
2429 3766 2552 3796 sedinea.

1457 3809 1585 3836 centuria
1596 3818 1685 3844 neque
1696 3807 1823 3836 censetur
1841 3806 1999 3843 quisquam,
2021 3816 2110 3843 neque
2132 3806 2263 3835 centuriae
2281 3805 2443 3843 predicitur,
2463 3810 2549 3839 neque

1458 3845 1617 3874 centurialis
1630 3845 1797 3882 putestess'e:
1821 3845 1884 3881 quia
1900 3854 1984 3873 nenio
2001 3852 2091 3873 certus
2110 3843 2148 3872 est
2157 3844 2215 3878 ejus
2226 3844 2365 3872 cenruriae.
2387 3842 2425 3871 est
2444 3847 2549 3873 autem,

1458 3882 1643 3919 Niquiscivit,
1664 3883 1714 3911 nisi
1725 3883 1785 3919 quis
1798 3880 1885 3911 scivit.
1926 3882 2064 3912 Pedianus
2074 3881 2200 3911 etiamad
2211 3881 2333 3911 Divinat.
2345 3880 2403 3910 cic.
2414 3884 2439 3914 8.
2460 3874 2550 3912 Cujus·
2585 3886 2586 3906 ι

2498 3921 2549 3952 que
2581 3918 2583 3938 ἓ

2084 1392 2154 1428 Quae
2166 1392 2184 1420 si
2199 1392 2244 1420 cui
2256 1390 2340 1420 dubia
2349 1389 2479 1419 videntur
2488 1399 2527 1419 ar·
2573 1410 2578 1418 ,

2339 1579 2425 1616 Quod
2436 1585 2529 1610 autem
2556 1599 2558 1603 ι
2603 1571 2604 1576 ’
