2641 4187
767 115 1032 165 RossERri

64 327 168 359 1539.
196 320 270 361 Jun.
293 327 350 362 24.
390 316 495 362 Regii
527 317 562 350 in
590 313 774 350 Hebraicis
810 314 845 349 &
873 313 1005 350 Latinis
1031 316 1220 365 Typogra-

61 365 125 414 phi
160 376 289 401 munus
323 367 499 411 injunxit3
527 374 747 411 quaecunque
775 363 1032 410 typographica
1068 363 1220 411 postula-
1279 369 1300 383 “

62 420 135 455 ret,
162 412 308 450 subsidia
329 412 529 450 concedere
548 423 731 459 nunquam
762 422 838 446 non
863 419 1011 458 paratus.
1047 412 1112 460 [c]
1140 416 1221 447 Inter
1279 416 1288 430 ‘

62 462 120 497 baec
149 461 279 506 presidia
308 465 484 506 praecipuum
522 469 607 494 erant
635 463 656 492 ii
671 460 821 502 sumptus,
866 463 964 505 quiin
988 462 1222 509 conquifi'tionem
1279 465 1302 479 “

61 522 132 546 cum
171 511 297 544 aliorum
329 509 487 544 Librorum
524 507 725 554 (potiffimum
755 510 950 552 Graecorum)
982 518 1048 543 tum
1071 521 1140 543 vero
1164 512 1222 543 Hi-
1280 514 1303 529 “

53 561 226 607 storicorum
257 559 422 604 (Historia
462 560 538 592 enim
570 557 727 601 praesertim
762 559 895 597 Romarm
929 556 975 591 bic
1016 561 1078 601 Rex
1109 566 1225 591 amator
1281 562 1304 577 “

63 606 154 650 erat)
171 620 184 646 ς
226 605 265 647 &¹
303 610 357 655 qui
392 609 424 641 in
444 606 628 650 sculpturam
656 615 719 639 tam
747 604 932 648 pulchrorum
973 604 986 650 [
997 606 1041 651 d]
1083 605 1225 640 charafte-
1283 611 1306 625 “

64 667 134 693 rum
154 656 207 700 seu
231 664 365 701 typorum
386 680 396 696 ,
442 654 544 701 quibus
564 654 647 689 Libri
665 654 705 688 illi
735 652 969 695 excuderentur,
981 655 1114 699 faciendi
1130 662 1225 688 erant.
1283 660 1306 674 ‘⁶

112 703 401 745 Ronanus,
440 704 525 740 licet
561 703 673 740 nullas
704 701 819 738 adhuc
845 701 994 739 viderim
1021 701 1226 744 Editiones,
1284 709 1308 723 “

66 754 103 791 in
127 753 254 800 quibus
277 752 309 789 se
336 753 491 800 Regium
519 756 549 786 in
580 753 686 787 Graecek
719 750 1005 799 Typographum
1036 751 1225 800 scripserit,
1286 757 1309 771 “

65 802 156 841 mihi
178 808 298 838 tamen
322 801 462 838 videtur
488 802 559 848 (ex
584 799 687 848 ipfius
716 799 777 846 [e]
803 797 957 847 Epistola
980 799 1136 838 Eussn.
1163 798 1229 836 Ec·
1286 805 1308 821 “

46 850 145 888 ‘cles
180 849 313 888 Histor.
348 863 427 887 ann.
456 862 560 897 1544.
587 848 757 897 praefixa)
785 847 937 897 aliquam
969 848 1085 886 Graeci
1122 850 1229 886 etiam

65 899 327 949 Typographei
352 912 472 936 curam
501 898 664 935 habuisse.
716 897 880 946 Symboii
904 898 995 933 istius
1017 898 1084 935 fuit
1106 899 1231 935 inven-

68 956 147 990 tor,
175 949 277 997 quod
302 949 436 985 solebat
459 947 574 985 Libris
593 946 766 995 plerisque
799 958 843 983 ex
867 946 978 994 Regia
1008 946 1231 986 Bibliotheca
1286 952 1309 967 ·‘

64 998 293 1046 depromptis
312 996 474 1045 affigere,
498 1008 643 1045 quoque
654 995 800 1043 plurimi
816 995 972 1032 celebres
992 995 1230 1045 Typographi

66 1058 153 1084 cum
176 1045 235 1093 [f]
271 1046 376 1093 Regii
392 1054 468 1083 tum
490 1048 595 1082 etiam
629 1044 691 1090 [g]
718 1045 777 1080 alii
809 1045 888 1081 suos
915 1044 1026 1081 libros
1044 1046 1230 1082 ornabant.

65 1095 284 1145 Symbolum
305 1095 343 1132 id
366 1103 456 1136 erat,
485 1094 624 1132 Lancea
644 1105 727 1130 cum
745 1093 849 1130 olivae
869 1093 1014 1141 palmite
1037 1095 1072 1130 ἃ
1092 1094 1232 1142 serpen-

67 1153 104 1182 te
127 1144 384 1186 circumflexis,
411 1143 562 1188 subjecto
590 1142 636 1189 [h]
663 1141 863 1180 Hommu
897 1142 1122 1180 hemistichio
1139 1144 1235 1183 fiam-

69 1197 114 1228 λεῖ
129 1195 156 1227 τ’
172 1194 292 1237 ἀγαθῷ
308 1195 432 1235 κρατερῷ
454 1194 480 1224 τ’
494 1193 648 1236 αιχμητῇ.

117 1242 225 1281 Nulla
259 1241 307 1278 est
331 1241 402 1277 sere
439 1252 518 1288 pars
542 1243 580 1277 in
610 1239 773 1277 universo
804 1242 970 1277 omnium
998 1241 1233 1278 Scientiarum

68 1291 281 1338 Attiumque
298 1289 496 1326 liberalium
513 1291 622 1331 orbe,
651 1302 757 1339 quam
772 1289 1029 1327 RossERTus
1054 1297 1067 1326 t
1092 1291 1146 1337 pis
1158 1300 1234 1325 non

69 1342 273 1379 illustravit:
303 1339 402 1388 quod
428 1339 574 1388 quidem
600 1339 728 1376 fatetur
750 1338 993 1376 GESNERUS
1011 1341 1047 1376 in
1083 1338 1233 1386 'pistola,

71 1402 141 1439 qua
166 1389 252 1426 huic
283 1391 450 1437 quintum
479 1388 733 1427 Pandedtarum
765 1388 897 1426 librum
931 1389 974 1425 de
1003 1387 1236 1427 Arithmetica

69 1439 299 1486 nuncupavit.

71 1488 305 1526 Rouana-o
331 1486 585 1525 STEPHANO
611 1490 696 1533 Regio
719 1486 899 1534 Typographo
926 1486 1073 1524 Lutetiae
1089 1483 1236 1524 Parifio-

254 1547 334 1573 rum
358 1536 617 1574 Commoris
644 1536 891 1574 GESNERus
918 1538 946 1570 S.
961 1540 1000 1571 D.
1018 1541 1049 1571 P.

116 1589 142 1605 ‘⁶
166 1585 255 1623 Non
289 1585 456 1634 equidem
488 1588 640 1635 ignoro,
685 1584 880 1623 dottiffime
916 1585 1056 1627 Roberte,
1094 1595 1171 1633 quae
1197 1583 1236 1620 &

73 1639 98 1655 “
123 1647 230 1684 quam
263 1635 406 1683 egregia
431 1635 629 1672 Volumina
656 1646 719 1683 per
751 1641 785 1671 te
816 1634 1000 1681 publicum
1032 1635 1236 1681 acceperint

74 1688 99 1703 ‘⁸
124 1684 266 1726 lumen,
290 1695 402 1732 eaque
423 1685 543 1732 plura,
581 1696 686 1734 quam
706 1691 746 1721 ut
780 1684 840 1720 hic
869 1683 1037 1720 recenseri
1059 1696 1070 1729 ;
1103 1684 1138 1720 &
1167 1681 1237 1719 ele-

74 1737 98 1752 “
122 1735 262 1782 gantius
286 1733 558 1782 diligentiusque
577 1734 721 1776 excusa,
759 1744 866 1782 quam
896 1740 934 1770 ut
960 1744 1027 1780 pro
1057 1734 1187 1769 merito
1217 1743 1237 1768 a

125 1795 183 1820 me
201 1781 450 1820 commendari
476 1781 627 1831 poffint3
660 1795 727 1820 nec
749 1785 785 1818 in
814 1794 888 1818 uno
908 1782 1022 1819 solum
1052 1781 1110 1818 sed
1133 1781 1237 1817 omni

123 1831 394 1881 propemodum
435 1832 712 1881 Disciplinarum
755 1843 886 1880 genere
907 1859 917 1874 ,
965 1839 1004 1868 ut
1038 1831 1134 1867 nulla
1164 1831 1237 1866 sere

124 1883 226 1929 huJ'us
253 1883 373 1929 operis
406 1892 485 1929 pars
513 1881 572 1924 fit,
610 1894 687 1932 quae
712 1893 788 1918 non
818 1882 892 1927 jure
921 1881 985 1918 tibi
1014 1891 1238 1927 nuncupare-

124 1938 202 1971 tur:
229 1931 330 1968 volui
357 1938 478 1968 tamen
515 1930 645 1969 hocin
673 1931 760 1968 loco
784 1932 993 1978 participem
1020 1937 1054 1965 te
1075 1929 1239 1966 lucubra-

124 1983 266 2018 tionum
287 1981 484 2018 nostrarum
503 1981 638 2023 facere,
666 1992 744 2017 non
770 1980 870 2029 quod
893 1992 969 2016 non
992 1979 1076 2016 alibi
1093 1979 1236 2026 dignius

98 2055 101 2057 >
123 2029 197 2067 hoc
219 2029 397 2072 fecissem,
424 2030 481 2067 sed
500 2042 545 2067 ne
574 2032 728 2067 omnino
763 2036 797 2066 te
823 2030 1047 2077 praeterirem.
1118 2027 1237 2065 Partes

76 2082 100 2098 “
124 2082 222 2117 enim
242 2079 324 2117 alias
347 2080 471 2117 nostrae
499 2082 616 2128 gentis
645 2079 899 2129 Typographis
931 2078 1124 2114 destinavi:
1176 2088 1240 2124 pe-

127 2131 277 2178 regrinis
311 2140 398 2165 vero
433 2131 616 2178 (quorum
658 2137 696 2166 tu
728 2129 838 2165 veluti
868 2127 930 2165 Sol
965 2127 1110 2175 quidam
1146 2127 1239 2162 inter

76 2181 101 2199 “
126 2182 267 2216 minora
297 2177 406 2215 sidera
436 2180 619 2216 occurristi
661 2191 700 2215 ea
729 2185 866 2214 tantum
912 2176 1076 2213 dedicare
1108 2176 1239 2212 consti-

73 2231 99 2249 “
123 2229 194 2270 tui,
218 2229 255 2264 in
274 2228 402 2277 quibus
418 2228 536 2265 nullus
562 2228 786 2270 nostrorum,
817 2226 915 2275 quod
936 2226 1082 2274 quidem
1102 2225 1237 2266 scirem,

77 2280 100 2295 “
125 2284 184 2314 aut
213 2279 252 2314 in
287 2277 467 2326 praesentia
502 2277 762 2318 meminissem,
802 2275 1002 2312 excelluisse
1041 2274 1237 2315 videretur¹⁴

76 2329 100 2345 “
120 2326 304 2365 Excellere
326 2333 446 2363 autem
479 2326 563 2363 dico
591 2326 879 2375 Typographum
907 2324 1062 2372 aliquem
1100 2325 1137 2360 in
1165 2323 1240 2360 hoc

79 2379 101 2394 “
125 2376 183 2413 vel
219 2375 285 2412 illo
312 2387 445 2424 genere
477 2375 673 2418 librorum,
705 2378 742 2411 in
775 2387 848 2423 quo
878 2374 934 2410 vel
961 2373 1156 2421 plurimos,
1181 2371 1240 2409 vel

78 2429 101 2444 ‘⁶
126 2427 307 2473 optimos,
341 2424 398 2462 vel
433 2431 648 2473 utrumque,
680 2424 739 2461 vel
765 2435 899 2472 paucos
924 2423 983 2460 sed
1005 2423 1123 2459 bonos
1141 2450 1151 2464 ,
1181 2421 1240 2458 vel

78 2478 102 2492 “
124 2486 236 2512 unum
259 2474 316 2511 sed
342 2476 523 2522 optimum
541 2475 685 2521 alicujus
713 2473 875 2511 Scientiae
906 2472 1104 2510 Authorem
1132 2482 1241 2508 excu-

79 2527 102 2542 “
124 2524 231 2562 deret.
286 2524 380 2566 Cum
408 2525 516 2571 igitur
543 2525 636 2562 inter
662 2523 902 2561 Arithmeticae
928 2522 1128 2568 Scriptores
1168 2523 1243 2554 Ton-

79 2576 102 2592 “
117 2575 215 2620 stada,
233 2575 331 2620 cujus
358 2580 396 2610 tu
416 2573 547 2610 librum
567 2573 657 2610 olim
683 2572 851 2620 evulgasti
867 2599 877 2613 ‚
919 2573 1072 2618 primam
1097 2569 1240 2606 laudem

78 2626 103 2641 “
129 2623 294 2660 haetenus
321 2634 448 2659 omnes
470 2623 542 2660 fere
564 2623 787 2659 attribuerint
812 2623 878 2666 (ut
903 2621 963 2668 qui
990 2631 1064 2656 rem
1090 2630 1241 2656 omnem

81 2676 104 2691 ‘⁴
127 2672 342 2721 logisticam,
375 2683 452 2720 quae
483 2672 625 2713 Praxis‚
655 2678 695 2708 ut
722 2677 875 2712 vocant,
905 2668 1147 2707 Arithmeticae
1173 2668 1241 2709 est,

81 2725 105 2741 ‘⁸
131 2721 363 2771 Latiniffime‚
386 2720 530 2769 copiose
556 2722 592 2757 (ἵε
617 2720 799 2769 perspicue
815 2718 1025 2761 tradiderit)
1061 2718 1126 2754 tibi
1144 2716 1242 2753 hunc

83 2773 105 2789 ‘¹
130 2771 176 2807 de
200 2770 431 2808 Arithmetica
458 2769 620 2807 libellum
646 2769 805 2806 nostrum
834 2768 1047 2805 nominatim
1078 2766 1243 2803 dedicare

81 2822 106 2839 ‘⁴
134 2819 243 2856 visum
261 2820 318 2857 est.
383 2819 560 2866 Quamvis
588 2821 684 2856 enim
714 2818 967 2856 excellentiora
995 2815 1148 2863 plurima
1177 2826 1244 2863 pu-

85 2871 108 2887 “
134 2868 336 2911 blicaveris,
361 2881 517 2919 quorum
538 2869 808 2917 comparatione
827 2878 904 2904 non
923 2867 1054 2913 aequius
1064 2865 1244 2902 Arithme-

83 2921 107 2937 “
131 2920 199 2955 tica
233 2919 299 2954 tibi
333 2929 440 2966 quam
481 2918 565 2957 feles
594 2921 744 2952 Minervae
784 2914 1020 2953 consecranda
1062 2914 1243 2959 videatur;

82 2971 105 2987 “
130 2967 238 3005 malui
267 2975 386 3004 tamen
416 2968 533 3018 aliqua
560 2970 596 3004 in
633 2973 731 3014 parte
752 2965 983 3003 Bibliothecae
1012 2963 1138 3000 nostrae
1159 2975 1245 3011 qua-

81 3021 106 3038 ‘·
131 3019 184 3054 vis
205 3015 391 3054 occasione
406 3029 545 3054 nomen
561 3024 662 3054 tuum
678 3015 875 3057 celebrare,
888 3025 993 3062 quam
1004 3012 1144 3059 prorsus
1155 3023 1244 3049 ano-

82 3069 104 3084 “
127 3077 277 3115 nymum
308 3066 534 3114 relinquere:
586 3065 694 3115 idque
727 3063 950 3114 gratitudinis
989 3073 1076 3109 ergo
1108 3062 1243 3110 magis,

83 3119 107 3134 “
132 3127 238 3164 quam
268 3126 394 3153 omnes
423 3114 567 3153 studiosi
597 3116 662 3152 tibi
695 3114 843 3153 debent,
881 3122 986 3161 quam
1011 3110 1111 3159 quod
1130 3110 1242 3147 laudis

76 2132 102 2148 ‘t

17 3186 21 3187 ν
80 3167 105 3184 “
129 3163 264 3214 aliquid
284 3165 452 3212 operibus
477 3166 545 3202 tuis
568 3176 632 3212 per
650 3163 682 3201 se
710 3161 932 3200 nobilissimis
949 3161 1064 3197 nostra
1090 3159 1245 3196 celebra-

81 3215 228 3251 “tione
258 3213 472 3250 accessurum
496 3214 680 3262 sperarem.
731 3211 828 3261 Ergo
863 3211 936 3248 hoc
968 3220 1080 3246 unum
1111 3209 1171 3245 abs
1207 3215 1244 3246 te

82 3266 106 3282 “
130 3263 301 3312 expestm
331 3262 577 3300 humaniffime
599 3264 650 3300 mi
677 3260 813 3304 Roberte,
850 3259 1097 3296 munusculum
1124 3257 1243 3294 tantil-

84 3315 108 3331 “
130 3313 205 3350 lum
222 3313 311 3349 boni
337 3319 377 3349 ut
406 3312 565 3350 consulas
579 3341 588 3355 ,
608 3313 644 3349 &
666 3323 743 3349 non
773 3322 819 3347 ex
844 3307 1089 3357 magnitudine
1113 3314 1172 3343 aut
1189 3307 1243 3343 di-

50 3388 55 3393 ι
85 3364 108 3382 “
133 3363 268 3411 gnitate
295 3360 418 3409 ipfius,
447 3362 506 3399 sed
535 3363 657 3399 animo
697 3360 867 3398 Authoris
900 3358 1167 3394 aestimationem
1198 3355 1244 3392 de

85 3414 108 3429 “
132 3423 176 3448 eo
195 3412 308 3448 facias.
356 3411 527 3449 Libenter
546 3410 713 3460 equidem
747 3409 806 3445 hic
836 3407 1005 3444 beneficia
1032 3406 1145 3443 tua.in
1175 3405 1244 3442 stu-

85 3462 112 3481 “
135 3460 274 3502 diosos,
301 3460 374 3498 hoc
400 3461 466 3503 est,
488 3459 654 3499 Officinae
674 3466 741 3496 tuae
757 3466 1242 3506 opera‚commemorarem;

85 3512 110 3527 “
134 3521 211 3558 quae
231 3509 288 3546 vel
306 3516 341 3546 te
365 3509 527 3547 Authore
557 3511 593 3546 ὃς
614 3509 794 3546 laboribus
827 3507 895 3542 tuis
920 3505 1120 3542 elucubrata
1145 3510 1244 3540 aeter-

85 3561 108 3577 ‘⁶
131 3571 212 3595 nam
234 3559 364 3607 procul
382 3560 494 3596 dubio
515 3558 668 3607 gloriam
686 3558 751 3594 tibi
777 3557 951 3604 paritura;
991 3552 1048 3589 vel
1077 3553 1119 3589 ab
1145 3552 1218 3588 aliis
1232 3580 1242 3595 ‚

85 3610 109 3625 “
134 3608 272 3655 priscis,
298 3611 427 3650 novis,
455 3608 607 3650 Graecis,
634 3605 834 3653 Latinisque
857 3603 1077 3642 Authoribus
1091 3601 1244 3641 conscri-

84 3658 108 3675 “
132 3664 211 3704 pta,
244 3669 291 3694 ex
321 3658 454 3694 aedibus
483 3659 552 3694 tuis
583 3656 840 3706 prodiverunt3
875 3652 939 3691 nisi
964 3658 1080 3689 tantus
1116 3662 1244 3688 eorum

119 3761 166 3798 [a]
186 3760 277 3797 Hissor.
292 3761 442 3792 STRPHAN.
462 3772 492 3800 p.
506 3770 574 3815 34:⁴3
582 3772 607 3795 ς.
647 3760 693 3804 [b]
714 3760 802 3803 Hrstpr.
820 3760 968 3789 summ.
980 3766 1033 3821 wll
1040 3766 1064 3791 ς.
1104 3755 1147 3820 [ἱ]
1166 3754 1246 3820 {bid

83 3808 187 3866 2³:³13„
195 3798 526 3873 ρξᾚεὲῗέξῗὶὲὲὲὲἑρκ
541 3804 698 3867 astitit?
708 3797 1105 3870 &2355325'35502‘311223'35
1121 3801 1250 3860 ‹1anle

85 3874 106 3889 ‘⁴
125 3874 180 3902 bert
190 3874 334 3904 Esrrimrsm
349 3876 452 3910 Parisien
463 3875 505 3905 fils
515 3876 551 3904 de
564 3880 653 3910 Henry,
665 3874 714 3903 son
725 3873 894 3911 Imprimeur
901 3870 1050 3904 ordinaire,
1065 3869 1142 3898 avoit
1155 3868 1180 3897 la
1192 3878 1251 3905 gar-

85 3912 107 3926 “
126 3912 172 3947 de,
192 3914 218 3942 ἃ
232 3912 303 3941 dont
319 3911 338 3940 il
349 3912 376 3942 se
389 3913 488 3943 servoit
498 3923 532 3942 en
542 3911 725 3948 l'lmpreffion
739 3911 824 3941 deses
834 3910 927 3940 Livres
937 3929 946 3943 ‚
963 3917 998 3936 au
1019 3907 1065 3936 bas
1085 3906 1212 3949 desquels
1228 3905 1252 3949 ⁴il

85 3949 107 3964 “
126 3950 239 3980 mettoit
246 3950 469 3981 ordinairement
479 3972 488 3987 ,
517 3956 558 3980 Ex
573 3952 680 3988 officina
696 3949 826 3979 Roman
841 3949 994 3979 Sani-inm
1013 3944 1163 3982 Typographz
1174 3947 1253 3980 Regu,

1101 120 1380 168 STEPHANI

105 215 151 264 [a]
184 217 483 257 FRAchscus
516 216 654 255 Primus
687 217 857 263 peculiari
887 227 1009 254 amore
1037 231 1120 255 eum
1144 231 1217 255 am-
1275 221 1298 236 “

59 267 304 317 ple&ebatur;
343 270 446 314 eique
477 277 609 302 annum
639 267 746 301 aetatis
781 271 834 309 36.
865 267 1002 311 agenti,
1036 279 1116 304 ann.
1152 266 1215 312 [b]
1276 269 1286 284 ‘

1452 121 1720 173 νιΤΑ.
2361 149 2425 197 29

1291 270 1298 283 <
1325 232 1490 261 numerus
1515 225 1616 266 esset,
1642 225 1782 272 ipsaque
1804 225 1892 263 adeo
1913 230 2093 275 praeclara‚
2116 232 2151 268 &
2174 245 2253 269 vere
2280 235 2426 279 basilica,

1276 319 1285 333 ι
1324 282 1342 305 a
1368 271 1615 320 Typographo
1641 276 1789 310 nomine
1807 276 1842 311 &
1862 277 1968 324 reipsa
1989 281 2088 325 regio
2111 282 2283 327 prosecta,
2312 292 2349 319 ut
2367 285 2429 321 nili

1289 319 1297 334 ‘
1324 318 1499 374 laudatum
1538 322 1716 359 dimittere
1747 321 1883 359 nullum
1918 325 2075 372 possem;
2116 331 2211 376 atqui
2232 330 2255 365 fi
2286 331 2430 368 laudan-

1293 417 1302 430 ζ
1328 368 1379 403 dis
1395 396 1403 407 ‚
1432 377 1470 405 ut
1495 379 1694 413 merentur,
1723 371 1865 418 singulis
1889 374 2114 417 immorarer,
2150 379 2326 424 prolixior
2348 379 2431 428 Epi-

1329 416 1413 452 stola
1430 418 1539 453 libelli
1558 419 1658 464 hujus
1683 421 1831 457 modum
1855 421 2051 458 excederet.
2103 425 2319 464 Thesaurum
2336 437 2430 466 certe

1328 471 1428 500 tuum
1443 493 1452 506 ,
1473 466 1610 513 ejusque

1330 519 1404 548 tum
1438 520 1553 549 utrum
1559 526 1625 562 que

1331 560 1488 602 seorsim,
1515 562 1551 597 &
1581 564 1730 606 Eusebium
1754 566 1917 604 Gsaecum
1935 596 1945 610 ³
1991 581 2067 615 quae
2093 582 2188 607 nunc
2208 584 2277 619 ΡΗΣ,
2301 578 2432 612 Ueteris

1331 610 1390 645 abs
1417 617 1449 645 te
1469 610 1566 665 *edlta
1587 615 1754 666 memini,
1791 616 1916 653 inditia
1949 617 2149 664 relinquere
2179 632 2251 657 non
2282 624 2431 669 possum,

1331 658 1442 704 Perge
1467 665 1595 703 igitur,
1615 659 1679 695 Vir
1704 665 1860 708 optime-3
1894 677 2002 712 perge
2029 666 2197 710 feliciter,
2233 671 2268 706 &
2298 672 2434 719 auspice

1336 706 1486 762 CBRJS
1502 718 1579 747 To,
1607 706 1696 742 sacra
1720 711 1755 744 δε
1782 710 1931 765 humana
1947 715 2055 750 studia
2075 716 2320 762 pulcherrimis
2341 723 2434 767 typis

1336 763 1402 791 “¹¹⁸
1427 766 1563 801 Juvat&
1590 752 1741 810 fic‚b0ffl
1759 769 1876 806 imque
1901 762 1935 796 ἃ
1956 764 2113 800 studiosi:
2149 777 2275 803 omnes
2303 770 2363 804 tibi
2390 771 2436 805 sa,

1329 810 1455 859 Yeant,
1486 804 1521 838 Sc
1542 803 1706 857 Domino
1724 804 1807 841 Deo
1830 812 1990 852 precibus
2011 814 2074 848 suis
2100 821 2134 849 te
2157 817 2434 854 commendent·

1286 854 1310 869 “
1333 853 1378 888 ¹¹0
1398 852 1498 908 Dfsss
1519 853 1613 907 ῘΡῙΡᾎ
1640 855 1701 899 qui
1722 853 1888 891 honestos
1914 867 2058 895 conatus
2080 874 2261 910 nunquam
2292 848 2435 907 descrit,

1286 903 1309 918 ‘⁶
1336 910 1512 948 propitius
1547 901 1611 956 tibi
1646 902 1682 936 &
1717 902 1890 950 benignus
1916 912 1949 941 te
1972 913 2096 955 tuaque
2119 915 2238 948 omnia
2270 914 2437 951 fostunet„

1287 1001 1311 1016 “
1339 953 1443 996 Tiguri
1464 977 1473 991 ,
1531 949 1675 986 decimo
1728 948 1900 988 Calendas
1945 955 2091 990 februarii·
2107 983 2117 1000 ‚
2171 973 2265 998 anno
2312 962 2438 1000 Salutis

1342 1011 1354 1034 Ι
1367 1005 1444 1045 548·
1457 1002 1474 1015 a,

1332 1046 1404 1085 Hic
1434 1049 1546 1084 miror
1574 1046 1810 1084 Hebraeorum
1845 1045 2043 1087 Bibliorum
2077 1053 2113 1089 in
2131 1066 2163 1100 4.
2191 1058 2226 1094 &
2248 1070 2288 1095 12
2328 1060 2428 1099 Ron

1288 1096 1346 1133 ST
1358 1108 1407 1133 ΕΡ
1418 1108 1444 1132 n
1455 1108 1476 1132 A
1487 1108 1533 1132 Nl
1556 1097 1650 1144 typis
1663 1095 1872 1132 excusorum
1887 1098 2018 1134 nullam
2038 1111 2057 1135 a
2078 1101 2110 1138 G
2122 1113 2166 1138 as
2177 1115 2199 1139 N
2210 1117 2260 1142 ER
2272 1089 2300 1144 0⁸
2319 1090 2441 1148 taam}

1288 1147 1523 1182 mentionem.
1573 1143 1820 1182 Gessmus
1853 1153 1973 1183 autem
1998 1148 2179 1194 specialem
2203 1152 2390 1194 Librorum
2422 1171 2444 1196 a

1289 1194 1355 1232 Ro
1368 1207 1397 1231 B.
1423 1194 1676 1231 STEPHANO
1706 1193 1953 1241 impressorum
1985 1195 2197 1246 Catalogum
2223 1204 2341 1251 (quod
2361 1208 2443 1244 fecit

1291 1245 1327 1280 in
1350 1243 1523 1291 plerisque
1541 1243 1616 1279 aliis
1636 1242 1889 1280 celebrioribus
1909 1242 2161 1294 Typographis
2181 1260 2200 1286 a
2224 1251 2256 1288 se
2274 1253 2445 1301 salutatis)

1290 1291 1453 1340 Epistolae
1469 1303 1545 1328 non
1564 1292 1699 1337 adjecit.

1340 1342 1558 1379 Ronnmi
1594 1341 1831 1377 STEPHANI
1868 1340 2033 1379 Officinae
2069 1343 2189 1384 laudes
2232 1347 2444 1397 JOANNES

1291 1390 1420 1429 AunA
1433 1402 1488 1427 Tu
1501 1402 1517 1426 s
1541 1392 1561 1414 'f
1588 1390 1742 1438 eleganti
1763 1391 1918 1427 carmine
1938 1391 2137 1430 celebravit.

1388 1439 1485 1478 Inter
1501 1444 1576 1480 tot,
1602 1439 1667 1476 hac
1691 1445 1791 1476 aetate
1806 1439 1899 1475 belle
1926 1441 1986 1488 qui
2004 1442 2096 1489 typis

1451 1487 1599 1526 Cudunt
1615 1487 1797 1524 minutulis
1817 1487 1947 1529 libros,

1386 1537 1541 1579 Primas,
1571 1536 1689 1582 Roberte
1705 1536 1864 1580 Stephane,
1888 1544 1926 1574 tu
1938 1544 2054 1584 partes
2075 1544 2185 1583 tenes,

1454 1586 1711 1624 Reclamitante
1728 1586 1893 1622 nemine:

1389 1635 1459 1674 Seu
1477 1637 1554 1684 quis
1569 1637 1722 1683 requirat
1743 1634 1850 1671 literae
1871 1634 2092 1683 elegantiam,

1455 1683 1557 1723 Caefis
1571 1686 1608 1720 in
1620 1696 1663 1720 aes
1685 1696 1703 1720 e
1727 1683 1900 1726 formulis,

1388 1735 1429 1772 In
1444 1735 1628 1783 plumbeas
1650 1734 1744 1769 abire
1765 1731 1886 1778 juffam
1907 1732 2057 1775 tesseras,

1461 1783 1601 1819 Vulcania
1618 1784 1759 1829 juvante
1781 1783 1838 1817 vi:

1391 1833 1462 1871 Seu
1478 1832 1651 1868 linearum
1671 1829 1831 1867 nobilem
1856 1829 2104 1876 symmetriam,

1458 1881 1598 1920 Oculos
1617 1879 1717 1929 quod
1735 1890 1829 1916 acres
1842 1879 2035 1926 plurimum

1395 1932 1503 1982 Juvet
1523 1930 1703 1977 legentum
1716 1956 1725 1970 ‚
1743 1927 1837 1965 haud
1863 1927 2069 1964 indecenter
2087 1929 2255 1968 omnibus

1459 1981 1569 2017 Suum
1589 1979 1787 2015 tenentibus
1813 1977 1946 2014 locum.
1983 1974 1988 1987 '

1390 2029 1520 2069 Versus
1537 2028 1692 2076 spatiolis
1720 2029 1786 2063 rite
1803 2024 2106 2073 distinguentibus,

1456 2078 1575 2116 Parvis
1590 2075 1739 2126 perinde
1754 2083 1793 2113 ut
1808 2076 1908 2117 areis,

1391 2128 1491 2175 Quas
1516 2127 1600 2163 hinc
1621 2127 1656 2163 &
1674 2125 1757 2162 inde
1779 2124 1897 2173 susque
1918 2122 2036 2171 deque
2059 2123 2259 2166 contInent,

1460 2176 1715 2222 Cohibentque
1737 2175 1823 2210 certi
1843 2174 2043 2220 margines:

1393 2226 1463 2264 Seu
1486 2227 1563 2274 quis
1589 2225 1715 2274 (quob
1729 2223 1772 2259 ad
1786 2234 1860 2259 rem
1879 2222 2032 2269 pertinet
2049 2219 2106 2256 vel
2124 2223 2290 2264 maxime,

1457 2275 1580 2320 Quam
1597 2274 1808 2321 quaerimus)
1831 2270 2020 2312 solertiam,

1397 2324 1451 2363 Ac
1469 2324 1693 2372 diligentiam
1706 2322 1862 2369 sagacem
1882 2319 2047 2367 postulet,

1462 2374 1504 2411 In
1525 2371 1684 2409 eluendis
1701 2371 1866 2407 omnium

1389 2423 1509 2462 Naevis
1525 2420 1740 2464 Librorum;
1766 2428 1881 2466 nequa
1900 2416 1994 2453 labes
2012 2415 2170 2453 sordium

1464 2470 1668 2511 Dofftorum
1694 2468 1863 2515 operibus
1889 2464 2040 2502 insidens

1397 2519 1591 2559 Obstaculo
1611 2517 1651 2555 fit
1668 2515 1957 2565 imperitioribus

1460 2568 1655 2616 Do&isque
1676 2566 1785 2603 bilem
1803 2566 1953 2603 conciat.
1980 2561 2042 2604 &a

1396 2619 1465 2658 Cui
1485 2625 1581 2655 tanta
1594 2617 1627 2654 se
1648 2616 1871 2652 monimenta
1895 2613 2039 2655 debent,
2057 2617 2163 2660 atque
2176 2617 2244 2653 tot¹

1467 2668 1560 2714 Quae
1579 2665 1688 2715 prisca
1698 2676 1786 2712 gens
1802 2662 2009 2700 mortalium

1399 2716 1503 2757 Licet
1522 2714 1699 2756 edidisset,
1719 2725 1816 2750 nunc
1834 2712 1954 2749 forent
1971 2717 2012 2747 ut
2029 2709 2173 2751 inedita,

1459 2766 1511 2804 Ni
1534 2777 1598 2814 per
1615 2764 1777 2800 laborem
1790 2761 1987 2810 plurimum

1397 2812 1680 2862 Redintegrasses
1701 2820 1741 2848 tu
1763 2811 1965 2848 resuscitans
1981 2819 2034 2849 ea,

1462 2864 1580 2912 Prope
1595 2862 1747 2899 dixerim
1758 2888 1769 2903 ,
1791 2862 2037 2899 intermortua,

1397 2913 1538 2958 Roberte,
1559 2912 1718 2948 literariae
1741 2911 1791 2947 rei
1805 2909 1902 2950 salus,

1463 2962 1552 2999 Non
1574 2967 1613 2998 ut
1633 2960 1812 2996 columnis
1832 2957 1990 3006 pluribus

1382 3012 1632 3052 *Inniterentur
1647 3008 1736 3045 teila
1746 3035 1754 3049 ‚
1773 3006 2065 3056 praetereuntium

1464 3059 1578 3106 Quod
1593 3065 1705 3095 vertat
1723 3059 1761 3094 in
1783 3056 1816 3093 se
1830 3057 1983 3094 lumina:

1397 3111 1486 3150 Non
1502 3115 1541 3146 ut
1558 3107 1724 3146 renidens
1744 3107 1809 3143 tibi
1826 3105 1968 3142 lacunar
1985 3104 2024 3138 in
2041 3100 2154 3137 domo

1466 3158 1622 3206 Fulgore
1637 3157 1798 3193 verberet
1816 3154 1930 3191 solum

1396 3207 1649 3256 Imaginosum.
1696 3204 1784 3242 Non
1797 3205 1893 3240 enim
1908 3209 1946 3238 tu
1967 3199 2032 3237 arti
2051 3204 2116 3234 tuae

1461 3257 1591 3294 Statuis
1609 3266 1710 3291 avare
1731 3254 1766 3290 ‹31
1781 3251 1921 3290 sordide

1398 3306 1580 3345 Pretium:
1607 3304 1702 3340 leves
1726 3301 1825 3352 quod
1838 3298 1992 3337 sacculos
2012 3293 2194 3332 exhauriat

1460 3353 1758 3392 Scholasticorum
1780 3360 1985 3398 pauperum,
2146 3392 2153 3397 ·
2197 3391 2205 3397 ⁴

1395 3404 1511 3442 Tuam
1535 3403 1759 3450 frequentant
1778 3401 1838 3448 qui
1864 3398 2040 3452 tab-ernam
2061 3390 2207 3438 plurimi

1462 3452 1606 3490 Plenam
1621 3452 1795 3487 bonarum
1818 3454 2006 3483 mercium:

1396 3499 1548 3549 Emptos
1572 3508 1610 3536 ut
1626 3499 1725 3536 illinc
1746 3508 1850 3546 quarn
1867 3494 1949 3547 licet
1968 3501 2079 3537 parvo
2093 3487 2218 3528 libros,

1462 3550 1603 3596 Quibus
1623 3559 1714 3596 opus
1736 3545 1832 3593 ipsis,
1856 3544 2028 3579 auferant:

1395 3598 1524 3637 Libros
1536 3627 1546 3641 ‚
1564 3598 1640 3634 heri
1655 3597 1715 3645 qui
1735 3593 1952 3639 diligentiam
1970 3589 2020 3625 sui

1459 3647 1501 3686 In
1519 3645 1739 3694 corrigendis
1750 3640 1899 3690 lapsibus

1836 3690 1862 3726 h
2387 3678 2457 3717 Vel

1302 3754 1324 3769 ‘⁴
1344 3754 1414 3790 regiis
1425 3752 1492 3790 typis.
1507 3751 1525 3764 ’'
1562 3750 1606 3786 [e]
1624 3744 1755 3776 Ἐειηνικῖς
1773 3744 1884 3780 ylice-ne
1899 3742 2040 3779 συμπάσας
2067 3738 2156 3784 βίβιλυς
2174 3733 2286 3780 pin-op&
2301 3734 2458 3778 &war-iem.

1303 3807 1378 3813 —--
1392 3802 1431 3817 tm
1441 3789 1466 3816 δε
1478 3790 1540 3815 πολὺ
1556 3789 1717 3821 ἀσφιλὲςεςον
1726 3786 1765 3813 τὴν
1784 3784 1945 3815 &Smer-r&
1960 3779 2091 3814 bmxgyr'aev,
2103 3779 2128 3805 ἣν
2144 3777 2186 3802 ὑπ’
2202 3777 2265 3802 ‹io-ri
2277 3777 2393 3805 βασιλεως
2410 3784 2454 3804 129·-

1305 3830 1422 3863 nysam&
1441 3825 1566 3860 φυλάτῗω
1580 3820 1665 3857 ἕχομὲμ
1684 3825 1734 3852 διο,
1776 3821 1835 3857 [f]
1855 3820 1958 3847 Carolus
1975 3818 2165 3849 ὃτεΡκΑΝυςς
2187 3813 2305 3840 Robertus
2330 3812 2455 3841 Suffla-

1305 3875 1361 3895 Nus
1375 3887 1383 3899 ,
1404 3865 1502 3892 Robern'
1514 3862 1604 3895 filius3
1629 3866 1769 3887 Manaertus
1786 3859 1992 3890 ΡΑἱ-ιςεοκιυες
2011 3854 2070 3881 Gul.
2088 3852 2259 3895 Moasmus3
2281 3848 2455 3881 Tmusws3

1306 3904 1429 3931 Federicus
1441 3901 1596 3930 Moesi-tus
1610 3904 1687 3935 pater
1698 3899 1723 3926 ἃ
1737 3897 1820 3926 filius.
1860 3896 1905 3931 [g]
1925 3893 2002 3923 Bima
2017 3899 2124 3920 Ninus.
2164 3888 2211 3925 [h]
2236 3887 2273 3916 1λ.
2285 3898 2312 3918 v.
2323 3884 2388 3916 vers.
2395 3893 2456 3920 179.

1306 3940 1323 3956 ⁴*
1342 3940 1459 3970 Carmen
1465 3938 1606 3974 integrum
1615 3936 1678 3974 lege
1689 3935 1781 3969 Hfior.
1795 3934 1943 3965 Srnuan.
1956 3940 1984 3968 p.
1996 3939 2041 3965 94.

1641 467 1833 552 Epitomen
1858 469 2202 516 Latino-Gallicam,
2230 475 2433 514 Testamen-

1694 520 1827 554 atinum
1865 531 1947 555 cum
1974 520 2149 563 Scholiis,
2201 525 2237 560 &
2266 526 2432 565 Graecum
