2604 4222
165 160 236 194 504
605 139 634 174 C
728 136 762 170 H
859 132 893 168 Ο

297 227 395 257 Gratus
410 222 565 253 Alexandro
577 220 633 257 regi
648 228 748 255 magno
757 213 864 246 fuitille
943 248 948 255 ¹

298 263 435 294 choerilus
446 284 452 296 ,
473 261 584 290 incultis
593 259 638 295 qui
651 256 801 297 versibus&
813 251 884 282 male
894 255 964 293 natis
996 283 999 285 .

297 301 418 332 Rettulit
429 306 575 335 acceptos,
595 295 683 332 regale
696 288 1016 332 iiiimisnia‚.Philippos.
1034 320 1040 327 ·
1065 319 1071 326 ι
1094 317 1110 347 S
1134 317 1160 346 'd

207 342 270 372 Fuit
280 343 305 370 ἃ
315 340 382 369 alter
395 337 531 366 Choerilus
540 341 620 373 poeta
635 332 760 368 tragicus.
801 327 945 361 Utriusque
956 326 1084 365 meminit
1097 328 1140 377 im
1163 325 1201 347 as.
1288 353 1294 359 ι

172 381 221 410 CH
232 389 249 408 o
259 389 271 407 r
282 388 294 407 s
306 400 314 413 ,
335 377 371 415 pl.
394 385 429 404 m.
453 376 521 411 [754³
534 394 541 407 ,
559 373 570 401 ἡ
589 372 632 396 τῶν
645 372 699 405 χιών
714 364 802 402 ἑορτὴ]
822 364 928 393 Festum
939 360 1052 390 Athenis
1062 356 1252 395 ceebrabatur
1262 375 1269 388 .
1286 361 1316 382 in

208 417 342 447 honorem
355 412 453 443 Bacchi
469 433 476 445 ,
499 406 710 439 Anthesterionis
731 402 898 432 duodecima
908 421 915 433 .
936 407 1017 434 quein
1031 397 1246 431 interpretantur
1259 391 1317 420 No-

208 454 366 484 vcmbrem:
389 460 442 486 quo
453 457 579 485 tempore
593 456 607 474 a
618 440 834 481 przeceptoribus
848 436 995 468 familiares
1015 432 1188 471 hospitaliter
1198 429 1316 467 accipie-

506 486 511 495 “
543 492 632 512 naeum
646 481 693 509 lib.
708 489 748 507 10.
765 476 856 506 scribit
868 474 1028 504 Eubulides.
1093 509 1098 515 ι
1159 507 1165 514 .

173 527 196 561 C
204 493 329 560 lbaplttkrss
337 495 376 555 pust
387 487 552 560 ὃῖιὲῗλὲἑξςρ]
573 518 690 550 Medicis
701 517 832 545 dicuntur
843 513 973 543 Intestina
986 533 994 554 ⁵.
1015 517 1145 547 quoniam
1157 517 1187 536 in
1205 514 1237 535 ea
1258 513 1318 533 cor-

210 551 311 597 rivetur
325 547 399 600 Klan’,
419 562 437 590 i.
456 571 479 589 e.
502 559 586 592 Bilis,
607 565 690 593 quam
704 559 807 583 vocant
817 550 966 594 xantham,
988 558 1005 577 i.
1019 558 1043 577 e.
1066 547 1181 589 flavam,
1204 553 1262 581 quse
1272 551 1320 585 ei}-

209 603 355 634 calfaciens
397 597 602 632 acrimoniaque
613 594 719 623 irritans
729 612 737 626 ‚
756 589 834 619 velut
844 594 951 629 pruritu
970 586 1004 629 ad
1015 583 1233 623 superfluitatum
1244 589 1319 609 cxci·=

209 622 420 678 tetegestioriem
432 657 440 670 ,
461 640 492 664 ut
502 633 783 671 ipsiinterpretantur.
806 627 872 656 Hrec
885 625 948 670 Cael.
967 623 1053 667 lib-4.
1067 632 1127 665 cap.
1144 632 1185 656 ¹4·
1238 656 1243 662 ·
1261 655 1266 661 ¹

172 680 195 710 C
204 690 223 710 H
234 681 251 708 ὃ
261 681 300 707 Li}
310 687 324 704 a
336 686 354 703 A
396 684 425 702 ar.
447 671 575 708 [γολέρρι]
596 669 754 698 Commune
767 663 900 694 stomachi
919 669 1000 699 atque
1017 660 1209 704 intestinorum
1219 662 1318 685 vitium

209 719 235 746 ἃ
246 714 358 744 morbus
367 698 454 741 ’videri
468 701 566 747 potest.
588 716 652 736 nam
663 704 741 734 simul
754 705 779 733 δι
792 703 910 735 (101εᾶ10
924 702 948 730 &
962 707 1081 743 vomitus
1096 698 1144 731 est,
1165 701 1318 738 praeterque

208 754 268 784 haec
278 751 382 781 inflatio
393 749 448 777 est:
470 746 597 775 intestina
606 748 784 780 torquentur:
807 740 869 770 bilis
880 739 958 777 supra
973 737 1097 779 infraque
1107 738 1244 775 erumpit3
1266 740 1321 768 pri-

208 800 285 821 mum
301 798 375 825 aquae
387 785 480 815 similis
491 806 499 819 ,
521 783 624 813 deinde
636 789 666 811 ut
676 782 703 810 in
715 789 747 809 ea
757 788 854 808 recens
866 786 930 807 caro
940 776 996 805 lota
1009 772 1062 818 esse
1073 774 1198 803 videatur
1208 793 1215 805 ,
1237 776 1319 798 inter<-

206 830 274 858 dum
285 827 346 855 albii
359 846 366 860 ‚
383 830 586 859 nonnunquam
595 820 671 856 nigra
683 820 708 848 Sc
719 818 799 847 varia.
839 816 911 852 Ergo
928 818 961 843 eo
974 821 1089 841 nomine
1105 809 1233 857 morbum
1245 807 1320 850 hunc

203 868 299 903 xm‘gou
309 863 394 893 Graeci
408 861 595 890 nominarunt.
635 858 731 887 Praeter
742 865 774 884 ea
785 863 861 889 vero,
875 862 935 891 quae
946 851 1025 888 supra
1036 848 1235 894 comprehensa
1246 848 1317 887 sunt,

205 904 276 946 saepe
285 902 368 930 etiam
382 908 479 933 crura,
500 895 650 932 manusque
667 891 868 923 contrahuntur
879 913 887 923 ,
897 896 993 934 *urget*
1010 888 1064 917 sitis
1073 909 1087 931 ,'
1102 894 1194 916 anima
1208 883 1317 912 delicit:

206 940 305 978 quibus
315 935 556 971 concurrentibus,
578 943 635 964 non
646 933 747 962 mirum
760 930 797 960 est
810 929 828 960 fi
845 928 935 959 subito
948 934 1008 964 quis
1018 932 1143 955 moritur.
1165 922 1233 953 Haec
1246 918 1316 950 Cels.

203 978 424 1047 iilbdrii'riesagciitbs
435 1009 554 1040 cholera.
594 1007 663 1038 Cels.
676 1005 724 1035 lib.
737 1014 764 1035 2.
777 1015 838 1042 cap.
855 1012 895 1041 ¹3·
917 1002 971 1032 Sed
989 1001 1005 1030 fi
1018 1006 1114 1043 acutus
1129 997 1247 1042 *morbus
1263 993 1319 1038 est,

223 1054 291 1082 sicut
304 1053 331 1080 in
342 1050 470 1084 cholera,
493 1045 510 1076 si
530 1045 614 1076 febris
625 1045 681 1080 cst,
704 1049 735 1073 ut
750 1044 821 1073 inter
841 1042 967 1071 horrores
978 1061 986 1076 ,
1007 1037 1188 1076 asperioribus
1200 1034 1321 1064 medica-

221 1090 325 1120 mentis
338 1098 408 1126 opus
419 1096 477 1116 nori
486 1085 532 1115 est.
953 1116 959 1121 ι
1196 1110 1202 1116 ἱ
1246 1119 1257 1129 ο
1311 1107 1318 1113 .

202 1125 466 1159 Laborarecholera.
506 1121 575 1152 Cels.
587 1121 636 1151 lib.
649 1130 674 1150 2.
687 1129 746 1156 cap.
762 1127 804 1155 13.
838 1118 870 1146 At
885 1121 1005 1159 vomitus
1016 1136 1030 1158 ,¹
1045 1115 1107 1157 διο..
1127 1110 1257 1155 οτηῐμϋιιὐ
1270 1117 1319 1155 vqui

223 1165 335 1196 cholera
348 1164 493 1197 laborant,
515 1160 644 1190 omnibus
658 1159 739 1188 etiam
752 1164 816 1186 cum
826 1154 944 1191 quadam
955 1152 1089 1183 hilaritate
1099 1147 1301 1180 insanientibus
1310 1167 1318 1181 ‚

224 1206 250 1234 62
261 1202 394 1233 comitiali
408 1208 519 1238 quoque
529 1197 626 1227 morbo
636 1193 786 1262 oppressis..
806 1191 972 1222 necessarius
984 1190 1029 1220 est.
1099 1226 1104 1232 ¹
1293 1222 1319 1251 ἀ

203 1241 304 1272 Sedare
319 1239 458 1270 choleram
468 1236 637 1274 clysteribus.
694 1233 743 1262 liri.
757 1231 804 1260 hb.
821 1240 864 1266 31.
878 1239 938 1267 cap.
950 1232 976 1259 6.
1008 1227 1143 1257 Tormina
1163 1230 1274 1262 quoque

223 1278 364 1308 choleram
375 1276 465 1306 calida
475 1273 562 1303 infusa
572 1271 729 1309 clysteribus
739 1269 822 1298 sedat.
1062 1290 1064 1293 ,
1152 1300 1158 1306 .
1217 1299 1223 1305 .
1277 1296 1280 1298 Ὗ

164 1318 190 1349 C
199 1328 219 1348 H
229 1327 245 1346 ο
254 1328 270 1345 L
279 1326 295 1346 iz
303 1318 339 1345 ai
347 1325 363 1344 c
372 1325 390 1343 u
401 1324 413 1344 s
421 1336 429 1349 ,
451 1309 616 1349 [χολερικές]
636 1309 695 1345 Adj.
719 1308 774 1343 Qui
784 1305 894 1349 cholera
906 1303 1022 1347 affet‘tus
1035 1302 1082 1333 est.
1120 1299 1188 1329 le.
1206 1298 1254 1328 lib.
1271 1305 1317 1327 20.

205 1365 266 1392 cap.
283 1363 326 1389 14.
346 1352 528 1383 Mentastrum
538 1346 702 1378 torminibus
718 1344 865 1374 cholericis
878 1340 1106 1386 efficacislimum.
1186 1375 1191 1381 ·
1300 1378 1302 1380 v

167 1393 189 1424 C
198 1403 218 1423 H
229 1395 245 1422 ὅ
256 1403 273 1421 L
281 1395 297 1420 ἒ
305 1401 322 1419 n
332 1392 349 1420 ὅ
361 1400 378 1420 c
387 1400 406 1419 H
418 1399 437 1418 u
445 1399 457 1418 s
469 1410 477 1422 .
500 1382 680 1423 [mnfflzcbu]
701 1393 716 1414 a
730 1382 831 1420 Graecis
848 1381 949 1410 dieitur
965 1377 1115 1410 Folliculus
1134 1375 1223 1410 fellis,
1233 1370 1320 1418 *quod

204 1432 308 1462 flavum
318 1429 459 1458 contineat
470 1426 616 1455 humorem
627 1445 635 1458 ,
655 1420 852 1460 pallescentem
865 1418 1031 1456 quandoque
1046 1416 1080 1446 ab
1096 1414 1203 1444 Galerio
1213 1411 1319 1457 visum,

204 1468 250 1499 vel
258 1467 359 1496 coloris
369 1464 475 1498 evantii,
495 1461 541 1492 vel
553 1461 626 1491 isatis
637 1459 738 1494 herbae,
759 1467 842 1495 quem
851 1456 1064 1494 Purgamentum
1080 1452 1134 1483 esse
1145 1446 1322 1490 peffimisan-

204 1506 297 1544 guinis
307 1497 464 1533 tradit'Cael.
477 1500 567 1537 Antiq.
581 1499 644 1528 lest.
655 1497 714 1527 Lib.
726 1507 752 1531 4.
766 1504 827 1533 cap.
842 1502 887 1538 ¹71
1024 1529 1030 1535 ·
1138 1534 1141 1535 .
1198 1535 1204 1543 .
1268 1525 1275 1532 .
1291 1524 1298 1532 .

167 1543 217 1574 CH
229 1547 246 1573 ὃ
255 1554 270 1571 L
280 1553 289 1571 1
298 1552 317 1571 A
326 1551 369 1570 Miz
379 1551 395 1569 u
405 1550 417 1570 s
433 1561 441 1575 ,
462 1535 658 1575 [χωλιὰμζῶυ]
678 1533 776 1564 Versus
796 1532 954 1562 claudicans
966 1552 974 1566 ,
995 1529 1061 1559 alias
1082 1528 1189 1558 Scazon
1199 1549 1207 1562 ‚
1229 1535 1275 1564 qui
1290 1532 1320 1554 in

187 1580 193 1583 ”
204 1579 360 1626 penultima
368 1577 492 1608 iambum
501 1597 509 1611 ,
529 1575 560 1604 in
575 1573 673 1604 ultima
680 1582 732 1612 pro
743 1571 840 1602 lambo
849 1569 1020 1608 Spondaeum
1031 1566 1131 1602 haben
1153 1565 1248 1603 quales
1258 1563 1321 1593 sunt

203 1619 246 1650 isti
261 1616 380 1649 Martial.
391 1614 441 1646 lib.
456 1625 478 1651 ς.
489 1623 534 1648 29.
611 1649 618 1655 ⁶
668 1649 671 1652 ψ

283 1656 322 1684 Ut
332 1655 404 1684 bene
413 1653 440 1683 lo
461 1659 540 1681 uatur
548 1649 703 1685 sentiatque
713 1647 872 1677 Mamercus

283 1692 399 1723 Efficere
410 1663 510 1725 nuqhs’
532 1686 615 1723 A'ule,
635 1685 758 1715 moribus
773 1684 865 1728 possis.
1003 1709 1007 1713 1
1024 1718 1029 1724 .
1100 1702 1109 1725 ¹.
1148 1717 1151 1720 ῃ
1191 1715 1198 1724 .
1234 1703 1237 1713 ζ
1279 1713 1285 1721 .
1310 1707 1316 1714 ,

167 1731 219 1762 CH
229 1733 246 1762 ὅ
256 1742 271 1760 L
281 1733 298 1760 ὄ
308 1741 322 1759 B
332 1733 347 1759 ῐς
356 1739 375 1758 T
384 1733 400 1758 Ξ
409 1738 429 1758 Ν
439 1738 454 1757 r
464 1750 473 1763 ‚
493 1724 677 1764 [Χολοζητηνὴ]
697 1725 833 1753 Armeniae
844 1729 917 1760 pars,
925 1729 985 1757 quae
994 1716 1108 1755 Tigrani
1121 1722 1220 1756 paruit.
1233 1715 1320 1753 Cujus

167 1771 190 1800 C
200 1781 219 1799 H
229 1780 246 1798 o
254 1781 271 1798 r.
281 1779 297 1798 0
307 1779 322 1797 Β
332 1778 346 1797 Ε
355 1776 375 1796 Τ
385 1777 399 1796 iz
410 1776 430 1795 N
442 1776 461 1795 u
469 1775 481 1795 s
493 1787 502 1800 ,
523 1761 714 1800 [χολσζητηνὸς]
734 1759 837 1799 gentile
853 1759 900 1788 est.
938 1757 1104 1794 Stephanus.
1120 1792 1122 1794 Ι
1143 1793 1149 1799 .
1181 1792 1187 1799 ἱ
1294 1791 1301 1796 .

168 1808 191 1837 C
201 1818 220 1837 H
231 1817 248 1836 o
257 1818 274 1835 L
284 1817 300 1835 o
310 1816 322 1835 s
333 1827 342 1841 ,
363 1803 444 1842 Lapis
451 1803 490 1833 est
499 1811 534 1833 ex
544 1809 645 1839 genere
654 1799 857 1839 smaragdorum
868 1818 878 1832 ‚
898 1802 981 1840 quem
992 1794 1008 1831 J
1011 1794 1063 1824 uba
1079 1792 1163 1823 tradit
1179 1801 1209 1821 m
1223 1790 1320 1821 Arabia

205 1844 384 1875 aedificiorum
396 1837 700 1872 ornamentisin'cludi,
719 1836 857 1866 referente
868 1833 937 1865 Plin.
948 1833 997 1862 lib.
1011 1841 1053 1869 37.
1067 1841 1128 1869 cap.
1143 1841 1167 1867 5.
1229 1867 1235 1873 ¹

168 1883 191 1913 C
200 1893 219 1912 H
229 1887 277 1912 ὃΜ
288 1892 306 1911 Α
318 1903 326 1917 ,
348 1881 407 1909 atis.
432 1890 460 1909 n.
482 1876 599 1915 [χᾶκφ]
619 1875 735 1905 Budaeus
747 1885 754 1910 3
777 1873 914 1903 Chomata
925 1893 934 1906 .,
954 1871 1016 1900 sunt
1030 1872 1167 1910 Agger-esu,
1188 1875 1236 1906 qui
1248 1871 1319 1911 terra

203 1919 309 1958 aggesta
319 1918 385 1949 facti
396 1917 473 1946 sunt:
495 1914 647 1954 quibusque
657 1912 714 1943 Nili
721 1921 791 1950 aqua
800 1908 1017 1946 coercetur.Uip.
1028 1908 1064 1951 D.¹
1075 1907 1110 1936 de
1119 1905 1255 1937 extraord.
1269 1915 1321 1948 crit

202 1959 271 1988 min.
282 1958 299 1987 l.
308 1966 349 1985 10.
361 1956 513 1992 Inffigypto
523 1953 570 1990 qui
581 1951 708 1982 chomata
718 1950 824 1987 rumpit
832 1947 876 1978 vel
884 1947 1007 1977 dissolvit
1017 1947 1029 1982 (
1035 1946 1065 1990 .h¹
1074 1945 1136 1974 sunt
1145 1953 1265 1986 aggeres,
1273 1951 1321 1986 qui

188 2020 189 2023 ,
204 1996 319 2033 quidem
328 1993 416 2023 solent
425 2001 525 2030 aquam
536 1989 686 2020 Niloticam
698 1987 856 2023 continere)
871 1995 948 2023 aeque
956 1984 1088 2028 ple-{titur
1094 1990 1170 2026 extra
1180 1982 1318 2027 ordinem.

167 2033 190 2064 C
198 2044 217 2063 H
226 2038 243 2063 ὃ
253 2042 272 2062 Ν
282 2055 290 2068 ,
311 2031 443 2062 Hercules
455 2029 647 2067 AEgyptiorum
662 2026 756 2065 lingua
766 2030 952 2062 nuncupatus,
964 2033 1009 2060 qui
1019 2031 1084 2066 cum
1093 2020 1201 2065 Osiride
1211 2019 1320 2063 Italiam

205 2070 333 2101 liberavit
343 2080 358 2098 a
367 2068 514 2107 tyrannide
525 2088 534 2102 ‚
555 2068 580 2096 δι
590 2065 623 2095 ab
639 2062 694 2093 hoc
704 2062 801 2094 Chone
812 2061 1074 2105 Herculeffigyptio
1085 2058 1192 2089 Italiam
1204 2062 1323 2104 antiqui-

205 2115 250 2138 tus
258 2113 385 2138 vocatam
395 2106 519 2144 prodidit
532 2103 684 2133 Antiochus
695 2123 704 2138 ,
726 2103 752 2131 ἂ
764 2101 875 2130 Chones
885 2099 970 2129 Italiae
991 2092 1111 2136 populos
1122 2118 1134 2140 ,Ι
1151 2097 1177 2126 Sc
1193 2095 1322 2124 ebonem

206 2146 319 2181 urbem,
341 2145 419 2181 cujus
429 2145 455 2173 8<
469 2141 567 2172 Strabo
582 2140 709 2170 meminit
721 2139 924 2176 &Stephanus
964 2135 1028 2176 Cael.
1044 2135 1163 2171 Rhodig.
1179 2142 1223 2168 ²4·
1239 2136 1267 2161 ὅ.

169 2185 426 2216 CHONDR1LLA
440 2203 448 2215 ,
469 2181 740 2212 CHoNDRicLss,
761 2176 814 2205 sive
830 2176 1116 2205 CHoNDRrLLoN
1159 2169 1322 2213 [audium]

207 2231 289 2260 quam
300 2220 383 2257 aliqui
395 2218 546 2248 Cichorion
556 2238 565 2251 ,
585 2215 632 2246 alii
641 2216 719 2245 Serin
730 2212 873 2256 appellant
881 2234 889 2248 ‚
911 2212 995 2255 flores
1014 2212 1041 2240 &
1055 2210 1122 2239 folia
1129 2194 1217 2239 liabet
1230 2207 1323 2253 ⁰¹Ch.⁰f²

207 2261 249 2289 rio
258 2258 352 2288 similia
364 2268 372 2293 ·,
394 2267 446 2294 qua
460 2266 494 2285 ex
504 2254 581 2285 causa
592 2252 722 2283 nonnulli
734 2251 856 2281 silvestris
866 2248 955 2293 intybi
964 2249 1084 2287 speciem
1094 2248 1148 2292 effe
1161 2252 1323 2290 pronuntias

207 2304 290 2331 runt,
310 2305 405 2325 verum
422 2294 531 2323 tenuior
543 2300 601 2322 tota
613 2291 661 2321 est.
699 2290 733 2320 In
755 2290 834 2324 cujus
853 2287 964 2317 ramulis
976 2309 984 2322 ,
1006 2296 1112 2324 gummi
1128 2284 1271 2327 mastiches
1292 2284 1324 2312 sie

206 2334 358 2366 millimum
368 2355 377 2369 ,
398 2331 591 2369 magnitudine
601 2329 670 2359 fabae
679 2328 799 2358 inveniri
812 2325 879 2355 solet
890 2347 898 2360 .
920 2325 995 2362 quod
1007 2334 1072 2354 cnm
1087 2322 1196 2368 myrrha
1207 2327 1303 2351 tritum
1312 2343 1321 2357 ,

207 2372 331 2403 &linteo
343 2370 514 2414 appositum,
539 2368 619 2397 instar
629 2366 717 2403 olivae,
740 2365 907 2395 feminarum
915 2361 1022 2392 menses
1030 2360 1124 2391 trahit.
1164 2359 1252 2403 Verba
1260 2359 1322 2389 sunt

204 2410 359 2441 Dioscorid.
371 2408 419 2438 lib.
430 2417 456 2438 2.
471 2416 533 2445 cap.
547 2409 609 2435 161.
629 2404 661 2434 V.
683 2406 709 2434 &
724 2403 794 2433 Plin.
804 2402 851 2432 lib.
865 2411 910 2432 ιι.
928 2410 988 2444 cap.
1005 2410 1046 2437 15.
1062 2401 1088 2429 ἃ
1106 2409 1167 2444 03]).
1180 2404 1262 2427 etiam
1279 2407 1320 2434 17.

205 2448 309 2478 Plinius
322 2447 376 2475 sine
386 2445 500 2484 aspirata
519 2441 694 2474 Condrillam
714 2446 813 2476 vocat,
833 2446 864 2469 ut
879 2440 904 2469 ἃ
920 2437 1011 2468 Diosc.
1045 2436 1239 2475 Theophrasto
1255 2440 1321 2465 vero

231 2497 239 2512 ν
267 2487 304 2512 ἀλλ
354 2494 383 2513 er
400 2496 422 2512 v,

169 2523 192 2555 C
202 2485 278 2553 ξοὴΝ
287 2494 367 2552 Dans
377 2544 385 2557 ‚
407 2519 534 2557 [ffldpic]
554 2523 637 2556 quam
647 2516 927 2547 Pseudodieramnum
942 2512 1072 2542 nonnulli
1086 2517 1187 2556 vocant
1196 2533 1204 2547 ‚
1227 2510 1321 2541 Herba

206 2562 245 2591 est
253 2560 327 2590 foliis
341 2561 482 2595 dictamno
493 2557 635 2592 similibus,
656 2553 769 2585 ramulis
780 2552 947 2587 minoribus,
967 2551 1015 2581 sed
1031 2553 1056 2581 δι
1067 2556 1182 2579 minoris
1195 2548 1322 2585 effeetus,

207 2607 239 2629 ut
247 2598 329 2628 tradit
338 2597 407 2627 Plin.
419 2595 466 2625 lib.
479 2605 524 2631 25.
537 2604 597 2632 cap.
612 2599 638 2628 8.
672 2630 678 2636 .
882 2628 887 2634 ¹
932 2627 938 2633 ι
968 2627 973 2632 ι
1076 2632 1079 2635 ¹
1170 2625 1178 2631 ε
1238 2625 1246 2632 1
1307 2630 1310 2633 ¹

171 2637 193 2668 C
203 2647 222 2666 H
232 2647 249 2666 o
258 2646 278 2665 Ν
289 2647 306 2664 ι)
316 2646 331 2664 r<
341 2645 357 2664 o
367 2645 379 2664 s
388 2657 396 2671 ,
419 2632 545 2670 [χόνδςῶι
557 2633 571 2668 ]
592 2632 694 2661 Gr'aecis
705 2639 766 2667 pars
782 2628 820 2658 est
831 2627 954 2657 similaris
967 2636 995 2655 in
1007 2636 1123 2664 corpore
1134 2624 1247 2655 animab
1258 2647 1266 2661 ,
1287 2634 1323 2655 ex

206 2674 310 2704 semine
319 2679 447 2710 generata
457 2693 465 2706 ,
484 2671 604 2700 mediam
617 2670 689 2699 inter
700 2667 755 2696 offa
765 2669 792 2696 δι
803 2675 915 2695 carnem
924 2664 1053 2694 duritiem
1069 2662 1199 2694 obtineris
1210 2686 1217 2699 ,
1238 2671 1323 2707 quam

206 2712 299 2742 Latini
310 2710 504 2746 Cartilaginem
524 2714 634 2737 vocant.
672 2705 704 2736 V.
717 2704 797 2748 ssael.
813 2703 862 2733 lib.
875 2712 899 2741 3.
912 2712 972 2741 cap.
989 2708 1031 2737 18.
1071 2702 1113 2732 De
1129 2699 1262 2731 Chondro
1277 2701 1324 2731 seu

209 2749 374 2785 Cartilagine
386 2746 533 2784 Xiphoide
552 2745 583 2774 V.
608 2745 637 2774 in
656 2744 685 2774 X
704 2742 757 2772 litt.
1137 2777 1142 2783 ι
1226 2777 1232 2783 ·
1304 2778 1311 2783 .

171 2786 194 2818 C
204 2798 222 2817 H
233 2798 249 2817 0
259 2798 278 2816 Ν
287 2797 305 2816 u
314 2797 330 2815 a
340 2796 358 2815 u
367 2796 378 2815 s
394 2808 402 2821 ,
429 2781 577 2820 [χίνδξῶι]
597 2781 715 2813 Seminis
730 2779 872 2817 quoddam
885 2787 974 2815 genus
988 2778 1027 2808 est
1041 2799 1050 2813 ,
1069 2782 1234 2821 nutrimenti
1251 2782 1323 2820 opti.

209 2827 266 2859 mi,
286 2825 355 2854 sicut
370 2823 528 2853 &triticum
539 2841 548 2857 ‚
569 2820 604 2850 de
617 2831 673 2859 quo
692 2816 819 2847 latiffime
838 2810 934 2846 Galen.
948 2815 995 2845 lib.
1011 2826 1035 2852 ς.
1051 2815 1088 2845 de
1106 2815 1205 2853 Simpl.
1219 2815 1321 2845 medic.

209 2863 304 2893 facult.
319 2861 409 2891 Diosc.
423 2869 448 2890 2.
461 2865 506 2896 87.
674 2893 681 2900 .
705 2893 711 2900 ¹
724 2893 730 2900 .
967 2891 972 2897 ι
1182 2896 1183 2901 1
1230 2889 1236 2895 ·
1302 2889 1308 2895 .

172 2901 195 2931 C
203 2911 223 2930 H
232 2910 270 2930 op
279 2910 298 2929 H
310 2910 323 2928 ii
333 2922 341 2932 .
363 2899 451 2929 Fluvii
461 2905 565 2926 nomen
578 2896 604 2925 ἃ
615 2893 712 2961 oppidi
723 2901 753 2921 iri
764 2891 906 2921 Arachosia
917 2898 1029 2929 regione
1039 2911 1047 2926 ,
1070 2890 1146 2928 quod
1163 2889 1323 2920 Semiramis

209 2936 362 2968 condidisse
370 2937 471 2971 fertur,
494 2932 635 2973 aucloreP
650 2942 687 2961 in.
700 2931 747 2960 lib.
765 2933 791 2959 6.
807 2939 867 2967 cap.
880 2937 925 2965 ²3·

173 2976 430 3009 ΟΗοῑιΛοιυΜ,
469 2972 703 3004 erroneus,
743 2967 975 3001 CHonAuLA,
1004 2966 1322 3000 enorarrsnra,

210 3010 509 3045 Caoaaurasstn
529 3017 687 3039 CHORUS.
872 3044 874 3047 Ι
995 3040 1001 3048 .
1205 3040 1211 3047 .

174 3052 197 3082 C
205 3062 225 3081 H
235 3062 252 3081 ο
261 3061 277 3080 a
287 3061 308 3080 A
317 3062 336 3079 M
346 3060 366 3079 N
374 3061 398 3079 ra
408 3060 427 3083 i,
450 3045 645 3085 [Χορᾳμνοὶῐοι]
666 3045 759 3074 Genus
770 3041 909 3080 quoddam
925 3041 1071 3071 hommum
1080 3040 1197 3070 silvestre
1204 3050 1233 3070 in
1242 3039 1323 3070 Perli-

211 3090 247 3119 de
261 3111 269 3124 ‚
289 3095 372 3118 tantae
379 3086 534 3117 velocitatis
543 3106 551 3120 ‚
572 3090 602 3114 ut
611 3084 706 3113 cemos
714 3080 954 3118 comprehendant
964 3079 1052 3122 cursu.
1073 3079 1206 3116 Stephan.
1283 3116 1288 3122 ¹

175 3127 198 3157 C
206 3137 225 3156 H
235 3137 252 3156 o
260 3137 275 3155 a
286 3136 304 3155 Α
314 3136 326 3155 s
335 3137 354 3154 M
365 3137 373 3154 i
383 3136 396 3154 R
407 3147 416 3160 ‚
437 3133 476 3154 es.
497 3121 669 3160 [xaqyo-pu‘n]
689 3119 759 3149 Urbs
770 3119 941 3152 Parthorum,
962 3117 1108 3160 Orientem
1122 3115 1222 3149 versus,
1243 3125 1323 3152 cujus

213 3164 310 3193 incolae
323 3162 473 3193 Chorasmii
486 3160 666 3190 nominantur
682 3158 717 3187 ab
736 3156 881 3187 Herodoto
900 3154 948 3184 lib.
959 3163 984 3190 3.
1004 3163 1034 3183 in
1050 3154 1175 3191 catalogo
1193 3153 1324 3184 Xerxani

212 3202 357 3232 exercitus.
850 3231 856 3237 ,

175 3238 227 3269 CH
238 3250 254 3268 o
265 3250 279 3267 a
289 3250 306 3268 A
316 3249 328 3268 s
338 3250 358 3268 M
368 3248 386 3268 u
396 3247 408 3267 s
420 3248 428 3265 i
438 3247 459 3266 Ν
469 3248 490 3272 i,
510 3227 741 3273 [Χωρρισμυσ-ἳνοι]
759 3230 858 3269 Populi
867 3229 929 3271 sunt
937 3239 972 3259 ex
986 3227 1070 3272 Massa
1091 3234 1195 3258 etatum
1209 3230 1235 3259 δι
1243 3229 1324 3258 Saca-

215 3287 274 3305 rum
285 3283 367 3314 gente
376 3298 385 3311 ,
405 3275 440 3304 ad
450 3284 519 3312 quos
529 3273 704 3310 Spitamenes
715 3292 724 3306 ,
744 3279 816 3299 unus
827 3278 862 3298 ex
875 3268 970 3303 Persis,
992 3276 1038 3303 qui
1057 3275 1071 3294 a
1109 3266 1264 3310 Alexandro
1276 3276 1323 3296 au-

214 3314 359 3350 fugerunt,
380 3306 570 3343 exBat‘trianis
585 3319 618 3339 ac
627 3308 772 3346 Sogdianis
781 3305 885 3336 secessit
895 3327 903 3340 ,
924 3312 955 3335 ut
966 3305 1004 3348 311
1019 3303 1114 3347 Strabo
1124 3304 1172 3333 lib.
1187 3314 1229 3348 ri.

179 3350 202 3380 C
213 3360 230 3379 Η
241 3361 257 3379 o
269 3361 283 3379 a
294 3361 310 3379 o
321 3361 338 3380 A
350 3373 359 3386 ,
379 3361 410 3380 ae.
436 3350 454 3379 f.
476 3346 587 3386 [miii]
605 3346 659 3376 alio
673 3344 811 3376 vocabulo
835 3344 935 3373 dicitur
957 3343 1037 3372 Fides
1054 3341 1125 3371 fidis.
1166 3341 1224 3372 Cic.
1241 3350 1265 3378 3.
1288 3342 1323 3371 de

217 3388 293 3417 Orat.
306 3398 369 3424 2¹4-
390 3388 462 3418 Nam
473 3396 555 3417 voces
566 3391 596 3415 ut
604 3384 715 3414 chordae
725 3383 787 3413 sunt
803 3383 915 3411 intentae
925 3403 932 3416 ‚
954 3390 1012 3418 quae
1024 3380 1058 3409 ad
1072 3389 1210 3417 quemque
1218 3381 1324 3409 tactum

215 3425 416 3462 respondeant,
434 3431 529 3460 acuta,
548 3423 636 3461 gravis
647 3444 654 3458 ‚
675 3422 729 3451 cita
738 3443 747 3456 ,
768 3421 845 3464 tarda
854 3441 862 3455 ,
884 3428 984 3456 magna
993 3439 1001 3454 ‚
1022 3426 1118 3456 parva.

216 3463 341 3499 Querelae
353 3463 448 3492 dulces
458 3462 635 3503 chordarum.
658 3459 764 3489 Lucret.
777 3458 826 3488 lib.
835 3469 863 3495 4.
878 3462 941 3494 588.

215 3500 282 3529 Soni
299 3502 469 3529 chordarum.
492 3500 598 3529 Lucret.
611 3496 658 3526 lib.
670 3508 697 3532 4.
716 3502 779 3532 588.

216 3537 331 3572 magicae
342 3539 459 3567 chordas.
479 3538 577 3572 Juven.
593 3546 634 3571 15.
647 3534 703 3564 Sat.
721 3545 744 3568 5.

217 3575 357 3611 Querulae.
379 3576 462 3604 Ovid.
476 3585 501 3604 2.
522 3578 611 3603 Amor.
623 3584 648 3608 4-
658 3582 702 3609 27.

310 3612 374 3642 Haec
383 3612 506 3648 querulas
520 3611 606 3641 habili
617 3616 762 3647 praetentat
774 3608 879 3647 pollice
895 3603 1021 3638 chordas.

216 3649 330 3678 Tenuis.
354 3650 425 3686 Virg.
438 3650 465 3678 in
477 3649 560 3686 Cyri,
773 3685 778 3690 .

297 3687 360 3716 Non
370 3693 463 3723 arguta
475 3686 571 3715 sonant
581 3686 658 3716 tenui
671 3684 797 3722 psalteria
809 3684 925 3716 chorda.

216 3723 353 3753 Tinnulae.
372 3724 436 3752 Sen.
451 3723 552 3754 Troad.
563 3734 590 3759 9.

217 3761 339 3790 Vocales.
361 3760 465 3790 Tibull.
479 3760 527 3789 lib.
535 3770 561 3790 2.
577 3771 601 3796 ς.
616 3768 639 3795 3.

309 3798 392 3827 Nunc
401 3804 427 3826 te
439 3796 546 3826 vocales
558 3798 594 3826 im
617 3796 698 3826 ellerc
711 3796 813 3835 pollice
825 3796 953 3826 chordas.

217 3836 342 3872 Experiri
357 3835 492 3870 chordas,
512 3834 530 3863 i.
543 3844 567 3864 e.
615 3842 707 3864 entare
723 3835 820 3864 sonum
839 3834 1014 3864 chordarum.

235 3874 271 3903 de
283 3873 404 3902 Chirone
414 3894 422 3907 ‚

296 3910 378 3940 Elicit
388 3915 514 3938 extremo
522 3907 622 3945 chelyn
633 3929 641 3941 ,
658 3910 684 3938 ἀ
696 3908 809 3937 solantia
818 3917 895 3938 curas

296 3947 354 3977 Fila
365 3953 473 3977 movet:
492 3945 643 3983 leviterque
653 3952 777 3982 expertas
790 3945 892 3982 pollice
903 3944 1021 3974 chordas
1257 3978 1263 3987 Ι

294 3985 348 4016 Dat
356 3994 452 4022 puero.
627 3984 643 4017 [
652 3982 792 4012 MalimEx
803 3989 897 4019 pertus
909 4004 918 4017 ,
942 3982 977 4011 ad
985 3979 1127 4011 vitandam
1137 3982 1300 4015 ν’ωφωνιιω.

1036 3831 1105 3862 Stat.
1117 3841 1141 3861 1.
1159 3818 1248 3860 Achil.
1261 3832 1322 3866 ¹8⁷·

1837 117 1866 153 C
1965 120 1998 155 H
2091 121 2126 156 Ο

1403 197 1539 239 impulsae.
1563 197 1647 230 Ovid.
1664 208 1704 230 io.
1716 198 1785 231 Met.
1798 210 1861 237 ¹45-

1403 236 1566 269 Praetenrarc
1576 239 1692 268 chordas
1703 261 1710 273 ,
1727 240 1764 268 est
1775 239 1950 269 Chordarum
1960 239 2167 270 consonantiam
2178 241 2322 279 explorare
2334 241 2389 271 levi
2399 242 2516 279 quodam

1422 278 1560 316 prooemio
1570 299 1577 309 Ἴ
1598 277 1754 313 priusquam
1763 287 1873 307 carmen
1884 277 2022 313 subjicias.
2044 278 2130 308 Ovid.
2144 289 2168 314 5.
2182 279 2250 309 Met.
2266 288 2328 316 339.

1497 315 1589 351 Surgit
1599 336 1606 348 ,
1628 317 1652 343 Sc
1665 314 1814 344 immensos
1826 315 1909 344 edera
1918 315 2035 345 coneda
2045 316 2159 354 capillos
2167 338 2176 352 ‚

1499 352 1626 388 Calliope
1640 352 1765 388 querulas
1777 359 1921 388 praetentat
1932 353 2034 390 pollice
2046 354 2173 384 chordas.

1425 396 1507 420 vocat
1519 389 1753 425 eadeinratione,
1775 390 1823 419 lib.
1843 399 1885 420 io.
1902 390 1970 420 Met.
1985 401 2047 426 ης.

1498 427 1535 456 Ut
1545 427 1606 456 satis
1618 427 1749 465 impulsas
1763 425 1879 457 tentavit
1887 427 1989 472 pollice
1999 428 2126 459 chordas.

1406 465 1543 495 Oberrare
1559 465 1657 494 eadem
1672 465 1787 494 chorda.
1807 461 1915 495 Homn
1929 467 1992 496 Arte
2005 466 2082 497 Poet.
2095 469 2158 504 356.

1673 534 1676 537 ,
1709 518 1746 522 ——
1758 504 1783 532 δι
1792 503 1962 533 citharoedus

1498 539 1616 570 Ridetur
1629 561 1636 573 ,
1657 539 1761 569 chorda
1775 540 1821 578 qui
1837 540 1944 578 semper
1964 541 2074 571 oberrat
2092 541 2201 571 eadem.
2296 540 2437 579 Accipitur
2458 542 2517 581 loco

1424 577 1582 616 proverbii,
1603 587 1653 613 pro
1664 577 1732 606 Rem
1742 579 1862 608 eandem
1874 579 2028 609 identidem
2044 585 2170 617 repetere
2180 601 2188 614 ‚
2209 579 2254 609 cui
2275 579 2406 609 convenit
2421 580 2519 612 Teren.

1424 616 1532 644 tianum
1546 615 1802 650 iilud.Caz1tilenam
1812 616 1929 646 eandem
1939 616 2095 646 canereveI
2108 618 2200 654 potius
2211 617 2300 654 proin
2314 618 2411 646 eadem
2422 628 2449 648 re
2459 629 2520 656 pec.

1426 662 1488 682 care
1499 652 1604 690 saepius.
1633 652 1665 682 In
1675 657 1722 682 eos
1733 654 1815 690 igitur
1825 655 1965 691 concinne
1976 655 2085 685 dicetur
2096 676 2105 691 ,
2126 655 2172 692 qui
2184 655 2229 684 vel
2238 655 2266 684 in
2276 652 2355 685 simili
2364 664 2392 684 re
2402 656 2520 688 crebrius

1425 698 1544 732 peccant
1555 712 1562 725 ,
1585 690 1629 719 vel
1644 690 1754 729 culpam
1769 692 1888 721 eandem
1904 692 2005 722 iterum
2021 698 2103 730 atque
2120 693 2220 722 iterum
2240 693 2430 723 committunt.
2469 695 2520 724 Pri.

1428 738 1490 757 mus
1501 729 1576 757 enim
1588 728 1678 766 lapsus
1687 729 1732 758 vel
1743 729 1814 759 casui
1827 730 1907 759 datur
1915 751 1923 764 ,
1943 729 1988 760 vel
1999 730 2206 768 imprudentiae:
2229 730 2342 760 iteratus
2351 730 2468 761 stultitiae
2477 733 2520 763 tri-

1427 765 1521 795 buitur
1535 788 1543 800 ,
1565 772 1613 795 aut
1632 765 1755 797 inscitia.
1806 767 1894 804 [Quo
1907 767 1982 797 sensu
1992 774 2060 806 puto
2071 768 2183 798 Aberrat
2193 767 2377 798 scribendum.

1407 803 1515 834 sonum
1527 804 1631 832 chorda
1641 805 1740 834 reddit.
1762 805 1830 835 Hor.
1845 806 1874 834 in
1893 807 1955 834 Arte
1966 805 2041 836 Poet.
2056 811 2119 842 348.

1485 841 1557 871 Nam
1570 851 1661 878 neque
1671 843 1773 872 chorda
1782 842 1877 872 sonum
1887 843 1995 877 reddit,
2016 853 2098 880 quem
2109 843 2169 882 vult
2179 853 2277 873 manus
2289 845 2315 874 δι
2328 852 2407 875 mens
2416 866 2426 881 ,

1486 879 1669 916 Poscentique
1681 889 1791 917 gravem
1804 880 1924 919 persaepe
1935 881 2050 910 remittit
2069 889 2190 911 acutum.

1406 911 1496 984 Vgrba
1512 916 1640 947 socianda
1661 917 1772 949 chordis
1782 939 1790 954 ,
1825 919 1843 949 i.
1859 926 1882 949 e.
1915 918 2059 950 Cantanda
2078 919 2114 949 ad
2137 918 2237 949 sonum
2261 919 2382 950 citharae.
2414 919 2482 953 Hor.
2492 931 2520 960 4.
2580 919 2582 957 ’1

1451 964 1517 984 arm.
1529 965 1554 990 9·
1567 966 1592 990 4.

1500 992 1589 1022 Verba
1598 990 1698 1029 loquor
1707 992 1836 1024 socianda
1846 994 1967 1024 chordis.
2343 1026 2347 1029 ,

1406 1028 1533 1068 Tangere
1545 1030 1665 1064 chordas
1675 1049 1684 1067 ,
1706 1041 1756 1068 pro
1776 1031 1880 1062 Pulsare
1896 1031 2021 1062 chordas.
2042 1032 2126 1062 Ovid.
2138 1032 2218 1064 Rem.
2230 1033 2290 1064 Am.
2304 1035 2367 1072 336.

1500 1068 1565 1097 Non
1575 1068 1674 1097 didicit
1688 1069 1807 1099 chordas
1818 1075 1930 1107 tangere
1941 1071 1953 1100 ἱ)
1974 1070 2058 1108 posce
2068 1070 2164 1107 lyram.
2392 1107 2395 1108 .

1406 1106 1519 1136 ’chorda
1529 1128 1537 1140 ,
1561 1108 1587 1136 δι
1602 1106 1762 1136 Membrum
1774 1108 1812 1137 est
1822 1107 1858 1137 'ab
1870 1108 2090 1138 extremitatibus
2104 1107 2221 1139 musculi
2237 1114 2328 1138 ortum
2345 1108 2467 1146 habens,
2486 1109 2520 1142 ad
2600 1128 2604 1144 1

1426 1143 1638 1173 similitudinem
1650 1144 1761 1174 chordae
1771 1154 1850 1175 arcus
1864 1145 2004 1175 effectum.
2027 1143 2275 1182 Quemadmodum
2285 1147 2361 1176 enim
2373 1147 2475 1178 chorda
2484 1159 2522 1179 ar-
2601 1165 2604 1182 ς

1425 1191 1474 1221 cus
1484 1182 1625 1211 incurvata
1637 1182 1797 1212 incurvatur
1806 1193 1901 1219 arcus,
1923 1185 1949 1213 ἅ
1960 1183 2081 1214 relaxata
2093 1184 2247 1220 relaxatur,
2267 1184 2303 1213 sic
2314 1184 2440 1215 musculo
2456 1186 2521 1217 rela'.
2578 1201 2579 1212 1
2599 1204 2604 1225 ,

1425 1226 1491 1249 xato
1504 1219 1608 1250 chorda
1619 1219 1772 1258 impellitur
1785 1231 1799 1250 a
1819 1221 1943 1251 musculo
1952 1243 1960 1257 ‚
1982 1223 2007 1251 ἃ
2029 1222 2181 1258 relaxatur,
2202 1232 2285 1259 quare
2305 1222 2461 1254 membrum
2477 1234 2522 1255 ex.

1426 1257 1567 1287 tenditur:
1589 1257 1714 1287 musculo
1725 1268 1792 1288 vero
1802 1261 1948 1289 contracto
1959 1281 1967 1295 ‚
1990 1260 2163 1289 contrahitur
2173 1261 2199 1290 &
2211 1259 2325 1295 chorda,
2346 1269 2430 1297 quare
2441 1267 2524 1293 niem.
2576 1278 2578 1284 =
2598 1277 2604 1282 ·

1425 1295 1507 1339 bruni
1521 1295 1690 1326 incurvatur.
1721 1296 1791 1326 Alias
1802 1294 1885 1333 τένων,
1907 1297 1965 1328 Lat.
1981 1297 2092 1328 Tendo.
2129 1297 2170 1327 Ex
2181 1298 2278 1329 Galen.
2289 1297 2339 1328 lib.
2349 1299 2385 1328 de
2398 1299 2519 1332 Anatom.
2594 1316 2601 1335 ς

1368 1357 1373 1365 .
1386 1360 1387 1363 ,
1427 1342 1512 1363 v1vor.

1368 1369 1394 1402 C
1403 1380 1424 1400 H
1434 1374 1450 1400 o
1460 1381 1475 1399 a
1485 1381 1504 1400 D
1515 1380 1534 1399 A
1545 1379 1560 1400 Ρ
1570 1380 1581 1400 s
1592 1380 1608 1400 0
1618 1380 1640 1406 s,
1661 1366 1822 1412 [ᾒςδὶιψθι
1835 1369 1849 1399 ἢ
1887 1367 2007 1409 chasab]
2027 1371 2144 1403 Morbus
2154 1373 2291 1403 tenuioris
2300 1374 2432 1409 intestini,
2443 1383 2520 1412 quem
2532 1373 2535 1375 ’
2576 1383 2604 1409 'in

1405 1409 1529 1445 juniores
1538 1408 1654 1438 Iliacum
1664 1409 1821 1439 nominant.
1843 1383 1933 1446 *Cels
1946 1410 1994 1440 lib.
2007 1416 2034 1447 4.
2047 1421 2109 1455 cap.
2125 1414 2167 1448 13.
2200 1411 2311 1442 Diocles
2331 1412 2464 1449 Carystius
2482 1420 2519 1444 tea
2593 1426 2604 1433 ··

1368 1469 1373 1480 ,
1407 1447 1512 1476 nuioris
1523 1446 1645 1476 intestini
1659 1446 1791 1477 morbum
1801 1442 1929 1484 χᾶςῦἓιψον
1939 1469 1948 1484 ,
1971 1449 2103 1487 plenioris
2121 1447 2191 1476 ἔλεον
2209 1450 2372 1479 nominavit.
2574 1471 2575 1478 .

1369 1483 1393 1515 C
1403 1494 1449 1514 Ho
1459 1495 1474 1513 r<
1485 1495 1503 1513 n
1515 1486 1569 1520 us,
1592 1494 1606 1514 a
1618 1506 1638 1525 ,,
1648 1493 1704 1514 uin.
1726 1484 1898 1521 [ὂψίννῶ]
1930 1487 2015 1523 Quod
2037 1487 2157 1517 serotina
2180 1487 2282 1518 foetura
2300 1493 2397 1517 natum
2412 1487 2467 1519 est:
2493 1494 2535 1520 ut'
2572 1491 2575 1524 J

1407 1522 1478 1560 Agni
1489 1522 1595 1552 chordi.
1616 1521 1700 1551 Varro
1712 1522 1761 1552 lib.
1771 1532 1798 1553 2.
1812 1522 1853 1552 Re
1865 1523 1939 1553 Rust.
1952 1534 2013 1563 cap.
2026 1534 2050 1554 ι.
2071 1525 2209 1555 Dicuntur
2219 1526 2282 1564 agni
2291 1525 2399 1562 chordi,
2408 1526 2455 1564 qui
2464 1527 2521 1565 post
2574 1538 2604 1560 1

1405 1565 1518 1599 tempus
1528 1560 1687 1596 nascuntur,
1707 1562 1734 1590 δε
1748 1560 1939 1591 remanserunt
1948 1562 1979 1592 in
1989 1562 2078 1593 volvis
2092 1563 2214 1593 intimis:
2235 1569 2338 1593 vocant
2347 1563 2486 1595 Chorion:
2504 1575 2520 1595 a

1407 1608 1463 1636 quo
1473 1598 1572 1628 chordi
1579 1598 1721 1636 appellati.
1760 1599 1841 1637 Apud
1870 1599 1995 1637 lerosque
2006 1601 2250 1637 animadvertimus
2261 1601 2384 1631 Cordum
2397 1601 2478 1632 scribi
2492 1601 2520 1632 11-
2583 1607 2602 1637 ”l

1407 1645 1444 1665 ne
1455 1635 1619 1674 aspiratione
1631 1658 1639 1672 ,
1660 1646 1720 1673 quae
1734 1641 1827 1667 tamen
1856 1637 1977 1676 criptura
1992 1644 2129 1678 repugnat
2151 1645 2245 1678 etymo
2255 1661 2263 1676 ,
2284 1639 2361 1677 quod
2377 1648 2393 1669 e
2406 1639 2522 1671 Varrone

1407 1674 1588 1704 adduximus.
1609 1675 1683 1704 conf.
1704 1675 1734 1703 in
1757 1684 1804 1703 AG
1814 1684 1834 1703 N
1846 1685 1863 1704 u
1872 1685 1895 1705 s.
2599 1697 2601 1701 .

1407 1711 1518 1742 Dicitur
1530 1712 1599 1742 &de
1611 1711 1795 1742 Hominibus:
1818 1713 1894 1742 unde
1914 1713 2040 1752 plerique
2056 1711 2141 1745 serius
2153 1714 2211 1744 nati
2232 1714 2407 1745 Chordorum
2424 1725 2522 1754 cogno.
2587 1730 2601 1755 ,q

1426 1760 1493 1780 rnen
1504 1757 1654 1780 traxerunt.
1675 1749 1794 1787 Quintil.
1811 1750 1860 1779 lib.
1875 1761 1898 1780 1.
1913 1762 1939 1787 4.
1956 1761 1971 1781 a
1982 1752 2110 1790 diligenti
2121 1759 2294 1791 praeceptore
2312 1754 2415 1791 exigit,
2436 1760 2467 1783 ut
2476 1764 2523 1784 no.

1426 1789 1536 1818 minum
1550 1789 1671 1826 origines
1689 1788 1794 1818 curiose
1810 1788 1958 1820 scrutetur:
1985 1790 2143 1826 cujusmodi
2163 1790 2225 1820 sunt
2244 1791 2361 1829 Agrippa
2370 1813 2379 1826 ,
2408 1791 2521 1829 Opiter,
2570 1791 2576 1830 ’Υ

1429 1826 1567 1860 Chordus,
1591 1829 1616 1856 &
1628 1826 1797 1856 Posthumus.
1834 1826 1866 1857 In
1879 1828 1922 1856 ed.
1935 1827 2026 1858 Buri-n.
2042 1829 2180 1858 incertum
2192 1839 2244 1865 qua
2255 1830 2290 1859 de
2299 1828 2387 1864 causa,
2403 1827 2428 1856 τὲ
2440 1829 2522 1860 Chor-
2570 1852 2572 1860 ,

1413 1894 1415 1898 ,
1428 1864 1480 1894 dus
1489 1863 1617 1894 omissum
1628 1864 1674 1894 est.
1692 1864 1855 1901 Constanter
1867 1871 1961 1895 tamen
1973 1866 2029 1895 fine
2039 1866 2206 1905 aspiratione
2217 1866 2349 1897 scribitur.
2362 1867 2394 1896 V.
2407 1873 2524 1898 coimus.

1407 1899 1582 1936 Transfertur
1594 1904 1620 1932 Sc
1634 1902 1669 1931 ad
1685 1902 1855 1932 inanimata:
1877 1904 1953 1932 unde
1965 1903 2108 1934 Chordum
2129 1905 2226 1934 fenum
2244 1905 2348 1935 dicitur
2359 1927 2368 1940 ,
2389 1905 2463 1942 quod
2473 1907 2523 1936 Au-

1427 1947 1527 1969 tumno
1538 1940 1652 1969 secatur.
1675 1937 1813 1970 Columel.
1826 1941 1873 1970 lib.
1885 1951 1911 1978 7.
1921 1951 1983 1980 cap.
1996 1950 2019 1978 3.
2046 1942 2162 1972 Aluntur
2171 1943 2330 1972 Autumnali
2345 1942 2428 1979 feno,
2450 1942 2522 1981 quod
2568 1944 2573 1982 ᾗ

1428 1978 1573 2008 Cliordum
1584 1984 1707 2008 vocatur.
1730 1978 1864 2008 Totidem
1879 1979 1969 2008 verbis
1982 1978 2051 2009 Plin.
2067 1979 2115 2010 lib.
2130 1985 2173 2015 18.
2185 1990 2245 2018 cap.
2258 1986 2304 2015 28.
2325 1981 2427 2017 Festus,
2441 1980 2524 2011 Chor-

1429 2017 1465 2045 da
1475 2016 1612 2045 frumenta
1624 2017 1757 2045 dicuntur
1770 2037 1778 2052 ,
1799 2026 1858 2053 quae
1874 2015 1932 2047 sero
1949 2017 2152 2053 maturescunt,
2173 2025 2205 2047 ut
2213 2020 2309 2048 fenum
2320 2019 2446 2048 cordum.

1369 2075 1376 2088 1
1409 2053 1482 2084 Olus
1494 2054 1610 2084 cordum
1620 2076 1628 2089 ,
1649 2054 1724 2092 quod
1736 2054 1848 2092 quidam
1859 2054 1975 2084 sativum
1985 2056 2085 2085 battim
2094 2063 2204 2087 vocant.
2231 2056 2341 2086 Colum.
2356 2066 2399 2087 12.
2412 2065 2454 2094 13.
2464 2066 2505 2095 pr.

1370 2091 1553 2130 CHosizja,
1574 2101 1669 2127 arum,
1691 2092 1926 2128 CHoizsuMA,
1952 2093 1984 2123 In
2006 2103 2164 2124 CHORus.

1371 2129 1567 2166 CHanus,
1591 2129 1743 2166 [.⁷c⁰e?¹&⁴]
1764 2130 1813 2159 Pes
1832 2130 1870 2159 est
1889 2130 1995 2161 duabus
2014 2131 2124 2170 syllabis
2144 2131 2287 2167 constans,
2308 2132 2398 2171 prima
2420 2131 2521 2170 longa,

1410 2167 1487 2196 brevi
1498 2167 1596 2203 altera:
1618 2169 1666 2204 qui
1684 2169 1711 2197 δε
1728 2167 1880 2198 Trochaeus
1894 2190 1902 2204 ,
1925 2170 1951 2199 ἀ
1970 2169 2089 2199 Chorius
2107 2170 2219 2199 dicitur.
2240 2170 2297 2199 Cic.
2316 2171 2345 2200 in
2364 2171 2440 2200 Orat.
2459 2180 2519 2201 212.
2578 2195 2580 2198 .

1409 2205 1564 2235 Dichoreus
1577 2205 1615 2234 est
1625 2227 1634 2242 ‚
1656 2215 1742 2243 quum
1753 2206 1809 2235 duo
1819 2207 1936 2236 extremi
1943 2207 2038 2236 chorei
2048 2208 2110 2237 sunt
2122 2229 2130 2244 ‚
2151 2208 2181 2237 id
2193 2208 2235 2243 estv
2247 2218 2262 2238 e
2272 2208 2382 2246 fingulis
2398 2208 2486 2247 longis
2495 2210 2521 2240 ἀ
2563 2214 2570 2243 l:
2582 2215 2591 2222 '¹

1409 2241 1549 2272 brevibus.
1560 2240 1696 2280 Ibid.r93.
1718 2243 1884 2273 Trochaeum
1895 2252 1998 2281 autem,
2010 2246 2056 2282 qui
2071 2245 2108 2275 est
2118 2246 2219 2276 eodem
2232 2245 2320 2284 spatio
2330 2257 2385 2284 quo
2397 2247 2520 2283 choreus.
2568 2247 2569 2250 ’

1385 2303 1387 2306 .
1410 2281 1564 2316 Cordacem
1574 2281 1714 2319 appellat:
1736 2283 1800 2319 quia
1810 2283 1962 2312 contractio
1973 2284 1998 2313 &
2009 2283 2125 2314 brevitas
2136 2284 2300 2322 dignitatem
2314 2295 2372 2314 non
2385 2284 2491 2315 habeat.

1371 2316 1396 2349 t:
1405 2328 1425 2348 H
1435 2320 1452 2348 ὃ
1464 2329 1479 2347 R
1489 2330 1498 2347 1
1509 2330 1527 2347 A
1537 2330 1557 2347 M
1566 2329 1581 2347 s
1591 2330 1609 2347 u
1619 2329 1646 2354 s,
1667 2318 1773 2356 [zoelus
1796 2319 1872 2356 ἔθ’]
1891 2320 1941 2352 Pes
1951 2331 1987 2350 ex
1997 2322 2088 2360 prima
2100 2323 2126 2352 &
2139 2322 2237 2352 ultima
2249 2323 2403 2360 productis,
2419 2323 2520 2353 duabus
2561 2323 2564 2345 l

1409 2357 1512 2386 mediis
1527 2357 1671 2387 brevibus:
1694 2364 1739 2393 ut,
1759 2332 1863 2387 filiolis.
1904 2358 2001 2389 Didus
2013 2359 2189 2390 choriambus
2200 2382 2209 2395 ,
2249 2361 2306 2390 uod
2319 2361 2465 2391 iambicam
2477 2361 2520 2391 de·

1371 2418 1374 2427 s
1411 2394 1554 2424 sinentiam
1565 2394 1665 2425 habeat
1678 2417 1686 2431 ‚
1707 2397 1733 2427 &
1746 2396 1776 2425 in
1787 2396 1878 2426 choris
1886 2397 1959 2435 apud
1971 2404 2078 2427 veteres
2088 2397 2217 2427 celebrati
2243 2408 2315 2428 imus
2324 2398 2414 2428 fue'rit.
2590 2406 2594 2421 ¹

1371 2432 1394 2462 C
1402 2443 1422 2461 H
1431 2433 1446 2461 o
1455 2443 1471 2461 a
1481 2444 1489 2461 i
1500 2444 1518 2462 A
1526 2442 1547 2462 M
1555 2435 1615 2463 1310
1625 2444 1643 2463 u
1651 2444 1665 2463 s
1676 2454 1685 2470 ,
1701 2434 1763 2471 Adj.
1781 2440 1812 2463 ut
1823 2456 1831 2469 ‚
1842 2434 1966 2465 Mettum
1974 2435 2205 2466 choriambicum.
2215 2436 2346 2466 Diomed.
2360 2445 2383 2475 3.
2397 2436 2521 2474 Sidon&
2559 2428 2595 2584 ,ἦ

2254 346 2315 384 Alio
2326 348 2391 384 loco
2400 353 2517 388 Tentare

1409 2471 1429 2500 E
1452 2471 1490 2501 ist.
1502 2481 1512 2501 1
1537 2494 1544 2500 .

1371 2508 1423 2538 Cn
1432 2481 1450 2538 g
1459 2519 1476 2540 Β
1487 2480 1549 2538 ιΝὸΞ
1559 2519 1578 2538 u
1589 2519 1601 2538 s
1612 2531 1621 2544 ,
1641 2509 1747 2540 Peritos
1757 2509 1893 2544 jaculator
1901 2511 1976 2549 apud
1987 2509 2060 2548 Virg.
2070 2520 2097 2546 9.
2113 2511 2175 2542 AEn.
2190 2520 2252 2548 571.

1500 2547 1679 2578 IEmat'niona
1691 2547 1768 2585 Liger
1777 2569 1785 2583 ,
1807 2547 1976 2578 Chorineum
1987 2548 2081 2578 sternit
2092 2545 2181 2588 Asylas

1369 2607 1383 2621 ,¹
1502 2584 1556 2615 Hic
1568 2585 1661 2622 jaculo
1675 2585 1765 2615 bonus
1776 2607 1784 2620 ,
1805 2586 1852 2615 hic
1863 2585 1945 2624 longe
1960 2586 2074 2616 fallente
2083 2586 2187 2625 sagitta.
2557 2606 2559 2623 1

1371 2621 1394 2653 'C
1404 2624 1472 2652 'Hos
1482 2622 1517 2652 i'o
1528 2633 1558 2658 N,
1580 2623 1660 2653 Prim.
1671 2624 1764 2661 ancip.
1784 2624 1888 2660 [spem
1900 2618 1912 2652 ἰὲ
1926 2622 2032 2659 χοφξογ]
2052 2626 2180 2660 medicis,
2195 2622 2347 2654 Multarum
2355 2625 2518 2659 venatum&
2552 2624 2559 2650 *l
2580 2625 2582 2630 '

1409 2661 1568 2698 arteriarum
1582 2667 1731 2691 contextus
1743 2661 1857 2698 quidam
1868 2662 1906 2691 est
1917 2684 1924 2697 ‚
1944 2662 2086 2692 intervalla
2096 2663 2263 2693 membranis
2276 2663 2396 2692 obduda
2409 2663 2527 2693 haben&
2556 2684 2557 2692 .
2570 2685 2572 2689 .

1411 2698 1540 2728 Ceterum
1562 2699 1653 2728 vulvae
1672 2698 1832 2728 adhaerescit
1841 2721 1849 2733 ‚
1887 2699 2055 2730 membranis
2073 2699 2180 2731 duabus
2198 2701 2299 2731 foetum
2316 2700 2518 2731 involventibus
2554 2700 2561 2737 l}
2583 2727 2585 2731 .

1374 2755 1380 2763 ,
1410 2736 1565 2774 proximus.
1599 2737 1629 2766 V.
1652 2737 1751 2766 Galen.
1765 2737 1812 2766 lib.
1826 2737 1860 2766 de
1873 2737 1977 2767 differt.
1989 2738 2087 2768 vulvae.
2555 2738 2558 2758 ³
2582 2772 2583 2777 ¹

1372 2773 1424 2804 CH
1435 2778 1451 2803 6
1463 2785 1476 2802 R
1487 2777 1527 2804 6³
1539 2776 1582 2804 Ᾰτ
1591 2785 1605 2803 s
1615 2784 1627 2804 s
1636 2796 1644 2810 ‚
1667 2785 1698 2804 ae.
1721 2774 1891 2811 [χωςοέάτης]
1922 2776 2066 2813 Organum
2087 2776 2220 2806 librandis
2238 2776 2315 2813 aquis
2333 2775 2518 2806 accommoda-¹
2558 2775 2561 2814 s
2570 2741 2590 2844 ³

1409 2818 1478 2841 tum.
1519 2812 1623 2842 Vitruv.
1637 2812 1683 2841 lib.
1697 2818 1721 2846 8.
1736 2822 1797 2850 cap.
1811 2817 1836 2842 ⁶.
1860 2813 1984 2842 Libratur
1996 2820 2089 2843 autem
2103 2815 2220 2852 dioptris
2231 2822 2278 2844 aut
2296 2814 2373 2844 libris
2391 2815 2517 2852 aquariis,
2570 2819 2573 2823 '

1409 2856 1457 2879 aut
1468 2850 1617 2879 chorobate
1628 2872 1636 2885 ,
1657 2850 1703 2880 sed
1717 2850 1878 2888 diligentius
1891 2850 2008 2880 efficitur
2046 2861 2075 2881 er
2094 2852 2275 2881 chorobatem
2285 2874 2292 2887 ,
2314 2852 2391 2889 quod
2409 2854 2518 2891 dioptrae
2554 2851 2555 2854 ’

1409 2887 1541 2924 libraeque
1554 2886 1662 2921 fallunt.
1704 2888 1876 2918 Chorobates
1890 2896 1983 2918 autem
1998 2862 2043 2919 esi³
2056 2889 2149 2927 regula
2162 2890 2244 2927 longa
2256 2890 2363 2919 circiter
2373 2891 2474 2928 pedum
2484 2884 2518 2919 vi-
2563 2860 2589 2929 f‘l

1411 2926 1491 2962 ginti.
1512 2935 1544 2954 ea
1555 2925 1640 2955 habet
1655 2935 1777 2955 ancones
1796 2927 1824 2955 in
1840 2927 1978 2964 capitibus
1994 2928 2126 2957 extremis
2149 2928 2245 2965 aequali
2264 2928 2349 2957 modo
2369 2928 2516 2965 perfet‘tos‚
2551 2948 2557 2956 .
2584 2947 2588 2955 .

1410 2964 1496 3000 inque
1507 2963 1607 3001 regulae
1618 2964 1755 3001 capitibus
1766 2964 1799 2992 ad
1813 2974 1939 2993 normam
1951 2968 2174 3001 coa‘gmentatos:
2196 2967 2221 2995 δε
2230 2966 2301 2994 inter
2311 2965 2432 3003 regulam
2443 2966 2518 2995 &an-
2550 2960 2554 2987 ¹

1410 3010 1496 3030 eones
1507 3023 1515 3036 ,
1536 3011 1550 3030 a
1561 3002 1720 3032 cardinibus
1729 3003 1873 3039 compacta
1882 3002 2067 3032 transversaria
2078 3025 2086 3038 ,
2108 3012 2168 3039 quae
2186 3003 2290 3033 habent
2309 3003 2397 3033 lineas
2413 3003 2448 3033 ad
2463 3010 2517 3041 per·

1410 3038 1592 3077 pendiculum
1616 3042 1689 3069 recte
1708 3039 1857 3078 descriptas
1868 3061 1877 3075 ‚
1897 3040 2104 3077 pendentiaque
2125 3050 2161 3071 ex
2175 3040 2268 3078 regula
2284 3040 2518 3079 perpendiculain

1417 3077 1527 3114 singulis
1538 3076 1661 3114 partibus
1669 3077 1781 3114 singula.
1804 3078 1943 3107 Hactenus
1956 3078 2103 3107 Vitruvius.

1376 3114 1781 3150 CHOROCiTHARis'rAE,
1804 3115 2211 3152 erroneorum-carus,
2239 3116 2272 3147 In
2291 3126 2445 3147 cacans.

1373 3153 1612 3188 ,CHoRoessuQ
1643 3152 1893 3182 wemmam.
2548 3166 2552 3171 ·
2598 3171 2604 3200 Π

1376 3190 1398 3220 C
1407 3199 1427 3218 H
1438 3194 1454 3219 ὃ
1464 3200 1480 3218 R
1490 3193 1507 3218 ὸ
1517 3200 1535 3218 c
1546 3200 1562 3218 a
1571 3191 1586 3219 Ᾰ
1596 3200 1611 3219 P
1622 3200 1642 3219 H
1654 3201 1669 3219 u
1682 3200 1709 3225 s,
1731 3191 1748 3218 i.
1771 3200 1808 3220 m.
1829 3189 2034 3227 [χωροςξέφῦψ]
2065 3190 2202 3221 Locorum
2229 3191 2390 3230 descriptor.
2420 3191 2515 3222 Vitruv-
2547 3184 2551 3230 l
2583 3208 2604 3238 ,Ν

1414 3226 1464 3256 lib.
1477 3233 1503 3260 8.
1517 3237 1577 3267 cap.
1589 3235 1614 3257 2.
1627 3228 1692 3267 Haec
1703 3234 1793 3258 autem
1803 3228 1839 3257 fic
1848 3229 1905 3258 fieri
1915 3228 2071 3258 testimonio
2081 3229 2192 3266 possunt
2203 3229 2255 3259 else
2265 3231 2357 3267 capita
2368 3230 2515 3273 fiuminui'qt

1413 3275 1472 3302 quae
1482 3265 1548 3294 orbe
1558 3271 1690 3296 terrarum
1702 3266 1896 3303 chorographis
1906 3267 1994 3304 picta,
2015 3267 2139 3303 itemque
2157 3266 2256 3304 scripta
2276 3268 2395 3304 plurima
2411 3290 2419 3302 ,
2439 3275 2518 3296 maxi·

1413 3310 1514 3339 niaque
1525 3300 1705 3333 inveniuntur
1713 3304 1813 3341 egressa
1824 3304 1858 3332 ab
1866 3303 2289 3342 Septentrione.Chorograpiiiis
2298 3304 2334 3334 est
2343 3304 2369 3334 in
2382 3304 2514 3340 codjunt.
2570 3332 2572 3341 .

1375 3339 1398 3369 C
1407 3349 1427 3371 H
1438 3350 1455 3369 o
1465 3350 1507 3369 Ro
1516 3352 1536 3369 M
1547 3351 1567 3370 A
1576 3350 1596 3369 Ν
1607 3352 1624 3370 n
1636 3353 1646 3370 r
1659 3363 1667 3377 ‚
1690 3342 1763 3371 Gens
1775 3341 1907 3376 silvestris,
1929 3342 2040 3371 dicente
2053 3342 2119 3371 Plin.
2134 3342 2182 3372 lib.
2194 3352 2219 3378 7.
2232 3352 2292 3380 cap.
2306 3353 2331 3372 2.
2354 3343 2516 3372 Choromaru
2545 3366 2548 3381 ,
2578 3353 2581 3381 ¹,
2592 3358 2598 3386 1¹v

1413 3378 1510 3407 darum
1523 3385 1634 3416 gentem
1645 3385 1726 3408 vocat
1734 3379 1847 3408 Tauron
1858 3379 2003 3409 silvestrem
2014 3379 2067 3409 sine
2077 3389 2146 3409 voce
2157 3402 2164 3416 ,
2185 3380 2307 3410 stridoris
2317 3380 2453 3415 horrendi,
2468 3379 2517 3408 hii·-
2545 3387 2547 3396 ¹
2561 3405 2563 3408 ⁴
2580 3387 2581 3393 ¹

1411 3416 1448 3483 ἷξε
1458 3416 1635 3483 cq1rporibus,
1657 3417 1745 3447 oculis
1753 3416 1857 3454 glaucis
1867 3439 1875 3454 ‚
1897 3417 2027 3447 dentibus
2036 3418 2151 3448 caninis.
2188 3418 2255 3448 Haec
2264 3417 2311 3448 ille
2321 3441 2329 3454 ,
2350 3427 2404 3456 quo
2415 3418 2475 3448 loco
2482 3415 2514 3446 de
2598 3409 2602 3464 ξ

1435 3463 1450 3482 c
1471 3461 1481 3483 t
1503 3464 1525 3483 is
1537 3464 1549 3482 a
1571 3461 1599 3483 it.

1375 3464 1688 3528 CHoyssosagATizs,
1725 3491 1759 3522 In
1778 3498 1938 3522 cHoRus.
2543 3522 2545 3530 ,
2591 3484 2604 3540 si

1377 3531 1400 3559 C
1412 3538 1430 3557 H
1442 3538 1506 3558 ons
1518 3551 1527 3565 ,
1548 3528 1622 3559 ortis.
1645 3531 1663 3559 f.
1686 3528 1835 3565 [ἔπαυλις]
1856 3529 1989 3559 Villarum
2008 3530 2080 3559 intra
2094 3530 2243 3560 maceriam
2260 3529 2393 3568 spatium,
2412 3530 2515 3560 auctore
2542 3532 2545 3562 Ι
2598 3528 2604 3542 ”

1412 3566 1517 3596 Nonio.
1556 3567 1631 3597 Varr.
1646 3577 1669 3596 i.
1682 3569 1717 3596 de
1733 3567 1773 3596 Re
1785 3567 1859 3597 Rust.
1877 3577 1937 3605 cap.
1952 3577 1996 3604 13.
2019 3568 2135 3597 Chortes
2149 3569 2180 3597 in
2190 3568 2277 3597 fundo
2295 3577 2395 3606 magno
2407 3568 2487 3597 duaea

1413 3605 1516 3633 tiores:
1539 3612 1593 3634 una
1607 3606 1761 3634 utinterius
1774 3604 1965 3643 compluvium
1978 3605 2078 3635 habeat
2093 3605 2183 3634 lacum
2193 3627 2201 3640 ‚
2222 3605 2269 3634 ubi
2288 3616 2357 3642 aqua
2369 3605 2447 3635 saliat.
2502 3608 2514 3632 t
2542 3608 2545 3620 '

1412 3642 1497 3678 paulo
1506 3643 1584 3679 post,
1606 3642 1693 3672 Chors
1704 3643 1927 3672 exteriorcrebro
1943 3649 2038 3680 operta
2052 3643 2204 3673 stramentis
2214 3653 2246 3672 ac
2265 3643 2343 3680 palea
2353 3665 2361 3680 ,
2381 3641 2514 3673 occulcata
2591 3663 2594 3676 s

1413 3679 1533 3716 pedibus
1542 3681 1684 3717 pecudum
1693 3702 1700 3715 ,
1722 3681 1752 3710 fit
1763 3680 1886 3710 ministra
1897 3679 1985 3710 fundo
1996 3703 2004 3716 ,
2024 3689 2058 3709 ex
2071 3690 2103 3710 ea
2113 3681 2189 3718 quod
2200 3680 2340 3712 evehatur.
2379 3681 2411 3711 In
2429 3687 2514 3712 emen·
2541 3688 2543 3717 ξ
2581 3673 2604 3720 eff

1415 3716 1528 3761 datisex
1539 3719 1645 3748 vetusto
1658 3718 1810 3763 exemplari
1820 3718 1966 3748 codicibus
1975 3717 2074 3756 legitur
2084 3717 2187 3756 ubique
2198 3718 2314 3749 Cohors.
2581 3715 2604 3767 'tul

1414 3753 1525 3783 Chortis
1537 3764 1607 3785 aves.
1630 3755 1749 3785 Martial.
1762 3755 1812 3785 lib.
1829 3765 1869 3785 11.
1887 3765 1930 3792 53.
2587 3775 2604 3805 ὤ(

1506 3791 1539 3821 Et
1551 3793 1654 3822 chortis
1667 3792 1769 3823 saturas
1780 3800 1863 3831 atque
1873 3793 1982 3831 paludis
1992 3802 2066 3824 aves.
2540 3789 2541 3797 ¹
2587 3821 2604 3839 c,

1414 3827 1523 3860 Dicitur
1533 3831 1558 3859 ἃ
1572 3830 1687 3861 Cohors.
1708 3831 1792 3861 Ovid.
1804 3843 1829 3866 4.
1850 3831 1914 3861 Fast.
1927 3841 1990 3867 704.
2539 3857 2540 3863 ,
2587 3823 2604 3857 iu*

1508 3868 1658 3898 Abstulerat
1669 3869 1769 3898 multas
1778 3867 1824 3897 illa
1835 3868 1956 3898 cohortis
1967 3878 2040 3898 aves.
2153 3867 2195 3898 De
2204 3867 2297 3907 vulpe.
2328 3867 2376 3898 ubi
2389 3866 2472 3906 Neap.
2485 3865 2514 3895 V·
2538 3874 2540 3896 l
2591 3906 2592 3909 Ἴ

1377 3903 1401 3933 C
1411 3913 1431 3932 H
1442 3913 1458 3932 o
1470 3913 1485 3931 R
1495 3913 1514 3932 τ
1524 3909 1539 3933 [ἶ
1553 3916 1568 3933 i.
1579 3916 1587 3933 i
1598 3915 1609 3935 s
1622 3928 1629 3941 ‚
1654 3916 1679 3935 e.
1701 3906 1887 3942 [ὶπαύλειςῷυ]
1908 3913 1937 3935 ut
1948 3927 1956 3939 ,
1980 3905 2090 3935 Gallina
2100 3905 2230 3935 chortalis
2240 3928 2248 3941 ,
2270 3907 2301 3937 ln
2310 3907 2405 3936 chorte
2413 3905 2514 3936 nutrita.
2538 3903 2540 3936 1
2587 3923 2604 3956 sm

1417 3941 1553 3971 Coluniel.
1566 3943 1594 3971 in
1607 3944 1681 3979 praef.
1705 3944 1738 3973 Et
1747 3950 1778 3972 ut
1788 3953 1803 3972 a
1814 3944 1962 3980 pecoribus
1974 3943 2101 3973 recedam
2116 3964 2124 3975 ,
2144 3953 2262 3980 quorum
2284 3945 2314 3973 in
2336 3951 2412 3982 parte
2431 3942 2516 3973 avium

1416 3978 1584 4014 chortalium
1594 3982 1621 4010 ὁὶ
1633 3982 1729 4018 apium
1740 3990 1805 4011 cura
1814 3980 1901 4019 polita
1909 3981 1955 4011 est.
2011 3980 2052 4011 Al.
2074 3980 2240 4010 Cohortalis.
2405 4017 2427 4047 C

2435 4026 2455 4046 H
2465 4025 2480 4045 ο
2488 4024 2514 4044 ι-
