2604 4222
159 123 231 167 436
588 119 617 154 C
712 119 741 154 A
835 118 866 152 R

198 202 292 233 Condi
304 203 341 231 in.
383 201 441 231 Cic.
455 210 480 238 7.
492 201 566 230 Verr.
579 210 624 238 75.
647 200 704 237 Qui
722 198 878 237 postulante
893 205 956 230 me,
975 191 1097 231 produci
1114 198 1196 228 arque
1215 190 1245 219 in
1262 198 1319 218 car-

217 250 309 270 cerem
322 240 406 269 condi
417 240 571 277 imperavit.

200 278 357 313 Conjiciin.
381 278 439 306 Cic.
455 287 476 306 1.
491 276 574 306 Tusc.
587 279 631 310 96.

201 316 309 346 Cubare
320 317 357 344 in.
397 315 427 343 V.
452 325 469 344 c
481 325 497 343 υ
509 325 523 342 s
532 324 557 343 0.

200 353 340 384 Contrudi
351 353 380 381 in
389 361 536 382 carcerem.
559 351 617 380 Cic.
632 358 658 385 7.
670 348 745 377 Verr.
760 349 805 380 68.

198 392 346 422 Deducere
355 390 475 427 aliquem
488 391 526 418 in.
569 385 599 416 V.
622 396 661 416 ori
672 396 689 414 n
700 395 717 414 υ
728 394 745 413 c
754 394 781 413 0.

200 430 272 459 Duci
286 430 314 458 in
326 426 632 462 carceremillosjubet.
655 424 713 452 Cic.
726 431 752 458 7.
769 420 843 449 Verr.
856 420 902 462 76.
1302 452 1308 458 ι

200 467 353 498 Effundere
365 474 503 494 carcerem
518 465 546 492 in
557 463 686 498 aliquem.
727 460 785 488 Cic.
799 458 828 486 in
839 456 928 485 Pison.
943 458 986 484 16.
1019 449 1106 490 Quod
1125 461 1224 482 omnes
1239 450 1323 481 undi-

221 515 274 542 que
286 504 409 542 perditos
418 502 581 539 collegistis:
602 499 677 536 quod
688 498 717 526 ln
726 500 771 525 me
784 503 924 525 carcerem
935 492 1069 522 effudistis
1081 501 1088 521 ε
1109 491 1186 528 quod
1195 491 1323 526 conjura-

220 549 250 571 to
280 541 399 570 armastis
430 542 482 570 Sco.

201 552 319 610 Emissus
330 588 345 607 e
358 562 466 607 carc’ere
476 581 572 613 rogatu
582 573 705 602 hominis
714 571 824 614 optimi.
847 568 906 600 Cic.
916 578 967 607 pro
977 568 1069 598 Planc.
1080 577 1124 605 30.

202 618 320 648 Frenare
335 625 452 645 carcere.
476 614 547 650 Virg.
562 623 584 641 1.
597 611 658 641 AEn.
672 616 715 646 58.
739 609 893 638 Poetneum.

201 655 348 686 includere
358 655 394 682 in.
437 651 465 680 V.
487 662 496 679 1
507 661 525 679 N
537 659 554 678 c
563 660 578 678 r.
589 659 605 678 u
615 658 667 677 o0.

203 692 299 722 Laxari
311 714 319 726 ,
342 690 470 720 Liberari.
494 688 591 717 Claud.
604 696 630 715 2.
646 686 682 715 de
696 684 777 722 Rapt.
790 683 914 721 Proserp.
929 691 992 720 134.

201 730 316 761 Mittere
325 729 361 758 in.
384 729 443 756 Cic.
456 737 482 762 4.
495 726 523 754 in
533 724 613 754 Catil.
629 732 670 760 13.

203 767 336 798 Revulsus
347 789 354 801 ,
377 767 501 802 Apertus.
524 762 622 792 Claud.
634 771 656 791 1.
669 761 705 790 de
715 760 798 798 Rapt‘.
810 757 933 796 Proserp.
943 767 989 793 44.
1029 793 1035 800 ·
1199 790 1205 798 α
1303 790 1310 797 ·

199 804 368 841 strangulari
381 804 408 831 in
421 809 539 831 carcere.
579 800 598 829 F
601 800 651 828 lor.
664 811 690 834 4·
703 808 725 828 1.
739 808 780 827 10.
813 797 906 833 Quam
918 795 1085 825 sententiam
1098 791 1221 830 sequutis
1234 800 1324 820 omni-

221 844 270 872 bus
287 864 294 877 ,
316 842 344 870 iri
357 849 466 870 carcere
478 837 620 876 parricidae
630 836 842 874 strangulantur.
1158 868 1164 874 ¹
1189 868 1193 876 .

201 882 317 915 Carcer,
339 879 432 907 Homo
449 899 457 911 ,
477 887 527 914 per
540 875 738 913 metaphoram.
777 873 841 902 Ter.
855 871 964 901 Phorm.
979 879 1005 899 2.
1020 873 1046 899 2.
1058 871 1102 898 26.
1135 868 1191 897 Ain·
1208 867 1323 911 tandem

219 918 334 948 carcer?
355 916 408 945 Ubi
420 915 567 948 Donatus,
590 913 653 942 Non
664 912 845 941 carcerarium
858 932 867 944 ,
887 909 933 938 sed
954 916 1110 951 carcerem,
1132 906 1252 944 asperius
1276 915 1324 942 ap-

218 954 342 994 pellavit.
365 954 409 983 Sic
420 949 505 982 Lucil.
516 951 617 981 Carcer
628 972 636 985 ,
655 950 701 979 vix
714 954 821 979 carcere
833 948 943 985 dignus.
982 945 1016 989 Et
1026 945 1077 973 Vix
1087 966 1096 979 ,
1115 953 1166 981 pro
1178 944 1252 987 N.⁰.¹¹·
1304 977 1306 980 ι

201 995 347 1027 Carceres,
369 992 406 1030 pl.
429 986 600 1026 [depr-niem]
622 988 710 1017 Locus
721 988 750 1016 in
761 987 853 1020 circo,
873 985 949 1014 unde
961 988 1126 1012 emittuntur
1141 991 1207 1024 equi
1219 990 1247 1009 in
1262 980 1322 1026 spe-

219 1030 344 1062 &aculis
384 1030 458 1060 Serv.
471 1029 500 1057 in
519 1037 540 1056 1.
555 1027 616 1056 AEn.
634 1037 676 1061 54.
699 1026 798 1055 Carcer
817 1024 855 1053 est
868 1023 1057 1057 undecunque
1068 1018 1249 1064 prohibemur
1265 1027 1323 1059 exi-

219 1080 256 1099 re.
297 1069 392 1098 Dictus
404 1066 476 1104 quasi
492 1067 592 1099 Arcer,
609 1064 643 1093 ab
660 1063 793 1093 Arcendo.
834 1061 940 1090 Locum
962 1066 1056 1102 autem
1071 1067 1099 1086 in
1114 1067 1170 1095 quo
1181 1057 1322 1086 servantur

217 1107 314 1141 noxii,
337 1106 483 1135 Carcerem
494 1104 612 1132 dicimus
623 1109 738 1131 numero
756 1107 866 1129 tantum
879 1096 1022 1135 singulari:
1046 1096 1211 1139 Uri-dehvero
1230 1103 1322 1124 erum-

218 1151 291 1184 punt
299 1144 437 1181 quadrigae
445 1165 453 1177 ,
475 1142 604 1171 Carceres
615 1140 736 1169 dicimus
746 1147 864 1167 numero
874 1142 983 1166 tantum
995 1133 1104 1173 plurali.
1123 1133 1190 1163 lic'et
1199 1132 1321 1170 plerum.

218 1192 272 1221 que
287 1182 397 1220 usurpet
408 1186 490 1218 poeta
502 1201 510 1214 ,
531 1185 561 1208 ut
572 1178 610 1207 est
623 1187 646 1212 3.
664 1177 763 1214 Georg.
783 1186 844 1209 104.
999 1210 1005 1216 .

392 1235 429 1239 -
439 1223 578 1253 ruuntque
588 1214 664 1245 effusi
675 1224 784 1245 carcere
792 1221 897 1242 currus.
975 1209 1072 1239 Cic.de
1083 1208 1156 1238 Clar.
1171 1208 1248 1252 Crat.
1256 1216 1318 1251 173:

218 1258 281 1289 Nec
291 1257 405 1287 enimin
417 1256 556 1294 quadrigis
566 1264 631 1284 eum
642 1253 796 1282 secundum
809 1249 1016 1280 numeraverim
1026 1270 1034 1282 ‚
1055 1254 1102 1276 aut
1120 1250 1233 1288 tertium
1243 1268 1251 1280 ,
1273 1254 1320 1288 qui

217 1297 266 1327 vix
278 1306 294 1326 e
307 1295 463 1325 carceribus
474 1293 587 1327 exierit,
609 1301 695 1327 quum
715 1289 837 1328 palmam
854 1289 911 1324 jam
924 1287 1029 1330 primus
1046 1291 1202 1328 acceperit:
1225 1293 1278 1312 nec
1290 1293 1320 1322 iri

219 1334 383 1364 Oratoribus
395 1355 402 1367 ,
425 1333 589 1369 quitantum
600 1329 666 1358 absit
679 1338 694 1357 a
709 1328 800 1365 primo
811 1349 819 1362 ,
840 1326 888 1356 vix
904 1331 935 1354 ut
949 1334 979 1352 in
997 1324 1098 1366 eodem
1112 1321 1250 1365 curriculo
1265 1320 1319 1350 effe

218 1373 354 1402 videatur.
393 1371 424 1400 In
438 1370 485 1399 illa
495 1376 588 1398 tamen
600 1366 799 1404 significatione
809 1371 1014 1398 nonnunquam
1025 1369 1108 1390 etiam
1116 1360 1191 1397 apud
1202 1360 1321 1388 idoneos

217 1411 361 1443 auctores,
382 1407 555 1446 frequentius
569 1405 642 1443 apud
655 1410 770 1442 poetas,
792 1401 961 1440 singulariter
975 1399 1122 1437 profertur.
1165 1399 1266 1440 Austor
1285 1395 1321 1426 ad

219 1448 322 1478 Heren.
334 1447 382 1476 lib.
396 1457 422 1482 4.
434 1457 460 1481 4.
481 1444 720 1482 Impudentesque
737 1441 799 1470 illos
811 1440 881 1470 dicit
900 1436 954 1468 esse
971 1438 1019 1474 qui
1035 1444 1146 1466 currere
1159 1441 1320 1473 coeperint‘,

215 1486 354 1524 ipseintra
363 1493 502 1514 carcerem
518 1484 586 1517 stet,
608 1483 660 1511 Sec.
682 1479 767 1509 Ovid.
783 1489 825 1508 10.
838 1478 907 1508 Met.
920 1480 982 1511 653.

278 1524 362 1561 Signa
375 1521 448 1552 tubae
460 1521 613 1554 dederant,
635 1528 720 1555 quum
732 1527 842 1547 carcere
855 1524 961 1555 pronus
973 1519 1089 1551 uterque

278 1561 404 1595 Emicat,
424 1561 451 1589 δι
462 1559 597 1588 summam
608 1557 693 1586 celeri
709 1555 862 1594 pedelibat
872 1562 993 1583 arenam.

195 1599 328 1630 Patefaeti
343 1607 477 1628 carceres.
500 1596 608 1626 Lucret.
620 1604 646 1624 2.
660 1598 724 1629 263.

276 1638 380 1667 Nonne
390 1636 469 1665 vides
481 1635 566 1664 etiam
578 1632 724 1671 patefactis
734 1637 862 1668 tempore
872 1629 979 1667 punsto
1097 1659 1099 1664 ,

276 1674 459 1708 Carceribus,
479 1682 537 1702 non
557 1670 634 1710 posse
654 1678 750 1700 tamen
768 1675 952 1707 prorumpere
967 1671 1105 1702 equorum

276 1713 341 1742 Vim
352 1712 484 1750 cupidam
496 1733 503 1746 ,
521 1711 573 1740 διο.

194 1750 306 1782 Dimitti
317 1749 481 1780 carceribus.
502 1749 569 1778 Stat.
585 1750 611 1776 6.
625 1745 717 1775 Theb.
733 1753 796 1780 52²-
928 1779 934 1786 ι

276 1789 334 1818 Ceu
344 1789 430 1818 modo
438 1786 594 1817 carceribus
606 1783 730 1814 dimissus
741 1782 770 1812 ἰῇ
781 1791 844 1811 arva
853 1779 958 1810 solutis.

194 1827 346 1857 Effundere
356 1826 410 1856 sese
420 1824 587 1855 carceribus.
610 1822 682 1859 Virg.
701 1831 725 1850 1.
739 1821 839 1857 Georg.
854 1828 916 1863 512.

274 1865 311 1894 Ut
321 1874 407 1902 quum
420 1862 576 1897 carceribus
587 1860 641 1890 sese
649 1859 774 1889 effudere
786 1857 937 1899 quadrigae.
1206 1890 1209 1894 ¹
1312 1893 1317 1897 q

192 1902 310 1933 Emiffus
326 1912 341 1932 e
354 1901 518 1931 carceribus.
557 1899 616 1929 Cic.
627 1898 662 1927 de
676 1897 783 1927 Amicit.
796 1905 859 1925 101.
880 1893 993 1931 Quibus
1012 1901 1077 1922 cum
1089 1895 1224 1929 tanquam
1237 1898 1320 1920 ecar=

212 1940 322 1970 ceribus
333 1940 444 1970 emiffus
454 1961 462 1973 ,
484 1940 536 1968 Sec.

193 1979 274 2008 Exire
285 1988 300 2008 e
311 1977 477 2008 carceribus.
499 1976 528 2005 V.
552 1974 636 2013 paulo
647 1979 712 2003 ante
723 1982 758 2002 eir
779 1971 838 2001 Cic.
850 1970 886 1999 de
897 1969 969 1999 Clar.
984 1968 1063 1999 Orat.
1076 1977 1086 1997 ι
1094 1976 1138 2004 73.

192 2016 283 2047 Soluti
296 2025 430 2046 carceres.
472 2014 503 2043 V.
525 2013 636 2043 Dimitti
645 2009 814 2041 carceribus.
1040 2044 1047 2050 ·
1187 2041 1193 2048 ·
1215 2042 1220 2049 Ι

192 2056 213 2085 A
224 2055 379 2084 carceribus
390 2054 425 2083 ad
436 2052 543 2083 calcem
554 2073 561 2086 ,
583 2052 601 2080 i.
615 2060 639 2079 e.
661 2050 681 2078 A
693 2048 833 2087 principio
844 2045 879 2076 ad
891 2045 985 2075 finem.
1015 2044 1075 2074 Cic.
1087 2043 1123 2087 de
1135 2042 1318 2086 Anneio-101.

211 2092 339 2122 Maxime
350 2092 462 2130 quidem
473 2089 630 2130 optandum
638 2087 685 2123 est,
694 2093 725 2116 ut
739 2095 804 2115 cum
816 2082 968 2122 aequalibus
977 2082 1060 2120 possis
1076 2090 1183 2111 vivere:
1212 2079 1321 2124 quibus«

213 2139 279 2160 cum
287 2137 418 2167 tanquam
429 2139 445 2158 e
458 2127 614 2158 carceribus
627 2124 737 2155 emissus
750 2124 782 2154 sis
792 2145 800 2160 ,
823 2132 889 2152 cum
900 2121 999 2150 iisdem
1008 2120 1044 2150 ad
1063 2119 1169 2150 calcem
1182 2142 1191 2156 ,
1211 2126 1242 2149 ut
1252 2119 1321 2148 dici-

211 2174 257 2198 tur
268 2190 276 2203 ,
298 2168 443 2206 pervenire
453 2166 546 2204 pollis.
589 2164 618 2193 V.
641 2173 658 2192 c
669 2173 687 2192 A
698 2174 714 2192 L
723 2171 752 2192 x.
1193 2194 1198 2200 ¹

193 2207 214 2236 A
226 2206 303 2236 calce
314 2206 349 2235 ad
361 2214 499 2235 carcerem
510 2201 642 2233 revocari.
684 2200 742 2230 Cic.
755 2199 791 2229 de
799 2198 910 2228 Senet‘t.
923 2202 968 2234 83.
991 2196 1052 2226 Nec
1067 2204 1134 2225 vero
1146 2194 1231 2224 velim
1246 2193 1319 2231 quasi

213 2243 329 2274 decurso
342 2243 429 2281 spatio
438 2252 453 2271 a
463 2242 538 2272 calce
550 2241 586 2270 ad
599 2248 737 2269 carcerem
751 2236 882 2267 revocari.
1181 2269 1188 2275 ²

191 2283 212 2313 A
224 2281 383 2311 carceribus
391 2281 426 2310 ad
436 2287 532 2309 metas.
574 2278 657 2307 Varro
672 2287 694 2306 r.
707 2275 742 2305 de
757 2275 790 2305 R.
801 2274 833 2304 R.
844 2283 905 2311 cap.
920 2281 943 2309 3.
973 2272 1022 2301 Ars
1037 2280 1073 2300 an
1086 2270 1117 2300 sit
1131 2268 1297 2308 agricultura
1308 2289 1318 2305 ,

214 2330 249 2350 an
261 2320 328 2357 quid
339 2319 425 2355 aliud,
442 2320 468 2348 ἃ
478 2328 493 2347 a
505 2316 604 2354 quibus
618 2314 773 2345 carceribus
786 2314 915 2342 decurrat
925 2310 960 2339 ad
971 2317 1069 2339 metas.

157 2359 206 2390 CA
217 2368 233 2387 R
243 2368 260 2386 c
269 2359 285 2387 ἐ
296 2368 311 2386 R
320 2359 335 2386 ὲ
345 2367 362 2385 c
373 2367 385 2385 s
396 2379 403 2391 ,
428 2366 442 2385 a
452 2378 460 2391 ,
482 2365 540 2385 um.
563 2361 594 2383 ut
604 2376 613 2389 ,
634 2355 749 2382 Antrum
771 2358 930 2381 carcereum
942 2370 950 2384 ,
972 2347 1103 2378 Prudent.
1122 2352 1220 2376 contra
1240 2345 1319 2383 Sym-²

193 2396 287 2426 mach?
299 2405 323 2424 2.
337 2398 400 2430 468.

193 2435 296 2464 Catena
305 2441 442 2462 carcerea.
464 2431 541 2461 Idem
553 2429 656 2468 Hymn.
668 2428 751 2457 trium
759 2432 868 2463 martyr.
882 2435 908 2454 v.
924 2426 966 2468 ¹.⁶·
1141 2460 1147 2466 η
1210 2459 1215 2466 ,

155 2474 232 2504 CAR
244 2474 403 2501 eRRAms
414 2492 423 2505 ,
443 2478 467 2499 e.
489 2468 577 2498 Idem.
600 2474 650 2503 ut,
672 2466 788 2495 Caecitas
808 2462 962 2493 carceralis.
985 2460 1115 2490 Prudent.
1139 2469 1168 2489 in
1184 2459 1314 2489 Vincent',

191 2519 449 2585 {nascar-cerulis.
476 2543 555 2574 Idem
566 2553 593 2573 v.
607 2553 619 2577 ς
627 2553 638 2578 ς
647 2552 670 2571 1.
719 2576 725 2586 ἱ
829 2577 834 2583 Π
1063 2575 1070 2581 ¹

154 2587 177 2618 C
187 2596 205 2616 A
217 2597 231 2614 R
241 2596 259 2614 c
269 2595 283 2614 a
292 2595 306 2613 R
316 2595 334 2613 A
346 2594 360 2612 R
372 2595 380 2612 i
391 2593 409 2612 u
419 2593 431 2613 s
442 2605 449 2616 .
470 2593 486 2612 a
496 2605 504 2617 ,
525 2591 582 2611 um.
605 2578 762 2616 [ἀρκπιφς]
783 2577 844 2614 Adi.
867 2582 907 2612 ut,
931 2576 1104 2605 Carcerarius
1117 2573 1244 2612 quaestus,
1259 2568 1318 2610 Qui

190 2624 226 2654 ad
237 2632 375 2653 carcerem
387 2621 514 2659 pertinet.
538 2619 624 2648 Plaut.
638 2618 718 2655 Capt.
733 2627 754 2646 1.
769 2626 794 2645 2.
806 2619 851 2644 26.
945 2652 950 2657 .

272 2661 352 2698 ffigre
360 2660 397 2689 est
409 2658 476 2688 mihi
487 2659 563 2686 hunc
574 2657 665 2686 facere
676 2655 806 2692 quaestuin
820 2661 1010 2682 carcerarium.
1295 2682 1304 2691 Γ

191 2699 364 2730 Substantive
378 2698 406 2726 in
415 2695 498 2726 Gloss'.
519 2696 564 2724 Gr.
581 2694 637 2723 Lat.
660 2692 833 2723 Carcerarius
845 2713 854 2727 ‚
876 2694 1020 2722 φνλακίτης.
1044 2687 1126 2718 conf.
1142 2685 1197 2717 loc.
1210 2687 1314 2717 Donat.

211 2738 240 2766 in
256 2747 273 2766 c
284 2747 303 2765 A
313 2746 329 2764 R
340 2745 357 2764 c
365 2745 379 2764 a
389 2745 414 2764 R.
436 2734 515 2772 supra
524 2733 637 2762 adduct.
883 2766 888 2771 ι
1127 2763 1132 2769 ⁸
1247 2763 1253 2769 ι

154 2776 205 2805 CA
215 2785 230 2803 R
240 2784 258 2803 c
268 2784 282 2803 R
291 2784 306 2802 R
316 2784 334 2802 A
344 2783 362 2802 T
371 2784 380 2801 1
391 2783 408 2801 c
417 2782 436 2801 u
446 2783 466 2801 M
476 2794 485 2805 .
507 2771 523 2800 i.
547 2780 574 2800 n.
597 2770 629 2800 In
650 2773 801 2798 comment.
822 2766 856 2795 ad
869 2771 911 2795 tit.
930 2765 965 2794 de
977 2764 1051 2793 verb.
1066 2763 1153 2801 signif.
1195 2763 1317 2792 Alciatus

191 2813 295 2850 accipit
305 2821 355 2849 pro
368 2809 500 2840 Mercede
510 2808 574 2842 illa,
595 2817 677 2845 quam
694 2805 850 2846 militibus,
872 2804 919 2840 qui
937 2803 1067 2832 custodiae
1087 2811 1230 2830 carcerum
1249 2811 1317 2844 prat.»-

191 2850 253 2880 sunt
265 2873 272 2885 ,
293 2848 475 2878 humanitatis
500 2846 580 2876 causa
596 2844 765 2881 magistratus
784 2843 944 2880 largiuntur.
986 2840 1087 2868 Verum
1108 2839 1268 2868 Haloander
1285 2837 1315 2867 id

190 2888 307 2917 verbum
328 2897 385 2915 non
398 2885 522 2923 agnoscit
538 2885 567 2913 in
589 2885 609 2921 §.
624 2881 824 2921 pannicularia.
848 2879 866 2909 l.
882 2879 970 2908 divus.
991 2878 1024 2907 D.
1043 2878 1079 2906 de
1099 2877 1166 2906 bon.
1189 2877 1314 2906 damnat.

191 2926 238 2955 sed
250 2925 420 2955 Charisticon
432 2923 499 2961 legit
507 2945 515 2957 ,
532 2931 634 2959 nempe
644 2920 731 2956 Quod
740 2919 776 2948 ob
785 2918 902 2961 gratiam
909 2916 991 2946 alicui
1002 2916 1091 2944 datur.
1128 2915 1172 2945 Est
1181 2915 1256 2943 enim
1266 2915 1316 2944 du.

192 2966 269 2993 c'tum
280 2973 295 2993 a
307 2962 464 2992 Charitibus
473 2983 481 2996 ,
504 2961 533 2989 id
546 2960 584 2989 est
594 2959 696 2997 gratiis.
737 2956 937 2986 Chartiaticum
946 2952 1074 2996 Gothofr.
1097 2962 1122 2989 q.
1137 2952 1168 2982 V.
1296 2990 1302 2996 ·

154 3002 177 3032 C
186 3012 205 3031 A
217 3012 234 3030 R
244 3011 262 3030 c
272 3011 286 3029 E
295 3011 310 3029 R
319 3010 336 3029 o
348 3022 356 3036 ,
376 3002 430 3029 are.
454 3004 484 3028 ut
493 3020 501 3035 ,
522 2998 636 3034 jejunio
654 2995 779 3032 exagitur
789 3016 796 3030 ‚
816 2993 943 3022 ariditate
964 2994 1077 3020 liccatur
1086 3013 1093 3024 ‚
1116 2990 1181 3020 fletu
1194 2988 1316 3019 effundi-

191 3047 235 3068 tur
245 3061 252 3075 ,
273 3038 424 3067 solitudine
435 3042 596 3066 carceratur.
617 3032 795 3064 Salvian.lib.
806 3040 832 3062 2.
846 3030 882 3060 de
894 3030 1051 3060 Provident.
1073 3028 1108 3058 Et
1118 3027 1234 3059 Messala
1250 3028 1317 3057 Cor-

190 3078 247 3107 vin.
261 3086 336 3114 p.m.
359 3086 401 3112 19.
423 3074 583 3109 Occidere,
603 3080 761 3105 carcerare,
781 3071 833 3099 &c.
986 3104 991 3110 ι
1013 3104 1019 3110 θ

154 3115 176 3145 C
187 3126 205 3144 A
215 3125 230 3143 R
238 3124 256 3143 c
268 3124 286 3143 H
294 3118 310 3143 ῑῑ
320 3125 337 3143 r>
346 3124 363 3142 o
374 3123 394 3143 N
404 3135 412 3148 ,
433 3113 505 3142 onis.
527 3103 692 3148 [καξχηδὶὶν]
712 3109 807 3138 Graece
817 3105 954 3142 Carthago
965 3103 1075 3133 dicitur.
1115 3102 1187 3133 Inde

155 3153 177 3183 C
188 3164 205 3182 A
217 3163 232 3181 R
243 3162 260 3182 c
270 3162 289 3181 H
301 3162 313 3180 e
325 3162 342 3181 o
353 3162 369 3180 o
378 3162 399 3180 N
409 3162 437 3179 11
459 3151 526 3179 dicii
545 3145 792 3185 Carthaginienses.
809 3143 904 3188 'Plaub
918 3142 987 3185 prol..
1004 3142 1079 3171 Poen.
1093 3150 1134 3178 53.
1304 3179 1306 3184 y

272 3189 481 3219 Carchedonius
492 3194 607 3218 vocatur
622 3185 681 3215 haec
692 3182 842 3214 comoedia.
925 3179 1022 3210 Latine
1037 3179 1185 3209 Poenulum
1204 3177 1315 3208 Plautus

192 3227 272 3256 inseri
296 3227 336 3256 sit.

155 3265 178 3294 C
189 3275 208 3294 A
218 3275 233 3294 R
242 3275 259 3294 c
270 3238 314 3293 ἒιι
324 3275 341 3293 o
351 3274 368 3293 o
378 3274 399 3293 N
407 3274 415 3292 i
423 3274 442 3292 u
452 3273 474 3298 s,
486 3264 503 3292 i.
516 3272 553 3292 m.
575 3257 773 3298 [καιςῃδῖνιῶι]
790 3255 931 3293 Smaragdi
941 3264 1037 3298 genus,
1049 3254 1122 3282 inter
1135 3252 1246 3297 metalla
1256 3254 1316 3283 :eris

192 3310 332 3340 repertum
345 3324 353 3335 ,
363 3301 523 3331 vilissimum
533 3323 541 3335 ,
563 3299 768 3335 minimumque
780 3307 786 3327 :
809 3297 886 3325 idem
897 3292 1001 3330 fragile,
1015 3294 1040 3321 8ae
1051 3291 1146 3321 colore
1156 3299 1292 3335 iii-certum
1307 3300 1314 3321 :

194 3349 227 3369 ac
241 3340 390 3368 virentium
407 3340 436 3368 in
453 3339 549 3369 caudis
567 3346 725 3376 pavonum,
748 3333 999 3366 columbarumque
1009 3329 1083 3360 collo
1097 3328 1200 3367 plumis
1217 3330 1314 3358 limile.

193 3377 225 3406 V.
249 3377 315 3406 Plin.
330 3377 376 3405 lib.
393 3386 435 3413 37.
453 3387 512 3414 cap.
529 3387 553 3412 ς.
573 3374 758 3405 Calchedonii
773 3372 858 3402 Hard.
871 3379 906 3399 ex
918 3367 979 3398 Mis.
994 3378 1018 3405 q.
1031 3367 1062 3396 V.
1216 3404 1221 3409 ¹
1265 3404 1274 3413 Ἰ

193 3415 421 3449 Carchedonius,
442 3413 613 3451 Carbunculi
630 3412 744 3450 species.
785 3410 853 3440 Plin.
867 3416 911 3444 37.
925 3415 950 3444 7.
984 3402 1138 3447 Archelaus⁸
1151 3403 1236 3447 tradit
1251 3404 1316 3447 §.ar¹

211 3453 364 3482 chedoiiios
374 3452 500 3489 nigrioris
517 3451 642 3489 aspectus
664 3449 735 3484 eise,
756 3447 802 3478 sed
819 3449 901 3485 igne,
922 3443 968 3475 vel
987 3443 1062 3489 sole,
1083 3444 1110 3472 ὁὶ
1130 3441 1315 3485 inclinatione

210 3491 301 3520 acrius
310 3499 391 3525 quarn
404 3497 510 3519 ceteros
521 3489 643 3519 excitari.
684 3486 802 3517 Eosdem
818 3483 966 3525 umbrante
986 3482 1061 3525 tecto
1074 3488 1229 3518 purpureos
1238 3480 1315 3509 vide-

211 3528 234 3557 ri
245 3549 252 3561 ,
275 3526 322 3555 sub
336 3527 403 3556 ciclo
415 3528 574 3562 flammeos,
596 3532 692 3555 contra
702 3525 793 3554 radios
804 3522 875 3553 Solis
890 3524 915 3551 &
926 3519 1090 3563 scintillare:
1116 3526 1191 3546 ceras
1211 3517 1314 3560 signan-

210 3565 284 3594 tibus
294 3564 334 3593 his
345 3564 492 3600 liquescere
501 3586 509 3599 ,
531 3564 656 3601 quamvis
668 3565 696 3592 in
707 3572 812 3601 opaco:
836 3561 991 3602 etiamnum
1002 3567 1032 3586 in
1044 3554 1246 3585 Carchedoniis
1258 3565 1317 3584 ma.

211 3603 285 3632 ribus
295 3601 384 3631 stellas
396 3603 470 3631 intus
478 3603 573 3632 ardere
584 3624 592 3637 ,
612 3602 728 3631 feminas
737 3599 873 3637 fulgorem
884 3594 1044 3639 universum
1055 3593 1172 3623 fundere
1183 3598 1261 3621 extra
1275 3593 1309 3622 se..

154 3641 231 3673 CAR
243 3649 288 3668 cii
301 3642 335 3668 Es
345 3650 352 3667 i
362 3650 378 3668 υ
389 3651 409 3668 Μ
423 3661 432 3673 ,
454 3640 470 3668 i.
489 3650 516 3668 n.
538 3635 711 3676 [ameminor]
733 3637 826 3667 Poculi
839 3644 936 3674 genus.
958 3633 1031 3670 Virg.
1047 3642 1071 3666 ς.
1089 3630 1155 3674 ΙἙη.
1165 3639 1208 3666 77.

272 3677 326 3706 Hic
338 3677 393 3706 duo
404 3678 453 3705 rite
467 3686 544 3706 mero
559 3677 650 3706 libans
665 3675 800 3705 carchesia
817 3674 935 3704 baccho.
1030 3670 1121 3706 junge
1129 3667 1177 3698 Sil·
1192 3677 1232 3697 ¹¹-
1247 3676 1310 3702 30¹·

190 3717 337 3751 Invergere
347 3736 355 3748 ,
373 3714 417 3742 vel
430 3714 661 3751 Superinvergere
671 3712 816 3742 carchesia.
857 3710 942 3741 Ovid.
956 3718 981 3746 7.
993 3708 1063 3738 Met.
1076 3710 1140 3742 246.
1163 3705 1206 3735 Est
1216 3712 1312 3748 autem

209 3752 383 3783 Carchesium
394 3773 401 3785 ,
422 3752 460 3780 ait
471 3751 593 3780 Macrob.
607 3752 653 3780 lib.
672 3762 695 3785 ς.
706 3752 815 3780 Saturn.
838 3759 899 3786 cap.
911 3758 955 3778 21.
979 3744 1112 3788 Poculum
1134 3743 1237 3787 Graecis
1254 3750 1313 3786 tan-

208 3790 357 3820 tummodo
368 3795 476 3817 notum.
514 3789 644 3817 Meminit
662 3788 721 3823 ejus
734 3788 907 3825 Pherecydes
919 3787 948 3814 in
961 3784 1037 3813 libris
1048 3782 1240 3815 historiarum,
1263 3787 1313 3809 ait·

209 3838 263 3865 que
272 3827 371 3862 ‚lovem
386 3826 542 3854 Alcumenae
552 3827 671 3862 pretium
681 3826 848 3854 concubitus
863 3822 1032 3853 carchesium
1048 3825 1161 3849 aureum
1173 3819 1249 3848 dono
1262 3819 1313 3861 de-

208 3865 283 3895 disse.
325 3864 380 3892 Sed
395 3863 505 3892 Plautus
516 3864 652 3892 insuetum
665 3872 768 3891 nomen
781 3862 891 3897 reliquit
902 3883 909 3896 ,
932 3861 1025 3896 aitque
1045 3859 1073 3886 in
1093 3856 1186 3886 fabula
1198 3856 1311 3898 Amphi-

206 3911 305 3941 tryone
317 3923 324 3935 ,
347 3901 467 3930 Pateram
477 3901 586 3933 datam,
608 3909 691 3936 quum
703 3900 784 3935 longe
796 3899 933 3935 utriusque
947 3896 1043 3935 poculi
1058 3895 1142 3932 figura
1156 3893 1260 3923 diversa
1270 3895 1308 3922 lit.

203 3941 299 3972 Patera
310 3939 403 3975 enim,
428 3944 459 3967 ut
476 3938 502 3967 ἃ
519 3937 607 3974 ipsum
626 3946 730 3966 nomen
747 3937 854 3967 indicio
872 3936 927 3971 est,
948 3935 1065 3974 planum
1086 3942 1118 3963 ac
1141 3938 1240 3970 patens
1261 3931 1308 3960 est.

1375 712 1425 742 CA
1438 716 1640 747 RciNTTEs,
1661 713 1692 741 is.
1710 722 1748 741 m.
1780 712 1963 748 [Καιςκινίτης]
1984 711 2066 741 Sinus
2086 711 2125 740 est
2142 711 2261 749 Scythice
2281 710 2432 749 Europazae,
2457 712 2532 751 apud

1370 1392 1393 1421 C
1402 1402 1421 1421 A
1432 1403 1449 1422 R
1460 1403 1494 1422 cr
1504 1403 1524 1422 N
1533 1398 1550 1423 ὅ
1560 1404 1578 1422 D
1589 1404 1624 1423 Rs
1633 1415 1641 1429 ,
1662 1403 1718 1423 eos.
1740 1404 1768 1422 n.
1789 1391 1977 1431 [ιιςιςκινῶδῖς]
1998 1394 2140 1423 aCarcino
2153 1394 2256 1423 dicitur
2267 1416 2274 1429 ,
2297 1394 2351 1423 hoc
2367 1395 2406 1424 est
2416 1404 2531 1431 cancro,

1371 2037 1639 2076 CARDAMYLA,
1662 2050 1692 2069 τε.
1714 2040 1732 2069 f.
1754 2041 1827 2076 [Koeg

1371 2152 1394 2182 C
1404 2163 1449 2182 AR
1459 2164 1476 2182 o
1486 2165 1503 2182 A
1514 2165 1533 2183 Μ
1544 2165 1552 2182 ι
1562 2164 1580 2182 Ν
1591 2165 1609 2183 A
1621 2176 1629 2189 ,
1650 2165 1681 2184 ae.
1703 2154 1721 2184 f.
1743 2151 1930 2190 [nugulbi-adin]
1953 2154 2095 2193 Sifymbrii
2118 2163 2205 2193 genus
2228 2156 2267 2185 est
2276 2178 2283 2190 ,
2306 2155 2383 2193 quod
2407 2154 2531 2184 Officinae

1371 2265 1679 2304 CARDAMoMUM,
1700 2269 1717 2298 i.
1738 2278 1766 2298 n.

1370 2719 1372 2721 ¹
1407 2685 1512 2715 Gallice
1522 2686 1678 2724 appellatur
1700 2693 1740 2715 Du
1751 2687 1839 2724 cresson
1852 2689 1952 2716 alenois.

1369 2723 1545 2759 CARoAx,
1566 2733 1697 2763 corrupte
1712 2735 1762 2762 pro
1783 2734 1954 2756 CORoAx,
2047 2748 2054 2755 .

1368 2762 1390 2790 C
1400 2772 1418 2791 A
1427 2771 1443 2790 R
1453 2772 1471 2790 D
1482 2773 1490 2790 1
1502 2773 1520 2791 A
1531 2784 1538 2797 ,
1559 2773 1590 2792 ae.
1614 2764 1632 2792 f.
1656 2761 1797 2799 [medix]
1818 2762 1945 2792 Thraciae
1956 2762 2118 2792 Cherronesi
2131 2760 2269 2801 oppidum
2279 2784 2286 2798 ,
2310 2761 2386 2800 apud
2402 2761 2468 2792 Plin.
2479 2760 2526 2792 lib.
2558 2787 2559 2791 ,

1368 2951 1390 2981 'C
1399 2962 1418 2980 A
1428 2961 1443 2980 R
1455 2962 1472 2980 r>
1483 2963 1492 2980 r
1503 2962 1520 2980 A
1530 2962 1548 2981 N
1560 2963 1576 2981 υ
1586 2962 1598 2981 s
1607 2975 1614 2987 ,
1636 2963 1651 2982 a
1661 2974 1669 2987 ,
1691 2963 1747 2982 um.
1771 2950 1952 2989 [Raegdiowbs]
1975 2952 2055 2982 Unde
2070 2951 2146 2990 apud
2156 2952 2298 2990 Nepotem
2309 2952 2339 2981 in
2353 2951 2469 2982 Eunien.
2485 2959 2526 2980 11i
2555 2971 2557 2978 .
2584 2958 2601 2980 ι

1367 3025 1390 3057 C
1399 3038 1418 3056 A
1426 3037 1441 3056 R
1451 3038 1469 3056 r>
1479 3039 1488 3056 1
1500 3038 1519 3057 A
1530 3050 1539 3064 ,
1560 3026 1694 3064 [mediae]
1717 3028 1813 3058 Latine
1821 3029 1892 3057 Cor:
1915 3037 2073 3065 quanquam
2083 3028 2166 3057 etiam
2179 3038 2195 3057 a
2210 3027 2305 3066 priscis
2314 3027 2444 3063 medicis,
2463 3025 2527 3057 teste
2554 3035 2555 3057 ;

1369 3209 1371 3211 .
1406 3179 1520 3215 culum,
1544 3177 1579 3209 de
1591 3182 1684 3217 quoin
1697 3180 1750 3217 seq.

1367 3212 1881 3254 CAsoiAcus,a,um.Adj.[xoeezlgaioe‘c]
1893 3223 1923 3247 ut
1943 3217 2058 3246 Morbus
2068 3216 2219 3251 cardiacus,
2232 3216 2296 3246 Oris
2305 3216 2452 3246 ventriculi
2464 3213 2526 3245 affe-

1365 3594 1613 3629 CAaoiAcus,
1644 3595 1663 3624 i.
1691 3605 1727 3624 ni.
1763 3594 1850 3624 Subst.
1874 3605 1923 3631 pro
1953 3595 2075 3624 Homine
2102 3594 2148 3631 qui
2168 3594 2297 3623 cardiaco
2321 3593 2419 3623 morbo
2440 3588 2541 3622 tenta-i
2579 3599 2604 3611 ’·

1364 3893 1640 3931 CARorArcrA,
1664 3906 1695 3925 az.
1719 3895 1737 3925 f.
1761 3888 1970 3931 [aagzigay‘a]
1993 3895 2079 3924 Dolor
2096 3895 2208 3930 cordis,
2229 3895 2256 3924 ἃ
2277 3893 2377 3924 mentis
2401 3892 2518 3923 tristitia:

1851 104 1881 138 C
1981 104 2009 138 A
2100 103 2132 138 R

1432 184 1607 214 Carchesium
1624 193 1690 212 vero
1701 193 1850 221 procerum
1861 206 1870 219 ,
1892 186 1917 214 ἃ
1927 185 1999 214 circa
2009 184 2131 213 mediam
2145 189 2251 222 partein
2260 185 2444 222 'compressum
2454 208 2463 222 ,
2482 197 2530 217 an-

1431 223 1518 252 satum
1529 222 1726 256 mediocriter,
1748 221 1816 250 ansis
1828 232 1842 251 a
1853 222 1960 251 summo
1978 223 2013 251 ad
2027 222 2154 251 infimum
2173 222 2403 259 pertingentibus.
2444 225 2531 255 Ascle.

1431 261 1529 298 piades
1541 266 1632 288 autern
1646 260 1684 287 vir
1694 260 1764 295 inter
1775 260 1884 289 Graecos
1895 261 2021 298 apprime
2031 260 2130 288 doc‘tus
2140 281 2147 294 ,
2168 269 2200 288 ac
2210 260 2327 296 diligens
2336 283 2342 295 ,
2364 260 2504 292 Carchesia
2514 274 2530 294 a

1433 297 1524 327 navali
1538 306 1567 326 re
1583 297 1720 326 existimat
1738 297 1819 326 dicta.
1861 298 1903 326 Ait
1921 298 1996 327 enim
2016 296 2120 326 navalis
2138 297 2203 327 mali
2224 304 2331 335 partem
2352 297 2528 337 inferiorem,

1431 342 1559 374 pternam
1571 335 1664 363 vocari
1681 345 1686 362 :
1710 340 1737 362 at
1747 335 1820 363 circa
1836 336 1958 364 mediam
1973 336 2030 364 fere
2050 342 2156 372 partem
2179 338 2292 371 τράχηλον
2305 336 2376 365 dici:
2399 336 2530 369 summam

1431 382 1498 403 vero
1510 377 1616 410 partem
1625 372 1793 400 carchesium
1805 373 1958 402 nominari:
1981 375 2006 403 ἃ
2021 373 2088 402 inde
2099 372 2221 402 diffundi
2233 373 2263 401 in
2275 378 2423 410 utrumque
2432 374 2484 404 veli
2495 375 2533 405 la-

1430 416 1475 440 tus
1485 421 1516 440 ea
1525 420 1584 447 quae
1595 410 1706 439 Cornua
1716 416 1858 439 vocantur.
1877 412 1929 440 Sic.
2250 441 2252 444 .

1413 449 1556 478 Carchesia
1567 471 1575 482 ,
1597 448 1711 477 Summa
1722 457 1784 485 pars
1794 448 1879 483 mali,
1900 449 1917 478 i.
1930 458 1954 478 e.
1978 448 2126 479 Foramina
2137 457 2197 486 quae
2212 457 2228 476 a
2247 446 2356 477 summo
2367 448 2434 478 mali
2452 449 2532 481 funes

1432 486 1583 523 recipiunt.
1609 484 1694 514 Lucil.

1493 524 1606 554 Tertius
1617 523 1663 561 hic
1672 522 1738 551 mali
1749 522 1858 561 superat
1870 522 2006 553 carchesia
2016 522 2131 552 summa.
2227 522 2338 552 Nonius
2350 532 2393 559 15.
2403 529 2448 557 28.

1411 560 1491 627 Eg&
1500 560 1676 590 Carchesium
1688 582 1697 597 ,
1717 560 1860 591 Trat‘toria
1870 561 1999 590 machina
2010 560 2085 599 apud
2103 560 2208 590 Vitruv.
2222 570 2265 590 10.
2284 571 2308 597 ς.
2329 560 2361 590 V.
2381 561 2532 594 BaldiLex.

1457 606 1536 628 itruv.

1375 636 1398 666 C
1407 645 1427 665 A
1436 647 1453 665 R
1463 646 1480 665 c
1491 648 1499 665 r
1510 646 1530 665 N
1539 646 1558 665 A
1568 658 1576 671 ,
1597 647 1629 666 ae.
1651 636 1670 666 f.
1692 635 1841 673 [κειμένη]
1862 636 1966 666 Civitas
1983 635 2021 665 est
2031 635 2235 666 mediterranea
2245 633 2365 673 Scytliiae
2376 636 2532 676 Europaeae,

1415 674 1533 704 Carcine
1544 674 1641 712 Pomp.
1652 684 1677 703 2·
1694 684 1716 703 1.
1732 684 1747 703 a
1757 685 1809 712 qua

1412 749 1481 779 Plin.
1497 749 1546 779 lib.
1559 761 1586 784 4.
1601 760 1662 788 cap.
1677 760 1718 779 12.
1742 751 1768 779 ὅτ
1780 750 1914 787 Pompon.
1931 748 1980 779 lib.
1994 759 2020 778 2.
2035 752 2058 778 i:
2082 747 2173 786 Vulgo
2186 750 2290 779 dicitur
2310 753 2342 776 Le
2358 750 2423 787 golfe
2441 755 2468 777 a‘e
2485 755 2534 779 Ns-

1411 788 1510 824 gropula.
1548 788 1627 823 Qui,
1649 795 1679 817 ut
1689 788 1787 817 Strabo
1797 788 1844 816 lib.
1861 797 1887 824 7.
1901 788 2002 823 docet,
2024 786 2248 823 Cherronesum,
2269 796 2354 824 quam
2365 787 2533 826 Tauricam,
2589 812 2590 827 ,

1413 825 1467 854 sive
1477 825 1635 861 Scythicam
1646 832 1766 861 vocant,
1788 825 1880 855 efficit.

1411 862 1456 892 Est
1469 865 1494 893 ok
1506 864 1661 892 Carcinitus
1673 863 1773 893 fluvius
1784 864 1922 901 oppidum
1943 863 2019 892 idem
2033 863 2223 900 praeterfluens
2236 884 2244 897 ‚
2264 862 2424 892 Ptoiemaeo.

1374 901 1396 930 C
1405 910 1425 929 A
1435 910 1451 928 R
1461 910 1477 929 c
1486 911 1496 929 1
1506 910 1525 929 Ν
1536 904 1552 930 ἒ
1564 911 1583 929 T
1591 911 1611 930 n
1622 912 1638 929 R
1647 912 1664 930 o
1674 911 1694 930 N
1706 923 1714 937 ,
1735 903 1751 931 i.
1774 911 1801 930 n.
1826 900 2022 937 [iuveni-affini]
2044 901 2143 930 Herbae
2153 909 2251 938 genus,
2264 900 2360 944 ’Graeci
2371 900 2532 939 Polygonor'i

1411 945 1532 967 vocant:
1555 940 1634 975 cujus
1644 938 1989 973 succusnaribusinfusus,
2010 939 2158 976 supprimit
2177 937 2357 975 sanguinem:
2381 940 2481 969 &cum
2493 941 2534 970 vi.

1411 986 1450 1005 no
1464 984 1565 1014 potus,
1587 977 1737 1015 cujuslibet
1749 977 1833 1015 partis
1853 977 2021 1014 profluvium
2037 999 2044 1011 ,
2066 976 2313 1013 excreationesque
2327 983 2453 1007 cruentas
2465 978 2535 1007 inhi-
2585 999 2587 1006 ,

1411 1014 1468 1044 bet.
1492 1014 1560 1044 Plin.
1575 1014 1624 1043 lib.
1636 1024 1681 1052 27.
1697 1025 1758 1052 cap.
1778 1025 1818 1044 12.
1851 1014 1941 1044 Ruell.
1964 1014 2012 1043 lib.
2026 1023 2049 1050 3.
2064 1024 2125 1053 cap.
2140 1022 2184 1051 79.
2207 1014 2277 1043 dicit
2295 1024 2310 1043 a
2325 1015 2427 1044 Latinis
2444 1016 2536 1053 appel.
2587 1031 2589 1034 -

1412 1052 1465 1117 mii·
1476 1052 1704 1090 Sanguinariam:
1728 1052 1858 1083 Officinis
1869 1060 1963 1083 autem
1971 1052 2069 1083 nostris
2080 1054 2105 1083 ἃ
2121 1052 2255 1082 herbariis
2265 1053 2405 1088 corigiolam
2425 1055 2534 1084 &centi-

1411 1100 1441 1117 na
1460 1101 1512 1118 ram
1529 1100 1645 1120 marem.

1372 1127 1395 1157 C
1403 1137 1606 1164 ARciNiAs,
1627 1137 1658 1158 ιε.
1675 1138 1713 1158 m.
1738 1128 1912 1165 [κφςιιινίας]
1933 1127 2051 1158 Gemma
2063 1127 2163 1158 marini
2174 1128 2268 1158 cancri
2279 1126 2383 1158 colore.
2405 1127 2475 1159 Plin.
2485 1126 2533 1160 115.

1449 1188 1456 1194 .
1473 1175 1505 1195 ca
1528 1189 1534 1196 .
1551 1176 1592 1195 11.

1371 1174 1646 1239 efferremus,
1665 1203 1926 1239 CARciNoirA,
1953 1203 1985 1233 In
2007 1204 2215 1233 CARcrNus.

1372 1241 1571 1271 CARCTNUS
1589 1264 1597 1277 ,
1620 1243 1638 1270 i.
1656 1251 1692 1271 m.
1716 1242 1733 1270 i.
1750 1251 1774 1271 e.
1798 1242 1904 1271 Cancer
1924 1241 2037 1271 animal.
2058 1243 2182 1278 venii&-
2197 1251 2213 1271 a
2231 1241 2333 1271 Graecis
2354 1241 2465 1272 dicitur,
2483 1242 2534 1273 Pto·

1409 1279 1517 1308 Cancro
1529 1279 1623 1309 fidere.
1647 1279 1750 1309 Lucan.
1768 1279 1817 1309 lib.
1834 1290 1858 1316 9.
1875 1285 1936 1316 536.
1961 1279 2095 1309 Carcinus
2107 1279 2216 1309 ardens.

1407 1316 1451 1346 Est
1463 1317 1546 1346 etiarn
1559 1318 1690 1348 Carcinus
1702 1317 1977 1356 duorumpoetarum
1993 1316 2174 1355 Tragicorum
2189 1327 2309 1353 nomen,
2331 1327 2450 1355 quorum
2464 1318 2532 1349 alter
2558 1323 2561 1325 “

1428 1355 1601 1385 Atheniensis
1614 1356 1686 1390 fuit,
1708 1355 1776 1384 alter
1785 1357 1985 1394 Agrigentinus.
2028 1356 2136 1385 Horum
2156 1355 2256 1393 scripta
2265 1363 2411 1385 enumerat
2424 1357 2530 1388 Suidas.

1408 1431 1521 1468 quando
1534 1432 1634 1461 vitium
1644 1430 1689 1461 seu
1702 1431 1815 1461 morbus
1828 1433 1920 1462 cancri
1932 1439 2059 1461 naturam
2067 1432 2210 1470 imitatur,
2232 1433 2258 1462 Sc
2276 1432 2362 1470 serpit
2382 1432 2454 1469 quasi
2471 1439 2534 1463 cans

1407 1478 1463 1498 cer.
1505 1469 1573 1499 Plin.
1585 1469 1635 1499 lib.
1648 1479 1693 1499 20.
1705 1479 1766 1507 cap.
1781 1479 1823 1507 17.
1851 1471 1969 1500 Narium
1989 1479 2100 1508 quoque
2120 1470 2283 1500 carcinodes
2295 1492 2304 1506 ‚
2325 1471 2465 1500 consumit
2482 1471 2536 1501 isse

1408 1514 1469 1536 tum
1481 1516 1516 1536 ex
1527 1517 1542 1537 a
1563 1518 1606 1537 ua.

1370 1537 1421 1574 CA
1431 1555 1447 1574 R
1458 1554 1475 1574 c
1485 1556 1494 1573 i
1504 1555 1523 1574 N
1533 1518 1578 1575 &qn
1591 1556 1609 1574 A
1620 1567 1629 1581 ,
1644 1545 1705 1575 atis.
1717 1555 1745 1574 n.
1767 1545 1960 1582 [νωιειιίνωκρὶ]
1981 1545 2088 1576 Cancer
2100 1546 2223 1576 morbus.
2236 1545 2306 1575 Plin.
2319 1545 2368 1575 lib.
2381 1556 2425 1577 20.
2442 1547 2532 1585 capo.
2582 1564 2583 1576 i

1407 1585 1485 1620 Aqua
1501 1593 1614 1621 quoque
1624 1585 1683 1620 ejus
1698 1583 1831 1619 decocta,
1853 1593 1970 1617 nervos,
1992 1584 2178 1621 articulosque
2190 1585 2259 1613 mire
2267 1584 2372 1621 juvari:
2396 1584 2413 1613 si
2425 1584 2534 1615 foveam

1409 1627 1455 1650 tur
1469 1622 1584 1651 vulnera
1596 1623 1622 1652 ἃ
1635 1622 1758 1652 recentia
1769 1623 1795 1651 &c
1807 1629 1910 1657 vetera,
1931 1622 2015 1652 etiam
2028 1623 2226 1657 carcinomata,
2248 1632 2308 1659 quae
2317 1621 2400 1652 nullis
2412 1622 2471 1653 aliis
2480 1628 2536 1652 mes

1409 1659 1576 1702 dicamentis
1585 1660 1674 1689 sanari
1690 1659 1802 1697 possint.
1825 1660 1901 1690 Hinc
1914 1660 2047 1698 Augustus
2059 1660 2145 1696 Julias
2155 1660 2214 1690 suas
2225 1660 2310 1689 filiam
2324 1662 2348 1690 &
2362 1667 2474 1699 neptem
2486 1683 2495 1697 ,
2507 1658 2534 1691 Ec

1408 1697 1559 1740 Agrippam
1567 1705 1702 1735 nepotem
1713 1720 1722 1733 ,
1744 1699 1949 1728 contaminatos
1961 1698 2068 1736 probris
2079 1698 2210 1728 omnibus
2223 1701 2249 1729 ἃ
2259 1698 2343 1736 plane
2353 1706 2431 1728 extra
2440 1709 2532 1728 emen-

1409 1735 1532 1765 dationis
1542 1736 1617 1774 spem
1628 1737 1749 1773 politos,
1770 1736 1900 1766 Vomicas
1918 1738 1944 1766 δι
1960 1736 2154 1767 Carcinomata
2167 1736 2213 1766 sua
2225 1746 2327 1766 vocare
2343 1736 2457 1771 solebat,
2467 1737 2533 1767 teste

1410 1773 1676 1812 Suet.Aug.cap.65.
1692 1774 1752 1803 Nec
1762 1774 1849 1809 aliter,
1860 1775 1960 1812 inquit,
1971 1774 2034 1804 illos
2046 1775 2187 1813 appellare
2200 1785 2282 1812 quam
2292 1780 2347 1804 tres
2358 1775 2480 1805 vomicas
2488 1781 2534 1806 aut

1373 1841 1377 1846 .
1410 1811 1462 1840 tria
1475 1814 1662 1841 carcinomata
1674 1812 1729 1841 sua.
1770 1812 1844 1841 conf.
1869 1812 1949 1850 supra
1968 1822 2117 1842 CANCRR
2139 1814 2165 1843 ἃ
2183 1813 2250 1842 inde
2266 1813 2399 1842 derivata.

1372 1848 1423 1878 CA
1435 1859 1594 1886 RDACES,
1615 1851 1646 1879 is.
1666 1860 1702 1879 ni.

1411 1893 1441 1915 to
1451 1888 1588 1917 vivebant.
1631 1888 1703 1931 Nam
1715 1887 1803 1917 Carda
1812 1889 1888 1926 apud
1900 1899 1948 1918 eos
1965 1888 2131 1918 Bellicosum
2149 1890 2176 1919 &
2189 1888 2344 1918 violentum
2355 1888 2531 1926 significabatr

1409 1926 1512 1954 Auctor
1527 1926 1614 1955 Strab.
1634 1926 1682 1955 lib.
1698 1936 1738 1962 ις.
1753 1926 1849 1964 Nepos
1863 1936 1904 1962 14.
1915 1932 1940 1961 8.
1951 1936 1976 1956 2.
2000 1926 2129 1956 Habebat
2149 1927 2328 1957 barbarorum
2349 1929 2475 1965 equitum
2496 1927 2534 1955 νῇ

1431 1964 1481 1992 inti
1494 1985 1502 1999 ,
1524 1965 1650 2001 peditum
1667 1970 1782 1993 centum
1797 1963 1899 2000 millia,
1921 1974 1990 2002 quos
2009 1964 2051 1994 illi
2065 1965 2201 1995 Cardaces
2219 1965 2370 2003 appellant.
2408 1967 2449 1997 Ita
2459 1963 2533 1995 enini

1423 2002 1564 2038 egendum
1575 2002 1613 2032 est
1627 2012 1684 2032 non
1696 2002 1827 2032 Cardates
1866 2004 1942 2040 quod
1953 2003 2013 2032 satis
2028 2003 2156 2041 probavit
2165 2003 2306 2032 Schottus.

1830 2024 1955 2075 Ᾱιμύλη]
1978 2041 2048 2071 Urbs
2078 2041 2132 2071 fuit
2158 2040 2358 2079 Peloponnesi,
2378 2040 2533 2078 propinqua

1411 2076 1479 2114 Pylo
1491 2100 1498 2112 ,
1520 2077 1568 2107 sub
1580 2078 1708 2107 dominio
1722 2079 1951 2115 Agamemnonis,
1974 2089 2030 2109 una
2038 2089 2142 2115 earum,
2156 2089 2215 2117 quae
2228 2078 2462 2108 reconciliationis
2470 2082 2533 2116 ergo
2568 2096 2570 2104 ι

1411 2115 1510 2144 Achilli
1519 2116 1552 2145 ab
1564 2118 1771 2153 Agamemnone
1780 2115 1987 2151 offerebantur,
2009 2118 2085 2155 apud
2102 2117 2256 2147 Homerum
2275 2116 2324 2146 lib.
2336 2127 2361 2151 9.
2376 2116 2455 2145 Iliad.
2469 2126 2530 2152 292.
2568 2123 2573 2134 '¹

2597 1641 2604 1695 i

2578 1719 2581 1748 i
2597 1709 2604 1745 ⁴.

2574 1761 2580 1813 4
2596 1746 2604 1811 i

1725 1846 1900 1886 [Κάξδὶικες]
1921 1851 1995 1889 apud
2008 1851 2095 1880 Persas
2107 1851 2337 1889 appellabantur,
2360 1851 2417 1887 Qui
2431 1860 2465 1880 ex
2475 1856 2533 1889 rap}-
2575 1885 2578 1891 ,
2593 1825 2604 1892 11

2571 1952 2575 1959 ·
2594 1897 2604 2003 i

1412 2191 1587 2221 Nasturcium
1601 2193 1761 2229 aquaticum
1772 2200 1883 2222 vocant.
1907 2193 2082 2223 Nasturciurn
2097 2193 2213 2223 alterum
2226 2193 2350 2223 Dioscor.
2364 2192 2413 2222 lib.
2429 2202 2456 2222 2.
2471 2202 2531 2231 cap.
2566 2213 2568 2231 i

1412 2233 1474 2265 156.
1517 2230 1547 2259 V.
1567 2230 1658 2260 Ruell.
1674 2230 1722 2260 lib.
1734 2241 1760 2261 2.
1774 2240 1834 2268 cap.
1848 2234 1894 2260 60.
1914 2232 1943 2274 7&
1961 2231 2041 2269 Apul.
2055 2230 2090 2261 de
2105 2231 2189 2261 Herb.
2201 2241 2262 2269 cap.
2276 2242 2320 2261 ²0.
2566 2224 2572 2256 'l

1809 2264 2029 2305 [medbapammu]
2050 2270 2144 2300 Genus
2166 2269 2257 2299 lierbae
2275 2268 2428 2298 odoriferae.
2462 2268 2529 2298 Plini

1409 2304 1457 2334 lib.
1476 2315 1517 2349 ξπ.
1535 2316 1596 2344 cap.
1614 2316 1654 2342 η.
1671 2307 1706 2336 de
1717 2316 1815 2342 azaro,
1837 2317 1951 2336 amomo
1963 2329 1971 2342 ,
1992 2308 2150 2337 amomide:
2175 2307 2272 2337 Simile
2293 2307 2335 2337 his
2352 2305 2486 2344 (inquit)
2506 2308 2533 2336 &
2563 2309 2586 2336 ,Ψ

1408 2353 1526 2387 nomine
1542 2346 1568 2374 &
1578 2344 1678 2374 frutice
1690 2345 1901 2374 cardamomum
1911 2367 1918 2379 ,
1940 2344 2045 2374 semine
2056 2345 2189 2383 oblongo.
2212 2346 2325 2375 metitur
2336 2345 2437 2374 eodem
2448 2345 2531 2374 m'odd

1408 2390 1439 2410 in
1449 2382 1555 2425 Arabia.
1596 2383 1725 2419 Quatuor
1743 2384 1803 2419 ejus
1821 2393 1930 2420 genera.
1972 2383 2171 2413 Viridiffimum
2183 2393 2215 2413 ac
2229 2385 2335 2422 pingue
2349 2406 2357 2418 ,
2379 2383 2466 2413 acutis
2486 2391 2533 2412 an-

1407 2419 1499 2456 gulis,
1520 2428 1672 2450 contumax
1694 2421 1823 2455 fricanti,
1844 2421 1920 2458 quod
1939 2422 2063 2451 maxime
2081 2420 2218 2451 laudatur.
2260 2421 2422 2450 Proximum
2442 2430 2458 2450 e
2473 2421 2532 2450 rufd
2589 2446 2591 2449 .

1407 2458 1568 2488 candicans.
1609 2459 1738 2488 Tertium
1748 2459 1858 2489 brevius
1867 2465 1949 2495 atque
1960 2460 2074 2497 nigrius.
2116 2459 2196 2495 Pejus
2206 2468 2298 2489 tamen
2311 2460 2417 2489 varium
2427 2480 2435 2494 ,
2457 2460 2483 2489 ἃ
2495 2458 2533 2489 fa·
2560 2478 2567 2497 μ
2590 2463 2604 2489 ’ἑ

1409 2496 1464 2525 cile
1478 2497 1564 2530 tritu,
1586 2497 1734 2534 odorisque
1747 2498 1837 2535 parvi:
1860 2498 1907 2534 qui
1921 2497 2025 2532 verius,
2047 2497 2123 2527 costo
2146 2498 2253 2527 vicinus
2274 2497 2329 2528 effe
2350 2497 2442 2527 debet.

1407 2533 1511 2563 Verum
1531 2534 1747 2565 Cardamomum
1760 2536 1846 2564 hodie
1857 2545 1914 2564 non
1925 2534 2037 2565 affertur
2050 2535 2085 2565 ad
2098 2545 2158 2565 nos.

2592 2052 2604 2114 i

2592 2127 2604 2165 ἱ

2590 2203 2604 2228 fl

2580 2269 2604 2301 'ii

2593 2315 2604 2352 .¹

2592 2353 2604 2378 Ι

2590 2396 2604 2410 a

1369 2570 1392 2601 C
1402 2581 1446 2600 AR
1456 2582 1474 2600 o
1484 2575 1553 2601 Amo
1564 2583 1582 2601 Ν
1594 2595 1601 2607 ,
1623 2574 1641 2602 i.
1657 2583 1684 2602 n.
1707 2569 1887 2609 [υίςῶκμρν]
1909 2573 2000 2602 Herba
2014 2583 2074 2611 quae
2097 2573 2223 2603 Silvestre
2240 2573 2409 2603 nasturcium
2432 2570 2530 2603 dicitu}
2558 2563 2561 2603 2¹
2588 2570 2604 2605 ⁴.

1406 2610 1563 2654 Dioscor'idi
1579 2611 1739 2646 &Galeno,
1762 2611 1837 2640 unde
1861 2611 2040 2649 proverbium
2065 2611 2211 2647 Gmcum,
2232 2611 2289 2638 ἐὀθιε
2307 2607 2453 2647 roea'gdupw,
2473 2610 2530 2640 Ede
2557 2611 2563 2652 li
2582 2582 2604 2640 ἶ

1407 2648 1587 2678 nasturcium.
1610 2647 1784 2686 proverbiale
1803 2650 1832 2678 in
1845 2648 1978 2686 Stupidos
1994 2651 2020 2679 δι
2037 2650 2165 2687 ignavos.
2207 2649 2237 2679 V.
2260 2649 2402 2679 Chiliadas
2421 2648 2529 2679 Erasini.
2583 2651 2602 2679 (i

1976 2724 2045 2762 q‚v
2556 2704 2562 2761 Ῑῖ
2596 2721 2601 2748 s

1405 2846 1472 2867 tem.
1495 2838 1529 2867 ab
1539 2838 1600 2868 aliis
1613 2838 1804 2876 Car-diopolis,
1823 2838 1926 2868 deinde
1937 2838 2106 2876 Lysimachia
2116 2838 2189 2868 dieta
2199 2839 2247 2868 est.
2287 2839 2418 2868 Eumenis
2425 2838 2510 2876 patria
2519 2858 2528 2872 ,
2554 2859 2558 2874 c
2574 2846 2590 2859 ’τ

1406 2810 1432 2836 4.
1446 2810 1506 2838 cap.
1521 2810 1531 2829 1
1540 2810 1563 2829 1.
1585 2802 1664 2835 cuius
1675 2801 1745 2839 sa‘pe
1757 2800 1957 2830 Demosthenes
1967 2801 2096 2830 meminit
2107 2801 2135 2830 in
2146 2801 2273 2830 oratione
2283 2808 2380 2831 contra
2389 2800 2530 2830 Aristocra’-
2554 2809 2559 2826 i
2580 2754 2600 2867 i}

1406 2876 1482 2905 unde
1493 2876 1648 2905 Alexander
1663 2877 1796 2906 Mvndius
1810 2876 1883 2906 hanc
1894 2877 2072 2907 civitatemin
2083 2878 2199 2914 gratiam
2209 2878 2268 2912 ejus
2277 2877 2433 2906 immunem
2451 2886 2468 2906 a
2486 2874 2530 2904 tri-
2552 2889 2553 2894 *
2591 2884 2599 2906 i

1407 2913 1482 2943 butis
1501 2913 1662 2952 Philippum
1679 2910 1773 2944 fecisse
1793 2914 1896 2944 scribit.
1937 2913 2007 2944 Inde
2551 2938 2557 2962 s

1408 2989 1547 3020 Eumenes
1558 2990 1710 3020 Cardianus
1723 2998 1846 3020 vocatur.
2550 2997 2554 3018 ³

1406 3066 1530 3101 Galeno,
1552 3076 1602 3104 pro
1614 3067 1756 3104 Superiori
1779 3065 1928 3095 ventriculi
1950 3067 2056 3096 orificio
2071 3066 2247 3103 ponebatur,
2269 3076 2324 3102 quo
2340 3067 2421 3103 paeto
2442 3064 2526 3103 ipsum

1404 3104 1490 3133 ctiam
1503 3104 1703 3142 Hippocratem
1714 3104 1863 3141 aliquando
1874 3104 2020 3141 loquurum
2031 3104 2085 3133 ess'e
2095 3104 2223 3133 ostendit.
2266 3104 2340 3133 Hinc
2356 3104 2458 3132 factum
2469 3101 2505 3131 est
2516 3123 2524 3137 ,
2551 3111 2553 3114 ’

1405 3148 1436 3170 ut
1447 3142 1596 3171 Cardiacus
1608 3142 1721 3171 morbus
1732 3143 1822 3172 dictus
1836 3142 1867 3170 sit
1877 3164 1885 3177 ,
1906 3151 1965 3170 non
1976 3143 2024 3179 qui
2037 3151 2085 3171 cor
2097 3163 2104 3177 ,
2129 3140 2175 3171 sed
2193 3141 2284 3179 ipsum
2302 3141 2411 3171 infestat
2431 3139 2526 3170 ventri-

1406 3257 1474 3285 ctus.
1490 3255 1545 3284 Cor
1556 3257 1631 3285 enim
1643 3266 1692 3292 pro
1703 3256 1760 3285 Ore
1772 3255 1919 3284 ventriculi
1927 3254 2071 3284 sumebant
2079 3255 2234 3284 vetereszde
2244 3263 2299 3290 quo
2312 3254 2440 3284 sicCelsus
2451 3253 2524 3288 lib.3.

1406 3303 1431 3331 c.
1441 3293 1560 3327 19.Huic
1570 3293 1669 3322 morbo
1684 3293 1825 3331 praecipue
1837 3293 2008 3322 contrarium
2018 3293 2092 3322 estid
2102 3293 2278 3330 genus.quod
2291 3287 2431 3328 κκξλῖφών
2441 3291 2526 3321 aGrae—
2544 3324 2546 3327 ¹

1406 3331 1445 3359 cis
1459 3333 1633 3360 nominatur:
1648 3331 1773 3367 quamvis
1785 3330 1854 3368 saepe
1864 3331 1898 3360 ad
1915 3340 1979 3359 eum
1989 3330 2145 3367 phrenetici
2159 3329 2442 3367 transeantsiquidem
2451 3336 2525 3358 mens
2546 3341 2549 3366 j
2577 3338 2591 3355 ω

1404 3367 1499 3398 inillis
1512 3369 1585 3398 labat
1595 3391 1602 3402 ,
1630 3370 1658 3397 in
1671 3369 1726 3397 hoc
1738 3368 1853 3397 constat.
1896 3368 1926 3397 ld
1939 3375 2033 3398 autem
2045 3367 2115 3397 nihil
2126 3367 2200 3396 aliud
2210 3368 2247 3397 est
2258 3390 2265 3401 ,
2289 3377 2369 3404 quam
2384 3367 2467 3396 nimia
2477 3366 2540 3406 im·⁴
2579 3367 2604 3406 ³³:

1405 3405 1545 3435 becillitas
1553 3407 1677 3444 corporis
1694 3416 1700 3435 :
1722 3407 1798 3443 quod
1812 3405 1952 3435 stomacho
1963 3406 2113 3443 languente
2125 3428 2132 3440 ‚
2154 3406 2308 3434 immodico
2321 3405 2419 3435 sudore
2431 3402 2525 3441 digeri·-
2580 3407 2604 3435 1:5¹

1406 3450 1459 3473 tur.
1497 3444 1630 3482 Licetque
1640 3444 1767 3482 protinus
1781 3443 1886 3473 scireid
1897 3443 1966 3477 ell‘e,
1995 3444 2042 3472 ubi
2059 3452 2192 3472 venarum
2210 3443 2321 3480 exigui,
2341 3441 2524 3479 imbecillique
2546 3464 2547 3470 .
2582 3463 2584 3466 .

1404 3481 1498 3519 pulsus
1511 3482 1580 3511 sunt.
1621 3482 1712 3511 Sudor
1724 3488 1817 3510 autem
1827 3481 1906 3519 supra
1917 3481 2166 3514 consuetudinem.
2188 3482 2213 3511 δί
2228 3481 2329 3516 modo,
2352 3482 2377 3510 Sc
2392 3484 2521 3517 tempore,

1403 3529 1439 3549 ex
1450 3527 1510 3548 toto
1529 3520 1643 3549 thorace
1662 3522 1688 3550 δι
1703 3519 1877 3553 cervicibus,
1900 3526 1982 3556 atque
1997 3519 2080 3548 etiam
2104 3519 2195 3556 capite
2213 3519 2386 3556 prorumpit:
2409 3517 2521 3556 pedibus
2539 3526 2542 3546 i

1404 3559 1601 3587 tantummodo
1614 3559 1640 3588 &
1654 3557 1778 3587 cruribus
1789 3557 1948 3586 liccioribus
1959 3562 2041 3600 atque
2052 3556 2225 3594 frigentibus.
2540 3553 2542 3565 '

2543 3254 2551 3322 ..„.,-

1404 3635 1465 3668 t'ur3
1490 3633 1534 3662 cui
1546 3634 1668 3662 maxime
1678 3632 1817 3662 medicina
1833 3642 1848 3660 a
1865 3633 1985 3661 vinoest.
2028 3632 2094 3661 Plin.
2109 3640 2153 3667 23.
2171 3641 2193 3660 1.
2216 3631 2412 3661 Cardiacorum
2427 3629 2519 3659 morbo
2538 3626 2541 3659 l

1402 3671 1516 3700 unicam
1528 3670 1604 3708 spem
1614 3672 1642 3699 in
1653 3671 1719 3699 vino
1730 3669 1783 3699 effe
1793 3675 1897 3698 certum
1911 3670 1957 3699 est.
1982 3670 2019 3699 Eo
2031 3669 2135 3707 spereat
2143 3669 2241 3705 Juven.
2255 3679 2279 3705 ς.
2291 3670 2346 3699 Sat.
2358 3678 2400 3706 31.

1484 3707 1543 3745 lpse
1560 3708 1691 3746 capillato
1706 3707 1836 3737 diffusum
1846 3707 1958 3736 consule
1969 3713 2048 3744 potat

1484 3746 1620 3775 Cardiaco
1631 3755 1774 3783 nunquam
1785 3745 1915 3782 cyathum
1926 3745 2052 3774 missurus
2061 3746 2161 3774 amice.

1482 3782 1548 3813 Non
1561 3784 1599 3812 est
1611 3782 1754 3813 cardiacus
1768 3805 1775 3817 ,
1798 3783 1941 3811 Craterum
1955 3782 2052 3812 dixisse
2063 3788 2177 3820 putato,
2571 3805 2574 3811 .
2589 3814 2594 3820 ἱ

1484 3820 1626 3857 Hicieger.
1723 3821 1782 3850 Cic.
1799 3830 1820 3848 1.
1838 3820 1873 3849 de
1883 3820 1974 3849 Divin.
1987 3826 2031 3853 81.
2056 3821 2112 3856 Ego
2130 3824 2224 3849 autem
2242 3819 2317 3849 haud
2330 3818 2405 3854 scio,
2426 3826 2461 3848 an
2471 3816 2537 3854 hdb;
2576 3822 2604 3856 ΕΞ

1403 3857 1540 3887 cardiacis
1550 3858 1605 3888 hoc
1615 3858 1795 3888 tribuendum
1806 3857 1835 3886 sit
1845 3879 1853 3891 ,
1887 3867 1939 3886 nec
1950 3857 2129 3894 phreneticis.
2586 3857 2604 3893 „³52

2221 3744 2289 3774 Hor.
2299 3753 2325 3775 2.
2341 3744 2518 3780 Serm.3.1612

1402 3933 1470 3962 item
1481 3932 1633 3963 Ventriculi
1644 3932 1729 3962 erolio
1741 3954 1750 3969 ‚
1775 3942 1836 3970 quzc
1847 3934 1872 3962 ὅ(
1885 3932 2069 3970 Cardiogmos
2078 3933 2188 3963 dicitur.
2210 3932 2242 3962 V.
2258 3932 2337 3962 infra.
2387 3968 2409 3998 C
2589 3967 2597 3976 -.

2418 3975 2514 3997 ARor-
2532 3974 2533 3979 ¹
2587 3974 2604 3993 si
