2600 4177
529 112 558 146 C
656 112 688 147 U
785 113 806 148 S
1722 119 1752 154 C
1846 122 1878 156 U
1974 125 1995 159 S

127 191 232 222 Ovium
243 195 333 224 custos
344 193 488 233 praeclarus
499 215 507 226 ,
528 192 619 225 lupus.
643 194 700 222 Cic.
718 203 741 225 κ.
757 177 875 230 ffliiipp.
889 201 934 231 ²7·

128 230 214 295 Pgrtae
225 232 322 275 custos.
362 232 420 262 Cic.
431 241 455 260 2.
469 231 497 259 iri
509 230 589 260 Catil.
607 240 651 267 ²7-
674 231 775 261 Nullus
790 232 828 260 est
843 238 928 268 portae
942 232 1050 268 custos,
1070 230 1164 260 nullus
1182 230 1243 259 insi-

172 276 242 297 iator
253 279 312 298 Viae.

130 305 210 334 Pueri
222 327 229 338 .
252 306 423 343 Pri-dagoeus.
445 303 563 334 Martial.
580 304 627 333 lib.
644 313 687 334 11.
699 314 745 340 40.

133 342 251 379 Reipub.
265 344 353 372 custos
364 345 479 372 Senatus
489 363 498 375 ‚
518 341 615 378 praeses
626 362 634 375 ,
657 348 853 379 propugnator.
877 343 934 373 Cic.
952 352 1003 381 pro
1015 343 1088 376 Sext.
1102 350 1165 379 137.

132 379 236 408 Rerum
246 381 333 410 custos
346 380 440 410 Caesar.
462 379 528 408 Hor.
542 389 567 412 4.
581 378 670 408 Carni.
686 389 727 414 ¹5·
745 388 786 415 17.

132 416 215 446 Turis
230 418 318 446 custos
330 440 338 452 ,
358 418 463 446 Acerra.
486 415 570 446 Ovid.
583 425 623 452 13.
640 416 709 446 Met.
721 424 784 453 703.

2385 143 2456 181 747

1305 193 1532 225 Cusronirn
1546 219 1564 240 ’.
1578 198 1643 228 Adv.
1668 204 1720 243 ut',
1744 199 1850 231 Ludere
1862 204 1996 234 custodite
2010 227 2018 240 ,
2046 206 2062 235 i.
2079 216 2102 236 e.
2124 208 2209 240 Caute
2249 213 2291 242 vel
2303 213 2457 245 insieftan.

1343 238 1369 258 te
1384 232 1503 262 custode.
1528 234 1594 264 Plin.
1615 247 1638 270 ς.
1659 236 1738 273 Fmst.
1759 243 1800 268 16.
2220 234 2227 246 ⁷
2344 227 2352 252 ἰ

1345 267 1480 315 Compar.-
1517 271 1771 316 Plin.0.F.pist.26.
1798 277 1836 306 An
1849 278 1895 307 iila
1906 278 2067 309 custoditius
2082 281 2265 317 pressiusque?

1306 304 1569 342 Cusronirio,
1592 314 1661 340 finis.
1684 313 1700 340 Γ.
1724 314 1871 350 [cohagar]
1893 317 1931 345 est
1950 317 2041 353 Opera
2062 318 2097 345 ad
2118 319 2223 354 aliquid
2247 323 2457 355 custodiendum

1345 341 1460 379 sumpta.
1486 345 1584 375 Festus.
1624 348 1653 376 V.
1678 349 1756 386 Vulg.
1775 351 1889 390 interpr.
1902 354 2025 387 Sapient.
2037 358 2063 383 6.
2080 364 2120 387 io.

1306 377 1329 407 C
1341 389 1357 407 u
1369 388 1380 405 s
1397 390 1408 406 i·
1419 384 1435 409 ὃ
1446 391 1462 408 1)
1472 384 1509 410 ῑτ
1519 387 1529 411 i
1539 394 1553 411 ν
1566 394 1603 427 us
1614 407 1622 419 ,
1644 395 1658 414 a
1668 408 1675 417 .
1698 397 1754 416 iiiii.
1777 389 1836 425 Adi.
1859 391 1964 420 Saresb.
1981 390 2061 428 Epist.
2077 398 2137 427 ¹58-
2162 394 2264 423 Aurum
2275 396 2391 427 alioruin
2403 409 2458 429 me-

1344 415 1471 447 tallorum
1483 421 1678 452 custoditivum
1694 425 1739 454 est.

133 452 214 483 Urbis
224 455 350 484 custodes
362 456 387 484 &
398 453 604 483 conservatores
615 453 664 484 dii.
687 453 744 484 Cic.
761 464 811 493 pro
826 455 902 485 Sext.
919 464 962 492 53.

133 491 297 521 Fidiffimus.
320 491 405 520 Valer.
416 496 441 525 8.
460 492 557 527 Argon.
569 501 613 528 75.

133 527 236 558 Herilis
245 529 333 559 custos
347 550 355 563 ,
376 529 427 558 i.e‡
448 528 500 558 Cui
510 528 667 559 commissus
678 528 716 558 est
726 529 820 558 herilis
829 529 910 559 filius.
941 530 1026 560 Plaut.
1039 529 1109 559 Asin.
1124 538 1147 566 3.
1162 537 1187 565 3.
1199 531 1245 565 ⁶5·

132 566 323 604 Incorruptior
338 565 428 595 custos
444 567 528 596 canis.
568 565 600 595 V.
623 577 632 594 1
640 576 660 594 N
671 577 689 595 e
698 576 714 595 o
724 576 739 594 a.
747 576 763 595 R
772 577 790 596 υ
799 576 814 595 r>
823 577 842 596 τ
851 577 869 595 u
878 577 900 597 s.

131 603 392 641 Incorruptislimus.
415 603 481 634 Hor.
495 613 518 634 1.
533 603 619 634 Serm.
631 607 657 633 6.
675 609 720 637 81.

132 641 282 707 Mffiximus.
306 640 371 671 Hor.
384 651 410 671 2.
422 642 508 671 Serm.
521 645 547 671 6.
560 651 603 678 ις.
626 641 724 672 Custos
741 641 810 672 mihi
823 642 960 671 maximus
975 641 1053 672 adsis.
1094 639 1248 678 Alloquitur

186 687 333 708 ercurium.

133 715 230 746 Tenax
240 716 409 753 patrimonii.
432 715 550 753 Quintil.
563 715 612 746 lib.
624 725 651 752 4.
665 725 725 754 cap.
739 725 766 747 2.

131 753 240 783 Addere
251 754 404 784 custodem.
443 754 475 784 In
496 764 516 783 A
526 764 544 783 D
554 764 572 783 o
582 763 608 783 0.

132 790 394 858 Cogonaresabirum
409 792 533 822 custode.
574 791 645 829 Virg.
657 801 682 828 9.
696 791 758 821 AEn.
771 797 833 828 380.
864 792 894 822 h.
911 800 937 822 ο.
959 790 1077 829 Cingere
1099 789 1192 819 silvam
1214 798 1250 820 rie

152 838 167 857 a
189 836 240 857 eat.
288 839 387 858 ervms.

132 866 318 904 Corrumpere
331 866 485 896 custodem.
506 866 608 896 Lucan.
624 865 672 896 lib.
687 876 730 895 10.
745 876 787 902 57.

132 903 282 940 Imponere
290 904 381 934 alicui.
407 904 491 934 Ovid.
505 913 529 939 ι.
545 906 636 933 Amor.
649 915 676 940 4.
692 913 716 934 1.

133 941 243 971 ludere.
264 942 353 971 Tacit.
365 951 388 978 3.
406 942 474 971 Ann.
486 948 531 976 28.

132 979 230 1009 Petere
239 979 365 1009 custodes
375 978 468 1009 salutis
478 979 540 1009 suae.
564 977 683 1015 Quintil.
696 977 745 1008 lib.
760 988 783 1013 ς.
800 987 862 1017 cap.
878 988 920 1009 11.

133 1017 290 1046 Ponereut.
303 1017 453 1046 Custodem
463 1017 518 1053 (in)
530 1017 671 1046 frumento
679 1015 794 1054 publico
801 1017 922 1055 politum
933 1014 1250 1054 effe.Cic.proFlacc.45.

133 1053 238 1084 Teneri
249 1054 371 1083 custode.
395 1054 496 1084 Lucan.
507 1054 556 1084 lib.
573 1064 596 1083 1.
609 1058 655 1083 26.

134 1091 242 1120 Vacans
253 1092 375 1121 custode.
397 1092 481 1122 Ovid.
492 1101 517 1121 2.
533 1092 604 1122 Met.
616 1101 681 1128 4²²·

135 1129 233 1158 Custos
250 1128 394 1165 absolute,
414 1139 465 1167 pro
490 1129 621 1168 Magistro
638 1129 683 1159 seu
700 1129 861 1167 paedagogo.
890 1129 958 1160 Hor.
972 1130 1008 1159 de
1023 1130 1085 1159 Arte
1101 1128 1176 1158 Poet-
1190 1130 1253 1158 161.

154 1166 233 1195 Idem
247 1176 269 1196 1.
282 1166 368 1196 Serm.
386 1177 412 1201 4.
430 1172 492 1202 118.
587 1167 662 1196 Dum
673 1168 792 1196 custodis
803 1177 876 1203 eges,
893 1170 944 1197 διο.
1026 1167 1060 1196 Et
1071 1166 1135 1196 alibi
1147 1167 1254 1204 saepius.

135 1203 232 1247 Custos
245 1206 368 1272 0112Ἓοῐὰ
385 1204 478 1235 Tacit.
499 1205 519 1235 i.
535 1214 560 1236 e.
584 1205 641 1242 Qui
661 1204 763 1234 arbiter
781 1205 847 1235 effet
861 1206 899 1235 rei
924 1205 1107 1243 exsequendae
1119 1226 1127 1239 ,
1149 1205 1176 1234 δι
1197 1212 1256 1234 rem

155 1251 200 1271 exi
221 1249 286 1272 eret.
332 1253 347 1271 u
371 1252 435 1272 aeus.

136 1251 271 1309 Custgdes
284 1279 448 1310 dicebantur
458 1281 484 1311 Sc
494 1279 697 1318 Subscriptores
708 1301 715 1315 ‚
737 1279 794 1316 Qui
805 1280 955 1310 accusatori
965 1279 1089 1310 solebant
1101 1278 1177 1312 dari,
1199 1288 1257 1307 non

153 1316 244 1347 solum
252 1318 405 1348 chartarum
419 1317 513 1352 caula,
535 1327 626 1355 neque
637 1318 788 1354 adjuvandi
798 1319 856 1353 ejus
867 1339 874 1353 ‚
895 1318 942 1347 sed
960 1320 1044 1348 etiarn
1060 1323 1091 1347 ut
1102 1326 1160 1346 non
1173 1315 1257 1346 facile

155 1354 444 1394 accusatorcorrumpi
457 1355 554 1393 posset.
578 1354 709 1385 Asconius
719 1355 749 1384 in
759 1355 848 1385 Divin.
865 1366 906 1390 51·
1229 1391 1234 1397 ·

135 1393 285 1431 apponere
296 1393 438 1423 custodem
448 1393 540 1423 alicui.
582 1393 640 1422 Cic.
655 1403 678 1422 1.
692 1393 765 1422 Verr.
783 1403 825 1428 ς1.
848 1392 996 1423 Custodem
1007 1414 1017 1427 ,
1038 1392 1137 1429 inquit,
1158 1390 1257 1421 Tullio

154 1440 201 1460 me
213 1431 366 1499 apponffiteB,
383 1433 449 1499 {lech
477 1431 507 1460 V.
525 1426 769 1498 locupiintggribm
785 1431 896 1460 Pediani
907 1453 916 1467 ,
937 1440 1022 1469 quem
1033 1430 1120 1460 modo
1140 1429 1257 1459 adduxi-

153 1477 225 1499 mus.
247 1479 322 1499 con.
366 1479 383 1498 u
407 1492 413 1499 .
451 1476 541 1498 nnott.
564 1478 613 1498 re.
629 1478 658 1498 in
693 1478 727 1497 an
751 1491 757 1498 .
779 1479 794 1498 a
821 1479 854 1498 11.

135 1505 321 1544 Praerogativae
340 1508 447 1545 primus
464 1507 563 1536 custos.
605 1507 663 1536 Cic.
684 1507 744 1544 post
754 1479 834 1536 redii.
854 1507 883 1535 in
900 1506 991 1536 Senat.
1008 1508 1049 1535 16.
1073 1503 1208 1535 Custodes
1229 1504 1260 1533 in

158 1543 290 1582 suffragiis
301 1551 378 1573 erant
390 1544 418 1572 iri
429 1543 572 1573 sortitione
582 1545 776 1581 praerogativae.
801 1544 925 1573 Budaeus.

138 1582 292 1617 Custodes,
314 1581 527 1618 Observatores‚
565 1583 593 1610 ui
604 1582 735 1618 cujusque
744 1582 868 1611 actiones
884 1587 1000 1615 notarit,
1023 1580 1258 1614 animadvertunt,

159 1619 287 1656 quasique
304 1619 487 1657 speculantur.
529 1592 593 1656 Uclp.
620 1619 638 1648 l.
653 1628 678 1654 3.
697 1619 729 1649 D.
753 1619 789 1648 de
813 1619 917 1648 admin.
937 1626 1020 1647 tutor.
1053 1618 1088 1646 de
1107 1617 1260 1660 honorariis

157 1657 296 1688 tutoribus
317 1659 450 1695 loquens:
475 1657 538 1687 Dati
557 1657 619 1686 sunt
638 1657 714 1686 enim
734 1656 807 1693 quasi
825 1657 1011 1686 observatores
1031 1656 1107 1685 aetus
1134 1655 1260 1698 ejus-2&

158 1695 296 1725 custodes.
336 1695 408 1725 Nam
424 1695 549 1725 custodes
569 1702 646 1724 erant
668 1695 780 1732 proprie
794 1695 947 1730 juvenum.
970 1700 1000 1722 ut
1018 1703 1052 1722 ex
1071 1692 1129 1722 Cic.
1149 1693 1261 1722 Servms

157 1733 298 1768 declarat,
320 1732 420 1770 quibus
440 1734 476 1762 ad
492 1733 620 1762 militiam
633 1732 762 1762 euntibus
779 1741 853 1761 anno
865 1732 954 1769 primo
972 1731 1104 1760 Rectores
1118 1730 1259 1759 darentur.

158 1770 242 1801 Unde
258 1772 284 1801 &
304 1771 350 1808 qui
367 1771 530 1808 quempiam
547 1770 691 1803 observat,
709 1779 745 1798 ne
762 1770 827 1806 quid
839 1769 1002 1808 suffuretur,
1024 1768 1121 1797 Custos
1138 1767 1261 1805 appella-

158 1816 213 1839 tur.
254 1809 312 1839 Cic.
322 1816 348 1845 7.
362 1808 436 1838 Verr.
451 1813 495 1844 ⁶3-
518 1808 604 1845 Quod
619 1807 667 1836 ubi
683 1807 725 1836 isti
748 1808 907 1837 nuntiatum
925 1807 963 1836 est
984 1806 1128 1843 (loquitur
1147 1807 1182 1834 de
1195 1805 1262 1834 Ver-

159 1856 206 1879 te,
226 1847 252 1876 ἀ
271 1855 340 1875 nave
359 1846 522 1883 praedonum
540 1846 642 1883 capta)
662 1845 750 1874 statim
769 1845 904 1881 Quaestori
919 1844 1066 1881 legatoque
1075 1843 1122 1872 suo
1133 1843 1260 1873 custodes

159 1884 231 1914 misit
253 1883 430 1921 complures,
458 1891 490 1914 ut
518 1885 614 1914 omnia
635 1882 683 1912 sibi
705 1883 811 1920 integra
832 1883 1037 1921 quamprimum
1053 1880 1259 1911 exhiberentur.

161 1922 348 1952 Hotomanus.

141 1960 239 1990 Custos
251 1960 279 1989 in
289 1960 392 1989 vitibus
402 1959 447 1996 qui
457 1959 582 1996 dicatur,
604 1958 723 1988 ostendit
733 1957 872 1987 Columel.
884 1957 932 1987 lib.
944 1968 971 1993 4.
991 1966 1052 1993 cap.
1064 1965 1110 1986 21.
1135 1955 1203 1985 Plin.
1214 1955 1262 1985 lib.

163 2008 206 2035 ¹7-
220 2008 282 2035 cap.
293 2007 338 2028 22.
361 1997 395 2026 Et
405 1998 451 2034 qui
464 2004 578 2027 vocatur
588 1997 686 2027 custos.
723 1996 778 2026 Hic
793 1995 831 2025 cst
841 1995 967 2025 novellus
981 1994 1088 2033 palmes
1098 2016 1107 2030 ,
1127 2003 1185 2023 non
1204 1993 1265 2023 lon-

161 2037 220 2074 gior
229 2036 316 2065 tribus
325 2036 452 2073 gemmis.
1098 2068 1103 2076 ο

103 2074 300 2104 CUST6D10
311 2096 319 2108 ‚
341 2071 493 2110 [φυλαὶ-ἦα,
508 2070 701 2109 &grimuni-fia,-
719 2071 822 2108 φξουςέω
835 2093 843 2106 ,
873 2064 1065 2107 Quaestus,
1094 2068 1190 2104 ρύομωι]
1211 2071 1263 2098 Ire.

140 2113 263 2142 Servare.
302 2111 370 2141 Plin.
387 2110 435 2140 lib.
454 2119 497 2140 12.
526 2120 587 2148 cap.
603 2121 644 2144 14·
686 2109 769 2138 Plaut.
789 2108 869 2146 Capt.
889 2117 914 2143 3.
931 2118 955 2143 ς.
976 2118 1021 2143 71.
1054 2107 1145 2150 Noctu
1174 2116 1262 2136 nervo

139 2151 251 2179 vinctus
261 2149 452 2179 custodibitur.
494 2149 611 2185 Antique
620 2148 691 2177 dixit
702 2146 890 2176 Custodibitur
900 2168 908 2180 ,
929 2156 979 2183 pro
992 2145 1176 2175 custodietur.

141 2188 284 2218 Custodire
297 2186 332 2216 se.
355 2186 415 2217 Cic.
427 2196 454 2222 9.
467 2185 541 2216 Fam.
556 2196 598 2222 14.
621 2186 674 2215 Fac
683 2192 713 2215 ut
723 2183 930 2222 diligentissime
943 2182 1072 2221 teipsum,
1088 2182 1127 2211 mi
1137 2180 1264 2210 Dolabel-

160 2225 170 2254 l
217 2225 363 2255 custodias.
1179 2256 1184 2262 .

137 2235 244 2298 Τιῗέτί,
266 2262 440 2298 defendere,
461 2260 620 2296 custodire,
643 2260 873 2298 incolumemque
885 2258 989 2289 servare
999 2257 1130 2295 aliquem.
1152 2256 1211 2287 Cic.
1219 2265 1261 2286 10.

161 2301 232 2331 Phili
277 2323 282 2330 .
303 2304 349 2330 26.

142 2311 272 2376 Aliquei’ili
280 2338 314 2368 ab
328 2338 439 2374 iniuria.
460 2335 580 2372 Quintil.
592 2335 641 2366 lib.
653 2345 678 2366 2.
689 2345 750 2374 cap.
762 2343 789 2365 2.

143 2377 322 2407 Brevitatem.
345 2376 413 2405 Plin.
430 2385 453 2404 1.
467 2374 550 2411 Epist.
560 2384 604 2403 20.

143 2413 454 2445 Discriminaordinum.
481 2412 548 2442 Plio.
562 2422 587 2446 9-
600 2411 680 2450 Epist.
691 2420 718 2446 9.
984 2446 991 2453 ⁶
1069 2446 1074 2452 ¹
1195 2445 1201 2451 .
1246 2445 1253 2451 ⁶

142 2452 264 2484 Morem.
304 2450 370 2480 Plin.
381 2450 430 2480 lib.
446 2459 487 2484 14.
501 2460 562 2487 cap.
577 2459 619 2479 12.
641 2447 794 2478 Romulum
803 2446 873 2476 laete
892 2456 950 2475 non
966 2455 1031 2476 vino
1055 2444 1151 2476 libass‘e
1164 2467 1173 2482 ,
1193 2445 1265 2476 indi-

164 2490 209 2519 cio
219 2489 282 2519 sunt
292 2487 363 2518 sacra
373 2488 408 2518 ab
418 2498 452 2518 eo
467 2488 589 2517 instituta
600 2509 609 2523 ,
629 2497 690 2525 quae
700 2487 786 2516 hodie
795 2485 955 2517 custodiunt
963 2493 1080 2515 morem.

143 2528 257 2558 Nomen
266 2526 331 2556 loci.
354 2526 422 2556 Plin.
434 2525 482 2555 lib.
494 2534 537 2563 37.
550 2535 610 2563 cap.
624 2535 651 2561 7.

144 2565 347 2596 Parsimoniam.
369 2563 440 2594 Gell.
457 2563 505 2593 lib.
521 2573 544 2592 1.
560 2573 620 2600 cap.
635 2572 682 2598 24.

144 2603 269 2634 Salutem
282 2602 409 2638 alicujus.
431 2601 488 2630 Cic.
504 2611 554 2638 pro
565 2601 654 2630 Plane.
667 2609 708 2638 pr.

146 2641 233 2670 Verba
242 2640 379 2669 custodire
391 2638 483 2670 clauso
496 2649 551 2668 ore.
572 2639 636 2668 Sen.
648 2639 809 2675 Agamemn.
819 2645 845 2674 7.

144 2678 270 2709 Sollicite
282 2678 396 2714 aliquid.
414 2675 593 2713 Quintil.lib.
610 2687 633 2712 5.
649 2686 709 2713 cap.
727 2685 768 2710 14.
993 2710 1000 2717 .
1060 2711 1066 2718 .
1089 2711 1094 2717 .
1119 2711 1125 2718 .
1215 2711 1220 2717 .

143 2716 252 2747 Litteris
264 2716 399 2745 custodire
408 2724 491 2752 quaea
502 2713 617 2744 summis
631 2713 785 2743 oratoribus
803 2711 839 2741 de
857 2711 1018 2749 eloquentia
1038 2711 1172 2741 divinitus
1192 2710 1266 2740 dieta

164 2754 236 2784 sunt.
260 2753 318 2783 Cic.
330 2763 355 2782 2.
365 2753 400 2782 de
413 2753 489 2782 Orat.
504 2755 548 2786 76.

145 2791 437 2824 Memoriacustodire.
477 2789 537 2820 Cic·
552 2799 575 2820 1.
587 2789 623 2819 de
633 2788 710 2819 Orat.
723 2797 768 2825 27.
791 2786 868 2817 Poffe
878 2787 1022 2825 percipere
1041 2786 1153 2822 animo,
1175 2788 1201 2816 ἃς
1218 2795 1266 2815 cu-

165 2830 266 2860 stodire
275 2829 418 2858 memoria.

145 2868 285 2899 Memoria
295 2866 443 2896 hominum
456 2864 594 2895 custodiri.
635 2863 704 2893 Plin.
716 2863 764 2892 lib.
780 2867 822 2892 16.
832 2872 895 2900 cap.
908 2873 953 2898 ⁴4·
977 2862 1077 2892 Verum
1089 2871 1124 2891 ex
1139 2861 1190 2896 his,
1200 2870 1266 2897 quas

165 2905 303 2935 memoria
313 2904 462 2934 hominum
469 2902 588 2932 custodit
603 2923 612 2938 ‚
632 2902 734 2931 durant
744 2902 772 2930 iri
784 2901 925 2930 Liternino
937 2900 1055 2930 Africani
1073 2900 1172 2937 prioris
1183 2908 1266 2928 manu

207 2954 211 2959 .
283 2952 299 2970 v
324 2964 332 2972 1

146 2943 382 3017 Cffsist‘gci'ilbiepro
392 2977 551 3008 Observare.
573 2975 710 3007 Columel.
729 2975 776 3005 lib.
792 2985 816 3011 3.
832 2985 893 3013 cap.
913 2984 954 3003 10.
978 2974 1097 3018 Quintil.
1111 2973 1158 3003 lib.
1167 2984 1194 3017 .⁴·
1203 2983 1265 3012 cap.

170 3030 194 3049 x.
219 3019 250 3048 Et
260 3017 380 3047 custodit
389 3026 439 3045 nos
450 3026 547 3045 recens
563 3015 738 3045 audientium
752 3014 882 3043 intentio.
919 3012 961 3042 De
969 3012 1085 3041 exordio
1097 3012 1227 3048 loquitur.

148 3057 293 3087 custodire
304 3055 427 3092 aliquem
439 3075 447 3088 ‚
469 3061 551 3091 atque
560 3053 712 3082 observare.
743 3052 802 3081 Cic.
816 3051 851 3081 de
862 3051 939 3080 Petit.
955 3050 1035 3080 Coris.
1046 3059 1092 3086 43.
1114 3050 1167 3079 Fac
1178 3050 1270 3086 itaque

167 3102 199 3124 ut
212 3094 239 3123 se
247 3094 295 3123 abs
308 3100 334 3122 te
343 3091 474 3122 custodiri
484 3099 565 3128 atque
576 3090 711 3119 observari
723 3089 815 3119 sciant.
1109 3125 1115 3131 ι
1202 3125 1207 3131 ,

147 3133 233 3162 Oculi
251 3133 364 3161 &aures
376 3129 503 3158 omnium
514 3136 542 3158 te
553 3128 727 3165 speculantur
739 3129 765 3163 ἃ
775 3126 944 3156 custodiunt.
981 3125 1039 3154 Cic.
1064 3135 1088 3155 1.
1107 3135 1136 3154 in
1148 3124 1228 3154 Catil.
1238 3127 1265 3154 6.

169 3170 326 3200 Multorum
335 3175 362 3197 te
375 3167 459 3196 etiam
469 3167 543 3196 oculi
556 3168 582 3196 δι
592 3175 669 3195 aures
681 3175 740 3194 non
754 3164 931 3200 sentientem,
945 3163 1012 3193 sicut
1027 3162 1118 3193 adhuc
1131 3162 1266 3198 fecerunt,

165 3206 383 3245 speculabuntur
397 3211 479 3241 atque
489 3204 653 3234 custodient.
870 3240 874 3245 Ι
893 3239 900 3245 ι
976 3239 981 3245 .
1132 3238 1137 3244 ”
1153 3238 1158 3244 Π

149 3245 248 3276 Oculis
266 3243 384 3274 civitatis
402 3243 427 3271 &
441 3243 594 3271 amicorum
615 3240 750 3270 fidelitate
770 3239 910 3269 custodiri.
950 3238 1008 3268 Cic.
1025 3248 1068 3268 12.
1090 3237 1210 3276 Philipp.
1223 3247 1267 3268 22.

169 3283 223 3313 Hic
242 3291 327 3320 quum
349 3281 378 3309 in
395 3280 469 3309 Urbe
489 3279 573 3309 effem
588 3288 621 3308 ac
638 3279 715 3307 domi
729 3299 736 3311 ,
757 3284 850 3306 tamen
870 3276 957 3306 multa
975 3276 1046 3319 saepe
1064 3282 1173 3319 tentata¹
1187 3275 1267 3319 sunt,

168 3321 217 3351 ubi
236 3329 281 3349 rne
304 3329 360 3347 non
381 3317 470 3347 solum
489 3318 643 3347 amicorum
660 3315 797 3351 fidelitas,
825 3314 872 3344 sed
889 3316 974 3344 etiam
996 3313 1128 3343 universae
1149 3314 1269 3343 civitatis

169 3357 245 3388 oculi
255 3356 422 3386 custodiunt.

150 3397 298 3426 Sermones
308 3393 456 3423 custodire.
477 3393 567 3422 Tacit.
577 3401 603 3420 2.
620 3391 687 3421 Hist.
706 3400 748 3425 52.
771 3390 788 3419 i.
805 3399 829 3420 e.
852 3388 1004 3432 Observare
1015 3390 1040 3419 &
1053 3396 1173 3427 captare.

152 3434 296 3464 Custodire
317 3432 438 3468 aliquem
449 3452 457 3466 ,
478 3431 516 3460 est
533 3430 637 3459 Cavete
649 3429 696 3458 sibi
708 3429 742 3458 ab
757 3437 800 3456 eo.
843 3426 960 3463 Quintil.
979 3438 1004 3461 4.
1021 3437 1094 3470 2.·p.
1107 3435 1168 3462 ³33-
1198 3427 1269 3464 Quae

172 3472 191 3501 si
205 3471 283 3501 aliter
297 3471 370 3499 dieta
388 3468 489 3503 essent,
510 3468 623 3505 strepitu
635 3466 725 3504 ipsum
742 3465 863 3501 judicem
875 3487 883 3499 ,
905 3466 938 3493 ad
955 3464 1167 3493 custodiendum
1178 3474 1272 3502 patro-

171 3519 261 3545 num,
280 3506 452 3538 excitassent.
492 3505 545 3535 Ubi
566 3506 657 3534 Burni.
680 3503 824 3533 Custodire
845 3510 993 3540 patronum
1006 3523 1014 3537 ,
1040 3502 1078 3531 est
1099 3502 1269 3538 Observare,

172 3556 272 3577 cavere
281 3556 316 3575 ne
327 3546 400 3575 fraus
410 3544 458 3582 ipsi
475 3543 521 3573 fiat
533 3550 684 3581 apatrono.
707 3542 786 3571 Adde
803 3540 923 3577 Quintil.
938 3539 1007 3569 ibid.
1029 3551 1057 3578 p.
1071 3548 1134 3576 351.
1147 3541 1173 3570 81.
1183 3540 1270 3571 Ovid.

154 3584 396 3655 Οῇᾒοξξέἓῶὶείὲ,
416 3618 524 3657 imperf.
561 3618 637 3647 Suet.
648 3617 741 3646 Tiber.
753 3624 780 3653 7.
802 3615 839 3644 Ut
849 3614 1016 3644 custoditum
1027 3614 1073 3649 iit,
1095 3623 1130 3643 ne
1147 3625 1271 3653 unquam

174 3659 325 3699 posthaciri
336 3655 707 3696 conspeetumejusveniret.
739 3655 758 3683 i.
771 3663 795 3683 e.
821 3653 960 3688 Cautum,
981 3652 1163 3683 observatum.

119 3700 387 3732 CusToniTus,
409 3705 443 3730 a,
466 3705 521 3724 urii.
548 3693 643 3722 Panic.
661 3699 692 3721 ut

158 3733 286 3766 Codicilli
298 3733 435 3762 custoditi.
454 3733 528 3762 Suet.
539 3731 632 3761 Tiber.
648 3739 691 3763 ς1.
1104 3764 1110 3770 .

157 3775 255 3804 Honos
263 3771 422 3800 custoditus.
453 3771 519 3800 Plin.
537 3773 578 3798 16.
592 3781 618 3804 4.
641 3766 786 3797 Custodito
796 3772 889 3795 tamen
900 3764 1006 3795 honore
1016 3764 1134 3803 glandis.

158 3811 262 3842 Modus
273 3808 431 3837 custoditus.
453 3808 520 3837 Plin.
533 3817 576 3836 20.
593 3815 631 3840 ις.
700 3842 705 3848 ¹

158 3849 242 3878 Poma
253 3856 267 3875 a
279 3847 398 3874 dracone
407 3846 479 3874 male
488 3845 631 3874 custodita.
652 3841 736 3871 Ovid.
748 3851 774 3876 9.
786 3840 855 3870 Met.
867 3849 929 3875 190.

158 3884 398 3915 Vaccacustodita.
424 3884 496 3920 Virg.
509 3889 534 3916 8.
554 3882 688 3912 AEnmg.
851 3918 855 3919 .
1068 3896 1112 3925 ι

158 3924 236 3993 vice?
249 3930 407 3990 iempcirum
418 3921 555 3952 custoditi.
576 3918 656 3957 Apul.
670 3918 704 3948 de
712 3915 822 3947 Mundo
832 3926 861 3954 p.
875 3923 940 3954 734.

246 3969 296 3990 oi..
351 3980 358 3990 .

1307 452 1330 482 C
1341 462 1358 481 u
1368 463 1380 482 s
1390 464 1409 482 T
1418 459 1435 484 ὃ
1446 467 1463 484 o
1472 460 1486 485 Ξ
1498 468 1514 485 L
1523 468 1540 486 A
1554 480 1561 491 ,
1584 469 1615 488 ue.
1638 460 1656 489 f.
1677 470 1692 489 a
1704 463 1841 492 veteribus
1852 463 1981 493 Custodia
1993 465 2145 497 dicebatur.
2156 456 2268 498 festus.

1346 491 1440 521 Acrior
1452 495 1600 537 custodela.
1623 498 1702 534 Apul.
1719 510 1759 528 io.
1775 501 1841 529 Met.
1857 511 1883 538 p.
1898 511 1962 536 ²45-

1347 527 1475 574 Salut-aris
1487 534 1634 563 custodela.
1658 535 1733 565 lderii
1747 548 1768 570 ο.
1787 538 1855 566 Met.
1869 538 1917 567 sub
1931 540 2050 569 initium.
2092 541 2271 579 Frequentius

1342 574 1526 633 ιζέὶζὸιῗοιᾼ,
1547 581 1578 600 ae.
1600 572 1618 600 f.
1639 573 1781 609 [φυλακὴ
1803 578 1951 612 domm-cx,
1970 576 2068 613 Cetei,
2085 580 2188 615 βόαμα]
2209 580 2268 618 lpse
2288 581 2463 613 custodiendi

1347 641 1452 672 Canum
1465 645 1588 674 custodia
1602 646 1665 675 iida.
1688 645 1746 677 Cic.
1759 658 1782 678 2.
1797 650 1833 679 dc
1844 649 1908 679 Nat.
1922 650 2003 680 Dcor.
2017 659 2077 688 158.

1346 677 1460 724 Jullitiae
1468 681 1522 710 fida
1535 683 1668 727 custodia.
1709 686 1767 716 Cic.
1782 697 1808 716 2.
1821 687 1856 715 de
1869 687 1927 717 Fin.
1959 688 2029 719 Inest
2040 692 2075 720 ad
2092 691 2242 723 humanam
2253 693 2464 729 societatemiu-

1367 717 1444 746 stitia*
1456 718 1507 748 fida
1518 721 1651 749 custodia.

1348 753 1570 792 Paedagogorum.
1594 759 1713 793 Quintil.
1727 759 1774 790 lib.
1790 771 1877 799 neap
1901 772 1916 792 2

1348 791 1509 829 Religionis.
1532 794 1650 831 Quint-ii.
1663 797 1710 825 lib.
1724 801 1749 826 6.
1764 808 1824 836 cap.
1844 808 1866 828 1.
1881 785 1886 792 ⁸
1917 786 1926 793 ο

1348 829 1449 859 Salutis
1460 831 1576 865 alicuius
1585 833 1717 862 custodia.
1740 835 1798 865 Cic.
1815 847 1865 874 pro
1877 837 1965 867 Plane.
1977 848 2004 867 2.
2026 839 2120 876 Itaque
2130 851 2184 871 non
2194 844 2353 877 extimesco„
2367 855 2401 874 ne
2412 846 2464 877 Cn.

1367 867 1479 933 figi-icio
1490 870 1611 935 cilistodia
1620 880 1688 900 mete
1700 871 1790 902 lalutis
1803 875 1876 912 apud
1888 885 1936 905 cos
1947 876 2076 914 obiit,qui
2085 880 2220 917 meipsum
2231 884 2352 912 maxime
2364 883 2467 914 salvum

1368 915 1395 934 vi
1420 915 1465 934 cre
1475 917 1509 935 vo
1525 916 1632 937 uerunt.

1348 942 1397 972 Sui
1408 944 1537 987 custpdia.
1559 945 1627 974 Cels.
1640 946 1686 975 lib.
1699 955 1725 976 2.
1736 956 1797 984 cap.
1810 957 1835 977 2.
1859 949 1907 978 iile
1919 950 2058 981 sollicitari
2070 953 2163 989 debet,
2182 956 2227 984 cui
2241 957 2299 986 haec
2313 967 2384 988 nova
2396 959 2456 989 sunt

1370 988 1474 1024 autqui
1484 982 1529 1026 ista
1540 992 1680 1027 nunquam
1690 984 1744 1013 fine
1757 986 1880 1016 custodia
1892 987 1932 1031 sui
1942 995 1999 1031 tuta
2015 990 2119 1021 habuit.
2156 993 2173 1021 i.
2186 1002 2209 1021 c.
2232 995 2297 1024 Sine
2313 1005 2411 1033 magua
2422 983 2469 1027 ad:

1370 1018 1457 1047 hibita
1472 1019 1614 1057 diligentia
1626 1030 1698 1050 circa
1708 1031 1801 1051 curam
1812 1024 1988 1055 valetudinis.

1351 1055 1577 1131 Izrlivaiauerpdil‘pealm
1584 1058 1794 1125 gotezebrarum
1805 1070 1837 1090 ae
1850 1063 1988 1100 parietum
2005 1064 2138 1096 custodiis
2158 1073 2260 1105 tegere.
2283 1070 2341 1100 Cic.
2355 1081 2406 1109 pro
2420 1071 2471 1102 Ra-

1416 1115 1422 1122 .
1554 1106 1582 1124 .r
1626 1118 1633 1128 ,
1674 1106 1696 1125 1.

1353 1130 1437 1160 Dura.
1463 1132 1526 1175 Hor.
1546 1143 1567 1162 i.
1583 1133 1665 1171 Epist.
1680 1143 1702 1163 1.
1714 1143 1759 1164 22.
1894 1151 1933 1157 -—
1946 1145 1976 1167 ut
1986 1139 2063 1176 piger
2072 1149 2160 1171 annus

1434 1169 1547 1206 Pupillis
1559 1192 1566 1203 ,
1587 1180 1656 1207 quos
1673 1171 1738 1201 dura
1750 1173 1852 1210 premit
1864 1175 1987 1205 custodia
2003 1185 2131 1208 matrum.

1352 1205 1733 1275 Spggrtsspggtogssirpplpsudum.
1774 1210 1846 1249 Virg.
1858 1222 1884 1247 4.
1898 1212 1997 1251 Georg.
2015 1224 2077 1251 327.
2111 1218 2130 1246 i.
2142 1226 2168 1246 e.
2189 1217 2314 1256 Diligens
2335 1221 2361 1250 &
2382 1223 2472 1258 perita

1352 1280 1459 1325 Ponere
1469 1281 1590 1326 aliquem
1600 1284 1629 1312 in
1643 1284 1773 1314 custodia.
1811 1285 1872 1316 Cic.
1887 1297 1938 1323 pro
1950 1288 2060 1318 Muren.
2074 1293 2119 1325 64.
2143 1291 2238 1329 Quum
2249 1294 2280 1323 in
2294 1294 2417 1330 ejusdem
2427 1306 2475 1326 an-

1370 1328 1403 1363 ‘ni
1416 1319 1537 1349 custodia
1549 1328 1577 1349 te
1589 1329 1670 1358 atque
1683 1321 1711 1351 L.
1723 1322 1871 1353 Murenam
1881 1325 1994 1356 fortuna
2005 1327 2144 1365 posuisset.

1354 1355 1482 1386 Liberare
1490 1358 1622 1388 custodiis
1635 1360 1765 1397 corporis.
1804 1361 1836 1390 ln
1859 1372 1873 1390 t
1883 1373 1892 1390 1
1902 1373 1917 1391 B
1925 1373 1939 1392 1.
1947 1373 1972 1393 a.

1355 1393 1547 1439 Traderesein
1559 1396 1844 1428 custodiam-alterius.
1866 1399 1951 1430 Plaut.
1963 1401 2042 1431 Most.
2056 1412 2081 1433 2.
2099 1413 2121 1432 1.
2135 1414 2179 1440 ς9.

1353 1431 1486 1475 Custodia
1501 1455 1508 1467 ,
1531 1433 1574 1463 vel
1593 1434 1745 1478 Custodiae,
1766 1433 1937 1473 [ὣςνωόςω]
1957 1449 2006 1476 pro
2027 1440 2193 1472 Custodibus
2215 1444 2242 1473 8(
2261 1445 2472 1482 apparitoribus.

1375 1470 1433 1513 Cic:
1447 1481 1469 1505 ς.
1483 1470 1613 1514 Verr360.
1637 1472 1930 1516 Equitem-Romanum
1940 1476 2036 1506 scitote
2047 1478 2164 1508 biduum
2182 1480 2246 1509 cibo
2268 1485 2397 1519 tectoque
2415 1494 2477 1520 pro·

1373 1508 1494 1537 bibitum
1509 1518 1516 1538 :
1540 1509 1655 1538 biduum
1676 1510 1818 1540 Leontinis
1836 1513 1864 1540 in
1890 1513 1950 1542 foro
1963 1515 2092 1546 custodiis
2108 1518 2220 1553 Apronii
2237 1527 2375 1550 retentum
2393 1530 2476 1556 atque

1375 1544 1520 1575 servatum.
1562 1546 1644 1576 Paulo
1655 1548 1714 1585 post
1726 1549 1902 1586 Apparitores
1916 1559 2006 1582 vocat.

1356 1583 1439 1612 Aeres
1454 1584 1592 1613 custodiat.
1617 1584 1704 1615 Tacit.
1719 1596 1742 1615 1.
1759 1588 1828 1617 Ann.
1845 1599 1869 1623 5.

1357 1619 1437 1655 vigil.
1460 1621 1544 1650 Ovid.
1566 1631 1606 1650 12.
1624 1622 1691 1652 Met.
1708 1629 1769 1659 148.

1355 1657 1420 1687 Tuo
1428 1658 1548 1688 adventu
1559 1659 1654 1697 vigilat
1664 1661 1796 1690 custodia.
1817 1662 1906 1693 Catui.
1919 1667 1964 1694 60.
1987 1674 2032 1703 η.

1356 1695 1507 1740 Defendite
1516 1697 1600 1726 vestra
1612 1700 1683 1727 tecta
1694 1699 1825 1729 custodiis
1834 1701 1994 1740 vigiliisque.
2018 1703 2075 1734 Cic.
2088 1713 2114 1734 2.
2135 1704 2165 1734 in
2178 1706 2259 1737 Catil.
2272 1711 2318 1739 26.

1357 1733 1441 1762 Ducit
1452 1737 1562 1763 noctem
1573 1735 1858 1767 custodiainsomnem
1871 1739 1946 1769 ludo.
1968 1741 2039 1778 Virg.
2053 1752 2078 1778 9.
2093 1742 2154 1772 [En.
2168 1749 2227 1773 16⁶.

1356 1770 1464 1843 Nfflnigri
1481 1771 1602 1808 aliquem
1619 1772 1713 1803 locum
1731 1775 1879 1812 przesidiis,
1900 1778 2049 1815 custodiis,
2070 1781 2232 1818 vigiliisque.
2260 1783 2321 1813 Cic.
2337 1794 2360 1815 1.
2380 1786 2409 1814 in
2428 1785 2480 1816 Ca-

1356 1845 1483 1876 Polliceri
1497 1847 1629 1877 excubias
1640 1850 1666 1878 &
1677 1850 1813 1880 custodias
1825 1850 1915 1881 a'licui.
1938 1852 1997 1883 Cic.
2013 1864 2062 1892 pro
2075 1855 2188 1885 Marcel.
2207 1866 2249 1893 33.

1358 1883 1489 1914 Custodia
1501 1907 1508 1919 ,
1531 1883 1741 1922 [hemmezur]
1758 1888 1867 1919 carcer.
1912 1889 2050 1921 Coiumel.
2065 1893 2111 1921 lib.
2125 1903 2145 1922 i.
2170 1894 2204 1923 Ut
2213 1895 2361 1933 explorent
2375 1907 2410 1928 an
2420 1898 2480 1928 dili-

1377 1924 1714 1999 {istielibinaclacglpt'ran
1732 1925 1796 1963 ipsae
1812 1926 1890 1957 sedes
1905 1929 2034 1958 custodiae
2056 1930 2120 1960 satis
2138 1938 2207 1962 tuta:
2228 1935 2396 1972 munitaeque
2416 1936 2477 1967 sint.

1358 1996 1456 2027 Libera
1469 1998 1600 2028 custodia.
1642 1999 1739 2029 Vellei.
1754 2010 1776 2029 1.
1790 2011 1802 2030 1
1811 2011 1833 2031 1.
1857 2001 1917 2031 Post
1927 2003 2031 2032 vidtum
2041 2012 2209 2043 captumque
2222 2007 2316 2039 Persen
2327 2031 2335 2043 ,
2357 2010 2403 2046 qui
2416 2020 2482 2048 qua.

1349 2045 1351 2049 ’
1378 2035 1506 2064 driermio
1522 2037 1580 2074 post
1591 2037 1620 2065 in
1630 2036 1717 2067 libera
1729 2039 1940 2070 custodia.Albae
1954 2041 2076 2072 decessit.
2118 2043 2172 2073 Ubi
2190 2045 2302 2076 Bsecler.
2327 2047 2421 2077 Libera
2434 2059 2482 2079 cu-

1378 2073 1465 2102 stodia
1475 2074 1532 2109 est,
1555 2084 1614 2111 quae
1624 2076 1688 2104 viris
1706 2076 1879 2114 principibus
1898 2085 1946 2107 aut
1966 2079 2138 2116 dignioribus
2157 2082 2239 2112 datur
2257 2085 2332 2122 apud
2346 2087 2484 2123 magistra-

1379 2117 1439 2140 tum
1451 2133 1459 2146 ‚
1481 2118 1528 2141 aut
1540 2111 1687 2142 militarem
1699 2123 1820 2149 manum,
1842 2115 1886 2144 vel
1897 2116 1926 2144 iri
1942 2118 2112 2155 municipiis.
2156 2120 2188 2149 Et
2198 2121 2236 2149 ita
2250 2121 2354 2152 Sallust.
2369 2116 2482 2154 Catilin.

1379 2157 1441 2186 cap.
1455 2155 1500 2184 48.
1521 2149 1638 2193 Senatus
1650 2150 1796 2185 decernit,
1816 2153 1857 2182 uti
1883 2154 2012 2183 abdicato
2035 2156 2208 2193 magistratu,
2231 2158 2383 2195 Lentulus,
2405 2162 2485 2190 item-

1378 2195 1433 2253 qpe
1443 2187 1810 2253 ‚eetg‘ifflibe‘iscfflfflss
1828 2190 2002 2221 haberentur.
2044 2192 2074 2222 V.
2098 2193 2138 2223 ibi
2152 2195 2194 2225 Cl.
2210 2195 2301 2227 Waff.
2321 2199 2347 2228 &
2363 2197 2434 2236 Lips.
2445 2199 2482 2229 ad

1409 2230 1470 2253 acit.
1506 2247 1512 2253 .
1548 2234 1594 2254 nn.
1613 2234 1638 2260 3.

1360 2261 1494 2291 Liberalis
1504 2262 1635 2292 custodia.
1662 2263 1680 2292 i.
1690 2273 1716 2292 e.
1734 2263 1838 2294 Libera.
1861 2264 1918 2294 Cic.
1931 2265 1967 2295 de
1975 2265 2046 2296 Clar.
2057 2266 2134 2298 Orat.
2149 2277 2212 2306 330.

1361 2299 1479 2328 Militari
1489 2300 1612 2329 custodia
1622 2300 1727 2330 haberi.
1749 2300 1840 2332 Tacit.
1855 2311 1879 2338 3.
1891 2304 1962 2333 Ann.
1976 2313 2020 2333 22.

1360 2336 1483 2367 Publica.
1506 2337 1564 2367 Cic.
1580 2347 1603 2366 1.
1618 2338 1653 2374 Q.
1668 2338 1729 2367 frat.
1744 2348 1770 2368 2.

1361 2373 1456 2411 Regia.
1480 2374 1617 2418 ⁸Cic.pro
1632 2375 1720 2405 Rabir.
1734 2376 1799 2405 Post.
1813 2386 1858 2406 22.
1881 2377 1913 2406 At
1924 2377 2058 2408 dioecetes
2074 2379 2126 2409 fuit
2146 2382 2251 2420 regius,
2275 2384 2302 2414 ἅ
2322 2385 2438 2419 quidem
2454 2387 2485 2416 in

1378 2411 1505 2441 custodia
1513 2413 1595 2441 etiam
1604 2412 1737 2449 fuitregia
1747 2436 1755 2448 ,
1777 2415 1802 2444 Sc
1811 2416 1866 2444 vira
1878 2416 1937 2451 ejus
1947 2416 2039 2446 oblata
2049 2427 2142 2454 poetiae
2154 2419 2200 2450 est.

1362 2449 1448 2486 Agere
1462 2449 1515 2480 live
1531 2451 1547 2479 A
1571 2451 1636 2479 itate
1645 2450 1804 2480 custodiam.
1843 2452 1874 2482 ln
1895 2463 1942 2482 AG
1952 2463 1978 2482 ο.

1363 2487 1494 2516 Asservari
1508 2497 1542 2517 cu
1568 2488 1649 2517 odiis.
1691 2489 1721 2518 lii
1744 2500 1761 2518 A
1772 2499 1803 2518 ss
1813 2499 1827 2518 a
1836 2499 1850 2518 R
1859 2500 1877 2519 v
1886 2500 1913 2520 o.

1363 2525 1509 2554 Collocare
1520 2526 1548 2554 in
1560 2526 1690 2556 custodia.
1715 2526 1772 2556 Cic.
1784 2535 1809 2563 7.
1823 2527 1942 2566 Philipp.
1959 2538 2003 2564 19.

1362 2562 1494 2592 Condere
1505 2562 1624 2600 aliquem
1637 2564 1663 2592 iri
1676 2564 1837 2594 custodiam.
1859 2565 1949 2596 Tacit.
1963 2578 1988 2602 4-
2002 2567 2069 2596 Hist.
2083 2576 2110 2597 2.

1364 2599 1520 2637 constringi
1532 2601 1673 2631 custodiis.
1705 2601 1737 2631 in
1759 2611 1800 2631 co
1810 2612 1829 2631 N
1839 2612 1851 2632 s
1860 2613 1879 2632 1·
1888 2613 1904 2632 a
1915 2615 1924 2632 1
1935 2613 1955 2633 N
1965 2613 1983 2633 c
1992 2613 2017 2633 o.

1363 2638 1484 2667 Credere
1496 2638 1611 2673 alicuius
1619 2640 1773 2669 custodiam
1784 2640 1876 2670 alicui.
1917 2641 1947 2671 ln
1976 2651 1993 2670 c
2002 2652 2017 2669 a
2028 2651 2041 2670 11
2051 2652 2069 2670 n
2078 2651 2104 2671 0.

1363 2675 1435 2705 Dare
1446 2675 1472 2705 se
1483 2677 1519 2705 in.
1558 2676 1617 2706 Cic.
1631 2687 1653 2706 1.
1665 2677 1693 2705 in
1704 2677 1785 2706 Catil.
1799 2687 1840 2712 19.
1862 2678 1905 2708 Tu
1916 2679 2035 2717 teipsum
2046 2681 2078 2708 in
2088 2679 2240 2712 custodiam
2252 2682 2360 2715 dedisti.

1364 2713 1621 2750 Educerealiquem
1633 2723 1677 2743 ex.
1699 2714 1758 2744 Cic.
1775 2725 1796 2744 i.
1811 2716 1891 2745 Tuse.
1906 2727 1951 2751 71.

1364 2751 1460 2780 Emitti
1475 2760 1490 2780 e
1508 2752 1629 2781 custodia
1640 2751 1758 2781 &levari
1770 2754 1895 2783 vinculis.
1918 2754 1975 2784 Cic.
1988 2753 2102 2784 1.Tusc.
2121 2761 2181 2789 118.

1363 2788 1478 2825 Eripere
1489 2789 1608 2826 aliquem
1618 2799 1653 2819 ex
1663 2790 1786 2819 custodia
1797 2792 1821 2820 &
1835 2791 2004 2821 conservare.
2029 2792 2087 2821 Cic.
2102 2793 2135 2821 ad
2146 2793 2218 2823 Brut.
2235 2797 2261 2824 6.
2319 2808 2322 2811 ·

1365 2826 1467 2855 Haberi
1479 2827 1506 2855 in
1517 2827 1640 2856 custodia
1652 2848 1660 2861 ,
1680 2829 1706 2857 &
1718 2828 1747 2857 ln
1764 2829 1926 2858 custodiam.
1951 2829 2040 2858 Tacit.
2055 2840 2076 2858 1.
2090 2829 2156 2859 Hist.
2169 2836 2211 2866 58.

1364 2863 1512 2893 includere
1523 2864 1678 2901 aliquemin
1690 2865 1837 2895 custodias.
1860 2867 1919 2896 Cic.
1934 2877 1959 2903 7.
1973 2867 2046 2896 Verr.
2062 2876 2121 2901 ¹4³·

1365 2901 1501 2931 Mandare
1511 2902 1649 2931 custodire.
1681 2903 1781 2932 Patere.
1798 2903 1845 2932 lib.
1857 2914 1882 2933 2.
1894 2914 1938 2939 42.
1954 2913 1978 2940 3.
2000 2905 2112 2941 Aliquot
2124 2915 2206 2934 naves
2217 2928 2225 2939 ,
2246 2905 2401 2945 multosque
2412 2919 2486 2940 mor-

1386 2939 1454 2968 tales
1466 2940 1541 2977 cepit
1553 2949 1559 2968 ι
1580 2940 1768 2976 mandatisque
1777 2941 1906 2970 custodiae
1915 2951 1984 2979 quos
1995 2948 2123 2980 ceperat,
2144 2943 2174 2971 111
2187 2943 2342 2981 Bithyniam
2353 2950 2485 2984 perrexit.

1366 2976 1469 3006 Teneri
1481 2978 1509 3005 in
1521 2978 1659 3007 custodiis.
1681 2978 1786 3007 Sallust.
1800 2979 1827 3007 in
1837 2980 1918 3008 Catil.
1930 2990 1942 3013 ς
1952 2990 1973 3008 1.

1365 3014 1497 3089 Τκεάἑᾟ.
1523 3023 1570 3050 ut,
1591 3015 1745 3046 Hominem
1756 3017 2014 3054 comprehendere,
2035 3019 2062 3047 &
2076 3017 2106 3047 in
2116 3017 2269 3049 custodiam
2287 3021 2403 3051 tradere.
2425 3022 2484 3052 Cic.

1390 3063 1413 3082 1.
1462 3076 1467 3080 .
1492 3059 1539 3081 rat.
1554 3062 1578 3083 2.

1366 3090 1497 3119 Custodia
1509 3112 1517 3123 ,
1536 3091 1553 3125 s
1562 3087 1695 3126 «homi-m]
1716 3090 1789 3121 Reus
1801 3092 1846 3128 qui
1857 3092 2007 3121 custoditur
2016 3092 2045 3121 in
2058 3101 2164 3122 carcerc
2174 3115 2182 3129 ,
2205 3100 2251 3123 aut
2263 3104 2277 3123 a
2289 3095 2426 3126 militibus
2435 3097 2487 3127 ser-

1387 3134 1473 3157 vatur.
1495 3127 1609 3157 Sueton.
1621 3129 1648 3157 in
1660 3128 1762 3158 Domit.
1772 3139 1832 3166 cap.
1846 3139 1888 3164 14.
1911 3130 1944 3159 Et
1964 3130 1994 3159 D.
2006 3131 2045 3159 de
2053 3131 2119 3159 cust.
2131 3139 2200 3160 reor.
2216 3132 2252 3160 ita
2263 3131 2354 3162 scribit
2368 3134 2464 3164 Paulus
2476 3157 2485 3170 ,

1383 3165 1497 3195 Carceii
1511 3166 1668 3203 praepositus
1681 3188 1689 3201 ,
1712 3166 1729 3195 si
1744 3168 1835 3204 pretio
1847 3174 1992 3205 corruptus
2007 3190 2015 3201 ,
2038 3168 2220 3198 iiiicviiiculis
2232 3179 2312 3206 agere
2324 3172 2486 3208 custodiam,

1385 3203 1431 3232 vel
1444 3202 1547 3232 serrum
1558 3225 1565 3238 ,
1587 3203 1629 3232 vel
1643 3213 1782 3233 venenum
1794 3205 1822 3232 in
1835 3215 1972 3234 carcerem
1985 3205 2077 3234 inferi-i
2092 3205 2180 3243 paffus
2198 3207 2253 3235 cst:
2275 3208 2368 3238 officio
2386 3210 2488 3244 judicis

1387 3241 1546 3278 puniendus
1558 3241 1604 3270 est.
1626 3240 1735 3271 Ibidem
1745 3242 1862 3271 Terent.
1880 3243 2037 3272 Clemensl.
2051 3242 2100 3272 ult.
2123 3244 2150 3273 Si
2162 3245 2284 3274 custodia
2299 3246 2325 3275 se
2342 3247 2488 3276 interiece-

1387 3279 1423 3307 rit
1434 3300 1442 3312 ,
1464 3278 1508 3307 vel
1523 3279 1744 3315 praecipitaverit‚
1765 3279 1860 3309 militis
1870 3280 1958 3318 culpae
1970 3280 2142 3315 adscribitur,
2164 3283 2187 3311 6.-
2199 3282 2378 3320 castigabitur.
2401 3285 2488 3322 Quod

1389 3315 1407 3344 si
1422 3315 1478 3353 ipse
1489 3317 1579 3345 custos
1589 3316 1740 3345 custodiam
1752 3317 1920 3346 interfecerit
1932 3339 1939 3353 ,
1959 3318 2106 3347 homicidii
2120 3330 2180 3348 reus
2192 3320 2237 3349 est.

1368 3353 1505 3383 Custodiae
1516 3354 1601 3382 etiam·
1609 3355 1998 3392 vocabantur-publicanorum
2010 3377 2017 3391 ,
2040 3356 2216 3393 Quaeitinera
2232 3357 2428 3394 observabant,
2451 3370 2487 3390 rie

1388 3401 1495 3421 merces
1503 3391 1693 3423 eveherentur.
1706 3393 1832 3429 portorio
1845 3403 1899 3422 non
1913 3393 2011 3422 soluto.
2023 3393 2246 3424 CicdeProvinc.
2256 3396 2366 3425 Consul.
2376 3407 2415 3426 10.
2430 3398 2487 3428 Stu-

1386 3429 1440 3458 tuit
1463 3429 1497 3458 ab
1512 3430 1592 3457 initio
1608 3450 1616 3463 ,
1638 3431 1662 3458 Sc
1679 3430 1706 3458 in
1727 3440 1762 3459 eo
1781 3430 1982 3467 perseveravit,
2004 3432 2048 3467 jus
2062 3431 2212 3470 publicano
2232 3443 2288 3461 non
2307 3434 2399 3463 dicere
2412 3457 2418 3467 ,
2440 3446 2488 3465 cu.

1387 3467 1487 3495 ssodias
1499 3466 1620 3501 sustulit,
1640 3468 1782 3503 pactiones
1801 3467 1857 3497 sine
1882 3468 1938 3498 ulla
1956 3469 2056 3505 injuria
2079 3470 2165 3499 saetas
2187 3470 2312 3506 rescidit,
2338 3473 2486 3509 vectigales

1388 3505 1491 3533 multos
1502 3513 1533 3532 ac
1544 3504 1737 3541 stipendiarios
1748 3504 1883 3536 liberavit.

1370 3541 1518 3574 Custodia,
1539 3540 1594 3570 Ubi
1609 3543 1675 3577 quid
1693 3543 1854 3572 custoditur.
1896 3544 1952 3573 Cic.
1972 3544 2000 3572 in
2010 3543 2106 3573 Somn.
2120 3544 2193 3582 Scip.
2206 3553 2231 3580 7.
2253 3545 2347 3582 Quare
2369 3548 2396 3576 &
2418 3548 2486 3584 tibi,

1391 3579 1466 3608 Publi
1479 3600 1487 3613 ‚
1509 3580 1534 3608 81
1546 3579 1599 3615 piis
1609 3580 1738 3609 omnibus
1754 3581 1916 3610 retinendus
1927 3582 1965 3610 est
1976 3583 2083 3611 animus
2094 3583 2121 3610 in
2129 3582 2252 3611 custodia
2262 3585 2394 3620 corporis.

1370 3616 1519 3650 Custodia,
1555 3615 1642 3645 Locus
1662 3617 1709 3645 ubi
1733 3618 1859 3649 custodes
1884 3620 2013 3648 excubias
2029 3627 2121 3655 agunt.
2165 3620 2222 3648 Cic.
2241 3630 2282 3649 12.
2297 3621 2416 3660 Philipp.
2439 3632 2484 3658 24.

1388 3653 1483 3690 'ltaque
1497 3654 1524 3682 in
1538 3653 1626 3687 Urbe,
1647 3654 1664 3682 si
1676 3655 1711 3683 sic
1724 3655 1839 3691 licebit,
1861 3657 1997 3685 manebo:
2019 3657 2078 3685 haec
2088 3666 2150 3686 mea
2161 3656 2237 3686 sedes
2246 3658 2292 3693 est,
2314 3655 2374 3689 hice
2382 3661 2484 3698 vigilia,

1390 3692 1449 3720 haec
1459 3692 1583 3720 custodia
1592 3713 1600 3725 ‚
1621 3691 1675 3719 hoc
1685 3692 1838 3728 praesidium
1851 3694 1985 3722 stativum.

1334 3730 1647 3762 Cosa-onimium,
1670 3730 1685 3757 i.
1709 3740 1744 3759 111.
1768 3730 1872 3759 Custos.
1903 3731 2026 3767 lnscript.
2036 3737 2089 3760 vet.
2105 3731 2211 3761 Gruter.
2227 3742 2253 3769 p.
2264 3738 2308 3766 ⁴8-
2321 3744 2348 3762 ri.
2364 3744 2385 3763 1.
2408 3734 2487 3763 SAN-

1372 3765 1547 3795 CTISSIMO
1571 3765 1727 3796 HERCVLi
1747 3767 1904 3797 INVICTO
1934 3768 2091 3798 CORPOR.
2115 3769 2331 3800 CVSTODlAR.
2354 3771 2381 3800 L.
2404 3771 2488 3800 CVR-

1372 3803 1453 3832 Tivs
1476 3802 1733 3840 ABASCANTIVS,
1751 3806 1803 3834 διε.
1843 3805 1883 3841 [i.
1895 3815 1921 3835 e.
1941 3806 2073 3843 Corporis
2083 3807 2327 3838 Custodiariorum.
2367 3808 2423 3837 Nili
2434 3808 2487 3836 for-

1371 3848 1399 3869 te
1410 3840 1489 3869 aliter
1498 3840 1659 3877 legendum.

1336 3878 1359 3909 C
1370 3888 1386 3907 u
1397 3887 1534 3906 swooiA
1546 3888 1637 3906 111011
1653 3900 1660 3911 ,
1682 3879 1700 3907 i.
1723 3869 1756 3907 ri.>
1772 3878 1862 3908 Locus
1873 3900 1881 3913 ,
1901 3879 1949 3908 ubi
1960 3880 2028 3916 quid
2044 3880 2204 3911 custoditur.
2225 3882 2339 3912 Tertull.
2362 3882 2397 3911 ad
2418 3882 2489 3910 Niar-

1371 3923 1446 3951 tvres
1464 3924 1524 3953 cap.
1543 3925 1569 3946 2.
1589 3916 1687 3946 &adiu
1709 3916 1819 3952 ,Iudaeos
1833 3926 1891 3951 cap.
1906 3925 1930 3950 3.

1855 3954 1876 3986 Β
1887 3953 1903 3984 h
1916 3953 1984 3985 bbb
2004 3964 2022 3985 z

2355 3955 2488 3987 Cestii-
