2600 4177
472 142 500 176 C
599 143 627 178 A
724 145 743 179 S

77 223 162 253 filans
174 224 261 258 cassa,
284 232 333 261 pro
353 224 392 253 Re
404 223 495 252 nihili.
518 223 603 253 Plaut.
617 224 688 254 Rud.
706 236 729 262 ς.
745 234 771 256 2.
786 234 828 263 37,

64 261 127 290 'lra.
152 262 237 291 Valer.
253 266 279 290 6.
297 264 394 297 Argon.
413 265 475 296 556.

78 299 183 333 Labor,
206 300 310 329 Frustra
322 300 454 335 sumptus.
478 298 546 328 Plin.
563 299 646 336 Epist.
666 304 727 334 176.

79 336 190 366 Manus.
209 337 276 366 Stat.
290 346 323 370 9.,
333 336 424 366 Theb.
442 339 506 372 629.

170 374 321 406 Nunquam
333 373 402 403 cassa
410 383 524 409 manus,
545 373 653 403 nullum
670 375 725 405 sine
740 376 853 406 vulnere
864 378 936 415 fugit

170 411 280 440 Miisilc.
363 411 513 450 Nunquam
524 411 611 447 cassa,
634 413 651 441 i.
664 423 688 443 e.
711 414 861 451 Nunquam
872 415 1007 448 aberrans.

78 448 152 479 Nox.
175 448 263 477 Viile'r.
278 459 304 483 4.
319 449 420 485 Argon.
434 458 499 486 423,

78 486 152 516 Nux.
173 486 258 515 Plaut.
271 486 367 515 Pseud.
385 496 407 516 1.
425 496 448 522 3.
464 490 525 522 136.

157 523 218 553 Ted
231 530 380 552 amatorem
390 524 539 553 inventum
553 523 607 553 esse
621 525 732 554 inanem
743 548 750 561 ‚
773 528 845 562 quasi
860 529 959 558 cassam
971 538 1083 558 nucem,

79 561 160 591 Nuce
170 561 239 591 cassa
252 570 412 599 pauperare.
434 562 641 598 Hor.,2.‚Serm.
659 573 682 598 5.
697 567 739 598 36.
761 564 778 593 i.
793 575 818 594 e.
841 565 942 596 Fraffla.
974 569 1072 597 Acron.

79 599 171 628 Omen
182 620 190 633 ‚
213 599 329 628 Vanum.
353 599 419 628 Stat.
436 611 459 633 ς.
471 599 561 629 Theb.
576 606 637 635 3¹8·

77 636 209 666 Praefidia.
231 636 295 666 Sen.
308 637 336 665 in
348 637 450 666 Troad.
463 643 488 671 8.
521 638 539 666 i.
557 647 582 666 e.
604 637 715 667 Vana&
728 639 828 669 inania.

39 704 44 710 .
76 673 126 703 Via
141 674 210 704 caffa
221 696 229 707 .
251 675 269 703 i.
282 684 306 704 e.
330 675 422 711 Quam
433 674 527 704 frustra
539 675 670 713 ingrelsus
682 676 724 705 fis.
744 677 811 706 Stat.
828 686 870 707 11.
890 678 980 709 Theb.
994 689 1058 716 449..

77 711 178 741 Virtus.
202 713 268 741 Stat.
284 722 307 746 ς.
324 712 416 741 Theb.
433 716 495 747 512.

77 748 156 779 Vota.
178 749 250 787 Virg.
268 759 308 778 12.
327 750 388 779 AEn.
403 756 465 786 780.
813 786 815 789 Ι

155 787 249 822 Dixit,
271 797 411 825 opemque
427 789 472 818 dei
484 798 541 818 non
560 788 631 818 cassa
647 788 676 818 in
691 796 756 820 vota
767 792 884 821 vocavit.

94 831 157 855 vota
169 825 297 863 poposcit
310 825 454 856 auxilium.
475 827 593 856 Servius.

38 879 51 894 x.
75 861 185 892 Cassum
198 865 224 892 ἃ
237 863 330 893 inane.
369 863 427 893 Cic.
442 874 466 900 ς.
479 863 560 893 Tusc.
575 874 636 897 119.
659 864 818 902 Omniaque,
837 866 912 904 quod
934 867 1081 897 honestum
1103 878 1154 897 rios
1171 870 1197 898 &

95 900 236 931 laudabile
244 901 298 930 effe
308 901 429 931 dicimus
442 924 449 938 ,
471 902 501 931 id
512 901 551 931 illi
563 898 666 932 cassum
681 902 835 940 quiddam,
857 906 883 935 ἃ
897 906 973 935 inani
987 907 1062 935 vocis
1072 906 1139 936 sono
1150 907 1198 936 de-

50 945 54 949 *
97 946 223 968 coratum
239 939 293 968 esse
302 939 406 969 dicant.

77 976 186 1006 Cassum
197 987 313 1014 granum
324 978 349 1006 &
360 977 451 1006 inane.
493 976 562 1006 Plin.
574 976 622 1006 lib.
640 983 682 1011 18.
699 988 761 1016 cap.
779 987 821 1016 17.
843 980 1024 1010 Retonsarum
1035 991 1101 1010 vero
1113 982 1199 1011 etiam

93 1014 196 1050 semel,
218 1015 334 1044 omnino
346 1020 455 1044 certum
466 1015 514 1050 est,
533 1025 650 1053 granum
661 1016 771 1054 longius
783 1017 853 1053 fieri,
874 1018 920 1048 sed
935 1019 1017 1048 inane
1028 1019 1196 1056 cassumque,

94 1061 127 1082 ac
134 1052 221 1082 satum
231 1062 289 1081 non.
302 1052 383 1082 nasci.

46 1102 49 1105 ·
74 1089 216 1128 Incassum
229 1091 354 1120 itvirtus.
378 1090 480 1121 Lucan.
493 1087 542 1120 lib.
556 1094 657 1127 2.263.
678 1091 725 1121 alii
737 1091 874 1122 Incassum
885 1093 981 1131 legunt
997 1095 1158 1130 conjuncte.

54 1156 57 1161 „
73 1127 152 1158 ‘Cassa
160 1129 245 1158 etiam
256 1128 388 1157 absolute.
429 1128 520 1158 Tacit.
536 1137 559 1165 3.
578 1129 646 1158 Hist.
658 1140 701 1165 ςς.
733 1130 815 1169 Apud
831 1131 967 1170 sapientes
978 1133 1048 1162 calfa
1059 1133 1198 1162 habeban-

43 1190 46 1194 .
92 1171 152 1201 tur,
175 1176 235 1203 quae
250 1176 341 1202 neque
358 1166 436 1202 dari,
451 1168 502 1196 &c.

0 1220 5 1237 ι,
40 1201 62 1233 C
71 1213 89 1232 A
99 1213 110 1233 s
120 1213 132 1233 s
142 1214 158 1232 υ
170 1215 191 1233 M
204 1226 211 1239 ,
233 1205 249 1233 i.
273 1214 300 1233 n.
328 1205 531 1241 Fragmentum.
571 1204 683 1235 Solinus
694 1215 755 1243 cap.
766 1209 811 1242 ⁶5·
834 1206 886 1236 Aut
895 1207 1037 1245 palearum
1050 1207 1130 1245 cassa,
1151 1214 1198 1238 aut

1 1255 5 1258 ⁴
41 1267 59 1275 .,
78 1241 233 1271 chartarum
244 1241 290 1271 fila
301 1242 336 1271 ad
346 1242 372 1271 se
381 1244 462 1280 rapit.
496 1242 537 1272 De
547 1242 672 1280 lychnite
681 1253 801 1280 gemma.

0 1288 6 1311 1
27 1277 62 1317 ξ(Ξ
71 1288 90 1309 A
99 1288 130 1309 ss
142 1289 156 1308 s
168 1301 176 1315 ,
199 1279 266 1309 Adv.
289 1279 402 1310 Frustra.
441 1280 499 1310 [liv.
512 1290 557 1316 24.
571 1284 615 1309 26.
639 1281 716 1311 Caffe
727 1291 763 1311 ne
774 1288 886 1320 tempus
897 1289 1039 1313 tereretur.

0 1314 8 1356 ᾗ
39 1316 174 1352 ΟΛεεο,
193 1320 249 1346 are.
271 1316 379 1347 Cassum
391 1318 516 1348 reddere.
556 1318 655 1349 Sidon.
674 1331 697 1349 1.
710 1319 793 1357 Epist.
808 1321 857 1350 ult.
893 1321 1013 1357 Objecta
1032 1321 1052 1351 si
1069 1332 1127 1352 non
1146 1321 1197 1352 im=

72 1354 254 1393 probabiliter
270 1354 470 1385 cassaverimus.
511 1355 587 1386 Hinc
799 1360 805 1365 '

5 1418 7 1422 .
39 1391 253 1460 Ειὲεῗΐῖέυε,
274 1403 309 1429 a,
330 1402 386 1423 um.
415 1394 434 1424 i.
451 1403 475 1423 e.
498 1394 660 1431 Abrogatus.
683 1399 723 1431 ut,
745 1395 882 1426 Omnium
892 1397 1068 1428 redemtione
1085 1397 1192 1428 cassata,

97 1440 111 1460 a
134 1441 142 1460 1
185 1453 191 1460 .
207 1441 230 1467 ς.
252 1440 294 1466 14.
937 1469 939 1473 .

35 1467 226 1536 ‘erasisse-o
238 1470 322 1536 ‚fere
345 1475 395 1505 ut,
417 1468 569 1500 Caffescere
578 1469 608 1499 in
617 1469 723 1501 favillas
733 1492 741 1508 ,
761 1471 892 1510 Solinus3
916 1478 948 1503 ut
959 1474 1075 1504 restituit
1082 1473 1195 1505 Salmas.

46 1522 51 1527 »
73 1516 103 1535 111
137 1513 232 1537 xercit.
257 1529 264 1537 .
285 1519 294 1536 1
340 1530 346 1536 .

37 1543 88 1575 ca
97 1554 109 1574 s
119 1553 244 1574 surim
254 1567 263 1581 ,
286 1517 357 1575 ae7.7f.
379 1554 462 1581 quam
473 1545 664 1575 herbariorum
677 1546 776 1584 vulgus
788 1548 939 1584 Cuscutham
958 1550 1086 1579 nominat
1097 1573 1104 1584 ‚
1138 1551 1196 1585 ejus

36 1603 41 1611 .
72 1583 179 1620 generis
197 1583 235 1612 est
254 1605 263 1618 ,
283 1590 315 1612 ut
330 1583 361 1612 in
380 1583 492 1612 frutices
506 1585 532 1614 8<
547 1583 647 1613 herbas
663 1586 799 1623 epithymi
815 1588 901 1615 modo
922 1586 1061 1626 prosiliat,
1083 1590 1109 1617 Sc
1122 1589 1197 1617 vivat

74 1630 167 1650 earum
179 1620 351 1650 adminiculo
370 1621 439 1650 fulta
451 1642 460 1656 ‚
475 1618 561 1656 ⁴nulla
579 1623 675 1651 radice
694 1624 759 1652 nixa
771 1645 779 1658 .
800 1624 847 1653 sed
866 1625 944 1659 velut
961 1626 996 1655 ab
1010 1624 1115 1655 alarum
1134 1626 1196 1655 sinu

72 1658 277 1697 'prodeuntibus
297 1659 389 1693 cirris,
410 1659 644 1697 capillamentisve
666 1660 836 1699 longissimis.
876 1663 1040 1693 Haecstatim
1051 1664 1085 1692 ab
1094 1671 1193 1694 exortu

72 1695 231 1734 plantarum
239 1697 353 1726 ramulis
364 1696 390 1725 se
399 1697 541 1735 implicat,
563 1699 589 1727 &
603 1698 674 1728 adeo
694 1699 797 1728 crebris
815 1701 1038 1730 involutionibus
1049 1700 1092 1730 his
1108 1702 1134 1731 se
1146 1703 1196 1731 cir-

71 1734 243 1770 cumvolvit,
264 1741 296 1764 ut
307 1734 383 1764 brevi
394 1735 502 1773 plantas
516 1735 588 1772 ipsas
601 1731 749 1774 strangulet
761 1745 843 1774 atque
858 1746 964 1769 enecet.
1009 1739 1092 1768 Foliis
1109 1740 1195 1769 nullis

69 1781 195 1809 unquam
204 1772 299 1802 vestita
312 1772 415 1802 visitur.
455 1773 549 1803 Flores
561 1780 653 1803 tamen
666 1775 813 1804 editalbos
823 1798 831 1811 ,
853 1777 1085 1815 quamplurimos,
1109 1787 1124 1807 a
1137 1778 1196 1815 qui-

71 1809 124 1839 bus
135 1810 227 1840 semen
241 1817 325 1840 tenue
336 1811 438 1848 prodit.
480 1811 550 1846 Cirri
563 1812 703 1842 rufescunt
714 1835 722 1849 ,
743 1814 842 1843 vitium
857 1814 992 1853 capreolis
1006 1815 1194 1852 crassitudine,

40 1872 44 1877 .
73 1847 181 1878 &facie
193 1859 280 1886 pares.
304 1849 372 1878 Haec
384 1859 419 1878 ex
429 1848 571 1879 Matthiol.
588 1851 617 1878 in
631 1850 719 1881 Diosc.
1098 1875 1101 1877 Α

36 1884 59 1915 C
69 1895 109 1920 As
119 1896 138 1915 T
147 1896 168 1916 A
177 1897 191 1915 s
201 1897 220 1915 A
231 1898 246 1915 L
255 1897 270 1915 1³
280 1896 299 1915 N
310 1897 322 1916 s
331 1896 345 1915 11
354 1897 376 1921 s,
396 1887 463 1916 ium.
479 1891 516 1916 m.
539 1887 636 1925 Populi
651 1889 763 1918 Ciliciae.
803 1889 838 1919 Hi
850 1897 966 1929 propter
981 1890 1055 1920 bella
1066 1890 1195 1920 cohortes

71 1933 174 1953 canum
184 1924 307 1954 habuere
315 1947 322 1959 ,
344 1935 403 1961 quae
412 1926 508 1962 primae
519 1926 691 1956 dimicabant
703 1927 732 1956 in
744 1927 814 1963 acie,
839 1938 984 1965 nunquam
996 1931 1191 1959 detrectantes.

71 1962 139 1991 Haec
150 1968 228 1992 erant
238 1962 364 1992 fidiffima
372 1963 474 1993 auxilia
486 1985 495 2000 ,
516 1972 569 1993 nec
579 1964 783 2002 stipendiorum
792 1966 886 2004 indiga
900 1989 907 2002 ‚
929 1968 1020 2005 inquit
1029 1965 1099 1996 Plin.
1113 1966 1194 2001 lib.8.

39 2023 45 2031 ,ι
71 2009 104 2029 ca
127 2022 134 2029 .
164 2010 192 2030 0.
216 2032 219 2033 ⁷
344 2004 363 2011 ‘²

8 2056 11 2062 ·
35 2035 58 2068 C
68 2037 87 2066 A
97 2010 219 2067 spa-libb
228 2047 246 2066 u
256 2048 268 2068 s
278 2060 286 2073 ,
308 2038 326 2068 i.
343 2048 380 2068 m.
400 2038 521 2069 Alciatus
532 2049 661 2069 enarrans
676 2034 694 2070 1.
708 2039 788 2073 113613.
804 2041 837 2071 D.
851 2041 886 2071 de
897 2042 979 2072 rebus
991 2043 1088 2072 credit.
1105 2042 1196 2072 obiter

71 2076 181 2105 monuit
190 2076 219 2104 in
232 2076 443 2113 Longobardica
451 2077 512 2115 lege
526 2078 642 2107 Servum
653 2079 819 2116 significare:
842 2082 868 2110 ἀ
882 2082 947 2109 inde
966 2081 1122 2110 Castaldum
1143 2081 1196 2110 ser-

968 793 1034 822 Non
1052 793 1087 822 ad
1107 792 1200 822 inania

54 2171 56 2175 -
72 2160 236 2181 oeconomos
246 2152 312 2182 dici.
325 2152 343 2182 l.
357 2162 422 2190 pen.
433 2146 466 2182 D.
480 2153 516 2182 de
526 2154 613 2183 testib.
625 2153 644 2184 l.
656 2165 743 2192 quum
754 2165 833 2185 unus.
846 2157 873 2184 in
882 2157 954 2194 prin.
971 2157 1002 2185 D.
1015 2157 1050 2185 de
1059 2156 1192 2194 alimleg.

35 2183 250 2220 easrxmus
263 2212 271 2225 ,
293 2191 311 2220 i.
335 2200 372 2220 m.
398 2191 424 2220 &
449 2190 652 2221 Casuum.
666 2214 674 2228 ⁷
696 2203 727 2222 ae.
749 2193 767 2222 f.
798 2193 962 2230 [Κοιε-ειλίοε]
984 2195 1056 2231 Fons
1077 2194 1197 2224 Caballi-

70 2237 121 2258 nus
133 2229 159 2257 δι
170 2227 306 2258 Libethris
317 2229 429 2258 dicitur.
469 2229 514 2258 Est
529 2236 623 2267 autem
641 2231 669 2259 in
683 2231 822 2261 radicibus
837 2232 952 2262 Parnassi
965 2254 973 2267 ‚
997 2232 1082 2262 Mufis
1101 2233 1176 2262 sacer
1186 2255 1195 2269 ,

48 2299 54 2313 .
69 2266 768 2344 ilisagss‘is-Ccaffiiissaai.u‘ffia‘iffisssffffibfss'fflffiz.
777 2270 1196 2338 1>sffififfgtssgsstgm&d{gfflgreong

11 2343 13 2345 '
69 2341 146 2410 {ugffe
161 2342 195 2410 ig
202 2341 295 2379 Lycia,
316 2341 365 2371 ubi
379 2350 504 2373 armenta
515 2343 616 2381 Apollo
627 2344 714 2374 fertur
723 2346 834 2383 pavisse.
858 2346 930 2384 Virg.
948 2346 1094 2376 Castaliam
1103 2354 1194 2384 vocat,

81 2389 89 2409 1
111 2403 117 2410 .
149 2403 155 2409 .
197 2390 244 2410 eor
266 2403 271 2410 .
284 2390 300 2410 2
342 2403 348 2410 .

127 2389 142 2451 *3
220 2389 344 2454 —-gjui?a3t
355 2419 394 2448 ire
408 2419 497 2456 jugis,
520 2429 573 2456 qua
586 2419 663 2449 nulla
673 2420 798 2458 priorum

124 2455 269 2485 Castaliam
281 2456 361 2486 molli
372 2457 516 2487 divertitur
528 2457 619 2487 orbita
632 2457 714 2487 clivo.

33 2486 268 2530 (tammus,
289 2504 304 2523 a
316 2516 324 2529 ,
347 2504 403 2524 um.
425 2495 485 2531 Adj.
507 2501 555 2531 ut,
578 2496 695 2526 Antrum
712 2496 869 2527 Castalium.
892 2496 977 2528 Ovid.
992 2507 1016 2535 3.
1029 2494 1099 2528 Met.
1113 2507 1156 2535 14.

11 2544 16 2560 1
67 2531 141 2569 Aqua
153 2532 276 2561 Castalia.
299 2532 385 2562 Ovid.
408 2543 430 2561 1.
447 2533 538 2562 Amor.
554 2543 596 2567 ις.
613 2538 657 2570 36.

14 2589 17 2598 .
67 2569 152 2599 Arbor
164 2569 296 2605 Castalia,
318 2570 388 2606 Quae
398 2571 436 2599 est
444 2571 479 2600 ad
490 2565 638 2601 Castalium
648 2572 765 2603 fontem.
786 2573 909 2612 Propert.
921 2572 969 2603 lib.
986 2583 1010 2612 3.
1023 2582 1047 2611 3.
1065 2582 1109 2611 13.

8 2613 17 2637 t
67 2603 173 2638 Domus
184 2608 307 2637 Castalia.
336 2608 454 2638 Martial.
470 2608 518 2638 lib.
532 2615 558 2642 8.
571 2613 616 2639 66.

8 2659 10 2665 ν
158 2645 232 2675 Vatis
243 2646 389 2680 Castaliam
399 2647 518 2677 domum
531 2646 636 2677 sonare.

11 2688 13 2692 ’
48 2680 138 2716 (Fons
149 2683 289 2713 Castalius.
310 2684 430 2714 Martial.
445 2684 493 2714 lib.
514 2694 557 2714 12.
572 2695 597 2721 3.

9 2723 11 2726 ⁴
146 2721 219 2751 Fons
234 2721 274 2751 ibi
286 2721 421 2751 Castalius
428 2723 515 2752 vitreo
523 2729 646 2752 torrente
655 2721 799 2762 superbit,
820 2725 874 2755 διο.

70 2758 152 2789 Gutta
160 2759 275 2789 Castalia
284 2781 292 2794 ,
317 2761 392 2798 apud
403 2760 540 2791 Columel.
551 2761 599 2792 lib.
615 2771 658 2791 10.

12 2818 15 2822 ·
51 2797 179 2835 *Gurges
202 2798 359 2834 Claud.3r.
375 2808 399 2828 1.

10 2835 17 2871 ἶ
68 2834 179 2865 Umbra.
200 2835 406 2873 Tibu11.1ib.3.
421 2846 444 2867 1.
460 2839 504 2867 16.

58 2871 152 2903 'Undae
161 2873 272 2904 vocales
282 2874 413 2905 Castaliae.
450 2875 518 2905 Stat.
531 2886 554 2912 ς.
567 2872 634 2906 SiIv.
649 2886 673 2913 ς.
688 2885 712 2905 2.
735 2874 853 2906 Vocales
867 2881 949 2906 vocat
965 2881 1081 2916 propter
1100 2874 1191 2907 Musa.

84 2920 144 2941 rum
159 2911 218 2941 illic
231 2911 419 2943 habitandum
428 2918 580 2952 perpetuos
593 2923 700 2944 cantus.
847 2950 852 2954 ‚

7 2983 9 2989 y
34 2946 202 2980 casum
214 2959 276 2980 uss
288 2972 296 2986 ,
317 2961 374 2980 um.
395 2950 414 2980 f.
435 2951 475 2989 pl.
497 2951 592 2981 Musae.
615 2951 737 2982 Martial.
751 2952 800 2982 lib.
813 2961 838 2990 7.
855 2961 898 2982 11.

51 3001 53 3006 ·
156 2987 291 3018 Ludimus
302 2989 433 3018 innocuis
443 2989 534 3019 verbis
543 3012 550 3023 ‚
573 2990 627 3019 hoc
639 2991 698 3024 iuro
708 3013 716 3025 ‚
737 2991 862 3028 potentis
891 3028 895 3029 .

67 3045 69 3047 ·
197 3026 246 3056 Per
254 3028 368 3065 genium
378 3027 458 3056 famae
468 3049 477 3063 ‚
499 3027 725 3065 Castalidumque
738 3038 861 3066 gregem.
885 3030 888 3031 ⁷
945 3027 1019 3057 cons.
1040 3025 1089 3058 lib.
1101 3038 1127 3064 4.
1142 3038 1185 3064 14.

35 3060 185 3093 GASTKN
196 3074 240 3093 ΕΑ
254 3086 261 3099 ,
284 3075 314 3094 ce.
336 3066 356 3093 f.
378 3063 448 3101 [ὣὸς
468 3066 611 3101 βάλοινΘ-ι,
635 3064 754 3101 ›sris-uvae]
776 3077 791 3095 e
807 3066 918 3095 Nucum
940 3076 1041 3103 genere
1054 3088 1061 3102 ‚
1084 3068 1110 3096 &
1130 3073 1191 3104 tam

65 3099 194 3131 Fructum
204 3112 286 3139 quam
297 3103 385 3140 Ipsam
394 3102 521 3138 arborem
532 3103 673 3141 fignificat.
705 3104 773 3134 Plin.
784 3104 832 3133 lib.
849 3113 891 3141 17.
909 3114 970 3142 cap.
982 3114 1028 3134 20.
1058 3104 1191 3134 Castanea

10 3144 22 3170 ‘t
64 3140 238 3176 pedamentis
247 3140 378 3170 omnibus
388 3141 531 3179 praesertur
539 3142 673 3172 facilitate
684 3143 825 3178 traslatus,
839 3143 1011 3180 perdurandi
1021 3143 1186 3180 pervicacia.

10 3194 16 3209 ο
64 3175 156 3207 Nuces
168 3178 311 3208 castaneae.
335 3179 406 3216 Virg.
420 3188 445 3208 2.
459 3179 518 3208 Ecl.
534 3189 578 3216 52.

155 3216 216 3253 Ipse
226 3224 280 3252 ego
292 3226 359 3245 cana
372 3216 462 3254 legam
472 3224 568 3247 tenera
578 3217 712 3255 lanugine
725 3215 798 3247 mala
810 3239 818 3251 ,

155 3253 353 3291 Castaneasque
368 3264 466 3284 nuces.
546 3256 623 3285 Bene
633 3256 755 3294 speciem
773 3254 901 3285 addidit:
923 3255 1020 3285 dicens
1032 3255 1186 3298 Castaneas

65 3287 136 3320 Nam
146 3313 155 3327 ‚
176 3292 270 3321 Nuces
280 3314 288 3327 ‚
309 3293 474 3330 generaliter
484 3293 616 3323 dicuntur
626 3294 730 3324 Omnia
741 3295 814 3323 tecta
832 3294 909 3323 co'rio
924 3293 1052 3323 dui-iore:
1075 3301 1107 3324 ut
1116 3294 1188 3324 avel.

17 3347 19 3350 -
65 3326 133 3358 lanae
142 3353 149 3364 ‚
172 3329 325 3367 amygdalae
337 3352 345 3366 ‚
366 3331 511 3368 juglandes
521 3353 530 3367 ‚
556 3332 697 3362 castaneae.
719 3331 789 3361 ficut
811 3337 909 3360 contra
930 3332 1063 3361 dicuntur
1081 3332 1167 3363 Poma
1176 3354 1186 3369 ‚

8 3375 20 3389 ›·
66 3365 166 3397 Omnia
179 3367 317 3398 molliora.
341 3369 462 3399 Servius.

14 3422 21 3430 .-
64 3402 186 3439 Hirsutae.
208 3402 283 3444 Virg.
295 3415 321 3443 7.
334 3406 392 3436 Ecl.
405 3416 447 3444 53.
469 3406 568 3436 Adhuc
578 3407 648 3437 intra
657 3407 720 3437 suos
731 3406 846 3436 echinos
856 3407 964 3436 locatae.
985 3407 1105 3437 Servius.

13 3463 19 3469 .
65 3440 175 3473 Molles.
212 3443 288 3481 Virg.
302 3455 323 3474 1.
338 3444 395 3474 Ecl.
407 3450 452 3479 82.
484 3445 502 3475 i.
516 3454 540 3473 e.
562 3445 689 3475 Maturae.
712 3445 830 3475 Servius.
865 3444 931 3474 Non
942 3444 976 3473 ab
986 3455 1014 3474 re
1026 3454 1118 3475 tamen
1128 3445 1187 3476 fue-

82 3480 117 3510 rit
126 3490 219 3511 earum
230 3488 337 3511 certum
349 3491 436 3519 genus
446 3482 619 3520 intelligere,
640 3493 726 3521 quum
741 3484 878 3520 interpres
896 3483 1031 3513 Nicandri
1050 3484 1188 3514 castanea-

48 3554 50 3556 *
82 3527 142 3548 rum
153 3520 296 3557 quoddam
308 3529 395 3557 genus
408 3518 527 3553 μμλαιρὲν
536 3542 544 3556 ,
565 3521 595 3550 id
606 3522 644 3551 est
653 3520 740 3551 molle
749 3520 881 3559 appellet.
919 3520 965 3550 Sic
985 3522 1061 3550 enim
1074 3521 1186 3558 scribit,

7 3555 11 3562 ⁸
82 3553 255 3623 ἷῇκαςοένων
275 3554 300 3584 ‘ni
315 3556 338 3593 ἷῖ
354 3555 489 3595 offeham,
510 3555 536 3585 ‘ed
553 3556 567 3594 5
584 3562 707 3595 λύπηφι,
730 3556 756 3586 τὲ
775 3557 789 3595 j
806 3556 927 3593 ,ειᾳλαιίέν
939 3580 947 3595 ,
967 3555 993 3586 π)
1011 3557 1025 3594 5
1045 3559 1184 3595 πμωλμίᾶν.

105 3603 123 3623 11
132 3595 257 3625 Turneb.

12 3648 13 3654 .
65 3629 169 3662 Gerunt
177 3633 310 3662 castaneae
321 3633 407 3671 fagos.
428 3633 502 3671 Virg.
515 3643 541 3663 2.
554 3634 653 3672 Georg.
667 3642 712 3670 71.

143 3670 177 3700 Et
187 3670 289 3700 steriles
299 3670 405 3708 platani
419 3671 507 3701 malos
521 3671 624 3710 geffere
636 3672 761 3702 valentes
773 3693 781 3707 ‚

143 3707 281 3738 Castaneae
291 3709 376 3745 fagos.
459 3709 536 3739 Dicit
546 3711 615 3747 quid
623 3711 651 3739 in
664 3720 746 3747 quam
757 3709 883 3739 arborem
894 3708 1046 3739 debeamus
1056 3710 1185 3748 inserere,

84 3742 113 3773 in
121 3744 183 3783 fago
203 3746 357 3776 castaneam
368 3769 376 3782 ‚
397 3756 457 3776 non
466 3748 583 3777 enimin
594 3749 720 3778 castanea
735 3747 821 3777 fertili
832 3747 984 3776 infecunda
995 3747 1072 3785 fagus
1092 3749 1187 3778 inseri-

85 3788 135 3812 tur.
169 3783 250 3813 Unde
259 3792 308 3814 aut
321 3783 467 3822 hypallage
477 3786 530 3820 est,
552 3791 584 3815 ut
595 3786 734 3816 Castaneae
743 3785 820 3823 fagos
832 3784 863 3814 sit
874 3807 883 3821 ‚
904 3795 955 3823 pro
967 3785 985 3815 F
987 3786 1030 3823 agi
1048 3787 1186 3818 castaneas

85 3820 184 3857 geffere
196 3842 205 3857 ‚
227 3828 275 3851 aut
285 3823 419 3852 mutanda
434 3823 575 3853 distinctio
584 3845 593 3858 ‚
614 3831 647 3854 ut
659 3824 690 3853 sit
699 3846 707 3859 ,
910 3835 914 3836 ’

156 3859 191 3888 Et
200 3859 302 3889 steriles
313 3860 417 3897 platani
428 3860 516 3891 malos
525 3861 627 3898 geffere
639 3861 762 3891 valentes
843 3859 991 3889 Castaneae.
1026 3859 1054 3890 h.
1068 3871 1091 3892 e.
1116 3863 1187 3892 I'nfe-

85 3896 181 3926 cundae
192 3897 296 3927 arboris
308 3897 412 3934 platani
424 3899 509 3928 fortes
519 3909 609 3929 ramos
620 3900 750 3930 castaneae
761 3903 951 3936 portaverunt.
973 3899 1091 3930 Servius.
1108 3901 1186 3937 [Sed

85 3934 111 3962 ἃ
122 3933 257 3972 deinceps
268 3935 418 3972 legendum
429 3934 497 3971 erit,
520 3937 663 3975 Fagusque
672 3960 681 3974 ,
702 3936 839 3973 ornusque
850 3957 858 3971 ‚
874 3937 927 3965 &c-

65 3968 103 4002 Le
121 3980 166 4001 ere
175 3972 321 4040 callianeaS.
344 3973 416 4012 Virg.
428 3983 455 4005 2.
476 3974 534 4005 Ecl.
549 3984 593 4011 52.

61 4032 72 4043 ‚
84 4024 89 4038 ι
136 4018 152 4039 0
163 4020 188 4041 L.
223 4032 229 4042 .

71 2123 138 2143 vum
149 2136 157 2148 ,
180 2113 232 2143 Cui
242 2114 308 2143 casa:
321 2114 366 2144 seu
379 2115 480 2144 domus
492 2125 557 2145 cura
568 2117 606 2145 est
616 2117 800 2152 demandata,
821 2118 912 2155 sicque
920 2117 1084 2153 generaliter
1096 2129 1205 2153 omnes?

1648 155 1676 189 C
1777 158 1803 191 A
1900 159 1919 192 S
2343 178 2358 208 4
2369 174 2410 204 ψ)

1254 233 1275 261 C
1290 242 1356 274 Δ131·
1367 236 1435 262 :int
1453 244 1543 269 rum.
1567 236 1583 265 i.
1606 246 1633 265 n.
1663 238 1819 272 [numidii]
1845 239 1934 269 Locus
1955 242 2087 273 castaneis
2110 245 2236 274 consitus.
2273 246 2409 276 Colunicl.

1265 307 1269 309 .
1294 270 1449 308 111).4.ς;ψ.
1467 283 1509 307 33.
1533 274 1646 311 Propter
1659 285 1718 312 quae
1730 276 1800 313 ssepe
1820 278 1930 307 novella
1945 281 2080 309 castaneta
2094 283 2262 311 calvesczinr.

1253 307 1275 335 C
1289 318 1303 335 ,1
1315 318 1326 336 s
1341 319 1353 336 i·
1364 319 1380 336 A
1391 319 1408 336 N
1418 314 1429 337 ῖ
1440 320 1457 337 N
1472 321 1487 338 u
1499 321 1521 344 s.
1533 321 1557 344 a.
1569 323 1628 353 runi.
1643 322 1681 347 ut,
1694 313 1870 343 Callaninum
1883 316 1985 353 oleum,
1999 318 2037 346 Ex
2050 321 2181 348 canant—{s
2192 323 2301 349 hictum.
2316 321 2413 350 i'eiott.

1254 346 1276 373 C
1294 355 1326 372 s
1337 356 1354 373 ‘r
1366 357 1384 374 A
1393 356 1409 389 o
1420 357 1437 374 N
1447 369 1454 381 ‚
1478 350 1628 385 [Rama-v]
1650 350 1738 380 Locus
1747 352 1822 381 estin
1833 352 1962 389 Hispania
1973 356 2072 389 {haud
2088 358 2185 392 procul
2198 370 2211 386 a
2224 368 2296 386 nova
2306 360 2416 387 Cartha-

1292 392 1373 426 gine..
1395 394 1423 411 111
1440 394 1494 419 quo
1509 387 1647 422 peculiare
1660 390 1697 417 eli
1707 389 1852 426 plumbum
1866 391 1952 421 ell'odi
1963 414 1971 426 ,
1993 394 2038 421 cui
2048 395 2132 423 etiam
2145 397 2249 431 argenti
2262 406 2321 432 pars
2334 407 2415 433 parva

1271 458 1274 462 ι
1291 429 1417 450 immixta
1427 424 1474 455 est.
1485 433 1542 452 non
1551 425 1620 453 adeo
1633 433 1663 455 ut
1673 427 1732 462 ejus
1745 428 1819 457 utilis
1834 429 1865 457 lit
1879 432 2053 468 expurgatio.
2095 435 2196 462 Auctor
2212 435 2309 463 Strabo
2328 435 2373 464 lib.
2389 444 2411 471 3.

1254 456 1399 492 Lassa.
1438 460 1469 488 IN
1492 471 1645 491 αλδ-1113.
2281 488 2294 497 .

1254 495 1487 525 ensi-strom
1503 520 1510 531 ‚
1542 498 1840 537 Cas'rizi.i.ANus‚
1865 505 2163 537 CAS‘rsi.i.AT1.x‹.
2206 507 2236 537 In
2267 518 2413 541 casrnum.

1253 532 1275 562 C
1287 542 1420 576 13111111
1433 544 1450 561 Α
1462 556 1469 568 ‚
1491 546 1522 578 ze.
1547 537 1565 565 f.
1589 536 1745 581 [noces-plia]
1768 540 1856 569 Locus
1869 542 1906 570 est
1921 565 1928 577 .
1950 543 2040 580 inquit
2058 545 2166 575 Nonius
2178 568 2185 579 ,
2206 546 2255 575 ubi
2270 557 2356 582 quum
2369 558 2418 576 na-

1290 578 1391 607 vigatio
1409 573 1589 615 conquiescit,
1602 585 1671 604 remi
1684 580 1708 605 ἃς
1723 578 1909 613 gubernacula
1921 582 2221 618 conquiescuntl'lzlut.
2233 585 2332 622 Asm.3.
2342 596 2362 614 1.
2372 589 2413 615 16.

1369 608 1446 652 Quin
1465 610 1511 646 pol
1523 612 1539 638 Ii
1551 612 1666 649 repolivi
1678 624 1784 643 remum
1795 639 1803 650 ,
1828 616 1882 645 sola
1895 627 1946 653 ego
1958 620 1985 647 in
2001 620 2111 650 casteria

1369 645 1420 674 Ubi
1433 648 1542 683 quiesco
1554 671 1561 683 7
1584 651 1675 679 omnis
1687 652 1795 682 iluniliae
1808 655 1885 683 causa
1896 657 2016 686 consistit
2027 658 2088 687 tibi.

1250 683 1271 711 C
1283 692 1299 710 Α
1310 692 1351 711 ετ
1363 693 1372 711 1
1383 693 1400 711 A
1411 693 1432 712 N
1445 688 1457 712 ῑ
1467 695 1481 712 a
1493 695 1528 728 ,1,
1550 696 1580 715 ae.
1602 687 1619 715 f.
1644 688 1833 731 [Κορςτάνεορφ]
1857 693 1931 721 uxor
1947 695 2045 724 Priami
2062 695 2246 733 pulcherrima
2259 718 2266 728 .
2287 707 2368 735 quam
2380 708 2415 728 ex

1289 720 1538 788 AEsyirliobTRragiae
1551 722 1618 753 urbe
1633 726 1714 755 duxit
1726 736 1841 757 uxorem
1855 752 1861 764 ‚
1885 734 1909 760 ὃς
1921 731 2142 770 Gorgythionem
2153 744 2185 763 cx
2198 746 2227 763 ea
2241 737 2344 772 genuit.
2361 738 2417 766 Ηο-

1289 768 1357 787 mer.
1381 769 1387 786 1
1411 781 1417 788 ,
1458 769 1482 787 13
1505 783 1511 790 .
1526 767 1551 793 8.

1250 795 1272 825 C
1283 806 1301 824 Α
1311 805 1349 825 ST
1358 799 1371 824 ἶ
1381 806 1398 824 G
1408 806 1424 825 0
1435 818 1443 830 η
1467 796 1603 842 [maazia
1613 817 1620 827 ν
1636 800 1735 836 κθλάζω
1748 824 1756 834 .
1772 802 1924 841 ἒπτινσςῖἕω]
1946 809 2000 837 are.
2024 807 2169 847 Increpare
2180 832 2187 845 ,
2209 810 2252 839 vel
2268 812 2417 849 reprehen-

1289 833 1355 863 dere
1367 855 1375 869 ‚
1398 836 1510 864 auctore
1522 836 1626 865 Nonio.
1649 838 1714 867 Ter.
1733 839 1831 869 lleaut.
1848 852 1870 875 3.
1886 853 1908 875 ³-
1924 853 1965 877 32.

1381 872 1438 900 Nisi
1452 882 1518 916 eum
1533 895 1546 917 ⁹.
1563 880 1697 910 quantum
1716 876 1766 904 tibi
1789 880 1849 913 opis
1868 881 1904 908 ilii
1919 883 1999 918 dant,
2024 883 2128 919 servas,
2150 886 2278 923 castigas,
2307 897 2413 918 mones.

1287 908 1391 953 Caes-1.
1406 909 1473 939 Bell.
1488 911 1567 954 Civil.
1584 922 1607 946 3.
1633 912 1914 957 LaudatPompeius,
1937 927 2017 957 atque
2035 923 2063 950 in
2086 916 2224 960 posterum
2248 924 2394 954 confirmat
2406 948 2414 961 ‚

1286 946 1428 983 segniores
1442 948 1554 986 castigat
1565 971 1572 985 ‚
1596 957 1677 987 atque
1690 959 1795 981 incitat.

1287 985 1328 1013 Ad
1344 994 1466 1022 unguem
1482 987 1609 1024 castigare
1631 996 1753 1018 carmen.
1796 991 1860 1020 Hor.
1878 993 1904 1021 in
1922 994 1982 1023 Arte
2004 995 2077 1026 Poet.
2096 1007 2159 1033 294.
2186 1000 2206 1027 A
2230 1001 2418 1030 marmorariis

1306 1022 1424 1052 duflum
1435 1023 1619 1068 effencensent
1639 1027 1821 1065 interpretes.
1845 1031 1889 1066 qni
1908 1032 2048 1066 juncluras
2067 1045 2236 1065 marmorum
2258 1048 2349 1074 ungue
2369 1049 2416 1067 ex-

1305 1061 1437 1105 plorant:
1459 1062 1505 1091 alii
1518 1073 1532 1092 a
1548 1063 1690 1093 fictoribus
1701 1087 1708 1099 ,
1729 1067 1775 1102 qui
1788 1068 1908 1104 primurn
1923 1079 2006 1099 manu
2018 1071 2167 1102 informant
2178 1075 2246 1103 rude
2258 1086 2345 1112 opus,
2368 1079 2417 1105 de-v

1305 1098 1373 1128 inde
1399 1098 1569 1142 lineamenta
1585 1103 1610 1131 &
1630 1102 1755 1132 habitum
1769 1126 1777 1139 ‚
1798 1114 1967 1143 omnemque
1987 1107 2105 1145 speciem
2126 1122 2218 1149 ungue
2236 1113 2370 1150 fingentes
2388 1116 2414 1144 Sc

1288 1169 1289 1172 Ἴ
1303 1135 1499 1180 perpollentes
1513 1138 1667 1169 absolvunt.
1710 1141 1839 1171 Lambin.

1286 1173 1376 1204 Distis
1389 1175 1526 1212 castigare.
1552 1177 1622 1214 Virg.
1638 1189 1661 1213 ς.
1680 1178 1741 1210 IEn.
1763 1186 1825 1216 387.

1307 1250 1314 1255 ⁴
1380 1212 1433 1249 Hic
1441 1214 1529 1250 gravis
1538 1214 1679 1245 Entellum
1691 1217 1770 1247 dictis
1781 1219 1891 1256 castigat
1901 1220 2016 1251 Acestes.

1286 1273 1291 1281 .
1305 1257 1396 1287 jurgat
1407 1273 1416 1285 ‚
1438 1252 1530 1288 inquit
1540 1253 1659 1283 Servius.

1285 1284 1393 1325 Lingua
1408 1288 1545 1327 castigare.
1569 1291 1645 1321 Curt.
1664 1302 1691 1327 4.
1706 1296 1732 1322 6.
1750 1297 1775 1323 6.

1287 1325 1398 1356 Litteris
1410 1328 1547 1364 castigare.
1572 1329 1637 1358 Caes.
1650 1339 1674 1365 3.
1692 1330 1760 1360 Bell.
1775 1331 1856 1361 Civil.
1872 1342 1918 1368 ας.

1286 1363 1385 1393 Verbis
1393 1365 1522 1402 castigare
1536 1364 1666 1404 aliquem.
1691 1370 1750 1399 Cic.
1766 1381 1788 1399 1.
1806 1370 1863 1399 Off.
1877 1377 1921 1405 88.

1286 1401 1422 1431 Dolorem
1434 1404 1629 1435 immodicum.
1651 1405 1755 1436 Lucan.
1771 1407 1820 1436 lib.
1835 1414 1859 1441 8.
1872 1418 1917 1445 71.

1285 1439 1417 1470 lnertiam
1428 1448 1510 1478 atque
1522 1442 1666 1479 segnitiem
1678 1444 1795 1480 alicujus
1805 1447 1943 1483 castigare.
1972 1447 2031 1478 Cic.
2047 1457 2070 1479 1.
2087 1449 2121 1479 de
2133 1450 2209 1480 Orat.
2228 1456 2288 1488 185.

1286 1478 1382 1507 Metus
1391 1479 1530 1516 castigare.
1553 1481 1642 1511 Valer.
1655 1486 1681 1511 6.
1698 1484 1799 1520 Argon.
1816 1488 1880 1513 660.

1287 1515 1392 1546 Moras.
1418 1517 1500 1546 Mart.
1516 1517 1564 1548 lib.
1583 1528 1624 1549 10.
1638 1529 1700 1556 104.

1367 1553 1538 1592 Castigatque
1549 1566 1647 1587 moras.

1304 1591 1428 1629 Expedit
1439 1594 1644 1631 interpretatur.

1304 1629 1416 1659 Nonius
1428 1631 1455 1659 in
1466 1630 1528 1660 loco
1542 1632 1647 1670 Virgilii
1658 1642 1692 1662 ex
1703 1632 1751 1663 lib.
1768 1645 1793 1670 4.
1817 1635 1900 1670 (AEn.
1913 1638 2003 1674 407.)

1367 1667 1560 1706 Castigantque
1569 1681 1658 1700 moras
1668 1691 1676 1704 ‚
1770 1673 1863 1709 Quem
1872 1674 1997 1705 imitatur
2007 1675 2153 1706 Martialis.
2232 1677 2267 1708 H.
2281 1679 2320 1709 St.

1286 1704 1384 1734 Rarius
1404 1708 1542 1744 castigare.
1566 1708 1684 1745 Quintil.
1702 1708 1752 1738 lib.
1764 1720 1789 1740 2.
1805 1721 1866 1749 cap.
1879 1722 1904 1741 2.

1284 1743 1320 1773 Se
1336 1744 1464 1781 castigare
1475 1745 1504 1773 in
1517 1745 1608 1783 aliqua
1620 1757 1657 1776 re.
1699 1746 1758 1777 Cic.
1773 1759 1796 1783 5.
1810 1748 1892 1779 Tusc.
1905 1761 1930 1784 4.
1963 1750 2018 1780 Sed
2033 1752 2063 1780 in
2078 1752 2133 1782 hoc
2152 1763 2197 1783 me
2215 1754 2272 1792 ipse
2292 1755 2392 1793 castigo
2405 1780 2413 1793 ,

1305 1782 1381 1824 quod
1391 1792 1425 1811 ex
1437 1783 1577 1819 aliorum,
1600 1786 1625 1814 8<
1637 1795 1672 1814 ex
1683 1785 1772 1815 nostra
1785 1786 1893 1817 fortass‘e‘
1904 1788 2025 1819 mollitia
2037 1812 2045 1826 ,
2066 1801 2123 1820 non
2135 1800 2172 1821 ex
2181 1793 2238 1830 ipsa
2252 1793 2359 1829 virtute,
2379 1796 2415 1825 de

1305 1821 1415 1849 virtutis
1426 1822 1526 1850 robore
1537 1823 1674 1852 existimo.

1286 1857 1391 1894 Segnes
1403 1860 1541 1896 castigare.
1565 1861 1654 1890 Tacit.
1669 1861 1756 1898 Agric.
1770 1872 1830 1900 cap.
1846 1873 1891 1901 27.

1286 1895 1391 1932 Turpia
1402 1898 1539 1934 castigare.
1564 1898 1664 1934 Juven.
1678 1909 1702 1927 2.
1716 1901 1768 1930 Sat.
1791 1906 1817 1930 6.

1286 1931 1376 1962 Verba
1387 1935 1525 1971 castigare.
1548 1936 1647 1971 Juven.
1661 1940 1685 1966 6.
1699 1938 1754 1966 Sat.
1767 1950 1831 1975 454.

1286 1971 1552 2016 Castigandigenus.
1591 1974 1649 2005 Cic.
1667 1985 1690 2005 1.
1706 1974 1763 2006 Off.
1775 1982 1820 2012 88.
1849 1977 1889 2007 Ad
1906 1977 1960 2007 hoc
1972 1988 2061 2016 genus
2079 1980 2229 2019 castigandi
2240 1991 2300 2013 raro
2325 1984 2419 2014 inviti-

1307 2019 1360 2045 que
1371 2019 1524 2041 veniemus.

1285 2046 1442 2084 Castigare,
1464 2049 1582 2084 Punire,
1604 2050 1766 2086 vindicare,
1787 2053 1900 2082 auc'tore
1923 2053 2028 2083 Nonio.
2068 2055 2154 2086 Plaut.
2172 2057 2253 2087 Most.
2275 2070 2301 2095 4.
2327 2069 2351 2089 1.
2371 2063 2416 2089 26.

1305 2084 1551 2124 Mane‘castigabit
1559 2098 1608 2117 eos
1622 2089 1729 2118 exuviis
1738 2088 1858 2119 bubulis.
1882 2091 1953 2127 Virg.
1970 2095 1994 2121 6.
2008 2093 2068 2122 ffin.
2085 2099 2146 2132 567.

1381 2124 1556 2162 Castigatque
1575 2127 1708 2163 auditque
1723 2126 1803 2156 dolos
1820 2149 1828 2164 ,
1850 2127 2005 2167 subigitque
2017 2131 2106 2161 fateri.

1287 2159 1414 2190 Vinculis
1428 2164 1454 2192 ἃ
1470 2173 1579 2193 carcere
1596 2165 1733 2200 castigare.
1756 2164 1815 2194 Cic.
1828 2174 1851 2200 3.
1864 2166 1921 2196 Off.
1937 2176 1983 2203 73.

1286 2198 1457 2236 Verberibus
1470 2201 1608 2239 castigare.
1649 2202 1710 2231 Cic.
1724 2211 1747 2238 3.
1764 2203 1846 2233 Tusc.
1861 2208 1904 2240 64.
1937 2206 2038 2236 Pueros
2058 2217 2123 2237 vero
2145 2214 2245 2238 matres
2262 2211 2288 2239 Sc
2299 2211 2419 2248 magistri

1305 2237 1434 2274 castigare
1449 2239 1533 2271 etiam
1546 2239 1634 2269 solent
1646 2262 1654 2274 ‚
1675 2250 1729 2270 nec
1739 2240 1830 2270 verbis
1840 2241 1928 2272 solum
1939 2264 1948 2279 ‚
1969 2243 2015 2272 sed
2029 2246 2114 2274 etiam
2127 2247 2296 2277 verberibus.
2347 2278 2356 2281 r

1286 2274 1432 2305 Delatores
1444 2278 1582 2315 castigare.
1628 2278 1704 2308 Suet.
1725 2278 1830 2308 Domit.
1852 2289 1913 2318 cap.
1923 2291 1949 2317 9.
1986 2281 2100 2312 Fiscales
2117 2285 2291 2321 calumnias,
2318 2296 2418 2323 magna

1305 2313 1539 2344 calumniantium
1553 2325 1637 2353 poena
1646 2316 1786 2354 repressit:
1807 2317 2002 2356 ferebaturque
2011 2330 2065 2350 vox
2079 2322 2147 2359 ejus,
2169 2323 2299 2362 Princeps
2312 2327 2358 2362 qui
2370 2326 2418 2355 de..

1306 2351 1407 2381 latores
1418 2363 1475 2381 non
1485 2354 1596 2391 castigat
1606 2376 1612 2387 ,
1635 2354 1729 2383 irritat.
1763 2356 1779 2390 [
1792 2355 1891 2385 Malim
1905 2357 2014 2388 Invitat.

1286 2388 1326 2418 Im
1351 2390 1434 2420 rohos
1443 2391 1581 2428 castigare.
1607 2392 1665 2421 Cic.
1680 2402 1706 2421 2.
1720 2392 1755 2421 de
1768 2392 1860 2431 Legib.
1871 2400 1916 2424 62.

1287 2399 1440 2465 Caligare,
1462 2429 1607 2459 Coercere.
1648 2429 1706 2460 Liv.
1721 2439 1763 2467 39.
1780 2441 1825 2467 25.
1865 2432 1901 2461 Ut
1921 2443 2024 2470 equum
2044 2440 2173 2465 tenacem
2186 2446 2243 2466 non
2260 2444 2415 2476 parentem,

1304 2465 1392 2503 frenis
1404 2466 1588 2504 asperioribus
1609 2469 1799 2506 castigandum
1820 2470 1882 2499 effe.
1927 2472 2022 2507 [Puto
2034 2472 2157 2503 absolute
2175 2475 2281 2505 dit‘tum
2297 2478 2419 2514 Asperio-

1305 2504 1383 2533 ribus
1393 2526 1401 2539 ‚
1423 2515 1455 2534 ac
1466 2505 1694 2543 distinguendum
1706 2506 1760 2535 effe
1774 2529 1782 2542 ‚
1812 2507 1973 2545 Tenacem‚
2006 2520 2063 2539 non
2077 2519 2221 2549 parentem
2237 2514 2320 2545 frenis
2331 2537 2339 2550 ‚
2362 2516 2417 2553 asp.

1304 2542 1351 2571 Sic
1363 2542 1458 2572 Horat.
1473 2555 1494 2573 1.
1511 2544 1599 2573 Serm.
1615 2554 1636 2573 1.
1648 2554 1693 2579 91.
1720 2544 1864 2575 Parentem
1874 2547 1958 2576 frenis
1971 2549 2126 2584 conjunxit.

1286 2579 1420 2610 Furorem
1430 2579 1567 2619 castigare.
1602 2581 1672 2612 Flor.
1686 2595 1712 2620 4.
1727 2592 1753 2612 2.
1766 2592 1812 2620 75.
1834 2583 1916 2614 Velut
1924 2584 2049 2615 furorem
2062 2588 2166 2617 civium
2175 2588 2316 2626 castigaret
2327 2590 2416 2620 Ocea-

1306 2627 1367 2647 nus.

1285 2654 1376 2685 Insula
1387 2656 1532 2693 castigatur
1548 2667 1625 2695 aqua.
1670 2657 1720 2688 Sil.
1738 2668 1779 2688 12.
1796 2662 1859 2695 356.
1902 2660 1932 2691 V.
1954 2661 1994 2691 ibi
2008 2662 2100 2692 Burrn.
2113 2664 2139 2692 c&
2153 2663 2289 2694 Drakenb.

1286 2693 1382 2723 Risum
1393 2695 1524 2732 castigare
1536 2695 1716 2732 potiunculis.
1739 2697 1849 2727 Petron.
1862 2707 1923 2736 cap.
1935 2710 1980 2737 47.
2003 2701 2129 2730 Subinde
2139 2703 2303 2739 castigamus
2313 2703 2418 2735 crebris

1304 2732 1478 2770 potiunculis
1496 2733 1589 2763 risum.

1249 2770 1271 2800 C
1281 2780 1298 2798 A
1310 2780 1322 2799 s
1332 2773 1397 2801 Tic
1408 2775 1454 2799 Ᾰτ
1464 2780 1504 2813 U}
1515 2793 1522 2806 ‚
1544 2781 1558 2801 a
1570 2792 1578 2807 3
1600 2781 1658 2802 um.
1680 2777 1729 2808 ut,
1753 2772 1840 2804 Dolor
1860 2775 1949 2804 animi
1969 2776 2124 2814 castigatus.
2146 2777 2205 2807 Cic.
2223 2787 2251 2807 ².
2274 2778 2355 2810 Tusc.
2366 2791 2412 2817 49.

1285 2809 1302 2837 i.
1317 2818 1341 2837 e.
1365 2808 1465 2838 Levior
1477 2810 1575 2839 tactus.

1284 2846 1371 2876 frons
1380 2847 1443 2876 casti
1455 2853 1516 2884 ,ata
1539 2847 1605 2877 Stat.
1619 2857 1645 2878 2.
1659 2848 1725 2879 Silv.
1740 2858 1764 2878 1.
1779 2860 1825 2886 44.

1364 2884 1398 2914 Et
1408 2895 1440 2914 ca
1466 2886 1544 2922 igatae
1556 2886 1675 2916 collefta
1687 2888 1826 2917 modestia
1835 2888 1944 2919 frontis.

1303 2929 1438 2960 apparet,
1458 2923 1535 2960 quod
1545 2924 1714 2961 reprehendi
1725 2925 1821 2962 posset.
1850 2942 1852 2944 >

1282 2960 1553 2996 Libertasjubarum.
1576 2963 1642 2992 Stat.
1657 2973 1683 2998 9.
1703 2963 1794 2993 Theb.
1804 2968 1867 3001 687.

1327 2998 1408 3028 Colla
1417 2999 1515 3028 sedent
1525 3022 1532 3035 ,
1555 3001 1637 3030 nodis
1652 3002 1678 3030 &
1688 3001 1818 3039 castigata
1826 3003 1956 3038 jubarum

1283 3033 1381 3066 Pectus
1393 3037 1564 3074 castigatum.
1589 3039 1674 3068 Ovid.
1689 3049 1712 3068 1.
1726 3042 1817 3070 Amor.
1836 3051 1859 3075 ς.
1869 3050 1914 3070 21.

1363 3075 1457 3111 Quam
1465 3075 1596 3113 castigato
1610 3076 1712 3115 planus
1723 3077 1772 3106 sub
1783 3079 1896 3116 peiftore
1915 3085 2020 3108 venter.
2117 3080 2134 3107 i.
2148 3089 2172 3108 c.
2196 3079 2351 3110 Emendato
2367 3083 2412 3113 vel

1300 3115 1429 3142 ‘correcto
1440 3123 1491 3150 per
1501 3113 1611 3144 fasciam
1621 3137 1629 3150 ‚
1654 3125 1707 3152 qua
1718 3117 1905 3146 tumescentes
1914 3116 2031 3154 papillas
2042 3115 2165 3146 solebant
2177 3127 2315 3149 coercere.
2327 3119 2409 3150 Conf.

1303 3150 1382 3180 Idem
1397 3160 1420 3187 3.
1436 3153 1471 3180 de
1481 3151 1544 3181 Arte
1555 3154 1613 3182 Am.
1626 3162 1691 3190 274.
1710 3155 1735 3183 &
1748 3154 1827 3183 Rem.
1841 3156 1900 3183 Ain.
1915 3164 1976 3191 337.
2417 3156 2424 3162 ’

1282 3188 1415 3226 Compar.
1440 3190 1576 3220 Ammian.
1592 3194 1637 3221 26.
1649 3195 1675 3220 6.
1697 3191 1849 3230 Procopius
1862 3193 1918 3221 vita
1929 3191 2106 3229 moribusque
2114 3193 2277 3228 castigatior.

1282 3226 1390 3263 Superl.
1414 3227 1486 3257 Gell.
1497 3239 1524 3264 4.
1537 3238 1582 3258 20.
1596 3239 1637 3267 pr.
1660 3229 1822 3267 Disciplinae
1831 3229 2039 3267 castigatiffimae
2049 3232 2187 3259 exeniati.

1244 3263 1267 3293 C
1276 3273 1315 3293 As
1324 3273 1343 3292 T
1352 3275 1361 3293 1
1370 3275 1389 3293 e
1399 3274 1419 3294 Α
1429 3274 1449 3294 Τ
1459 3275 1474 3295 a
1485 3287 1493 3301 ‚
1512 3267 1581 3296 Adv.
1600 3274 1648 3302 ut,
1670 3267 1746 3296 Vixit
1756 3268 1879 3296 modeste
1889 3290 1896 3302 ,
1912 3268 2048 3304 castigate.
2068 3268 2131 3296 Sen.
2153 3269 2284 3300 Controv.
2296 3275 2322 3300 6.
2337 3278 2407 3302 extr.

1283 3302 1412 3340 Compar.
1429 3304 1566 3334 Ammian.
1580 3314 1624 3334 22.
1638 3314 1662 3341 3.
1680 3305 1778 3334 Vivere
1787 3306 1950 3341 castigatius.
1969 3305 1998 3333 V.
2011 3306 2137 3346 Macrob.
2149 3311 2241 3336 somn,
2255 3310 2330 3346 Seip.
2347 3320 2369 3339 1.
2381 3315 2408 3340 6.

1245 3339 1294 3369 CA
1306 3349 1318 3369 s
1328 3350 1364 3368 τι
1377 3351 1394 3369 c
1405 3345 1422 3370 Ᾰ
1432 3351 1475 3370 To
1488 3352 1503 3370 R
1516 3364 1524 3378 ,
1544 3344 1608 3372 oris.
1630 3353 1668 3372 111.
1699 3341 1859 3380 [mimas
1873 3364 1882 3378 ‚
1908 3344 2069 3379 wegonem]
2107 3346 2162 3380 Qui
2186 3347 2366 3384 reprehendit
2383 3351 2410 3379 &

1281 3378 1417 3416 objurgat.
1458 3379 1546 3409 Plaut.
1558 3381 1635 3410 Trin.
1657 3390 1681 3417 3.
1697 3392 1720 3410 1.
1742 3390 1783 3416 13.
1806 3380 1855 3409 Ibo
1868 3381 1903 3409 ad
1919 3390 2012 3410 meum
2029 3382 2231 3419 castigatorem.

1279 3410 1477 3453 Lacryma'rum
1489 3419 1647 3455 castigator,
1671 3425 1752 3455 atque
1765 3419 1895 3447 inertium
1907 3418 2090 3456 querelarum.
2115 3421 2172 3450 Liv.
2192 3431 2216 3452 1.
2232 3433 2275 3459 59.
2312 3444 2320 3453 -

1281 3454 1432 3492 castigator
1441 3456 1593 3491 censorque
1605 3457 1754 3486 minorum.
1778 3456 1845 3484 Hor.
1860 3457 1890 3485 in
1902 3459 1965 3486 Arte
1978 3457 2052 3486 Poet.
2068 3467 2130 3494 174.

1281 3492 1369 3522 Iratus
1383 3493 1536 3531 castigator.
1558 3495 1621 3523 Sen.
1636 3495 1670 3523 de
1684 3495 1723 3523 Ira
1737 3503 1759 3522 1.
1775 3503 1785 3522 1
1795 3503 1818 3529 ς.

1281 3530 1362 3560 Serus
1371 3531 1522 3568 castigator.
1564 3531 1702 3561 Columel.
1714 3531 1760 3560 lib.
1775 3537 1801 3565 8.
1814 3541 1874 3570 cap.
1894 3535 1935 3561 16.
1974 3531 2033 3562 Nos
2047 3542 2159 3572 quoque
2175 3557 2184 3572 ‚
2217 3545 2253 3567 ne
2264 3538 2409 3569 videamur

1241 3600 1245 3606 ¹
1302 3574 1346 3597 tot
1354 3569 1410 3605 jam
1420 3568 1577 3598 seculorum
1588 3570 1637 3599 seri
1650 3569 1832 3607 castigatores.

1243 3605 1266 3635 C
1275 3615 1294 3635 A
1305 3615 1316 3635 s
1326 3616 1345 3635 T
1354 3618 1363 3635 1
1373 3616 1391 3636 c
1402 3616 1421 3636 A
1433 3616 1478 3636 το
1487 3617 1503 3636 a
1513 3618 1522 3635 1
1533 3617 1551 3635 u
1560 3616 1572 3636 s
1583 3629 1591 3641 7
1617 3614 1632 3636 a
1642 3629 1650 3641 ‚
1672 3617 1728 3636 um.
1752 3612 1782 3635 ut
1791 3629 1798 3641 ‚
1822 3606 1960 3637 Adhibere
1979 3608 2107 3639 solatium
2128 3621 2184 3641 non
2203 3614 2408 3652 castigatorium

1281 3645 1307 3673 ἃ
1318 3644 1402 3674 nimis
1415 3645 1486 3674 forte
1500 3667 1508 3680 ‚
1530 3644 1575 3673 sed
1588 3645 1673 3674 molle
1686 3647 1711 3675 St
1724 3645 1886 3674 humanum.
1911 3644 1979 3676 Psin.
1996 3658 2019 3683 5.
2036 3647 2120 3686 Epist.
2136 3655 2179 3680 16.

1280 3682 1417 3712 Severitas
1426 3683 1603 3719 castigatoria.
1626 3683 1722 3712 Sidon.
1735 3693 1760 3717 4.
1775 3682 1856 3720 Epist.
1872 3694 1895 3713 1.

1244 3719 1266 3749 C
1277 3730 1295 3748 A
1306 3730 1318 3749 s
1328 3729 1395 3748 '1⁸16
1406 3730 1424 3748 A
1433 3729 1453 3748 τ
1463 3731 1472 3748 1
1482 3730 1499 3748 o
1509 3742 1517 3754 ‚
1539 3721 1608 3749 onis.
1630 3720 1646 3749 f.
1671 3719 1877 3756 [σωφρονισμῷ]
1900 3721 1958 3751 Cic.
1971 3733 1998 3755 4-
2010 3722 2092 3753 Tusc.
2104 3735 2150 3760 44.
2173 3724 2210 3755 Ut
2219 3737 2318 3758 omnes
2332 3730 2408 3759 casti-

1281 3754 1458 3794 gationibus,
1482 3757 1760 3794 reprehensionibus.
1782 3759 1945 3796 ignominiis
1962 3760 2034 3789 affici
2053 3761 2122 3791 sein
2144 3764 2247 3794 delicto
2266 3768 2405 3797 dolerent.

1280 3795 1436 3825 Verborum
1446 3795 1602 3830 castigatio.
1625 3797 1661 3824 ob
1674 3806 1794 3826 errorem
1805 3799 1985 3833 praeteritum.
2009 3799 2066 3828 Liv.
2079 3808 2124 3835 27.
2142 3811 2151 3829 1
2160 3813 2183 3835 ς.
2198 3814 2238 3840 pr.

1280 3833 1488 3862 Animadversio
1500 3834 1525 3862 &
1535 3834 1676 3870 castigatio
1685 3835 1788 3867 omni&
1799 3835 1972 3865 contumelia
1984 3846 2081 3866 vacare
2091 3838 2184 3868 debet.
2207 3842 2404 3875 Cierosfgg.

1280 3868 1427 3907 Castigatio
1437 3870 1557 3900 fustium.
1576 3871 1650 3900 llud.
1663 3881 1697 3901 ex
1710 3872 1821 3910 Ulpian.
1834 3873 1869 3902 de
1881 3873 2087 3906 Effractoribus.
2108 3877 2143 3906 H.
2157 3878 2195 3907 St.
2221 3879 2251 3907 V.
2270 3879 2287 3908 l.
2306 3881 2353 3909 ult.
2370 3881 2404 3909 D.

1303 3909 1338 3936 de
1348 3907 1456 3937 Effrac‘t.
1467 3909 1492 3937 ἅ
1504 3908 1593 3945 Expil.

1283 3945 1431 3982 castigatio
1442 3945 1576 3983 loquendi
1589 3968 1597 3981 ‚
1618 3946 1731 3977 Puritas.
1770 3947 1894 3978 Macrob.
1907 3956 1932 3978 2.
1945 3949 2056 3979 Saturni
2068 3962 2112 3986 42.
2127 3952 2162 3981 de
2175 3954 2308 3989 Augusto:
2332 3955 2405 3984 Con-

1301 3990 1340 4013 tra
1351 3983 1560 4021 castigationem
1572 3981 1723 4022 loquendi,
1746 3987 1906 4053 quamLalilas
1915 3987 1962 4017 ille
1974 3988 2121 4018 scribendo
2129 3991 2261 4020 servabat.

2109 1223 2126 1251 i.
2141 1232 2164 1253 e.
2189 1225 2336 1263 Increpat,
2366 1227 2415 1256 ob<

1820 1523 1918 1557 —jam
1930 1525 2056 1554 tumidus
2067 1532 2148 1555 vocat
2161 1527 2302 1564 magister,

1730 1558 1749 1588 i.
1764 1568 1789 1588 e.
1811 1559 1947 1598 Objurgat
1957 1563 2031 1599 quod
2040 1564 2124 1593 nimis
2134 1574 2267 1595 moretur.
2304 1566 2413 1598 Nonius

2027 2890 2046 2919 i.
2063 2899 2088 2920 e.
2110 2889 2209 2927 Frons,
2231 2893 2260 2921 in
2273 2901 2327 2929 qua
2340 2894 2414 2924 nihil

2033 3003 2165 3033 Libertas.
2179 3005 2196 3034 i.
2206 3014 2230 3034 e.
2242 3005 2406 3038 Constric‘ta.

2278 4029 2407 4060 Casm-
