2600 4177
468 113 497 147 C
592 113 625 147 H
724 114 750 149 L

73 193 127 223 late
139 192 242 223 ibidem
252 194 341 224 docet.
380 193 447 224 Πᾶς
458 195 540 224 etiarn
552 192 672 224 Pal-cestra
684 200 815 224 vocatur:
840 194 864 223 Sc
876 195 921 231 qui
933 202 993 225 eam
1005 195 1126 230 docent,
1137 194 1188 224 'Pa-

73 231 253 261 laestrieidicti
266 231 334 260 sunt.
374 233 410 261 Ab
422 233 463 261 his
472 232 546 261 enim
561 233 776 269 perceptoribus
793 240 883 261 motus
903 233 1042 270 gestusque
1066 233 1187 261 forman-

73 275 118 297 tur
130 290 137 303 ,
159 270 270 297 utreeta
282 270 331 297 sint
341 268 450 299 brachia
462 292 470 304 ,
491 276 526 297 ne
540 269 660 298 indoclae
670 270 809 298 ruilicaevc
821 279 917 299 manus
931 292 939 304 ,
961 279 997 299 ne
1010 271 1090 299 status
1109 270 1187 298 inde-

74 315 171 337 corus,
194 315 282 341 nequa
292 308 318 334 in
332 307 502 342 proferendis
510 306 745 343 pedibusinscitia
757 324 766 340 ,
788 316 823 336 ne
841 315 925 343 caput
941 308 1069 344 oculique
1087 307 1122 335 ab
1134 308 1188 336 alia

75 343 198 378 corporis
210 351 285 379 parte
296 343 450 372 dilsideant.
488 344 558 379 Quat
570 344 662 372 omnia
675 344 779 376 antiqui
792 345 918 380 ingenuis
930 347 1021 381 pueris
1034 347 1059 374 St·
1070 344 1188 372 liberali-

76 386 117 408 ter
133 380 255 408 educatis
266 380 412 409 necessaria
422 382 534 417 cognitu
544 381 775 410 existimaverunt.
800 383 909 411 Nostras
925 382 1023 416 vulgus
1035 391 1091 410 uno
1102 381 1187 409 verbo

76 417 261 445 Continentiae
281 417 340 446 haec
353 419 448 447 omnia
463 417 599 455 significat.
640 418 705 448 Ha‘c
728 419 745 447 B
769 419 852 454 daeus,
872 429 958 457 prope
977 419 1134 448 adverbum
1153 427 1188 447 ex

77 453 261 489 Quintiliano.
295 457 341 483 Ars
350 456 445 484 eadem
459 455 637 493 Carptoribus
648 460 673 485 ot
687 457 741 485 Seii
756 458 850 487 oribus
859 456 1039 486 obsoniorum
1049 456 1131 486 ascita
1139 456 1187 491 est,

20 506 22 532 ς
78 497 109 521 ut
120 491 235 520 artificio
248 490 274 520 se
284 493 551 522 omniainciderent.
572 493 669 528 juven.
687 494 774 528 5-Sat.
793 504 854 525 121.

153 528 322 557 Structorem
334 530 456 566 interea,
479 540 568 567 nequa
582 531 737 567 indignatio
749 532 835 565 desit,

153 565 304 595 Saltantem
318 566 422 603 spectes
433 589 441 603 ‚
463 570 488 597 Sc
504 568 719 597 chironomonta
731 569 837 598 volanti

154 603 277 632 Cultello
287 626 294 636 .
315 606 407 634 donec
417 612 529 642 peragat
537 606 638 635 dictata
650 606 768 640 magistri
893 605 996 636 Omnia
1008 628 1016 640 ,
1029 607 1080 636 dte.
1121 606 1191 642 [Re-

76 642 119 672 (te
126 650 191 670 vero
204 641 286 670 chr.
299 642 394 679 Steph.
408 643 437 671 in
448 643 529 672 Thes.
548 644 592 672 Gr.
606 644 679 681 apud
688 642 788 679 Juven.
803 643 1037 673 Cheironomssnta
1056 654 1106 682 per
1121 655 1135 671 ε
1152 644 1191 673 le-

76 679 133 716 git,
156 685 186 708 ut
195 678 226 707 sit
238 689 252 707 a
261 682 438 716 wkmgmfflr'a,
461 691 486 718 q.
500 682 617 709 omnino
639 681 668 710 V.

21 730 22 734 ¹
41 715 90 748 Csi
100 719 159 745 Iao
169 726 188 744 τ
198 726 216 744 u
227 720 268 745 {c
279 727 296 745 A
307 739 314 751 ,
336 727 365 746 ae.
388 718 407 747 f.
430 715 598 754 [χειςῆτῖκη]
621 718 756 747 Manuum
774 724 886 753 tegmen
897 740 904 751 .
926 719 1001 755 quod
1016 720 1041 748 Sc
1062 718 1191 756 Daiftylo-

77 751 185 783 thecam
196 754 281 783 Graeci
293 761 403 785 vocant.
440 756 506 792 Ejus
516 755 592 785 usum
601 755 696 794 priscis
710 756 838 793 ignotum
848 756 925 786 fuiss‘e
935 757 993 786 vult
1014 757 1190 787 Casaubonus

78 793 107 821 in
123 792 221 821 Athen.
241 801 281 821 12.
294 801 318 822 2.

42 830 374 860 Cainoraizcmus
388 852 396 865 ‚
417 831 480 867 Adj.
502 830 603 860 Sarisb.

39 868 92 898 CH
104 876 136 895 ra
146 877 162 895 o
172 876 191 895 T
202 875 221 894 u
233 876 245 895 n
254 876 271 895 c
280 878 298 896 A
311 877 324 896 a
335 878 368 896 ru
377 878 388 897 s
398 890 406 902 ‚
427 869 445 897 i.
469 878 505 897 m.
529 867 613 897 Gloil'.
637 867 693 903 Qui
706 867 881 898 chirothecas
891 868 967 898 facit.

43 905 64 936 C
73 907 133 935 ara
143 906 187 934 ὅτ
198 906 214 933 ὅ
226 915 242 932 Ν
253 907 269 933 ἒ
278 914 296 933 τ
306 915 323 933 o
333 915 352 933 u
363 927 370 938 ,
393 907 409 935 i.
433 915 460 934 n.
483 902 676 942 [χειροτονῶν]
697 905 801 934 vitruv.
813 916 837 941 9.
853 915 877 941 3.
900 905 979 936 Liber
991 904 1143 936 Democriti
1156 906 1191 935 de

76 949 166 972 rerum
178 949 272 971 natura
283 943 437 972 inscribitur
449 943 660 972 Chirotoneton.
684 942 902 978 Gnfflmvnrar.
928 944 967 974 Al.
993 945 1188 974 Chiroctmeta.

20 980 21 1012 ζ
39 981 111 1011 Cui
123 990 166 1008 au
178 990 192 1008 R
203 990 220 1008 G
230 990 248 1008 u
258 990 270 1009 s
282 1002 290 1015 ‚
312 981 330 1009 i.
352 990 389 1010 m.
411 978 569 1017 [56‘62‘529'5]
592 980 719 1009 Medicus
733 980 900 1010 vulnerarius
912 1003 919 1015 ,
941 992 956 1011 a
974 991 1107 1011 manuum
1125 990 1192 1018 ope-

20 1023 21 1028 *
77 1018 183 1047 ratione
194 1018 231 1046 ita
242 1024 363 1047 vocatur.
404 1018 474 1048 Plin.
489 1026 515 1055 7.
527 1027 553 1047 2.
577 1017 699 1056 appellat
712 1018 856 1048 Medicum
868 1020 1033 1057 vulnerum,
1053 1021 1080 1050 &
1094 1019 1191 1049 Romae

20 1072 21 1075 ¹
76 1055 176 1092 legitur
183 1054 242 1084 haec
252 1054 396 1092 Inscriptio
406 1077 415 1089 ,

247 1092 444 1123 CHRESTAE.
474 1092 697 1123 CONSERVAE.
727 1091 783 1122 ET.
815 1092 978 1124 CONIVGI.

345 1130 519 1161 CELODVS.
544 1129 739 1160 ANTINOVS.
761 1128 876 1160 DRVSI.

402 1167 571 1198 MEDICVS.
593 1167 808 1197 CHIRVRGVS.

167 1206 316 1246 Chirurgus
329 1207 434 1242 fuerat,
456 1216 532 1236 nunc
544 1206 581 1236 est
596 1205 713 1243 vespillo
725 1205 848 1235 Diaulus.

40 1244 64 1278 C
72 1251 93 1275 a
102 1256 111 1274 1
120 1254 136 1274 a
145 1255 164 1274 υ
173 1255 190 1273 a
198 1255 217 1273 G
226 1257 235 1274 1
244 1256 263 1274 A
273 1267 281 1280 .
303 1256 334 1274 ae.
354 1245 374 1274 f.
396 1241 565 1281 [χειξεςφίοι]
586 1240 643 1280 [psa
653 1252 694 1272 ars
704 1265 712 1277 .
734 1253 794 1280 quae
807 1252 822 1271 a
830 1243 933 1273 Graecis
943 1244 968 1273 &
977 1243 1139 1281 Chirurgice
1149 1243 1190 1272 di-

77 1284 159 1318 citur,
181 1282 240 1313 Cic.
254 1294 280 1319 4.
294 1285 345 1313 Att.
361 1292 385 1319 3.
408 1283 464 1312 Sed
473 1291 526 1319 ego
539 1283 619 1311 diaeta
630 1281 718 1310 curari
726 1281 831 1319 incipio
841 1303 849 1317 ,
870 1282 1013 1319 chirurgiae
1023 1282 1116 1311 taedet.
1156 1281 1188 1311 V.

908 1168 1029 1198 Martial.
1045 1178 1068 1198 1.
1085 1177 1129 1205 31.

77 1332 95 1351 o
105 1332 115 1349 1
124 1331 148 1349 Ε
156 1330 176 1349 T
183 1330 213 1350 A.

39 1359 91 1391 CH
102 1369 112 1387 1
122 1369 138 1387 R
148 1368 167 1387 u
175 1368 191 1387 R
199 1368 218 1387 G
227 1369 236 1387 t
245 1368 262 1388 c
270 1368 284 1387 ιζ
294 1379 302 1393 ,
323 1368 361 1388 es.
381 1357 400 1387 f.
421 1356 603 1394 [x‘eirevwi]
623 1355 712 1386 Idem.
732 1355 827 1386 Celsus
842 1356 870 1384 in
892 1366 1011 1394 prooem.
1028 1356 1108 1387 Idem
1119 1356 1188 1385 ibid.

76 1396 161 1427 &liu
176 1404 201 1432 7.
213 1405 254 1434 pr.
275 1396 382 1426 Partem
393 1395 558 1431 medicinae,
580 1395 650 1431 Qua:
670 1403 754 1424 manu
774 1394 920 1430 medetur,
947 1394 992 1425 vel
1001 1402 1089 1431 curat,
1107 1395 1191 1424 intere

97 1441 204 1463 retatur.

39 1444 136 1503 ciiii<
147 1481 164 1500 u
175 1472 328 1505 aereus,
350 1470 410 1507 Adj.
434 1468 536 1507 Hygin.

41 1510 266 1544 Curare-RA,
288 1507 423 1545 [zipu‘dpae]
444 1507 557 1546 proprie
574 1506 666 1536 Terra:
684 1507 782 1541 ruina,
811 1506 864 1537 sive
883 1506 989 1544 fissura,
1019 1514 1103 1546 'quam
1122 1514 1192 1545 aqua

78 1547 171 1586 pluvia
182 1569 191 1583 ,
211 1554 319 1576 torrens
329 1568 337 1582 ,
359 1553 406 1575 aut
421 1553 499 1575 terrae
509 1552 602 1574 motus
613 1545 705 1574 efficit.
745 1545 838 1583 Spieg.

39 1585 92 1616 Cn
102 1596 110 1614 1
121 1595 173 1615 sio
183 1594 229 1614 ‘ro
240 1594 252 1614 s
262 1594 281 1613 A
290 1594 325 1613 cr
334 1606 343 1620 ,
365 1583 463 1622 Populi
475 1583 594 1621 Scythice
604 1603 612 1618 ‚
634 1583 663 1619 in
675 1583 818 1612 montibus
837 1582 951 1613 Emodis
963 1605 971 1619 ,
993 1592 1112 1621 quorum
1130 1591 1192 1620 pro·

77 1624 248 1652 montorium
258 1622 351 1652 lmaus
362 1628 477 1651 vocatur
487 1642 495 1655 ,
517 1621 650 1658 degentes
660 1641 668 1655 ,
690 1628 720 1649 ut
731 1620 825 1650 scribit
845 1621 910 1650 Plin.
926 1622 975 1650 lib.
987 1625 1013 1651 6.
1034 1631 1095 1658 cap.
1109 1630 1152 1657 17.

37 1661 63 1691 C
72 1669 91 1690 H
101 1672 110 1689 1
119 1670 156 1689 'rr
166 1671 178 1690 s
191 1682 199 1696 ,
220 1660 332 1696 [xlm]
354 1660 456 1689 Arabiae
472 1658 558 1688 insula
568 1681 576 1691 ,
596 1659 625 1687 in
647 1668 700 1695 qua
717 1657 897 1696 Troglodytae
919 1659 1065 1696 praedones
1076 1680 1085 1693 ,
1105 1667 1191 1695 quum

74 1699 181 1728 diutius
194 1698 267 1728 fame
284 1699 310 1728 ἃ
328 1698 493 1735 tempestate
507 1696 588 1734 preffi
600 1718 608 1731 ‚
630 1695 728 1725 herbas
744 1696 904 1733 radicesque
922 1696 1094 1731 effoderent,
1114 1705 1192 1725 erue-

74 1743 141 1766 -tunt
150 1737 442 1774 topaziougemmam,
455 1742 486 1764 ut
496 1744 530 1764 ex
544 1734 671 1764 Archelai
686 1733 820 1763 sententia
833 1734 914 1763 refert
924 1733 1189 1772 Plin.lib.37.cap.8.

39 1772 64 1803 C
73 1784 92 1803 u
102 1776 140 1803 ir
150 1784 167 1803 o
177 1784 197 1803 N
208 1796 217 1810 ,
242 1774 312 1804 onis.
334 1783 371 1803 m.
393 1771 510 1809 [χι-τὼ]
531 1772 632 1801 dicitur
643 1771 739 1801 Latine
750 1771 868 1801 Tunica.
892 1773 918 1802 δι

42 1811 188 1842 cairan
199 1823 207 1840 ι
219 1822 236 1840 υ
247 1822 285 1846 Μ,
306 1811 324 1840 i.
341 1821 369 1840 n.
392 1808 539 1847 [χιπῖνιιν]
560 1809 662 1838 Dimin.
676 1809 764 1844 ejusd.
783 1809 932 1839 Tunicula.
954 1809 1029 1839 Hinc
1040 1809 1109 1839 Galli
1124 1819 1193 1848 prat-

19 1846 22 1883 ζ
77 1848 291 1889 positoarticulo
300 1849 397 1878 Graeco
413 1850 423 1875 ὁ
438 1847 512 1885 'vuli
531 1847 673 1876 finxerunt
685 1847 764 1876 suum
778 1852 915 1884 Hoqueton.
952 1847 1002 1883 [Si
1017 1848 1069 1877 diis
1089 1847 1190 1886 placet.

20 1887 22 1905 ³
38 1889 64 1919 C
72 1899 92 1918 H
102 1892 139 1917 ir
148 1891 164 1918 ὃ
174 1898 192 1917 N
203 1897 231 1916 is
240 1897 258 1916 c
269 1897 286 1916 u
295 1896 306 1916 s
317 1908 325 1921 ,
346 1886 539 1922 [χτωνίσκῶι]
559 1886 682 1914 Alterum
708 1885 907 1914 diminutivum
919 1907 928 1920 ,
949 1885 1065 1915 Camilia
1074 1907 1083 1921 ,
1111 1886 1193 1914 indu-

20 1923 22 1930 *
77 1927 154 1956 sium.
169 1925 232 1955 Hoc
242 1932 336 1954 autem
346 1933 433 1961 genus
449 1923 604 1953 vestimenti
620 1923 718 1952 Pollux
728 1922 776 1953 lib.
788 1929 814 1961 7.
826 1932 886 1961 cap.
901 1931 942 1960 ¹3-
961 1923 1031 1953 dicit
1042 1931 1192 1953 commune

75 1964 129 1994 ess'e
145 1964 265 1993 virorum
279 1964 305 1992 St
320 1962 476 1991 mulierum.

38 2002 63 2033 C
71 2012 91 2032 n
102 2013 109 2030 1
121 2011 140 2030 T
150 2012 164 2029 a
175 2011 194 2029 A
204 2011 224 2029 M
235 2022 243 2035 ‚
265 2000 514 2029 Medicamentum.
552 1996 649 2029 Galen.
661 1998 710 2028 lib.
724 1999 759 2028 de
769 1998 867 2036 Simpl.
886 1998 1034 2028 medicam.
1050 1998 1173 2027 Chitram
1182 2019 1191 2034 ,

75 2036 244 2070 lanicinium
252 2037 290 2067 est
304 2037 569 2074 quamplurimarum
585 2037 712 2066 arborum
726 2047 734 2072 ·,
757 2037 888 2066 omnibus
901 2042 997 2065 notum
1018 2036 1066 2065 est.
1106 2036 1192 2072 Cujus

77 2077 148 2115 quasi
157 2077 295 2114 optimum
308 2075 456 2112 eliquimus
467 2075 541 2111 quod
554 2074 592 2104 est
610 2075 781 2110 candidum,
802 2076 828 2105 &
849 2074 1004 2110 mundum,
1026 2075 1053 2104 Sc
1072 2073 1193 2112 glutino-

20 2138 22 2160 ,
74 2116 144 2146 Vsum.
165 2115 243 2146 Plura
255 2113 368 2143 ibidem.
406 2114 424 2150 [
433 2112 490 2143 Nisi
499 2122 565 2142 vero
577 2121 651 2142 error
659 2113 706 2143 est.

20 2197 22 2211 ι
490 2175 520 2210 C
610 2174 643 2210 H
737 2176 764 2211 L

40 2226 217 2263 Cirtam,
236 2234 268 2258 at.
285 2224 308 2257 ‘f.
328 2222 473 2263 [χλαῖναι]
493 2223 655 2255 vestimenti
666 2234 754 2262 genus
765 2246 773 2259 ,
794 2224 870 2261 quod
885 2223 975 2262 palliis
987 2224 1106 2254 hiberno
1125 2234 1192 2263 prae=

20 2289 23 2303 ,
75 2265 165 2295 sertim
175 2273 300 2304 tempore
315 2263 580 2302 superinduebatur,
602 2262 706 2293 Latinis
726 2262 807 2292 Laena
819 2262 1002 2300 appellatum.
1043 2263 1124 2292 Unde
1144 2273 1191 2292 na-

20 2317 23 2332 ι
71 2304 187 2333 tumest
203 2304 278 2342 apud
293 2303 402 2332 Graecos
412 2301 591 2340 proverbium
603 2323 611 2337 .
633 2301 659 2328 oia
680 2297 731 2337 92¹&
750 2297 787 2330 viv
807 2301 916 2335 maiixv
938 2299 1098 2335 κφπισξίζεις,
1117 2300 1145 2330 h.
1164 2310 1190 2330 e.

73 2342 173 2373 *ffistate
192 2341 292 2371 laenam
303 2341 413 2370 deteris.
449 2340 481 2370 In
499 2349 547 2370 eos
566 2340 621 2369 dici
640 2338 769 2375 solitum,
794 2338 841 2376 qui
853 2338 946 2368 alieno
962 2343 1089 2375 tempore
1110 2339 1191 2368 rebus

21 2403 22 2406 ,
75 2379 230 2409 necessariis
238 2379 397 2409 abutuntur.
434 2377 516 2408 Dicta
526 2378 564 2407 est
580 2384 672 2407 autem
684 2377 791 2412 χλαῖνα,
813 2382 844 2406 ut
862 2383 974 2414 putatur
984 2398 992 2411 ‚
1013 2373 1059 2403 λ’πὲ
1072 2373 1091 2403 ἓ
1104 2373 1192 2409 miod-

74 2428 136 2453 vm,
153 2418 210 2447 Jnoc
222 2418 260 2446 est
276 2427 290 2445 a
301 2416 473 2453 calfaciendo
483 2438 491 2451 ,
510 2422 657 2454 propterea
669 2414 745 2450 quod
761 2414 894 2444 denlitate
909 2413 955 2444 sua
972 2415 1133 2452 &pondere
1145 2422 1191 2451 ge-

0 2477 6 2486 .
20 2465 23 2484 i
72 2455 171 2485 'stantes
182 2455 352 2485 calefaceret.
373 2453 496 2483 Turneb.
511 2461 552 2490 17.
565 2463 606 2490 30.
631 2452 727 2483 Pollux
739 2462 764 2489 7.
779 2461 821 2489 13-

21 2490 23 2524 l
37 2491 62 2523 C
70 2502 89 2522 Η
99 2504 115 2522 r.
123 2503 142 2522 A
151 2504 170 2522 M
178 2503 197 2522 Y
208 2503 226 2522 n
237 2504 246 2521 1
256 2503 275 2522 A
286 2514 294 2528 ‚
316 2501 347 2522 ae.
369 2489 552 2528 [Χλαμυδῖοι]
577 2491 664 2529 Vulgo
674 2491 748 2518 Sdr'les
757 2512 766 2525 ‚
782 2489 873 2520 Insula
883 2490 924 2519 est
932 2490 1016 2519 marIs
1025 2489 1118 2527 AEgaei,
1133 2499 1188 2519 una

0 2542 1 2548 ¹
20 2530 24 2569 ἲ,
74 2530 236 2569 Cycladum,
247 2540 306 2575 quie
316 2531 426 2559 notiore
433 2529 547 2559 nomine
557 2529 641 2559 Delos
652 2527 817 2567 appellatur.
834 2529 910 2557 Auet.
922 2527 1185 2565 Plin.lib.4.cap.12.

0 2580 1 2583 ¹
21 2567 136 2599 ιῡΗιᾸ
148 2578 231 2602 Mys,
252 2568 325 2598 vdis.
349 2569 368 2598 f.
390 2567 543 2603 [χλαμὺς]
563 2568 673 2606 proprie
687 2567 770 2595 Vestis
787 2565 913 2595 militaris
926 2587 934 2600 ‚
974 2575 1014 2594 uae
1031 2567 1058 2595 δε
1075 2565 1189 2595 Paluda-

22 2605 23 2623 ἶ
70 2613 200 2636 mentum
213 2607 315 2636 dicitur
328 2628 336 2641 ,
360 2607 473 2635 auctore
484 2605 588 2635 Nonio.
629 2605 690 2635 Nec
698 2604 774 2634 aliud
791 2604 828 2633 est
841 2613 922 2640 quam
934 2603 1083 2632 ωειζόλοαω
1094 2625 1102 2639 ‚
1123 2603 1140 2632 i.
1161 2613 1186 2633 e.

38 2655 47 2658 '¹
58 2645 60 2648 ’
73 2643 268 2674 vestimentum
279 2666 287 2679 ,
309 2645 384 2681 quod
395 2644 495 2673 tunicae
508 2643 758 2682 superindueretur.
799 2642 948 2671 Philostrat.
964 2652 988 2676 ς.
1004 2650 1046 2676 14.
1077 2641 1188 2678 Clamy-

68 2682 135 2712 dem
151 2684 178 2713 &
191 2682 338 2712 militarem
359 2682 443 2711 vitam
455 2681 600 2710 adamavit.
639 2681 741 2710 Ferrar.
756 2680 793 2708 de
810 2679 852 2709 Re
870 2679 938 2708 Vest.
952 2688 978 2707 a.
992 2687 1016 2714 3.
1030 2688 1053 2708 1.
1073 2680 1099 2709 ἃ
1112 2679 1188 2716 apud

69 2719 154 2750 Plaut.
167 2720 263 2750 Pseud.
278 2729 303 2749 2.
317 2731 344 2755 4.
358 2730 403 2755 45.
426 2720 497 2748 Cum
507 2719 684 2756 &cophanta
695 2717 837 2747 ornandus
850 2716 917 2746 e'ss‘et
926 2716 1074 2746 militarem
1088 2718 1117 2746 in
1128 2726 1188 2746 mo-

55 2757 146 2793 ldum.
167 2758 256 2788 Etiam
263 2767 334 2801 opus
343 2758 381 2786 est
389 2757 536 2801 chlamyde
548 2779 556 2791 ,
574 2759 600 2787 ἃ
611 2757 756 2792 machaera,
768 2757 796 2786 ἃ
807 2754 910 2785 Petaso.
933 2754 1005 2792 Virg.
1017 2760 1044 2790 8.
1053 2755 1114 2787 IEn.
1122 2758 1185 2792 588.

88 2868 90 2872 ¹
137 2867 140 2869 ,
160 2833 194 2863 In
205 2794 594 2874 ωεῶιέἕῗῡίῗξέἓὲεῇιέξίζ
607 2831 771 2869 conspectus
779 2830 808 2860 in
819 2830 910 2860 armis.
982 2868 989 2874 ·

0 2878 7 2900 'a
51 2894 55 2909 ,
67 2871 173 2902 Similis
184 2871 325 2909 chlamydi
337 2879 409 2901 terra
418 2871 586 2901 habitabilis.
623 2868 784 2900 Macrobius
794 2869 822 2898 in
838 2869 934 2897 Somn.
945 2867 1019 2906 Scip.
1032 2876 1059 2898 2.
1071 2878 1097 2904 9.
1110 2872 1183 2899 extr.

90 2910 125 2939 de
140 2915 211 2939 terra
229 2909 346 2946 loquens
360 2931 369 2943 ,
390 2908 501 2938 Veteres
512 2931 520 2944 ,
542 2909 652 2946 inquit,
674 2917 787 2937 omnem
805 2906 985 2935 habitabilem
1003 2906 1123 2935 nostram
1139 2916 1189 2935 ex-

85 2952 169 2977 ‘tentae
179 2947 321 2984 chlamydi
335 2946 450 2976 fimi'iem
461 2946 514 2976 effe
524 2946 664 2976 dixerunt.
700 2945 763 2975 Hoc
779 2945 848 2974 dicit
858 2944 1010 2982 significans
1031 2943 1187 2974 similitudi-

89 2995 154 3015 nem
166 2986 226 3020 ejus
237 2987 339 3014 arctam
349 2982 411 3014 esse.
433 2984 558 3014 Budaeus.

69 3022 238 3061 Chlamydes
252 3023 309 3052 veri
319 3022 442 3057 luminis,
463 3032 523 3059 quae
536 3020 702 3052 aTrebellio
713 3020 742 3049 in
753 3019 786 3050 D.
803 3019 900 3049 Claud.
911 3029 970 3056 cap.
987 3027 1028 3055 17.
1046 3018 1186 3055 dicuntur,

88 3060 226 3090 Luminosi
237 3060 338 3090 coloris
347 3083 354 3095 ,
376 3062 403 3090 Sc
413 3059 551 3097 flagrantis
561 3058 734 3093 ardentisque
747 3057 887 3095 intelligit,
909 3057 997 3094 qualis
1005 3056 1043 3085 est
1050 3057 1186 3093 puniceus

87 3099 165 3136 color
179 3101 204 3130 ἂ
216 3099 359 3133 coccinus,
379 3098 427 3127 nisi
439 3099 500 3135 quis
508 3107 559 3136 pro
573 3098 643 3127 Vero
655 3096 750 3127 colore
761 3097 788 3126 δι
800 3095 874 3125 claro
887 3094 1061 3133 limpidoque
1073 3104 1105 3124 ac
1112 3104 1185 3132 puro

26 3163 27 3167 ,
88 3137 232 3175 intelligat.
271 3136 429 3166 Turnebus,

68 3174 163 3205 Statua
172 3174 310 3213 Scipionis
321 3184 385 3203 cum
398 3173 554 3211 chlamyde.
594 3173 652 3203 Cic.
665 3181 716 3210 pro
725 3170 818 3201 Rabir.
836 3170 924 3200 Posth.
933 3176 985 3213 ¹27.
1005 3169 1035 3199 L.
1055 3179 1121 3199 vero
1129 3169 1186 3199 Sci-

89 3213 182 3251 pionis
194 3234 202 3246 ,
224 3213 269 3249 qui
285 3212 391 3241 bellum
403 3212 431 3240 in
443 3211 501 3241 Asia
521 3210 598 3249 gessit
609 3233 618 3246 ‚
640 3209 863 3246 Antiochumque
877 3209 996 3242 deVicu,
1017 3217 1075 3251 non
1096 3207 1186 3238 solum

86 3260 152 3280 cum
162 3250 308 3287 chlamyde
316 3270 324 3285 Ἴ
345 3249 391 3278 sed
401 3250 486 3278 etiam
495 3259 560 3279 cum
570 3249 691 3287 crepidis
704 3248 734 3277 in
745 3246 882 3286 Capitolio
890 3246 1007 3275 'statuam
1017 3245 1126 3276 videtis.

69 3289 169 3318 Aurata
178 3288 310 3326 chlamys.
335 3287 406 3324 Virg.
421 3298 444 3322 5.
462 3287 524 3317 AEn.
537 3296 603 3323 250.

24 3322 26 3329 ’
69 3325 182 3357 Crocea.
204 3326 276 3364 Virg.
288 3335 330 3355 11.
344 3325 405 3355 AEn.
418 3334 481 3362 775.

224 3379 262 3384 ——
272 3370 331 3393 tum
343 3372 471 3392 croceam
483 3362 714 3400 chlamydemque
723 3382 731 3396 ‚
751 3359 878 3397 sinusque
895 3363 1040 3397 crepantes

160 3400 306 3434 Carbaseos
317 3401 393 3430 fulvo
405 3401 435 3429 in
445 3401 550 3430 nodum
562 3400 711 3437 collegerat
721 3408 795 3428 auro.
892 3434 898 3440 .

7 3459 10 3464 -
69 3436 206 3477 Purpurea
216 3440 329 3469 &variis
339 3439 479 3468 coloribus
490 3439 605 3467 intexta.
627 3438 704 3467 Auc‘t.
720 3437 755 3466 ad
767 3436 867 3465 Heren.
878 3434 927 3464 hb.
944 3444 972 3470 4.
985 3436 1031 3463 όο.

28 3505 31 3513 ,
68 3476 153 3507 Color
166 3487 320 3515 purpureus
333 3476 495 3514 chlamydis.
519 3475 603 3505 Ovid.
619 3485 661 3509 14.
675 3474 744 3504 Met.
756 3483 817 3510 393.
909 3510 915 3516 ι
978 3509 984 3515 .
1001 3509 1007 3516 ι
1068 3509 1071 3512 Δ
1149 3502 1152 3506 Δ

29 3519 30 3522 ’
121 3514 234 3553 Phrygia
244 3515 366 3552 chlamys
376 3515 450 3544 dieta
459 3514 534 3551 quod
546 3513 712 3550 Phrygiones
722 3522 772 3541 acu
782 3510 915 3549 pingendi
926 3514 1008 3547 periti
1020 3509 1091 3539 sunt.
1149 3509 1183 3540 In

88 3551 202 3620 Phrygia
211 3554 292 3620 {ni-⁰5¹1
307 3553 365 3619 (ait
380 3551 522 3618 Serv-itsisgt
534 3551 591 3595 ipsa
602 3553 714 3618 inveiititasi
728 3550 766 3579 est
776 3558 827 3580 ars.
851 3548 921 3586 Virg.
932 3556 957 3584 3.
970 3547 1031 3578 ΖΕΗ,
1043 3551 1108 3583 484.

183 3600 211 3620 er
235 3600 263 3628 pi
294 3600 340 3620 ura
356 3599 383 3619 as
392 3600 449 3620 auri
474 3600 490 3618 u
524 3599 616 3618 emine
626 3598 660 3619 ve
684 3599 698 3618 e
715 3609 724 3625 ,

163 3628 196 3658 Et
205 3628 352 3666 Phrygiam
361 3627 473 3657 Ascanio
483 3627 671 3664 chlamydem.

72 3661 203 3701 Sidonia,
222 3664 274 3695 Pur
296 3675 369 3695 urea.
392 3665 465 3703 Virg.
476 3675 503 3700 4.
516 3665 577 3695 AEn.
594 3668 655 3701 ¹3⁶-
904 3692 907 3695 .
963 3700 980 3705 Ι,

30 3702 31 3706 ’
68 3703 210 3741 Spartana.
233 3704 270 3733 Ve
295 3704 316 3733 is
326 3703 454 3733 militaris
464 3712 499 3732 ex
507 3712 629 3740 purpura
638 3700 777 3731 Laconica
785 3700 880 3729 tincta.
900 3698 1002 3734 Juven-
1013 3702 1039 3733 8.
1049 3697 1104 3728 Sat.
1117 3705 1180 3729 101.

73 3740 248 3771 circumdata
258 3741 344 3770 limbo
354 3741 486 3778 chlamys.
508 3740 580 3778 Virg.
592 3752 617 3775 4.
632 3739 693 3770 AEn.
712 3741 772 3772 1³6.
794 3737 824 3766 V.
843 3735 965 3766 Trebell.
975 3735 1042 3766 Poll.
1054 3736 1108 3767 Le.

72 3778 217 3808 Collocare
227 3778 382 3817 clamydem
393 3786 424 3808 ut
435 3785 500 3816 apte
510 3779 642 3816 pendeat.
664 3775 748 3806 Ovid.
764 3784 789 3804 2.
804 3775 872 3804 Met.
886 3783 949 3811 773.

60 3814 241 3846 *Diffibulare
271 3817 289 3845 i.
307 3826 332 3846 e.
353 3815 634 3846 Fibulissuissolvere.
656 3815 723 3844 Stat.
733 3816 758 3843 6.
770 3812 862 3843 Theb.
878 3816 940 3850 5'70.

71 3852 186 3883 Indutus
196 3852 371 3890 chlamydem
382 3854 501 3891 Tyriam.
524 3854 607 3884 Ovid.
622 3865 644 3889 ς.
658 3853 726 3883 Met.
740 3861 783 3887 51-
1043 3887 1049 3893 .

72 3890 182 3929 lttergo
191 3892 312 3921 demissa.
334 3892 400 3921 Stat.
416 3902 438 3921 i.
449 3891 514 3921 silv.
528 3901 550 3921 1.
563 3901 608 3929 43.
629 3891 671 3924 It.
692 3890 710 3919 i.
723 3898 747 3919 e.
769 3887 887 3918 Recedit
896 3886 930 3918 ab
942 3888 1074 3919 humens.

0 3936 7 3951 ²-
32 3919 33 3933 ¹
72 3927 210 3960 sinuatam
221 3928 340 3968 implere
348 3939 377 3961 re
387 3929 488 3968 aliqua.
509 3930 577 3960 Stat.
590 3939 633 3960 ιο.
643 3927 734 3958 Theb.
748 3935 809 3965 ιη.

1637 116 1665 150 C
1761 116 1796 151 H
1888 118 1922 151 Ο

1276 194 1383 226 ‘reicere
1394 196 1553 235 chlamydes
1565 198 1645 227 ostro.
1667 197 1766 227 Claud.
1778 197 1867 235 Epigr.
1883 202 1924 233 ¹7.
1943 198 1977 227 de
1990 197 2128 228 Munerib.
2140 208 2164 228 V.
2179 204 2204 233 8.
2294 232 2297 233 ⁷

1277 235 1407 272 Chlamys
1422 257 1430 269 ,
1453 237 1524 264 inter
1535 236 1649 264 Puerilia
1659 236 1820 265 vestimenta
1833 242 1994 264 numeratur
2004 235 2037 264 ab
2052 236 2171 272 Ulpiano
2182 237 2209 264 in
2223 236 2239 265 l.
2254 238 2340 266 vestis.
2363 239 2396 269 D.

1297 272 1332 300 de
1343 283 1407 301 auro
1418 276 1442 301 ὁὶ·
1454 282 1507 307 arg.
1522 273 1573 309 leg.
1597 273 1714 302 Puerilia
1730 272 1802 307 sunt,
1825 283 1885 310 quae
1895 274 1930 301 ad
1942 272 2049 301 nullum
2062 273 2145 302 alium
2159 274 2235 302 usum
2248 276 2397 311 pertinent,

1296 309 1344 337 nisi
1359 311 1392 337 ad
1412 311 1546 346 puerilem
1561 321 1567 340 :
1590 311 1675 340 veluti
1698 318 1768 347 tog-e
1789 317 1928 348 praetextae
1939 332 1945 336 .
1969 310 2094 345 aliculae‚
2117 310 2277 347 chlamydes
2287 333 2295 346 ,
2316 312 2399 349 pallia

1296 356 1355 382 quae
1367 347 1430 376 filiis
1447 348 1542 377 nostris
1557 358 1758 383 comparamus.

1241 383 1409 450 CiquLAiiii
1422 394 1467 412 oA
1481 407 1489 420 ,
1511 395 1542 414 ae.
1571 386 1589 415 f.
1621 386 1708 415 idem.
1739 385 1818 423 ilpul.
1840 385 1910 415 Met.
1928 395 1970 415 ro.
1995 394 2055 424 pag.
2073 393 2137 422 253.
2176 384 2301 415 Elmenh.
2329 387 2401 417 conf

1308 430 1353 449 on.
1374 432 1413 456 ¹4·
1430 431 1470 451 12.

1280 458 1449 495 chlamyda,
1473 458 1642 496 Chlnmydae.
1658 459 1807 497 Appuleius
1820 469 1845 489 ².
1857 460 1960 489 Florid.
1977 460 2004 489 in
2017 459 2132 498 persona
2146 459 2275 496 Bathylli,
2296 460 2400 492 citante

1298 495 1388 532 Lipsio
1399 496 1427 524 in
1437 496 1566 526 Tacitum
1579 506 1642 532 407.
1655 498 1749 535 &ipse
1761 498 1865 536 Lipsius
1879 508 1937 534 pag.
1953 498 2007 535 seq.
2048 497 2081 527 Et
2093 498 2168 535 quod
2180 498 2218 526 ait
2232 499 2267 526 de
2277 497 2401 536 chlamy.

1299 533 1343 564 da.
1368 533 1400 561 Η.
1413 534 1451 562 St.
1496 534 1595 563 Deerat
1610 534 1669 564 haec
1679 536 1764 565 dictio
1776 537 1803 564 in
1814 536 1858 564 ed.
1870 534 1956 572 Lugd.
2000 535 2029 564 V.
2055 535 2124 571 Lips.
2138 536 2173 565 acl
2185 535 2278 564 Annal.
2297 546 2337 571 14.
2354 545 2397 572 14.

1298 580 1338 606 pr.
1351 570 1451 607 Appul.
1469 581 1529 607 pag.
1546 580 1606 607 35¹·
1621 571 1751 602 Elmenh.
1790 573 1845 602 Sed
1856 574 1885 602 in
1895 573 2032 603 Stewech.
2042 570 2142 610 legitur
2155 594 2163 608 ,
2185 572 2340 609 Chlamyde
2354 581 2399 603 ve.

1299 608 1337 636 lat
1347 616 1493 644 utrumque
1504 609 1656 638 brachium.

1243 645 1294 674 CH
1304 656 1320 673 i.
1330 656 1348 673 A
1361 657 1379 673 M
1390 656 1406 672 v
1417 656 1433 673 o
1444 649 1457 673 A
1468 655 1486 673 *r
1497 656 1534 675 us
1547 668 1554 681 ,
1576 640 1792 681 Γχλαμυὶὲιτές]
1815 647 1874 683 Adj.
1897 646 2081 685 Chlamydem
2104 647 2228 678 indutus.
2266 648 2325 678 Cic.
2348 658 2399 687 pro

1281 683 1373 712 Rabir.
1388 683 1474 712 Posth.
1487 692 1531 719 ²7·
1555 683 1770 720 Chliimydatum
1783 685 1810 714 L.
1823 685 1929 714 Sullam
1940 686 2135 722 imperatorem
2152 688 2203 714 (ite.
2228 684 2311 716 Plaut.
2324 686 2397 717 Rud.

1281 730 1307 750 2.
1321 730 1346 749 2.
1361 731 1386 755 9.
1409 719 1466 754 Qui
1489 727 1543 749 tres
1566 722 1681 750 duceret
1700 721 1892 760 chlamydatos
1909 731 1974 751 cum
1997 723 2162 752 Machaeriis.
2185 722 2279 753 Pseud.
2295 735 2322 761 4.
2333 734 2358 754 2.
2370 729 2398 759 8.

1282 758 1353 794 Quis
1367 757 1414 786 hic
1424 758 1461 786 est
1472 758 1557 788 homo
1574 759 1775 795 chlamydatus.
1978 792 1980 794 ,

1241 795 1267 824 C
1277 805 1297 861 iii
1307 806 1322 824 L
1332 805 1351 823 A
1362 806 1380 824 M
1386 797 1464 868 5131?
1472 806 1487 823 L
1498 805 1518 824 A
1528 817 1536 830 ,
1558 806 1601 862 aest
1611 797 1630 826 f.
1653 798 1667 832 [
1677 796 1837 832 χλαμύῶον]
1858 797 1956 827 dimin.
1978 796 2064 827 Plaut.
2085 795 2131 828 Tu
2145 797 2221 828 sume
2238 798 2399 837 chlamydu-

1293 843 1345 862 am.
1438 841 1578 862 iierrore
1603 856 1610 862 .

1242 870 1296 901 CH
1309 872 1369 898 Lio
1380 873 1397 899 ὃ
1408 879 1427 898 Ν
1436 880 1450 899 Β
1459 880 1471 899 s
1483 892 1490 905 ,
1512 865 1678 907 [χλιᾶὲᾶνες]
1700 870 1850 900 Brachialia
1860 893 1868 906 ‚
1898 877 1928 900 ut
1947 873 2063 908 exponit
2082 872 2180 902 Suidas
2192 895 2199 906 .
2221 873 2321 909 quibus
2343 882 2400 905 ma-

1281 908 1356 937 xime
1367 914 1481 936 utuntur
1492 908 1588 943 Samii,
1609 910 1721 937 auctore
1734 909 1879 938 Athenaeo:
1903 911 1928 938 Sc
1941 920 1954 938 a
1972 910 2080 939 Polluce
2090 913 2310 947 ponunturinter
2319 922 2400 942 orna-

1281 952 1375 974 menta
1391 955 1523 974 manuum
1538 947 1563 975 Si
1574 947 1678 984 pedum
1690 946 1761 975 libro
1780 957 1803 982 5.
1815 956 1876 984 cap.
1892 951 1933 976 16.
1957 948 1983 976 δε
1998 948 2157 986 simpliciter
2172 949 2243 977 inter
2255 959 2402 981 ornamen-

1283 989 1310 1012 ta
1322 983 1468 1012 muliebria
1484 983 1531 1013 lib.
1547 993 1572 1017 7.
1584 994 1647 1020 cap.
1663 993 1709 1013 τη.

1246 1020 1269 1050 C
1278 1031 1297 1050 Η
1309 1032 1324 1049 L
1334 1023 1351 1050 ὅ
1361 1031 1383 1054 a,
1396 1023 1434 1050 es.
1451 1021 1469 1050 f.
1486 1022 1591 1057 [Χλόη]
1604 1023 1709 1051 Cereris
1723 1020 1883 1059 Epitheton.
1896 1021 2008 1052 Pausan.
2021 1022 2052 1050 in
2062 1023 2141 1053 Attic.
2159 1032 2221 1062 pag.
2234 1033 2279 1054 20.
2290 1024 2397 1056 XVech.

1283 1059 1353 1088 Item
1364 1068 1468 1088 nomen
1477 1060 1572 1088 amicae
1584 1060 1707 1096 Horatii3
1731 1069 1755 1091 z.
1769 1058 1859 1087 Carni.
1872 1069 1898 1094 9.
1911 1070 1937 1094 9.

1432 1096 1479 1125 Me
1490 1106 1566 1126 nunc
1580 1097 1694 1127 Thressa
1709 1096 1798 1126 Chloe
1814 1097 1883 1133 regit
1894 1119 1902 1131 ,

1375 1132 1478 1163 Dulces
1489 1135 1570 1163 docta
1583 1135 1681 1164 modos
1692 1156 1700 1170 ,
1723 1135 1748 1164 Sc
1757 1134 1868 1163 citharae
1879 1134 1975 1164 sciens.

1245 1171 1461 1206 CnLoaion,
1482 1173 1552 1202 onis.
1575 1172 1736 1207 [znwos‘uv]
1758 1172 1850 1201 Genus
1863 1173 1927 1202 avis.
1966 1171 2033 1202 Plin.
2047 1172 2096 1202 lib.
2110 1183 2152 1204 10.
2173 1184 2235 1211 cap.
2249 1183 2293 1207 ²0-
2316 1174 2402 1204 Chlo.

1284 1209 1345 1238 tion
1358 1219 1468 1246 quoque
1479 1211 1524 1247 qui
1536 1217 1612 1239 totus
1624 1211 1661 1239 est
1673 1210 1762 1239 luteus
1775 1232 1782 1243 ,
1802 1210 1898 1239 hieme
1911 1220 1967 1239 non
1987 1212 2056 1239 visus
2066 1233 2074 1245 .
2099 1212 2291 1241 circ.2s‹i1stitia
2305 1222 2402 1250 proce-

1282 1247 1334 1313 ldit.
1374 1245 1449 1277 Gaza
1460 1248 1534 1285 apud
1547 1249 1621 1277 Arist·
1633 1248 1681 1277 lib.
1693 1258 1718 1284 9.
1741 1247 1806 1277 nist.
1820 1250 1870 1277 An.
1881 1257 1942 1286 cap.
1952 1258 1974 1278 1.
1999 1249 2149 1278 Vireonein
2160 1251 2248 1279 vertit.
2274 1250 2341 1280 Vide
2351 1251 2401 1280 suo

1293 1294 1355 1314 000.

1242 1322 1435 1358 Cinorus,
1455 1323 1520 1353 idis.
1541 1323 1691 1360 [mian]
1710 1322 1780 1352 Filia
1800 1323 1981 1360 Amphionis.
2010 1323 2091 1354 Nelei
2111 1334 2200 1359 uxor,
2229 1325 2273 1354 cui
2294 1327 2402 1363 peperit

1283 1360 1430 1389 Nestorem
1444 1362 1470 1390 ἅ
1483 1361 1550 1390 alios
1558 1361 1630 1390 lilios
1644 1383 1652 1396 ,
1674 1368 1705 1390 ut
1727 1362 1756 1390 in
1773 1361 1901 1398 Odyffeae
1917 1367 1933 1387 λ
1951 1361 2063 1391 testatur
2077 1362 2221 1392 Homerus.
2260 1363 2347 1393 Altera
2368 1364 2404 1393 ab

1285 1398 1372 1428 Ovid.
1397 1398 1454 1428 Dea
1464 1398 1565 1428 florum
1575 1400 1704 1437 ponitur:
1727 1409 1786 1436 quae
1806 1409 1893 1435 quum
1909 1399 2034 1437 nympha
2054 1400 2119 1429 esset
2133 1410 2190 1429 non
2201 1401 2332 1435 ignobilis
2345 1422 2352 1434 ‚
2375 1403 2403 1430 δε

1280 1435 1414 1473 Zephyro
1425 1437 1543 1466 nuberet
1552 1460 1560 1472 ,
1582 1437 1653 1474 quasi
1666 1437 1740 1466 dotis
1751 1437 1815 1466 loco
1825 1438 1852 1465 id
1865 1437 1988 1466 muneris
1997 1447 2012 1466 a
2024 1438 2122 1466 marito
2133 1439 2249 1475 accepit,
2262 1444 2292 1467 ut
2302 1439 2403 1469 florum

1282 1474 1411 1503 omnium
1424 1475 1585 1511 potestatem
1597 1475 1717 1504 haberet.
1739 1475 1814 1504 unde
1823 1473 1975 1512 inquitipsa
1985 1476 2060 1513 apud
2073 1475 2156 1505 Ovid.
2169 1475 2218 1505 lib.
2231 1486 2253 1512 ς.
2263 1476 2402 1512 Fast.195.

1364 1511 1472 1541 Chloris
1488 1522 1562 1541 eram
1574 1534 1582 1547 ‚
1605 1522 1664 1549 quae
1677 1512 1754 1541 Flora
1764 1522 1849 1542 vocor
1861 1534 1870 1547 ,
1891 1519 2018 1550 corrupta
2029 1513 2129 1543 Latino

1406 1549 1535 1580 Nominis
1544 1550 1582 1580 est
1590 1551 1674 1579 nostri
1685 1549 1774 1580 litteia
1788 1550 1881 1580 Graeca
1891 1549 1969 1579 sono.

1242 1582 1269 1616 C
1279 1596 1298 1615 ir
1308 1597 1324 1615 L
1333 1589 1373 1616 61³
1382 1597 1391 1615 r
1400 1596 1442 1616 Te
1451 1597 1463 1616 s
1472 1610 1480 1622 ,
1502 1588 1676 1624 [χλωολπις]
1696 1588 1811 1618 Gemma
1829 1587 1958 1617 herbacei
1977 1588 2095 1624 coloris,
2116 1597 2199 1626 quarn
2212 1588 2313 1618 dicunt
2323 1587 2402 1627 Magi

1284 1625 1402 1654 inveniri
1413 1626 1443 1654 in
1450 1624 1540 1662 scyllae
1550 1627 1606 1655 avis
1618 1632 1720 1655 ventre.
1746 1626 1813 1655 Plin.
1827 1625 1875 1655 lib.
1890 1634 1931 1663 37.
1949 1635 2011 1664 cap.
2025 1637 2069 1658 ιο.

1244 1662 1268 1692 C
1278 1672 1298 1692 Η
1308 1673 1324 1691 ι.
1333 1672 1351 1691 o
1359 1672 1376 1691 a
1386 1673 1404 1692 υ
1412 1672 1426 1692 s
1436 1684 1444 1699 ,
1468 1664 1573 1694 citiciae
1582 1664 1697 1694 flumen.
1721 1661 1790 1694 Plin.
1802 1674 1826 1700 ς.
1843 1673 1890 1700 27.

1689 1726 1722 1761 'C
1815 1727 1850 1762 H
1943 1726 1983 1762 Ο

1241 1773 1268 1803 -C
1280 1783 1300 1803 u
1310 1784 1327 1803 o
1339 1784 1368 1810 A,
1388 1771 1481 1811 [χέει]
1498 1773 1755 1804 Nomen'mensurae
1764 1775 1818 1805 est:
1836 1774 1937 1805 eadem
1948 1774 2084 1805 dicitur&
2096 1774 2179 1805 Chus.
2191 1778 2217 1812 q.
2228 1774 2259 1804 V.
2269 1775 2317 1806 suo
2326 1775 2401 1807 lo'co.

1285 1811 1361 1841 Choa
1373 1812 1400 1841 in
1412 1814 1543 1842 triclinio.
1584 1813 1704 1850 Quintil.
1719 1813 1766 1842 lib.
1779 1818 1803 1846 8.
1827 1822 1887 1851 cap.
1903 1817 1928 1842 6.
1951 1823 2012 1850 pag.
2025 1821 2088 1850 747.
2110 1813 2158 1842 ubi
2181 1813 2216 1842 de
2236 1814 2402 1853 AEnigmate.

1284 1850 1318 1879 Et
1328 1857 1449 1880 oratores
1465 1860 1684 1888 nonnunquam:
1707 1857 1738 1880 ut
1757 1850 1878 1885 Coelius,
1901 1848 2132 1887 Quadramariam
2155 1851 2400 1888 Clytemnellram:

1284 1889 1310 1918 &
1324 1889 1352 1917 in
1364 1888 1487 1918 triclinio
1499 1889 1622 1918 Choam:
1646 1890 1672 1918 Sc
1685 1889 1713 1918 in
1729 1889 1861 1918 cubiculo
1881 1888 1993 1918 Nolam.
2033 1888 2109 1925 Quas
2128 1890 2242 1925 quidem
2259 1889 2404 1926 allegorias

1283 1926 1429 1955 intellectu
1440 1927 1500 1955 sane
1512 1936 1593 1963 quarn
1604 1927 1734 1956 difficiles
1752 1927 1838 1955 tribus
1858 1927 1970 1955 diversis
1984 1926 2052 1956 locis
2071 1936 2122 1964 pro
2135 1927 2238 1956 viribus
2258 1929 2402 1964 explicans

1283 1963 1440 1994 Ludovicus
1450 1964 1515 1994 Cael.
1528 1965 1576 1994 lib.
1590 1974 1634 1999 29-
1647 1974 1709 2002 cap.
1724 1975 1746 1994 r.
1769 1965 1804 1993 de
1820 1964 1897 1993 Chozi
1918 1964 1953 1993 sic
1972 1965 2060 1998 dicit.
2082 1964 2209 2001 AEnigmu
2229 1966 2256 1994 in
2272 1965 2403 1997 bibacem

1285 2003 1487 2032 concinnatum
1510 2003 1687 2032 arbitramur:
1716 2003 1795 2038 cujus
1814 2003 1843 2031 in
1863 2002 2019 2038 hauriendo
2038 2002 2155 2032 aviditas
2172 2003 2218 2032 vel
2234 2003 2326 2039 spiritu
2347 2014 2404 2033 uno

1286 2039 1386 2069 choum
1398 2040 1567 2078 persiccaret.
1610 2041 1649 2070 De
1657 2041 1713 2074 hac
1726 2051 1754 2069 re
1763 2040 1851 2069 furius
1864 2039 2034 2076 Quintiliani
2049 2040 2183 2078 interpres
2196 2040 2310 2070 ibidem.
2347 2042 2405 2077 [Si

1284 2088 1301 2106 a
1316 2077 1412 2106 Graeco
1424 2081 1472 2111 χες
1485 2078 1528 2107 vel
1542 2080 1602 2115 χοεὺς
1640 2078 1716 2115 quod
1726 2078 1821 2107 Latine
1831 2078 1968 2114 Congium
1978 2077 2072 2112 sonat,
2094 2078 2242 2108 deducitur
2253 2101 2261 2113 ,
2282 2079 2407 2109 necessa.

1285 2117 1326 2144 rio
1341 2115 1436 2151 Choa,
1458 2116 1574 2151 (Graece
1588 2128 1633 2152 7:²²
1654 2116 1774 2152 velffl)
1789 2116 1969 2145 'scribendum
1983 2116 2020 2145 est
2032 2137 2040 2150 ,
2061 2124 2158 2152 quarto
2169 2116 2239 2145 casu.
2273 2117 2345 2146 Nam
2357 2118 2406 2154 χέει

1284 2154 1315 2182 in
1327 2155 1402 2182 reclo
1417 2163 1554 2190 nusquam
1564 2154 1690 2192 gentium
1701 2176 1709 2187 ,
1729 2161 1910 2190 praeterquam
1923 2154 1950 2182 in
1964 2154 2017 2182 hoc
2026 2153 2117 2182 lexico
2128 2176 2135 2187 ,
2158 2154 2291 2183 invenies.
2333 2156 2405 2184 Sunt

1284 2192 1332 2227 qui
1343 2189 1431 2220 Coam
1440 2190 1552 2229 legunt,
1574 2192 1649 2230 quod
1664 2192 1781 2220 minime
1793 2192 1919 2229 probem.
1943 2191 1984 2220 De
1996 2200 2050 2228 quo
2067 2198 2098 2220 ut
2111 2193 2136 2221 ὁ(
2148 2192 2183 2221 de
2194 2191 2305 2229 reliquis
2315 2214 2322 2228 ,
2343 2203 2405 2230 quae

1284 2228 1340 2258 huc
1353 2230 1496 2267 pertinent
1510 2252 1518 2262 .
1540 2229 1571 2258 V.
1593 2230 1622 2258 in
1640 2239 1684 2258 ΝΟ
1695 2240 1710 2257 L
1721 2240 1748 2260 A.
1772 2229 1853 2258 Coris.
1875 2239 1892 2258 c
1903 2239 1921 2257 ri
1932 2239 1949 2258 u
1960 2239 1980 2258 s.

1244 2264 1269 2296 C
1278 2276 1298 2296 fl
1308 2276 1325 2295 o
1336 2277 1354 2295 A
1365 2277 1379 2295 a
1390 2278 1399 2295 1
1408 2277 1429 2295 N
1441 2277 1458 2296 A
1470 2289 1478 2302 ,
1500 2266 1654 2304 [Καφένη]
1676 2267 1762 2304 Regio
1771 2267 1808 2296 est
1820 2277 1854 2296 ex
1866 2266 1998 2296 omnibus
2008 2271 2068 2304 quae
2080 2266 2128 2296 sub
2141 2266 2244 2296 Parthis
2259 2267 2335 2303 sunt,
2360 2268 2406 2299 In.

1285 2305 1337 2334 diae
1349 2306 1474 2342 proxima
1483 2328 1491 2339 ,
1513 2315 1595 2343 quarn
1607 2305 1734 2334 Craterus
1745 2311 1859 2334 ornnem
1870 2305 2037 2343 permeavit,
2057 2304 2183 2339 subigens
2194 2315 2241 2334 eos
2253 2307 2298 2341 <rui
2307 2316 2403 2343 parere

1284 2342 1463 2379 recusabant,
1484 2350 1515 2373 ut
1525 2353 1589 2373 cum
1604 2343 1760 2373 Alexandro
1768 2343 1963 2380 jungerentur.
2005 2344 2104 2372 Auctor
2118 2343 2214 2372 Strabo
2227 2343 2274 2373 lib.
2291 2354 2332 2374 κ.

1246 2380 1268 2410 C
1280 2390 1298 2409 H
1308 2390 1325 2409 0
1334 2391 1351 2409 A
1362 2391 1374 2410 s
1383 2385 1397 2409 Ῥ
1408 2391 1422 2409 r.
1432 2391 1444 2410 s
1454 2403 1462 2414 ,
1483 2382 1514 2410 is.
1536 2391 1573 2410 rn.
1597 2382 1622 2411 Sc
1637 2381 1658 2410 C
1669 2391 1686 2409 u
1695 2391 1711 2410 o
1722 2391 1740 2409 A
1749 2391 1760 2410 s
1772 2391 1808 2410 aa
1818 2403 1826 2418 ,
1847 2390 1883 2410 es.
1908 2381 1924 2410 f.
1948 2381 2103 2417 [Xonivrm]
2126 2380 2402 2418 Medorum'fiuvius,

1285 2419 1320 2447 ad
1331 2418 1399 2448 fines
1408 2418 1520 2449 Persidis
1529 2420 1557 2448 in
1569 2419 1675 2456 Tigrim
1687 2419 1814 2448 defluens
1824 2440 1832 2454 ,
1853 2422 1932 2454 quus
1945 2429 2021 2456 aquae
2028 2422 2085 2447 tam
2096 2419 2157 2447 sunt
2166 2418 2259 2449 suaves
2272 2441 2280 2455 ,
2301 2426 2332 2449 ut
2342 2420 2402 2450 Per—

1281 2457 1373 2486 sarum
1383 2467 1460 2494 reges
1473 2467 1530 2486 non
1541 2457 1592 2487 alia
1606 2467 1675 2494 aqua
1687 2457 1721 2486 ad
1732 2456 1832 2494 pocula
1845 2459 1995 2486 uterentur.
2018 2456 2122 2486 Tibull.
2142 2455 2188 2485 lib.
2204 2469 2230 2491 4·
2252 2468 2272 2486 1.
2289 2468 2350 2494 140.

1281 2532 1303 2562 Β
1363 2494 1425 2562 {fic
1435 2505 1488 2561 qpa
1502 2495 1545 2525 vel
1556 2494 1638 2524 Nilus
1649 2517 1657 2530 ,
1680 2495 1724 2524 vel
1732 2497 1806 2532 regia
1816 2494 1931 2533 lympha
1947 2493 2080 2533 choaspis
2172 2494 2296 2525 Profluit.

1307 2541 1370 2562 roec
1383 2543 1390 2548 ⁷
1413 2553 1418 2561 .
1464 2555 1471 2561 .

1275 2570 1408 2608 'Choaspe
1418 2571 1572 2608 amnigena.
1595 2569 1654 2600 Val.
1665 2569 1754 2600 Flacc.
1768 2581 1792 2607 ς.
1805 2575 1867 2607 584.
1899 2571 1924 2607 ''[
1933 2569 2059 2608 Choaspe
2067 2568 2089 2600 f.
2106 2574 2211 2600 temere
2230 2569 2289 2601 hjl.
2303 2570 2404 2601 adscri-

1322 2615 1381 2637 [ΗΠ]
1413 2615 1469 2638 ut0.

1242 2646 1265 2676 C
1275 2619 1321 2675 iiii
1332 2619 1441 2675 AspprT
1451 2656 1486 2675 as
1496 2668 1503 2681 ‚
1525 2640 1651 2676 Gemma.
1685 2638 1759 2675 Piin.
1781 2645 1829 2675 lib.
1849 2650 1892 2683 3'7.
1909 2655 1970 2684 cap.
1982 2655 2026 2675 10.
2060 2644 2224 2683 Choaspites
2246 2655 2263 2675 a
2286 2646 2404 2676 flumine

1281 2683 1404 2714 dietaest
1415 2685 1510 2714 viridis
1523 2706 1530 2719 ,
1553 2683 1667 2719 fulgoris
1679 2684 1764 2713 aurei.

1238 2722 1265 2752 C
1275 2732 1294 2751 H
1303 2732 1319 2751 o
1331 2732 1349 2750 A
1360 2731 1404 2751 Ta
1413 2734 1453 2757 Α,
1475 2719 1616 2759 [migrem]
1639 2721 1711 2751 [nter
1729 2726 1825 2760 gentes
1841 2729 1901 2759 quae
1914 2722 1987 2751 circa
2004 2720 2131 2751 Maeotim
2146 2720 2292 2757 habitant,
2309 2721 2401 2751 Plinio

1280 2767 1462 2789 numerantur
1474 2782 1481 2795 ,
1502 2759 1552 2789 lib.
1562 2763 1588 2789 6.
1603 2769 1663 2798 cap.
1676 2769 1702 2797 7.
1749 2791 1751 2793 ,

1280 2797 1341 2827 Diri
1353 2799 1461 2835 magico
1473 2806 1574 2827 terrore
1587 2797 1721 2827 Choatrae.
1743 2797 1833 2828 Valer.
1843 2801 1869 2828 6.
1886 2798 1984 2835 Argon.
2002 2806 2063 2832 151.

1242 2835 1422 2871 Cnoemx,
1440 2836 1502 2865 icis.
1521 2835 1542 2864 'f.
1566 2836 1681 2872 [χοίνιξ]
1701 2842 1732 2865 ut
1751 2836 1842 2866 videri
1856 2836 1945 2874 potest
1960 2835 2034 2872 apud
2056 2834 2188 2864 Budaeum
2205 2833 2240 2863 de
2255 2834 2311 2864 Affe
2322 2855 2330 2868 ,
2351 2834 2400 2864 Se-

1279 2874 1390 2903 modius
1400 2880 1465 2903 erat.
1487 2873 1602 2903 Modius
1615 2880 1708 2903 antem
1720 2874 1861 2904 Romanus
1875 2883 1933 2903 non
1945 2873 2034 2911 dispar
2044 2879 2103 2902 erat
2115 2873 2141 2902 ei
2155 2871 2297 2909 mensurae,
2314 2882 2400 2910 quam.

1279 2914 1400 2939 Boeore'um
1413 2912 1543 2940 nostrates
1555 2918 1665 2941 vocant.
1695 2912 1713 2941 i.
1726 2916 1750 2942 e.
1771 2911 1891 2949 Boiffeau,

1280 2949 1409 2978 Choenici
1423 2959 1458 2978 ne
1467 2949 1583 2978 inlideas
1592 2971 1599 2984 ,
1622 2949 1831 2987 Pythagoricum
1842 2949 1879 2978 est
1889 2947 2047 2988 symbolum
2059 2969 2067 2982 ‚
2089 2957 2145 2986 quo
2156 2947 2319 2982 significatur
2331 2947 2398 2978 Non

1292 2991 1426 3025 'oportere
1438 2997 1485 3024 per
1496 2987 1638 3022 inertiam,
1660 2988 1749 3017 otium
1760 2989 1786 3017 δι
1801 2987 1895 3016 cibum
1907 2986 2030 3017 alienum
2040 2985 2135 3015 'sectari
2147 3007 2154 3020 ‚
2173 2985 2219 3014 sed
2238 2985 2283 3014 sua
2300 2995 2398 3022 quem-

1297 3035 1352 3062 que
1369 3025 1500 3054 industria
1513 3025 1561 3054 sibi
1580 3035 1677 3063 parare
1697 3025 1857 3059 facultates,
1878 3024 1979 3062 quibus
1997 3024 2164 3053 munditiem
2178 3024 2241 3051 vitae
2256 3022 2395 3053 sustineat.

1296 3062 1470 3092 Parasiticurn
1482 3065 1557 3092 enirn
1568 3073 1601 3093 ac
1611 3063 1716 3092 soedum
1732 3063 1821 3094 aliena
1833 3064 1925 3092 vivere
1937 3062 2039 3098 quadra
2049 3083 2056 3094 .
2079 3070 2130 3089 nec
2143 3060 2226 3089 ullam
2241 3068 2328 3090 artem
2341 3061 2396 3090 cal-

1298 3103 1354 3130 lere
1364 3111 1418 3138 qua
1428 3100 1510 3138 pollis
1519 3100 1646 3132 οὶκὲσιτεν·
1659 3102 1761 3131 vivere.
1802 3101 1843 3130 Ex
1854 3099 2027 3129 Chiliadibus
2039 3098 2146 3127 Erasmi.

1275 3137 1401 3168 Choenix
1415 3141 1440 3168 Sc
1452 3138 1617 3168 Demensum
1631 3148 1663 3168 ac
1676 3139 1755 3168 cibus
1776 3138 1905 3167 diurnus:
1930 3146 1963 3166 eo
1982 3138 2062 3175 pacto
2080 3135 2231 3172 Hesychius
2252 3136 2277 3164 ἃ
2296 3135 2396 3166 Suidas

1296 3177 1368 3205 inter
1392 3183 1522 3206 retantur.
1553 3177 1636 3206 Porro
1645 3177 1727 3206 fervis
1740 3176 1808 3206 olim
1819 3176 1898 3206 cibus
1908 3176 2023 3204 diurnus
2035 3174 2163 3203 choenice
2170 3173 2396 3213 distribuebatur,

1290 3187 1390 3282 vtbtdilslli
1408 3214 1523 3245 vicissim
1543 3216 1635 3253 operis
1653 3215 1771 3253 pensum
1790 3213 1986 3252 persolverent.
2027 3211 2101 3241 Hinc
2114 3210 2276 3241 Telemach.
2289 3211 2338 3242 lib.
2353 3221 2395 3249 19.

1387 3276 1393 3282 .
1406 3262 1432 3283 v.
1449 3263 1464 3282 2
1487 3275 1494 3283 .

1346 3262 1361 3289 y
1451 3262 1487 3312 —7
1497 3290 1511 3317 ἐ
1524 3286 1573 3327 2025
1587 3289 1670 3327 1⁷³2:qu
1679 3290 1798 3325 ’ἐνέξόμοα
1811 3309 1818 3322 ‚
1842 3287 1906 3315 ἴσκεν
1921 3288 2007 3323 ἔμῦσν

1352 3327 1474 3361 ’Χοίνᾳκῷψ
1494 3329 1612 3358 ἅπτηται.
1695 3328 1769 3366 quod
1782 3327 1818 3356 sic
1830 3326 1911 3355 vertit
1923 3325 2063 3359 Erasmus,
2084 3323 2211 3359 Namque
2227 3330 2322 3362 operat
2341 3325 2394 3355 im-

1295 3375 1410 3395 munem
1420 3367 1494 3396 haud
1506 3367 1591 3404 patiar
1601 3387 1609 3401 ,
1631 3365 1789 3402 quicunque
1800 3372 1888 3393 meam
1899 3371 2021 3400 unquam
2032 3362 2168 3391 choenica
2178 3363 2334 3399 contigerit.

1240 3403 1292 3434 C'H
1302 3408 1357 3433 (eu
1366 3415 1375 3433 r
1385 3414 1420 3433 ci
1430 3414 1446 3433 o
1458 3414 1486 3439 Ν.
1500 3404 1649 3440 [spoliem]
1661 3404 1762 3432 Dimin.
1775 3402 1909 3434 Graccum,
1924 3400 2065 3430 Modiolus
2075 3400 2112 3428 cst
2125 3400 2228 3429 Latine.
2241 3400 2330 3429 Etiam
2341 3401 2394 3429 ser-

1276 3448 1435 3472 ramentum
1445 3441 1611 3471 medicinale
1622 3442 1667 3470 est,
1709 3440 1776 3470 Cels.
1791 3440 1836 3468 lib.
1847 3445 1875 3472 ὃ.
1889 3447 1950 3476 cap.
1962 3447 1986 3473 3.
2010 3437 2150 3466 Exciditur
2162 3447 2227 3467 vero
2236 3448 2266 3468 os
2283 3439 2393 3467 duobus

1276 3480 1378 3510 modis.
1398 3480 1426 3509 Si
1439 3479 1581 3518 parvulum
1594 3479 1648 3513 est,
1670 3479 1743 3515 quod
1755 3476 1847 3506 l'aesum
1857 3476 1913 3512 est,
1933 3474 2076 3511 modiolo,
2097 3485 2181 3512 quern
2201 3475 2303 3512 χοινιίων
2319 3476 2393 3505 Grae-

1277 3518 1302 3547 ci
1314 3525 1431 3552 vocant3
1455 3518 1472 3546 si
1489 3515 1654 3554 spatiosum,
1675 3516 1796 3544 terebris.

1237 3554 1262 3586 C
1273 3565 1291 3584 H
1304 3565 1331 3584 oe
1341 3566 1356 3584 R
1367 3566 1385 3584 A
1398 3566 1415 3584 n
1426 3566 1438 3583 ε
1448 3565 1460 3583 s
1471 3577 1479 3589 ‚
1502 3551 1649 3590 [atsteff'ffi]
1671 3553 1741 3582 nihil
1753 3551 1829 3581 aliud
1845 3551 1906 3581 sunt
1917 3573 1925 3587 ‚
1946 3560 2030 3588 quain
2048 3550 2171 3580 Indurati
2192 3550 2295 3579 adenes
2305 3572 2314 3586 ,
2334 3551 2352 3582 i.
2364 3561 2390 3582 e.

1276 3593 1414 3631 glandulae
1423 3615 1430 3626 ,
1452 3593 1480 3621 in
1492 3591 1565 3621 collo
1576 3591 1715 3627 praecipue
1727 3612 1735 3624 ‚
1756 3591 1785 3619 in
1792 3589 1842 3618 alis
1855 3589 2048 3626 &inguinibus
2057 3588 2213 3623 nascentes,
2238 3589 2335 3627 Latino
2344 3599 2391 3618 vo-

1276 3631 1376 3661 cabulo
1388 3631 1502 3660 Strumae
1513 3628 1665 3665 appellatae.
1706 3624 1859 3656 Choerades
1869 3634 1962 3656 autem
1973 3627 2053 3655 dictae
2070 3626 2198 3655 videntur
2218 3623 2263 3653 >bn
2283 3638 2326 3653 w.
2343 3627 2391 3664 χί-

1276 3680 1319 3704 ew
1331 3691 1339 3703 ,
1360 3668 1415 3697 hoc
1426 3668 1463 3696 est
1473 3678 1487 3696 a
1497 3666 1587 3696 suibus
1596 3687 1604 3699 ,
1630 3666 1677 3702 qui
1685 3665 1742 3695 hoc
1752 3666 1825 3694 malo
1836 3665 2012 3702 peculiariter
2020 3664 2188 3693 infestantur.

1239 3705 1262 3736 C
1272 3715 1290 3735 H
1300 3713 1326 3735 σε
1337 3716 1352 3734 r.
1361 3709 1372 3734 ἰ
1381 3717 1396 3734 L
1406 3716 1423 3734 υ
1432 3715 1444 3734 s
1454 3727 1461 3738 ,
1483 3705 1634 3740 [2011va
1648 3703 1662 3737 j
1685 3703 1765 3732 Poeta
1785 3703 1838 3731 fuit
1860 3703 1965 3731 Samius
1977 3723 1985 3736 ‚
2005 3701 2093 3730 servili
2103 3702 2275 3731 'conditione
2290 3708 2370 3732 natus
2381 3723 2390 3737 ,

1278 3745 1418 3781 quiquum
1429 3751 1462 3770 ex
1471 3742 1551 3770 Samo
1563 3741 1680 3768 Athenas
1698 3739 1873 3777 profugisset,
1896 3741 1929 3768 ab
1949 3739 2092 3768 Herodoto
2110 3740 2237 3769 historico
2255 3748 2391 3777 exceptus

1276 3781 1503 3810 est&institutus.
1526 3777 1636 3813 Scripsit
1648 3778 1853 3807 Atheniensium
1869 3777 2014 3807 victoriam
2028 3784 2128 3806 contra
2142 3778 2285 3807 Xerx‘em:
2310 3779 2391 3813 cujus

1276 3819 1406 3848 carminis
1418 3817 1532 3848 nomine
1544 3816 1571 3844 in
1582 3815 1700 3852 singulos
1711 3814 1802 3844 versus
1815 3814 1932 3852 singulos
1943 3817 2053 3852 accepit
2065 3824 2162 3844 aureos
2173 3816 2288 3845 stateres.
2321 3816 2393 3844 Scri-

1272 3856 1329 3894 'pfit
1339 3857 1364 3885 8c
1374 3855 1445 3892 gesta
1456 3853 1584 3890 Lysandri
1596 3852 1867 3882 Lacedaemoniorum
1880 3854 1981 3889 'ducis3
2004 3853 2082 3887 cuius
2100 3853 2127 3881 in
2147 3853 2328 3890 expediti0ne
2346 3862 2392 3882 co-

1272 3896 1335 3923 'mes
1347 3899 1419 3924 erat.
1440 3892 1507 3920 utin
1517 3892 1571 3919 vita
1584 3890 1656 3919 illius
1670 3891 1754 3929 tradit
1765 3891 1932 3920 Plutarchus.
1971 3891 2172 3929 Scriplitetiam
2186 3894 2280 3927 inepta
2295 3891 2393 3919 carmi-

1275 3941 1312 3960 na
1324 3931 1358 3960 de
1372 3928 1621 3966 Alexandrigesti53
1643 3927 1812 3960 uti‘tradunt
1832 3929 1993 3960 Plutarchus
2006 3930 2038 3959 in
2056 3929 2129 3964 vita,
2151 3929 2177 3958 ἃ
2191 3927 2266 3958 Curt.
2280 3933 2306 3962 8.
2321 3938 2344 3963 5.
2365 3928 2392 3956 &

1274 3969 1376 4000 Horat,
1385 3977 1412 3998 2.
1424 3966 1506 4006 Epist*
1520 3978 1542 3996 ι.
1555 3974 1618 4004 ²3²-

2334 131 2398 166 503

2353 2495 2404 2526 ubi

2293 4002 2394 4032 Gratus
