2600 4177
441 160 464 194 Β
565 159 594 193 U
695 158 724 192 C

21 247 152 277 3ucco,
184 242 213 272 V.
235 250 367 271 nuccii.

19 284 34 314 Β
44 292 60 312 u
70 291 110 311 cc
119 291 135 308 o
147 289 167 309 Ν
177 291 185 308 1
195 290 211 308 A
223 289 241 308 T
252 291 260 307 1
270 289 282 308 s
293 301 300 313 ,
322 279 415 307 Genus
438 277 577 314 quoddam
599 286 674 311 uva‘,
705 275 733 305 in
749 276 883 306 Thurinis
897 277 1015 307 collibus
1033 277 1163 313 nascens,

51 329 129 357 quam
138 328 195 346 non
206 324 270 346 ante
283 317 446 349 demetunt,
467 325 549 351 quani
564 314 702 345 gelaverit.
729 313 796 343 Plin.
813 315 860 343 lib.
878 325 918 351 14.
933 326 995 354 cap.
1009 325 1033 352 3.

46 365 203 387 UCCULA,
226 355 513 383 Buccutaaius.
557 352 586 380 V.
611 361 743 380 BUCCA.

47 405 64 423 u
73 403 110 423 ca
121 403 138 421 Α
149 414 156 427 ,
179 402 227 430 per
237 390 350 428 simplex
362 401 379 419 c
388 412 396 424 ,
419 389 570 419 Folliculiis
581 388 733 424 granisabae
743 388 874 423 interior,
897 390 942 426 qui
960 389 1039 419 albus
1049 390 1093 420 est.

49 439 166 461 ucizNT
176 440 195 458 Λ
204 439 221 458 c
231 439 246 457 R
255 439 272 457 u
283 439 294 457 s
303 450 311 463 ,
332 428 547 464 [Βκκένπιυς-ᾢν]
564 427 647 455 Navis
669 436 768 462 magna
790 426 958 456 Venetorum
976 428 1049 456 dicta
1060 449 1067 463 ,
1091 426 1163 464 quasi

52 476 164 505 magnus
174 467 335 496 Centaurus.
375 465 486 494 Veteres
496 466 569 493 enim
583 463 706 493 solebant
716 465 822 500 magnis
834 466 913 493 rebus
926 468 959 495 5⁸⁴
977 465 1035 502 syll.
1058 475 1165 502 praepo-

53 515 132 540 nere,
153 504 367 541 amagnitudine
381 502 485 531 scilicet
496 502 581 531 brivis.
606 501 705 531 Perott.
745 502 763 530 A
782 502 936 534 Centauro,
959 503 1020 532 navi
1045 503 1166 539 Virgilia-

53 553 103 578 na,
124 542 225 571 dictam
247 541 329 570 trazlit
350 540 441 570 Nicol.
463 540 553 576 Eryrh.
568 540 658 569 Germ.
680 539 783 568 Audeb.
804 539 851 568 lib.
865 550 889 569 2.
914 540 1009 571 Venet.
1033 540 1167 570 Bucetau-

53 589 110 611 rum
119 579 246 617 appellat.
275 579 307 607 V.
329 578 420 613 Janot.
438 578 474 606 de
488 578 555 614 licp.
570 577 666 605 Vener.
681 587 707 614 p.
725 586 787 612 257.

49 629 64 649 u
73 628 89 648 c
97 627 110 646 a
118 627 137 646 Ν
146 626 165 645 Τ
175 626 188 645 R
197 627 209 646 s
217 639 224 651 ,
247 616 396 652 [esuum]
417 615 548 644 Tabanus
559 637 566 650 ,
587 625 602 644 a
617 615 775 652 pungendis
786 614 893 644 bobus:
916 617 1001 642 κεντὲν
1012 615 1087 644 enim
1098 624 1168 652 pun-

56 664 115 695 gere
125 654 264 692 significat.
304 652 558 682 Latinihocinsecti
571 662 657 689 genus
668 651 766 681 Asilum
778 660 893 681 vocarit:
917 653 1003 682 Graeci
1014 653 1069 682 alio
1077 652 1168 682 nomi-

55 703 88 724 ne
102 693 176 727 αὶςράν.
218 692 282 721 Non
293 690 423 720 dissimile
434 691 471 720 est
485 702 497 719 a
523 690 582 719 ibus
595 712 602 725 ,
624 689 748 727 quamvis
761 690 864 723 maiore
881 700 996 728 corpore
1007 713 1014 726 ,
1037 691 1168 719 armentis

55 730 191 770 praecipue
203 729 350 758 infestum:
373 729 409 758 de
420 738 475 765 quo
520 751 526 757 .
551 728 623 765 Virg.
635 736 659 763 3.
671 727 769 764 Georg.
787 731 847 762 146.
871 728 1033 765 ibidemque
1050 728 1166 765 Philarg.

56 767 125 799 conf.
146 766 224 805 supra
246 777 264 795 A
277 777 289 796 s
299 777 307 795 1
317 778 332 794 L
342 776 359 795 u
369 776 390 795 s.

23 807 220 874 Βιίζεῐιὲιῖεέυ
231 816 268 840 Μ,
290 805 308 833 i.
326 814 353 833 n.
382 802 553 840 [βέιεντςον]
580 801 731 837 Stimulus,
754 811 809 839 quo
826 802 912 832 boves
932 805 1079 840 agitantur.
1101 802 1166 832 Cael.

79 847 114 872 ho
136 865 142 871 .
169 843 176 871 i
201 865 206 871 .
240 865 246 871 .
260 852 291 871 ca
315 864 321 871 .
331 851 347 870 2
370 864 376 871 .

23 882 90 914 Βῦο
99 882 114 910 ἒ
123 890 136 909 P
145 889 165 909 H
174 851 262 909 RLiJs
271 852 607 915 ,}i.1ii.[r;iszida>i&o]
628 877 721 915 Equus
736 877 882 908 Alexandri
896 878 990 912 Magni
1001 901 1008 913 ,
1031 878 1066 908 sic
1084 878 1169 908 alati-

2 945 3 948 .
55 918 149 949 tudine
158 917 257 947 frontis
272 918 378 951 dictus,
399 925 454 954 quo
470 916 576 954 semper
594 915 748 945 Alexander
767 916 795 944 in
814 916 1011 945 certaminibus
1031 916 1167 946 utebatur.

55 956 115 988 Erat
123 956 199 985 enim
210 955 327 984 bellator
337 955 468 993 optimus.
493 955 510 982 Λ
528 963 582 991 quo
594 953 762 991 Bucephalia
771 975 779 988 ,
800 953 863 982 urbs
875 953 960 983 Indiae
973 955 1046 984 dicta
1055 977 1062 989 ,
1084 964 1168 991 quam

0 1010 4 1023 i
55 993 207 1026 Alexander
218 993 361 1028 condidit,
383 991 590 1030 appellavitque
599 1000 633 1020 ex
647 992 762 1020 nomine
780 991 878 1029 ipsius,
900 1001 933 1020 eo
945 992 1003 1029 ipso
1015 993 1043 1021 in
1055 992 1118 1021 loco
1131 992 1169 1021 se-

3 1051 6 1061 .
54 1031 132 1072 pulti.
153 1031 250 1060 Strabo
262 1030 309 1059 lib.
323 1032 403 1066 15.&
416 1029 483 1059 ΡΙὶη.
496 1028 541 1058 lib.
555 1033 580 1058 6.
592 1038 652 1067 cap.
665 1039 709 1058 20.
741 1029 819 1058 Idem
836 1029 882 1058 lib.
895 1035 920 1063 8.
933 1039 993 1067 cap.
1004 1039 1048 1065 42.
1073 1030 1169 1059 Eidem

0 1071 3 1098 ἱ
55 1068 209 1101 Alexandro
225 1070 251 1098 &
268 1069 332 1105 equi
344 1077 444 1103 magna
463 1067 557 1096 raritas
571 1067 706 1104 contigit:
729 1066 909 1104 Bucephalon
927 1077 992 1097 eum
1011 1074 1168 1103 vocarunt,

0 1124 2 1136 i
55 1107 105 1138 sive
113 1106 146 1136 ab
155 1106 188 1136 as
203 1108 265 1136 eetu
275 1113 372 1141 torvo,
394 1105 449 1135 sive
461 1105 495 1134 ab
512 1105 608 1141 insigni
621 1105 722 1134 taurini
734 1105 832 1142 capitis
842 1114 918 1134 armo
931 1106 968 1134 im
991 1106 1061 1135 ressi.
1102 1105 1171 1134 Tre·

0 1166 1 1182 3
57 1145 144 1176 decim
155 1150 181 1173 ta
194 1145 266 1173 entis
275 1144 366 1173 serunt
374 1153 408 1172 ex
418 1143 554 1172 Philonici
566 1142 689 1171 Pharsalii
698 1152 779 1180 grege
790 1151 925 1180 emptum.
994 1144 1116 1173 eminem
1124 1143 1171 1172 hic

54 1182 136 1214 alium
146 1192 227 1219 quam
247 1182 433 1211 Alexandrum
447 1181 520 1217 regio
539 1181 665 1209 instratus
683 1189 782 1210 ornatu
800 1181 905 1218 recepit
923 1182 951 1210 in
972 1181 1083 1216 sedem,
1102 1180 1172 1210 alios

0 1231 7 1246 r.
55 1220 291 1260 paffimrejiciens.
315 1219 378 1255 (ill.
394 1219 566 1256 recipiens.)
605 1218 683 1248 Idem
693 1219 722 1247 in
741 1218 840 1255 praeliis
857 1226 1014 1248 memorata:
1028 1219 1171 1255 cujusdam

75 1258 212 1288 erhibetur
222 1268 328 1296 operae,
349 1253 731 1294 Thebarumbppugnatione
742 1256 900 1286 vulneratus
916 1258 944 1286 in
960 1257 1044 1286 alium
1059 1257 1172 1286 transire

0 1309 7 1326 i
55 1269 239 1336 ¹Klexandrum
255 1306 311 1324 non
324 1294 422 1333 passus.
462 1293 554 1324 Multa
574 1302 705 1331 przeterea
719 1293 843 1330 ejusdem
860 1296 937 1324 modi
951 1305 957 1324 :
980 1302 1093 1333 propter
1111 1304 1171 1332 quae

55 1338 103 1366 'rex
113 1334 245 1364 defuneto
256 1334 282 1363 ei
294 1334 375 1363 duxit
389 1333 538 1370 exequias:
562 1332 720 1370 Urbemque
737 1332 846 1361 tumulo
864 1334 1041 1362 circundedit
1057 1333 1172 1362 nomine

0 1383 4 1443 ιι
48 1373 124 1442 ¹{ju-ss
142 1372 283 1402 Hactenus
294 1371 406 1402 Plinius.
425 1370 498 1400 conf.
517 1370 592 1400 Curt.
603 1380 630 1406 9.
646 1380 669 1400 1.
683 1374 709 1400 6.
729 1371 791 1400 &6.
804 1381 827 1407 ς.
844 1376 885 1405 ι8.
905 1371 976 1401 Gell.
992 1382 1015 1407 5.
1029 1380 1056 1401 2.
1067 1372 1094 1401 &
1105 1370 1170 1400 Lex.

76 1417 106 1441 iti
119 1420 142 1440 c.

0 1451 5 1488 ξ
55 1449 152 1486 Neque
161 1458 227 1478 vero
240 1454 348 1478 tanturn
362 1446 509 1477 Alexandri
521 1445 568 1475 ille
578 1444 720 1484 singularis
736 1456 823 1483 equus
838 1446 1014 1484 Bucephalus
1028 1447 1067 1476 est
1079 1445 1175 1484 appel.

72 1486 142 1518 latus
153 1508 160 1522 ,
178 1486 224 1516 sed
234 1487 309 1524 apud
320 1485 463 1515 Thessalos
475 1493 572 1513 omnes
581 1484 620 1514 illi
632 1484 707 1513 idem
718 1484 806 1513 tulere
820 1494 922 1513 nomen
934 1507 942 1519 ,
958 1485 1059 1521 quibus
1071 1483 1174 1513 taurini

73 1525 169 1563 capitis
183 1525 287 1561 insigne
298 1523 364 1553 esset
374 1523 495 1552 inustum
512 1532 518 1551 ε
540 1529 571 1551 ut
582 1522 725 1551 Scholiast.
740 1522 873 1559 Aristoph.
893 1524 918 1552 Sc
932 1522 1048 1560 Hesych.
1062 1523 1175 1552 docent.

0 1566 19 1592 ,ί
75 1562 148 1592 conf.
170 1562 280 1592 Salmas.
296 1562 392 1592 Exere.
410 1561 476 1590 Plin.
492 1571 518 1597 p.
531 1565 594 1596 893·
613 1559 681 1589 Voss'.
695 1571 722 1595 4.
738 1560 801 1590 Inst.
824 1561 899 1589 Orat.
923 1571 949 1598 p.
966 1570 1025 1595 132.
1049 1560 1173 1590 Gronov.

74 1601 110 1631 ad
118 1601 184 1630 Stat.
199 1601 265 1630 Silv.
280 1611 307 1637 p.
321 1609 363 1635 31.
383 1601 408 1629 &
424 1599 463 1628 Μ.
477 1599 589 1627 Piccart.
604 1598 687 1627 Peric.
705 1597 771 1627 Crit.
785 1598 832 1627 lib.
846 1599 920 1635 Sing.
938 1608 998 1636 cap.
1012 1609 1035 1628 1.

0 1662 10 1669 .,
31 1648 37 1655 ·
57 1638 100 1670 Est
109 1639 174 1668 item
187 1638 360 1676 Bucephalus
371 1660 379 1671 ,
401 1637 509 1667 Achaiae
520 1643 631 1673 portus,
654 1642 686 1665 ut
697 1636 771 1665 idem
787 1635 854 1665 Plin.
867 1636 1030 1674 scribitcap.
1046 1647 1068 1672 ς.
1084 1634 1132 1665 lib.
1146 1645 1172 1671 4.

16 1689 19 1716 ς
56 1676 247 1714 Bucephalus,
268 1678 294 1706 ἃ
307 1675 399 1705 Herba
411 1676 458 1710 est,
478 1676 575 1704 eadem
597 1683 660 1703 cum
678 1674 798 1708 tribulo,
819 1674 857 1704 ita
879 1675 971 1709 dicta,
991 1675 1066 1712 quod
1078 1673 1176 1703 bubuli

15 1727 19 1758 ⁴.
75 1715 174 1782 ¹‹::)apistis
185 1715 335 1752 imaginem
345 1713 458 1748 referat,
481 1712 729 1743 duobuscornibus
741 1712 855 1742 &rietm
880 1712 908 1742 V.
933 1712 1049 1742 Marcel.
1063 1712 1134 1749 Virg.
1146 1713 1177 1741 in

17 1772 19 1783 .
101 1762 128 1781 10
142 1762 166 1782 c.

0 1818 1 1822 ,
16 1786 117 1823 ’Βῦοέ
128 1800 211 1825 RAs,
236 1789 296 1819 atis.
320 1799 348 1818 n.
371 1788 525 1825 [βεκέξας]
544 1787 654 1823 Herba,
679 1788 714 1817 de
729 1798 783 1825 qua
797 1788 833 1817 sic
855 1787 921 1817 Plin.
935 1787 982 1817 lib.
997 1797 1041 1823 ²4-
1057 1797 1118 1826 cap.
1134 1797 1176 1822 19.

16 1834 19 1858 i
57 1829 117 1860 Nec
128 1828 205 1858 foeno
217 1837 305 1865 graeco
316 1827 407 1856 minor
417 1827 579 1861 auctoritas,
601 1826 676 1863 quod
688 1826 757 1855 telin
771 1833 890 1861 vocant,
911 1826 958 1855 alii
971 1827 1088 1863 carphos
1099 1847 1107 1858 .
1130 1825 1179 1854 ali-

2 1899 4 1905 ,
17 1864 19 1893 !
57 1867 103 1904 qui
115 1866 230 1896 buceras
241 1888 249 1900 ,
271 1865 318 1894 alii
330 1874 482 1903 aegoceras:
505 1865 636 1901 quoniam
648 1864 798 1894 corniculis
810 1865 901 1893 semen
911 1865 949 1893 est
961 1864 1047 1893 simile
1061 1873 1067 1892 1
1086 1874 1136 1892 nos
1148 1862 1180 1893 si-

56 1903 160 1935 liciam.
183 1903 255 1934 Galli
275 1904 384 1941 (inquit
394 1902 485 1933 Ruell.
501 1902 550 1931 lib.
561 1912 586 1932 2.
602 1912 662 1941 cap.
678 1911 721 1939 32.
735 1903 747 1938 )
767 1903 892 1940 primum
911 1911 1017 1931 nomen
1027 1901 1176 1940 usurpant:

58 1942 156 1978 vulgus
170 1946 295 1978 Senegren.

27 1979 212 2016 Rucaaiffl,
234 1980 425 2014 Bueaaus,
444 1977 647 2013 Bactrum,
675 1976 707 2007 V.
727 1987 802 2007 Bos.

26 2018 123 2049 Buca
133 2028 156 2047 a
165 2027 201 2047 τι
213 2028 270 2052 uir,
288 2013 460 2053 [saxooirmv]
483 2015 576 2045 Pusilla
589 2016 686 2045 civitas
698 2015 735 2044 est
745 2014 950 2053 Cassopaeorum
959 2038 969 2052 ‚
992 2024 1050 2044 non
1061 2015 1146 2052 longe
1163 2023 1179 2044 a

61 2056 178 2094 Cichyro
189 2078 196 2090 ,
217 2055 253 2085 ad
269 2055 356 2084 finum
368 2054 541 2084 Ambracium
551 2053 616 2089 sita,
639 2054 765 2090 proxima
777 2063 841 2082 vero
854 2055 938 2084 mari:
962 2053 1088 2090 Elatriae,
1114 2054 1180 2083 Pan-

62 2094 140 2124 dossae
151 2115 159 2129 ,
181 2096 207 2124 ἂ
218 2093 313 2123 Battiis
328 2094 357 2122 in
370 2092 587 2122 mediterraneis.
622 2091 653 2121 V.
676 2091 764 2121 Strab.
779 2091 827 2120 lib.
840 2101 866 2129 7.

29 2131 49 2163 B
58 2142 101 2162 uc
110 2141 130 2161 Η
140 2141 192 2161 ins
201 2153 209 2166 ,
231 2132 294 2160 idis.
318 2130 412 2160 Herba
424 2130 462 2159 est
474 2152 481 2164 ,
503 2139 563 2167 quae
575 2130 604 2158 in
615 2129 692 2167 Syria
703 2130 838 2167 reperitur
849 2152 857 2164 ,
880 2136 963 2159 tantae
975 2128 1158 2159 vehementiae
1169 2149 1179 2165 ,

61 2176 92 2200 ut
104 2170 161 2206 ejus
172 2170 303 2199 contactu
315 2168 351 2198 ad
362 2168 591 2206 septuagesimum
603 2168 709 2196 coitum
728 2168 815 2197 libido
833 2168 1012 2204 producatur.
1053 2167 1134 2196 Hanc
1152 2168 1178 2202 ἀ

59 2207 315 2244 IndicamSatyrion
325 2213 499 2243 nuncupant.
539 2205 570 2235 V.
593 2205 657 2235 Cael.
671 2205 763 2235 Rhod.
776 2205 822 2234 lib.
840 2216 879 2240 ¹⁴·
894 2215 954 2243 οφ.
967 2215 993 2241 9.

27 2244 48 2277 Β
57 2254 145 2276 ticin
158 2255 176 2274 A
188 2267 196 2280 ,
218 2242 343 2282 [Βεχέκ]
364 2244 448 2274 Ioniae
459 2243 548 2273 locus.
569 2243 667 2282 Steph.
678 2244 714 2273 de
727 2243 792 2273 Urb.
819 2243 923 2273 Buchia
933 2265 941 2279 ‚
962 2243 1056 2281 inquit
1066 2265 1074 2279 ,
1097 2241 1182 2272 Glau-

62 2284 119 2316 cia,
138 2283 226 2314 Sinon
238 2305 246 2319 ,
268 2292 351 2321 parva
364 2282 449 2312 Ioniae
463 2281 533 2311 loca.

0 2317 19 2358 ',
29 2321 97 2352 Buc
105 2331 126 2351 Η
134 2332 144 2350 ι
153 2330 173 2350 Α
181 2331 227 2359 isio
236 2331 248 2351 s
259 2343 267 2356 ,
290 2320 383 2350 Festus
396 2341 404 2355 ,
428 2320 577 2349 Buccinam
589 2328 673 2355 quain
682 2328 733 2348 nos
749 2318 921 2357 appellamus
931 2341 939 2353 ,
966 2319 1054 2348 Graeci
1065 2318 1182 2348 Buchia-

4 2364 20 2395 si
61 2369 117 2390 non
129 2369 144 2389 a
155 2359 335 2388 similitudine
344 2358 405 2387 soni
419 2357 525 2387 dicunt.
567 2357 714 2393 [Scaliger
725 2357 856 2386 Bucanen
877 2357 1018 2386 emendat.
1061 2357 1141 2393 Quid
1162 2356 1181 2385 fi

17 2397 21 2437 l
61 2398 147 2427 forma
157 2398 288 2426 diminut.
306 2396 460 2430 Bucanion,
472 2391 598 2429 finitimi,
620 2394 717 2424 Minor
728 2396 803 2424 enirn
813 2396 884 2424 sorte
893 2395 946 2424 fuit
957 2417 963 2427 ,
976 2404 1066 2430 neque
1077 2394 1182 2431 magni-

55 2436 156 2470 tudine
168 2436 260 2465 Cornu
271 2434 402 2472 aequabat.
413 2433 468 2463 Sed
476 2433 563 2463 Graeci
576 2428 686 2470 ζςηχοίνην
700 2441 810 2470 quoque
824 2440 966 2468 vocarunt,
979 2433 1046 2462 teste
1060 2432 1177 2470 Hesych.

63 2474 137 2504 unde
148 2473 282 2503 formatur
291 2472 416 2502 similiter
429 2468 560 2508 βξυχείνιον.
582 2471 658 2509 quod
670 2472 708 2500 est
719 2480 735 2500 a
746 2470 828 2508 ἕςύχω.

31 2506 146 2542 Bucrn
158 2522 196 2548 A,
232 2511 263 2541 V.
286 2520 357 2540 sos.

30 2549 98 2580 Buc
106 2560 116 2578 1
125 2559 145 2579 Ν
153 2559 174 2579 Ν
183 2559 201 2578 A
212 2571 221 2585 ,
238 2547 386 2585 [niarium]
406 2547 478 2576 inter
490 2555 587 2585 parvas
598 2545 698 2576 insulas
709 2546 792 2576 maris
803 2545 889 2576 Siculi
900 2545 989 2576 Plinio
1003 2546 1120 2585 ponitur
1131 2545 1179 2576 lib.

66 2596 90 2623 3.
102 2597 161 2625 cap.
176 2593 201 2621 8.
243 2586 274 2616 V.
297 2595 365 2615 suc
375 2595 393 2615 c
404 2595 443 2614 ιΝ
453 2595 481 2614 Λ.
505 2584 580 2615 conf.
596 2585 691 2622 Steph.

31 2624 123 2655 Βῦεό
132 2629 170 2655 ιῖε
180 2635 192 2655 s
202 2636 210 2653 1
219 2635 237 2654 A
248 2647 256 2660 ,
274 2635 304 2654 ae.
325 2623 344 2653 f.
364 2621 536 2660 [Cssoenmo‘e]
556 2622 648 2652 Inanis
660 2624 684 2652 ἃ
697 2619 778 2651 falsus
797 2627 953 2658 conceptus
965 2643 973 2655 ‚
994 2631 1066 2652 vana
1085 2621 1182 2659 imagi—

63 2664 145 2693 natio.
184 2663 225 2693 Ita
236 2663 264 2692 in
281 2662 388 2691 Petron.
402 2671 463 2699 cap.
478 2671 523 2696 41.
544 2670 594 2698 pro
614 2659 759 2690 Bacalusiis
771 2659 838 2697 legit
852 2659 1005 2690 flucoiesias
1023 2660 1133 2690 Reines.
1146 2659 1182 2689 ad

64 2701 170 2731 Petron.
183 2701 287 2738 Fragm.
301 2710 329 2738 p.
341 2703 386 2729 60.
406 2699 480 2729 conf.
496 2699 587 2728 Burni.

0 2759 2 2763 ψ
32 2738 217 2772 Boeotus.
241 2739 473 2773 Bucomcus,
496 2738 672 2771 BUCULA,
694 2735 714 2765 B
727 2745 826 2764 ucuu
839 2744 884 2764 us.
919 2734 951 2764 V.
974 2744 1044 2764 Bos.

4 2784 7 2802 5
28 2775 156 2809 ,BueRA
167 2799 176 2813 ,
197 2777 298 2806 Sicilia:
313 2776 538 2813 promontorium
548 2796 557 2810 ,
579 2771 685 2811 [134qu
709 2772 776 2809 iix&
796 2772 912 2803 Ptolem.
925 2773 940 2808 ]
960 2772 1046 2802 hodie
1071 2772 1180 2803 Butera.

65 2815 96 2843 El
106 2821 162 2851 capo
173 2814 336 2851 Langobardo,

2 2855 9 2866 ‘
32 2850 126 2882 Buca
136 2862 154 2881 A
163 2862 184 2881 N
193 2863 202 2881 1
213 2862 231 2881 u
241 2863 262 2882 M
271 2874 278 2883 .
300 2849 474 2887 [sagdam]
495 2849 588 2879 Herba
600 2849 639 2879 est
652 2849 760 2879 Galerio
769 2871 777 2885 ,
796 2848 851 2878 alio
862 2849 978 2878 nomine
990 2848 1182 2879 Antirrhinum

0 2918 2 2921 ,
65 2890 207 2929 appellata.
240 2890 270 2919 V.
291 2889 382 2919 Ruell.
395 2888 442 2917 lib.
456 2896 481 2923 3.
495 2898 554 2926 cap.
572 2896 632 2924 131.

33 2925 78 2958 Bu
86 2938 128 2957 cu
137 2939 154 2957 1.
163 2939 187 2957 m
195 2950 203 2961 ,
223 2937 311 2957 arum.
331 2927 352 2957 f.
374 2926 566 2956 Machinarum
578 2935 665 2963 genus
677 2947 684 2959 ,
706 2934 822 2962 quarum
837 2924 981 2954 structores
991 2924 1124 2954 Paternus
1135 2934 1182 2953 vo-

65 2966 200 2996 cationem
214 2975 361 2995 munerum
373 2964 474 2993 habere
486 2963 579 2992 scribit
590 2966 617 2992 in
630 2963 645 2992 l.
658 2963 706 2992 ult.
731 2963 763 2992 D.
786 2963 821 2991 de
839 2963 890 2998 jur.
908 2963 1048 2992 immunit.
1080 2962 1181 2992 Instru-

64 3009 187 3034 mentum
198 3004 268 3033 illud
279 3004 334 3038 elit,
355 3006 433 3038 quus
444 3002 572 3030 meminit
584 3002 686 3030 Vitruv.
702 3000 748 3030 lib.
767 3009 807 3029 10.
824 3010 884 3038 cap..
907 3009 949 3035 ις.
971 3001 1000 3029 in
1018 3010 1073 3037 quo
1087 3000 1182 3029 sucula

67 3041 169 3072 inditur
182 3041 328 3080 catapultis
337 3040 502 3071 exercendis
511 3046 615 3078 parata.
639 3039 678 3069 Al.
698 3037 835 3068 Bucculae.
879 3037 908 3068 V.
929 3048 945 3067 B
955 3048 973 3067 u
983 3048 1000 3067 c
1010 3048 1028 3067 c
1035 3048 1065 3068 a.

452 3129 477 3163 B
570 3127 604 3162 U
698 3125 735 3164 D

34 3224 133 3257 BunA
147 3249 155 3264 ,
176 3226 317 3265 [Kese-ru]
337 3226 464 3264 Ungariae
481 3223 645 3263 metropolis
656 3246 665 3260 ,
685 3234 745 3263 quae
764 3224 885 3255 thermas
895 3222 980 3254 habet
997 3221 1091 3252 subter
1108 3221 1184 3253 urbis

4 3273 9 3276 “
67 3267 187 3301 moenia,
207 3267 278 3295 inter
289 3264 425 3295 Occasum
438 3265 464 3294 Sc
481 3263 706 3301 Septentrionem
718 3285 726 3297 ‚
750 3263 824 3292 haud
841 3263 879 3291 ita
894 3261 977 3299 longe
988 3270 1003 3290 a
1013 3260 1137 3290 Danubii
1149 3262 1184 3290 ri-

67 3312 110 3341 pa,
124 3313 159 3333 ex
169 3303 349 3333 humilicolle
359 3303 438 3332 fonte
448 3301 554 3339 duplici
566 3300 745 3330 scaturientes
758 3310 764 3330 ς
788 3309 906 3338 quorum
916 3299 985 3328 alter
993 3298 1181 3336 frigidiisimus

22 3372 23 3378 ¹
67 3341 151 3371 odore
161 3341 300 3371 sulfureo:
320 3341 436 3370 alterita
446 3340 568 3374 calidus,
589 3347 620 3368 ut
638 3337 925 3376 digitumimmersum
935 3344 1030 3366 tenere
1042 3346 1181 3373 nequeas,

66 3379 203 3417 utriusque
216 3380 353 3409 uberrimo
377 3378 490 3408 effluxu.
531 3376 645 3406 Calidus
657 3384 750 3407 autem
763 3399 771 3412 ,
804 3376 893 3414 pisces
908 3375 965 3405 fere
979 3374 1116 3412 palmares
1135 3374 1183 3404 alit

67 3426 124 3447 non
133 3428 234 3455 paucos
247 3439 255 3452 ,
276 3418 306 3446 in
318 3415 489 3446 ferventibus
500 3415 584 3444 undis
604 3415 780 3445 oberrantes:
803 3422 919 3451 quorum
940 3420 1034 3441 tamen
1052 3412 1119 3443 dum
1136 3422 1183 3442 co-

69 3462 203 3492 quuntur,
225 3455 304 3494 sapor
321 3453 413 3484 nullus
423 3460 507 3483 extet.
540 3454 606 3483 Haec
616 3453 755 3482 Vadianus
767 3451 1067 3490 Pomponiiinterpres.
1107 3450 1185 3480 Buda

67 3492 147 3531 vulgo
157 3493 242 3523 hodie
261 3493 326 3530 Ofen
335 3515 343 3529 ‚
365 3492 449 3522 Curta
461 3490 609 3521 Ptolemaeo
620 3492 729 3520 dicitur.

35 3528 219 3598 Bunn,svel
242 3531 363 3566 Punn,
384 3530 422 3560 est
441 3530 576 3567 Papyrus,
612 3535 643 3558 ut
663 3528 784 3559 ostendit
801 3526 874 3557 voff.
893 3525 929 3556 ad
950 3525 1055 3555 Melam
1071 3534 1095 3563 3.
1110 3536 1136 3562 9.
1152 3536 1180 3564 p.

86 3579 103 3598 ο
124 3590 129 3596 .
180 3592 185 3598 .

10 3618 12 3623 ·
27 3578 82 3639 lBti
89 3578 132 3636 »71³
141 3579 178 3642 Αἵ
200 3604 490 3644 Gymnosophistarum
505 3604 580 3643 apud
595 3603 682 3634 Indos
703 3604 834 3642 princeps
854 3601 966 3636 extitit,
987 3610 1071 3638 quem
1088 3600 1131 3630 illi
1145 3611 1183 3632 ex

22 3657 25 3664 ¹
69 3645 177 3681 virginis
184 3644 266 3674 latere
278 3650 374 3672 natum
383 3642 460 3672 fuisse
472 3643 547 3671 credi
557 3642 714 3671 voluerunt.
737 3641 802 3672 Cael.
815 3639 907 3670 Rhod.
919 3639 968 3668 lib.
983 3649 1025 3674 14.
1035 3649 1097 3676 cap.
1112 3649 1134 3669 1.

0 3693 2 3704 ι
33 3679 129 3712 Boni
139 3693 158 3712 A
167 3704 175 3718 ,
195 3692 225 3711 ae.
247 3683 265 3712 f.
288 3683 302 3718 [
314 3678 420 3716 εέὃωω]
443 3681 547 3710 Civitas
560 3679 704 3717 Magnesiae
714 3701 723 3716 ,
748 3690 763 3709 a
774 3679 870 3708 Budeo
882 3677 1043 3707 conditore:
1068 3677 1145 3706 unde
1155 3678 1183 3707 Sc

68 3719 160 3787 Buldea
169 3720 295 3750 Minerva
305 3719 335 3748 in
345 3719 451 3748 honore
461 3718 537 3757 apud
553 3717 707 3748 Thessalos.
747 3717 884 3747 Homerus
897 3722 991 3745 autem
1010 3712 1101 3743 Βέδεων
1120 3725 1183 3753 pro..

68 3763 98 3787 tu
111 3758 140 3787 it.

68 3794 111 3863 Eg
122 3795 254 3863 &ffiudea
271 3793 374 3825 Civitas
393 3794 534 3832 Phrygiae,
562 3795 589 3824 &
603 3793 693 3823 Budei
713 3791 760 3822 seu
778 3792 860 3823 Budii
877 3790 1029 3821 Medorum
1048 3790 1181 3829 populus.

105 3841 131 3863 te
174 3856 180 3863 .

0 3878 2 3895 =
35 3844 159 3901 Eunaia.
169 3893 177 3907 ,
197 3867 332 3906 [Bis'o‘eoe]
353 3870 480 3900 Minerva
487 3869 521 3898 ab
531 3869 599 3899 urbe
609 3868 759 3907 Magnesiae
771 3867 844 3896 dieta
853 3888 862 3903 ,
882 3876 942 3904 quae
960 3876 975 3896 a
987 3867 1118 3905 quopiam
1129 3867 1182 3897 Bu-

70 3909 123 3939 deo
132 3909 245 3938 condita
253 3908 319 3943 fuit,
340 3911 453 3938 auctore
467 3907 616 3944 Stephano.
660 3907 711 3936 iilii
731 3912 850 3944 putant,
871 3905 946 3942 quod
960 3915 1046 3942 quum
1059 3905 1182 3935 humana

70 3947 214 3991 prudentia
223 3947 386 3983 excogitarit
397 3946 484 3976 boum
494 3955 578 3982 opera
589 3945 705 3975 humum
717 3944 810 3973 colere
820 3965 829 3980 ,
850 3943 917 3973 inde
931 3942 1037 3974 Pastum
1054 3953 1160 3974 nomen
1170 3963 1180 3980 ‚

30 3991 32 4000 ¹
69 3993 100 4014 m
118 3995 171 4023 qua
188 3984 325 4014 sententia
342 3984 442 4015 Caelius
455 3984 493 4014 est
509 3983 558 4014 lib.
574 3993 617 4020 14.
639 3993 700 4022 cap.
714 3987 757 4017 18.

1639 160 1662 193 Β
1759 160 1786 193 t·
1891 160 1923 194 o
2314 144 2414 211 373⁷

1214 239 1235 269 Β
1246 249 1262 268 ι·
1273 249 1290 267 ι’)
1301 249 1309 266 r
1320 248 1358 267 Νι
1372 262 1379 272 .,
1402 238 1536 275 [mitid]
1560 240 1658 277 Populi
1674 239 1736 270 sunt
1747 240 1923 277 Thuffigctir.
1933 242 2018 270 vicini
2034 265 2041 276 ,
2063 253 2077 272 a
2098 243 2217 281 Taphi-is
2235 255 2282 283 per
2293 249 2382 276 cunti-

1257 286 1370 320 nonterii
1382 278 1509 306 introrsus
1520 279 1675 307 habitantes
1688 300 1695 313 ,
1717 289 1834 315 quorum
1848 281 1978 308 meminit
1992 280 2059 309 Plin.
2071 281 2119 310 lib.
2130 293 2156 317 4.
2171 292 2231 320 cap.
2247 294 2286 312 12.
2317 286 2384 322 Scy-

1258 315 1313 342 this
1327 316 1440 350 ailignzit
1451 318 1476 344 ὁὶ·
1487 317 1582 353 Steph.

1220 351 1241 381 Β
1254 361 1270 380 u
1282 362 1299 379 u
1310 362 1327 379 0
1339 362 1351 379 r<
1366 363 1387 380 az
1398 375 1405 385 ,
1428 353 1524 382 liisulzre
1543 354 1603 381 ilum
1614 363 1701 391 prope
1714 353 1823 383 Cretam
1836 353 1951 384 insulam
1965 377 1973 391 ,
1999 352 2029 385 ut
2046 356 2129 385 tradit
2143 357 2210 386 Plin.
2224 357 2272 387 lib.
2283 369 2306 393 4.
2321 368 2382 397 cap.

1264 399 1304 417 12.
1325 389 1461 419 Harduin.
1480 391 1545 426 legit
1558 391 1682 419 liudi‘oae.

1222 426 1241 455 Β
1253 437 1269 454 u
1282 436 1329 491 ulo
1341 436 1442 500 alciss,
1465 426 1622 464 [swevis]
1644 429 1713 458 Urbs
1732 429 1885 459 Germaniae
1906 429 2071 459 Ptolemaeo:
2101 431 2186 461 hodie
2204 432 2383 469 Uratislavia,

1259 474 1294 492 vu
1308 473 1342 498 go
1367 469 1472 500 {repa-'a

1221 500 1242 530 B
1256 511 1301 543 up
1313 505 1329 529 ὃ
1340 511 1421 545 ais,
1436 502 1447 545 [
1463 497 1591 537 Ιῖκῖωενῖς]
1613 503 1683 533 Urbs
1701 505 1856 534 Germania:
1873 504 1990 534 Ptolem.
2006 505 2089 543 vulgo
2105 506 2262 543 Heidelberg,
2283 508 2331 538 sub
2344 510 2386 539 di-

1260 544 1338 567 tione
1348 548 1458 568 comitis
1470 540 1593 569 Palatini·

1223 575 1243 604 B
1255 585 1272 604 u
1281 586 1298 604 r>
1308 579 1325 605 ὅ
1334 585 1350 604 R
1360 586 1378 604 U
1387 587 1423 612 M,
1445 571 1597 614 [asellico]
1619 578 1842 609 promontorium
1853 581 1891 609 est
1903 580 1978 618 apud
1991 580 2168 611 Salaminem.
2191 582 2288 621 Steph.

1663 666 1686 699 B
1790 665 1821 700 U
1911 667 1936 702 F

1225 758 1433 834 BuGrec‘i),g6pgs
1456 768 1493 788 m.
1515 760 1644 796 [pcv'offsshu]
1664 760 1741 791 Rana
1752 763 1892 799 terrestris,
1904 763 1950 794 seu
1961 765 2068 802 rubeta,
2089 766 2248 803 majuscula.
2271 767 2346 805 Virg.
2361 776 2385 797 r.

1330 808 1340 826 Γ
1362 820 1368 826 .
1420 809 1444 830 4.

1342 837 1395 863 Aut
1406 835 1494 864 oculis
1506 836 1579 873 capti
1590 835 1688 865 fodere
1701 837 1803 866 cubilia
1814 838 1913 876 talpae:

1340 872 1610 917 inventusque-cavis·
1627 873 1702 903 bufo.
1732 912 1747 917 ..
1786 876 1904 919 Sei-isius.
1946 878 2028 908 Hunc
2047 880 2179 909 undecun
2201 890 2235 909 ue
2253 887 2299 909 aut
2320 889 2389 916 quo-

1262 910 1462 985 ἓιεολίἳὲιιιιῑῑιφιιε
1473 910 1588 976 1οὲῖνιιιιη
1602 921 1631 940 m
1642 913 1959 949 auguriisselicillimum
1972 917 2136 947 habuerunt.
2196 941 2201 948 .
2225 918 2383 956 AugNiph.

1225 983 1460 1019 Buroufras,
1478 986 1614 1015 Rusonius
1634 986 1723 1024 lapis,
1745 987 1781 1017 de
1798 989 1877 1025 cujus
1895 990 1996 1020 virtute
2013 992 2140 1022 adversus
2160 1003 2301 1024 venenum
2343 994 2387 1024 Al-

1265 1023 1344 1053 drov.
1358 1024 1394 1053 de
1404 1023 1503 1053 insen.
1514 1035 1541 1060 4.
1554 1035 1581 1061 4.
1595 1026 1621 1054 δε
1641 1035 1664 1061 ς.
1682 1034 1724 1055 12.
2313 1016 2321 1030 ’

1659 1111 1685 1146 Β
1780 1111 1813 1146 U
1909 1114 1941 1149 G

1226 1206 1248 1237 Β
1259 1217 1279 1236 u
1289 1216 1307 1237 ς
1316 1217 1350 1237 131
1360 1230 1370 1243 ,
1391 1207 1538 1245 [Βεφῖῖοι]
1558 1207 1657 1246 Populi
1667 1218 1682 1238 a
1692 1208 1844 1240 Partheniis
1853 1211 1967 1241 oriundi
1979 1234 1986 1247 ‚
2007 1212 2053 1249 qui
2074 1222 2159 1249 quum
2174 1215 2208 1244 ab
2225 1215 2267 1245 liis
2284 1218 2391 1255 expulsi

1266 1246 1302 1289 ad
1315 1246 1425 1290 Cretam
1437 1246 1624 1290 appulissent,
1645 1248 1738 1290 &una
1749 1257 1812 1276 curn
1826 1248 1924 1278 Minoe
1940 1250 1969 1279 in
1981 1250 2105 1279 Siciliam
2122 1253 2306 1289 navigassent,
2330 1257 2389 1293 post

1266 1293 1325 1320 ejus
1336 1284 1462 1328 obitum,
1484 1285 1598 1321 quidam
1608 1294 1642 1314 ex
1654 1285 1695 1314 his
1706 1286 1825 1322 pedestri
1843 1287 1942 1317 itinere
1960 1288 2047 1317 finum
2068 1289 2237 1320 Adriaticum
2258 1293 2340 1330 usque
2360 1295 2389 1323 iu

1267 1321 1465 1352 Macedoniam
1475 1330 1668 1360 peragranteS,
1690 1323 1774 1360 Bugei
1786 1323 1998 1363 suntappellati.
2022 1326 2119 1355 Strabo
2132 1326 2178 1356 lib.
2190 1332 2215 1357 6.

1227 1358 1249 1388 B
1260 1369 1306 1388 uc
1317 1370 1359 1389 ΠΝ
1371 1370 1422 1395 sss,
1445 1362 1586 1404 [asaf-inc]
1609 1360 1702 1389 Unum
1720 1371 1755 1390 ex
1776 1363 1938 1393 nominibus
1954 1363 2055 1393 Bacchi
2070 1386 2077 1397 ,
2103 1364 2152 1393 sub
2168 1376 2223 1402 quo
2240 1368 2273 1396 ab
2285 1368 2389 1404 Argivis

1263 1397 1417 1442 colebatur.
1460 1398 1533 1428 Hinc
1545 1400 1570 1428 ἃ
1582 1398 1741 1428 Graecorum
1751 1399 1876 1438 plerique
1888 1401 2093 1431 Tauriformem
2104 1402 2242 1433 Bacchum
2254 1427 2261 1439 ,
2283 1408 2308 1435 ἃ
2319 1407 2393 1436 'l‘uu-

1265 1443 1406 1480 ricipitem
1420 1436 1589 1474 effingebant
1604 1438 1630 1466 &
1645 1446 1679 1474 ap
1690 1437 1824 1467 iellabant
1835 1461 1842 1473 ,
1864 1446 2017 1477 natumque
2031 1450 2066 1469 ex
2083 1440 2255 1478 Persephone
2267 1465 2275 1478 ,
2298 1452 2327 1472 ut
2338 1444 2392 1474 Eu-

1265 1473 1321 1503 seb.
1335 1484 1364 1503 in
1376 1484 1401 1504 2.
1415 1475 1499 1512 Praep.
1512 1484 1608 1512 evang.
1627 1482 1668 1503 tra
1691 1475 1719 1504 it.
1760 1476 1896 1512 Quinimo
1909 1478 1993 1508 etiam
2004 1478 2112 1508 Taurus
2128 1479 2219 1509 dictus
2229 1480 2267 1510 est
2278 1502 2286 1516 ,
2308 1483 2333 1511 ἅ
2350 1483 2391 1512 illi

1265 1521 1372 1542 cornua
1382 1512 1514 1542 attributa
1527 1534 1536 1547 ,
1558 1512 1634 1542 unde
1646 1512 1730 1542 Ovid.
1749 1523 1790 1549 ις.
1803 1513 1884 1551 Epist.
1896 1525 1942 1550 24.

1347 1550 1584 1594 Accedantcapiti
1596 1560 1700 1580 cornua
1712 1573 1720 1586 ,
1741 1551 1865 1582 Bacchus
1879 1554 1940 1582 eris.
2059 1553 2114 1584 Cur
2131 1560 2224 1584 autem
2242 1564 2392 1588 cornutum

1265 1585 1407 1632 {3acchum
1417 1588 1528 1618 finxerit
1535 1589 1699 1626 antiquitas,
1721 1588 1750 1618 V.
1765 1591 1839 1628 apud
1852 1591 1966 1621 Diodor.
1983 1590 2063 1628 libs.
2077 1592 2210 1623 Phurnut.
2222 1595 2248 1623 ἃ
2257 1594 2389 1634 Porphyr.

1267 1636 1298 1655 m
1312 1636 1338 1656 2.
1356 1627 1445 1656 Carni.
1457 1627 1524 1656 Hor.
1541 1637 1583 1661 19.
1596 1636 1640 1663 30.
1665 1626 1746 1665 super
1758 1628 1799 1657 his
1813 1629 1921 1664 verbis,

1350 1666 1438 1695 Aureo
1447 1674 1534 1694 cornu
1547 1665 1691 1695 decorum.
1786 1667 1860 1696 conf.
1893 1676 1961 1696 mox
1981 1678 1996 1696 B
2004 1677 2023 1697 u
2032 1677 2073 1697 co
2083 1677 2105 1697 Ν
2115 1678 2128 1697 iz
2137 1678 2158 1698 s.

1231 1702 1253 1733 B
1263 1712 1308 1732 uc
1318 1712 1353 1732 i³s
1367 1725 1375 1737 ,
1398 1703 1492 1732 Amnis
1505 1702 1544 1747 est
1553 1702 1673 1739 Scythiae
1686 1702 1827 1741 Europaeae
1838 1727 1845 1739 ,
1868 1705 1915 1742 qui
1925 1705 2028 1735 flexum
2039 1706 2178 1735 Maeotidis
2190 1705 2263 1736 secat
2272 1730 2280 1743 ,
2303 1714 2334 1737 ut
2347 1719 2394 1739 au-

1271 1742 1331 1770 <fter
1340 1742 1377 1784 est
1390 1741 1561 1779 Pomponius
1571 1739 1654 1770 Mela.
1693 1741 1781 1778 Supra
1795 1742 1887 1780 Bugen
1902 1753 1967 1772 vero
1979 1753 2073 1773 amnes
2089 1744 2151 1773 sunt
2168 1747 2268 1782 tlgarus
2279 1768 2287 1782 ,
2310 1756 2393 1783 quem

1272 1779 1394 1816 Sagarim
1411 1779 1532 1809 Ovidius
1543 1779 1687 1815 nominat;
1710 1780 1736 1808 Sc
1748 1779 1851 1817 Lycus,
1874 1781 2012 1810 clarissimi
2024 1781 2180 1812 Ptolemaeo.

1232 1816 1254 1847 B
1265 1827 1283 1846 u
1292 1827 1309 1846 c
1320 1828 1329 1845 1
1340 1828 1356 1845 L
1366 1828 1381 1845 L
1391 1827 1409 1846 o
1421 1839 1428 1852 ,
1451 1818 1522 1846 finis.
1545 1816 1637 1846 Herba
1646 1839 1653 1852 ‚
1675 1817 1745 1846 forte
1756 1818 1855 1847 eadem
1868 1829 1928 1856 quae
1939 1819 2052 1857 Bugula.

1271 1854 1425 1892 Bugillonis
1435 1854 1540 1884 succus.
1561 1854 1649 1884 Marc.
1664 1854 1744 1893 Emp.
1758 1865 1817 1892 cap.
1830 1862 1854 1890 8,

1233 1892 1431 1936 Buct-ossn
1444 1915 1452 1927 ,
1473 1903 1503 1922 ae.
1524 1893 1542 1922 f.
1565 1892 1609 1921 vel
1630 1892 1803 1922 Buctoss
1816 1904 1864 1923 υΜ
1877 1916 1884 1929 ,
1905 1895 1922 1923 i.
1941 1905 1969 1924 n.
1998 1892 2205 1931 [βέςκλανωῶ]
2227 1896 2320 1927 Herba
2335 1908 2396 1935 quae

1272 1930 1476 1968 Bovislingua,
1499 1930 1551 1960 sive
1568 1930 1674 1960 Bubula
1686 1930 1778 1969 lingua
1795 1931 1928 1961 Romanis
1946 1933 2068 1968 dicitur,
2091 1934 2125 1962 ab
2146 1934 2201 1972 ipsa
2221 1935 2307 1964 forma
2323 1936 2394 1966 folii.

1271 1968 1408 2012 Ptin-lib.
1419 1979 1465 2004 25.
1476 1978 1538 2006 cap.
1553 1974 1583 2012 8..
1599 1968 1804 2011 Jungitiirhuic
1820 1969 1976 2007 buglossos,
1998 1972 2084 2000 boum
2098 1971 2200 2009 linguae
2219 1973 2328 2003 similis:
2351 1975 2397 2004 cui

1271 2016 1444 2045 praecipuum
1457 2029 1464 2041 ,
1487 2008 1562 2043 quod
1576 2016 1604 2050 iri
1616 2016 1713 2050 vinum
1725 2007 1849 2043 dejecta,
1871 2009 1957 2038 animi
1974 2009 2134 2047 voluptates
2151 2017 2248 2048 auget,
2271 2013 2296 2041 ἃ
2318 2022 2400 2042 voca-

1272 2052 1318 2074 tur
1329 2044 1545 2088 euphrosynum.
1567 2043 1659 2074 Diosc.
1678 2044 1725 2074 lib.
1737 2057 1762 2081 4.
1775 2055 1835 2083 cap.
1852 2055 1912 2082 1²3-
1935 2046 2062 2076 Nascitur
2072 2047 2201 2077 sabulosis
2213 2050 2239 2078 Sc
2249 2051 2399 2085 exaequatis

1273 2083 1302 2112 iri
1315 2083 1460 2120 planitiem
1472 2082 1549 2112 locis.
1591 2082 1740 2119 Colligitur
1751 2083 1826 2119 Julio
1835 2083 1938 2114 mense.
1979 2085 2013 2114 Et
2022 2085 2106 2123 paulo
2117 2086 2177 2124 post
2187 2108 2195 2121 ,
2217 2086 2351 2116 Verbasco
2371 2089 2401 2117 si-

1273 2121 1352 2150 milia
1372 2121 1438 2150 folia
1459 2120 1543 2150 habet
1553 2142 1561 2156 ‚
1583 2122 1609 2150 δι
1622 2122 1650 2149 in
1666 2128 1766 2150 terram
1780 2121 1899 2151 decidua
1908 2143 1917 2158 ,
1939 2121 2050 2161 aspera,
2072 2124 2264 2162 nigrioraque,
2288 2125 2400 2156 bubulae

1272 2158 1375 2197 linguae
1388 2157 1493 2188 similia.
1515 2159 1608 2189 Seren.
1622 2169 1648 2188 v.
1661 2168 1695 2194 42
1702 2168 1725 2188 r.

1353 2197 1486 2235 Capparis
1505 2203 1587 2234 atque
1599 2197 1694 2234 apium
1707 2195 1904 2235 bugioffaque‚
1919 2198 1971 2228 διο.
2066 2198 2189 2229 Primam
2205 2202 2323 2239 corripit
2341 2202 2401 2232 Ma-

1272 2235 1387 2264 cenlib.
1400 2245 1424 2264 2.
1443 2245 1504 2272 cap.
1517 2244 1562 2264 20.
1581 2244 1605 2264 v.
1625 2244 1647 2264 1.
1664 2236 1691 2264 δι
1706 2245 1747 2264 10.

1234 2272 1280 2303 Eu
1289 2275 1332 2302 co
1341 2283 1360 2302 Ν
1370 2283 1383 2301 ir
1392 2283 1405 2302 s
1416 2295 1424 2308 ,
1446 2282 1504 2302 um.
1516 2273 1545 2316 .f.
1568 2272 1711 2309 [βεῃένες]
1733 2272 1799 2311 quid
1815 2273 1950 2311 significet
1960 2296 1968 2309 ,
1991 2273 2114 2303 declarat
2126 2274 2208 2305 Varro
2223 2286 2249 2305 2.
2264 2276 2299 2306 de
2317 2277 2348 2307 R.
2365 2278 2400 2309 R.

1272 2321 1335 2348 cap.
1352 2322 1374 2344 ς.
1390 2311 1433 2340 his
1445 2310 1555 2346 verbis,
1577 2310 1613 2340 de
1624 2310 1696 2340 bove
1715 2311 1854 2347 loquens;
1878 2312 2007 2349 Denique
2026 2321 2060 2341 ex
2078 2312 2133 2342 hoc
2155 2315 2311 2351 putrefacto
2327 2317 2401 2346 nasci

1275 2348 1445 2378 dulciffimas
1466 2358 1550 2386 apes,
1582 2349 1673 2378 mellis
1691 2356 1809 2384 matres,
1844 2360 1859 2379 a
1883 2360 1939 2387 quo
1956 2360 2002 2379 eas
2020 2350 2107 2380 Graeci
2129 2349 2233 2389 &523⁹ae
2247 2353 2400 2390 appellant.

1275 2386 1388 2423 [immo
1399 2388 1502 2421 βεγνᾶς
1514 2409 1522 2422 ,
1544 2392 1576 2416 ut
1585 2387 1650 2416 viris
1666 2387 1756 2416 doctis
1767 2387 1859 2425 placet
1868 2409 1875 2423 ,
1898 2387 1943 2418 vel
1953 2388 2048 2426 potius
2062 2390 2172 2425 sssyrie'oec
2185 2412 2193 2425 ,
2216 2400 2270 2427 quo
2282 2393 2375 2421 minus
2386 2402 2403 2422 a

1276 2433 1387 2463 recepta
1396 2424 1518 2454 lectione
1526 2425 1607 2454 abeat
1617 2426 1786 2461 conjectura.

1238 2461 1260 2493 Β
1271 2473 1290 2492 u
1300 2473 1318 2492 c
1329 2473 1346 2492 o
1356 2472 1377 2492 Ν
1387 2474 1395 2491 ι
1406 2473 1426 2492 A
1434 2485 1442 2498 ,
1464 2472 1495 2491 ae.
1517 2463 1536 2492 f.
1560 2463 1709 2499 [138232‘6‘0‘]
1731 2464 1823 2501 Apum
1834 2463 1984 2500 generatio.
2005 2463 2059 2493 Etsi
2069 2463 2186 2494 verbum
2203 2466 2330 2496 Graecum
2353 2468 2404 2504 sit,

1276 2508 1370 2530 tamen
1383 2501 1413 2530 id
1426 2501 1455 2530 in
1468 2500 1565 2530 Latina
1573 2500 1666 2539 posuit
1677 2501 1805 2530 oratione
1816 2501 1947 2535 Plautius,
1968 2502 2015 2539 qui
2026 2501 2181 2539 Bugoniam
2192 2503 2309 2534 scribere
2324 2507 2405 2542 dixit,

1276 2549 1331 2576 qua
1346 2539 1434 2568 forma
1447 2538 1564 2568 Iliadem
1585 2539 1740 2568 Homerum
1759 2538 1888 2576 scripsisse
1905 2540 2034 2569 dicimus.
2079 2540 2159 2569 Varro
2171 2563 2179 2575 ,
2204 2541 2222 2571 1.
2241 2552 2265 2571 c.
2291 2545 2317 2572 ὀὶ
2336 2545 2405 2574 ‘hinc

1275 2576 1415 2606 Plautium
1424 2576 1550 2606 locutum
1560 2575 1613 2606 effe
1626 2576 1733 2612 Latine,
1762 2586 1846 2614 quum
1860 2577 1980 2607 Hirtium
1992 2578 2136 2607 Praerorem
2148 2581 2338 2610 renuntiatum
2352 2583 2406 2611 Ro-

1276 2624 1350 2645 mam
1363 2616 1392 2644 in
1403 2615 1505 2645 Senatu
1519 2614 1650 2652 scriptum
1664 2615 1765 2644 habere
1776 2637 1783 2650 ,
1804 2615 1860 2644 Sed
1872 2615 1947 2644 bono
1959 2617 2053 2645 animo
2065 2626 2094 2646 es
2108 2626 2114 2645 ε
2140 2626 2199 2646 non
2218 2619 2311 2648 minus
2331 2620 2404 2649 satis-

1275 2653 1377 2683 faciam
1388 2653 1439 2682 tibi
1450 2674 1458 2688 ,
1481 2662 1562 2689 quam
1572 2654 1617 2690 qui
1630 2652 1783 2690 bugoniam
1801 2653 1912 2690 scripsit.
1954 2653 2007 2683 Ubi
2023 2654 2174 2691 legendum
2186 2656 2280 2685 censet
2298 2657 2404 2687 Turne-

1277 2691 1345 2727 bus,
1370 2691 1401 2720 In
1411 2691 1514 2720 Senatu
1524 2689 1656 2728 scriptum
1669 2699 1772 2720 averes.
1812 2691 1912 2720 Sensus
1922 2698 2015 2721 autern
2030 2692 2066 2721 sic
2083 2691 2210 2722 elicietur
2220 2716 2228 2728 ‚
2250 2695 2330 2724 Varro
2343 2696 2404 2724 Hir-

1275 2730 1347 2758 tium
1364 2728 1518 2758 senatorem
1528 2750 1536 2763 ,
1559 2729 1587 2757 in
1596 2728 1746 2765 senatuque
1758 2729 1808 2758 scri
1831 2736 1890 2758 turn
1899 2728 1953 2758 esse
1964 2729 2080 2767 optabat
2091 2752 2099 2766 ,
2122 2741 2205 2768 quem
2220 2733 2347 2762 ordinem
2366 2733 2403 2762 as-

1275 2767 1461 2804 sequebantur
1471 2766 1577 2796 }Ediles
1588 2768 1615 2797 &
1625 2766 1755 2796 Praetores
1766 2789 1774 2801 ,
1796 2739 1898 2803 aiiique
1908 2768 2087 2805 magistratus.
2129 2769 2224 2805 Quum
2237 2780 2300 2799 eum
2315 2771 2403 2800 audis-

1274 2805 1315 2835 set
1324 2806 1470 2835 Praetorem
1484 2805 1673 2834 renuntiatum
1685 2805 1806 2834 Plautius
1815 2827 1823 2840 ,
1844 2805 1956 2835 Varroni
1967 2806 2038 2835 dixit
2048 2828 2056 2842 ,
2077 2806 2164 2835 mulsa
2177 2808 2227 2836 tibi
2239 2808 2322 2837 affero
2335 2830 2342 2842 ,
2364 2809 2404 2838 af..

1274 2844 1334 2873 fero
1344 2843 1395 2872 tibi
1412 2842 1566 2880 optabilem
1585 2844 1733 2872 nuntium:
1756 2849 1812 2872 tam
1825 2843 1874 2872 tibi
1885 2843 2049 2874 satisfaciam
2063 2854 2144 2881 quam
2165 2845 2211 2882 qui
2231 2846 2399 2883 bugamum,

1274 2881 1305 2911 id
1316 2882 1353 2911 est
1362 2881 1512 2919 apiarium,
1534 2886 1581 2910 aut
1600 2882 1646 2918 qui
1665 2881 1701 2910 de
1712 2880 1811 2918 apibus
1824 2881 1935 2918 scripsit.
1959 2881 2019 2911 Mel
2032 2890 2089 2911 erat
2105 2883 2224 2919 antiquis
2236 2884 2265 2911 in
2281 2885 2402 2915 deliciis.

1275 2920 1352 2949 unde
1362 2928 1457 2949 meum
1469 2918 1544 2954 mel,
1565 2919 1635 2948 mihi
1654 2919 1691 2949 est
1710 2918 1851 2954 mellinae,
1872 2921 1898 2948 ἃ
1916 2919 1987 2949 illud
2006 2919 2114 2949 Comici
2127 2942 2134 2954 ,
2156 2920 2242 2949 mulsa
2266 2920 2399 2957 loquitur.

1274 2957 1317 2987 Ex
1328 2957 1471 3025 Tumeffiii'
1493 2956 1559 3000 [ldis.
1573 2962 1599 2992 8.
1611 2962 1638 2992 8.
1679 2957 1750 2994 [Sed
1759 2956 1852 2987 sanior
1861 2957 1992 2995 Scaliger,
2002 2958 2049 2995 qui
2062 2968 2077 2988 a
2088 2958 2151 2988 loco
2162 2958 2245 2996 plane
2255 2959 2401 2997 desperato

1273 3005 1390 3028 manum
1400 3006 1417 3025 a
1471 3000 1541 3024 nuit.

1684 3083 1708 3118 B
1803 3082 1837 3117 U
1930 3084 1959 3118 L

1236 3180 1259 3211 B
1271 3190 1290 3210 υ
1299 3189 1344 3209 LA
1354 3189 1369 3208 ι’
1380 3180 1397 3208 K
1406 3188 1426 3208 τ
1436 3187 1456 3208 H
1466 3189 1515 3209 um
1527 3201 1536 3215 ,
1556 3179 1576 3210 i.
1597 3189 1625 3210 n.
1650 3181 1845 3216 [βιλοίπτῆον]
1865 3180 1976 3211 Herba:
1996 3181 2032 3210 de
2052 3190 2106 3218 qua
2124 3180 2194 3210 Ptin.
2210 3180 2258 3212 lib.
2271 3193 2317 3214 20.
2335 3193 2397 3223 cap.

1277 3228 1322 3248 21.
1336 3219 1362 3248 &
1376 3217 1465 3247 Ruell.
1482 3217 1531 3246 lib.
1544 3227 1570 3247 2.
1584 3228 1645 3256 cap.
1657 3229 1702 3255 49.

1237 3256 1259 3287 B
1269 3267 1288 3286 υ
1298 3267 1315 3285 L
1323 3266 1342 3285 Α
1352 3266 1369 3284 ι’.
1377 3266 1394 3285 c
1404 3266 1423 3285 H
1433 3266 1451 3284 u
1460 3266 1472 3285 s
1484 3278 1492 3291 ,
1514 3256 1704 3292 [Βὲλκξχῖᾒ]
1727 3256 1816 3286 Ρῐέῗοι·
1832 3256 1885 3285 fuit
1897 3255 2129 3294 praestantissimus
2140 3279 2149 3291 ,
2170 3258 2250 3293 cujus
2261 3259 2399 3296 picturam

1274 3294 1555 3362 Magnetupibexitii,
1576 3295 1726 3324 mediocris
1736 3294 1832 3332 spatii,
1854 3293 2008 3324 Candaules
2027 3303 2075 3323 rei:
2091 3296 2151 3332 pari
2168 3297 2299 3333 rependit
2317 3307 2396 3328 auro.

1301 3356 1308 3363 .
1361 3341 1569 3361 in.i..ca.
1602 3337 1627 3366 8.

1237 3372 1286 3402 Bu
1296 3373 1357 3400 ιΒῑ
1366 3380 1387 3400 Ν
1397 3380 1412 3399 iz
1423 3392 1431 3405 ,
1452 3341 1491 3400 es7.
1512 3369 1532 3399 f.
1542 3341 1697 3406 p[ss38n‘-5=2'vn]
1718 3369 1786 3399 Plin.
1803 3368 1851 3398 lib.
1860 3378 1905 3398 20.
1915 3378 1976 3406 cap.
1989 3378 2014 3404 9.
2049 3368 2140 3398 Herba
2153 3370 2191 3398 est
2204 3374 2344 3408 porraceis
2356 3374 2398 3403 fo.

1276 3409 1321 3438 liis
1335 3431 1343 3444 ,
1363 3407 1523 3438 rubicundo
1539 3407 1624 3437 bulbo
1634 3429 1641 3441 ,
1663 3417 1722 3444 quae
1734 3407 1895 3437 vulneribus
1908 3407 2009 3435 mirum
2020 3407 2050 3435 iri
2060 3408 2179 3443 modum
2190 3409 2266 3439 utilis
2276 3411 2322 3440 est.
2348 3412 2398 3441 Of-

1274 3446 1366 3476 ficinae
1376 3446 1540 3476 Maurorum
1552 3445 1689 3475 vocabulo
1702 3445 1860 3482 Bubigerim
1870 3443 2012 3482 appellant
2021 3466 2029 3479 ,
2049 3445 2117 3474 teste
2128 3445 2219 3476 Ruell.
2232 3446 2279 3477 lib.
2293 3458 2319 3479 2.
2331 3459 2395 3488 cap.

1277 3494 1340 3515 100.
1363 3484 1437 3513 conf.
1452 3484 1519 3514 Plin.
1533 3493 1574 3518 19.
1589 3494 1612 3519 5.

1235 3522 1257 3554 Β
1267 3533 1286 3552 u
1295 3534 1311 3552 L
1319 3534 1334 3552 Β
1343 3524 1381 3555 ia-
1390 3532 1407 3551 o
1418 3544 1425 3557 ,
1447 3519 1617 3558 [ζολξιτὶζω]
1638 3523 1692 3549 are.
1715 3520 1840 3548 Stercore
1850 3519 1935 3548 foedo.
1977 3519 2005 3548 V.
2029 3520 2059 3549 iri
2080 3531 2094 3549 s
2104 3531 2123 3549 u
2133 3531 2147 3549 Β
2156 3532 2165 3549 ι
2174 3531 2196 3551 Ν
2204 3532 2230 3552 o.

1236 3561 1257 3591 B
1268 3570 1403 3596 ursus,
1425 3560 1443 3589 i.
1461 3570 1497 3589 m.
1519 3557 1630 3594 [3025ae
1644 3559 1658 3592 ]
1679 3557 1781 3586 Bulbus
1802 3553 1868 3594 quid
1887 3557 1917 3585 iit
1933 3557 2018 3586 hodie
2037 3559 2187 3595 ignoratur.
2210 3561 2350 3591 Marthiol.
2366 3564 2396 3593 in

1274 3598 1434 3628 Comment.
1453 3598 1482 3626 in
1500 3596 1623 3626 Dioscor.
1663 3595 1732 3624 Cato
1752 3595 1910 3631 Megaricos
1932 3595 2031 3625 bulbos
2054 3596 2224 3634 potissimum
2245 3599 2396 3637 serendos,

1273 3637 1409 3674 praecipit.
1436 3635 1586 3665 Damnavit
1598 3633 1682 3662 Ovid.
1698 3633 1734 3661 ob
1746 3642 1876 3662 venerem
1887 3654 1896 3667 ,
1929 3643 2011 3669 quam
2021 3636 2161 3664 mirumin
2172 3637 2290 3666 modum
2302 3638 2396 3668 stimu-

1274 3676 1351 3711 lant,
1372 3674 1453 3703 Rem.
1467 3674 1554 3701 ilmor.
1570 3679 1633 3707 797.

1354 3712 1480 3742 Daunius
1491 3732 1499 3744 ,
1520 3718 1554 3738 an
1565 3708 1673 3745 Libycis
1688 3707 1788 3736 bulbus
1798 3707 1849 3736 tibi
1862 3707 1954 3737 missus
1967 3707 2000 3737 ab
2013 3709 2067 3739 oris
2077 3731 2086 3745 ,

1397 3752 1436 3778 An
1446 3747 1540 3777 veniat
1551 3746 1679 3783 Megaris,
1700 3747 1802 3774 noxius
1816 3747 1908 3775 omnis
1924 3746 1985 3776 erit.
2063 3747 2106 3777 Ad
2119 3758 2202 3785 quam
2214 3752 2394 3782 commenda-

1273 3789 1313 3819 vit
1326 3786 1444 3819 Martial.
1456 3786 1503 3814 lib.
1519 3793 1614 3818 13-34-
1645 3821 1650 3825 .

1352 3826 1449 3862 Quum
1461 3823 1492 3851 sit
1502 3830 1571 3851 anus
1586 3829 1710 3856 conjunx
1720 3842 1728 3855 ,
1750 3829 1836 3858 quum
1847 3821 1899 3851 {int
1908 3821 1962 3850 tibi
1977 3828 2087 3853 mortua
2098 3824 2237 3859 membra,

1395 3860 1442 3891 Nil
1450 3860 1524 3889 aliud
1535 3858 1626 3888 bulbis
1636 3868 1717 3895 quam
1724 3858 1797 3888 satur
1807 3858 1860 3889 effe
1874 3867 1963 3898 potes.
2046 3861 2151 3892 Radice
2169 3863 2264 3893 seritur
2280 3865 2394 3894 horten.

1273 3902 1314 3932 fis,
1354 3899 1386 3929 V.
1407 3896 1544 3927 Columel.
1558 3897 1606 3925 lib.
1624 3907 1664 3925 10.
1681 3901 1742 3926 106.
1755 3896 1861 3927 &rim
1878 3908 1922 3927 20.
1934 3908 1960 3933 9.

1272 3936 1480 3975 Theophrastus
1493 3936 1588 3964 audior
1598 3934 1652 3968 est,
1673 3934 1727 3964 esse
1737 3934 1815 3964 bulbi
1830 3945 1916 3972 genus
1928 3937 2001 3965 circa
2021 3936 2093 3974 ripas
2115 3939 2241 3967 amnium
2259 3939 2371 3968 nascens
2385 3962 2393 3975 ,

1272 3977 1352 4013 cujus
1363 3976 1435 4004 inter
1442 3974 1582 4004 summum
1590 3973 1723 4003 corticem
1730 3982 1848 4040 eamlpue
1856 3984 1963 4011 partem
1972 3984 2027 4012 qua
2035 3974 2182 4005 vescuntur
2194 3998 2202 4011 ,
2223 3976 2394 4007 &1².-laneam

1814 4021 1829 4040 a
1839 4021 1854 4041 a
1874 4021 1887 4049 3
2257 4021 2393 4051 naturam,
