2600 4177
358 125 360 129 ψ
391 102 420 137 C
517 105 543 138 A
637 104 672 139 N

81 182 138 211 Situ
150 192 219 212 cano
235 183 372 213 obductus
385 183 470 212 color.
492 183 560 214 Plin.
573 184 621 214 lib.
636 195 677 215 12.
693 196 753 224 cap.
765 197 809 222 25.

83 219 193 249 Veritas.
232 221 312 249 Varro
324 221 525 251 Eumenidibiis
540 245 547 255 ,
568 222 602 252 Et
614 233 678 252 ecce
689 225 724 252 de
735 225 881 261 improviso
892 228 926 256 ad
938 236 988 257 nos
1003 229 1112 258 accedit
1124 238 1191 259 cana

101 258 199 286 veritas
210 279 217 290 ‚
241 259 333 287 Atticae
344 258 524 296 philosophiae
533 259 652 290 alumna.
675 262 748 299 apud
763 263 838 292 Non.
851 273 877 294 2.
894 270 953 299 ηε.

84 293 168 323 Vesta.
191 295 260 332 Virg.
276 306 300 330 9.
311 296 446 330 JEn.259.

235 347 273 353 ——
283 334 308 362 Sc
321 342 395 362 caiiae
406 334 556 370 penetralia
567 333 651 363 Vestae

161 368 296 399 Obtestor.
379 371 396 399 i.
409 380 433 399 e.
457 370 640 406 Venerabilis,
662 373 860 410 antiquiffimae.
905 376 1023 406 Servius.

82 401 144 435 Villi
154 407 216 435 cani
231 407 367 436 arborum.
406 407 474 437 Plin.
490 409 538 438 lib.
550 419 593 439 12.
606 419 666 447 cap.
681 420 725 446 23.
747 412 818 440 Sunt
837 413 912 442 enirn
934 413 987 443 hoc
998 415 1113 445 nomine
1130 416 1190 445 cani

100 443 227 473 arborum
238 444 293 473 villi
304 467 311 479 ‚
333 444 425 480 quales
438 446 466 474 in
476 456 579 483 quercu
591 448 711 476 maxime
726 449 851 478 videmus
862 472 870 483 ,
890 453 941 480 Sic.

83 479 126 510 Est
137 482 161 510 δ’(
172 481 262 511 Canus
276 491 380 511 nomen
390 483 532 520 proprium
542 484 685 513 Choraulae
693 486 765 522 apud
776 487 850 516 Suet.
863 488 950 517 Galba
962 498 1021 526 cap.
1037 499 1078 519 12.

47 517 95 548 CA
107 527 163 552 Ni,
188 528 277 548 orum.
298 528 335 549 m.
356 526 463 549 tantum
479 521 517 559 pl.
540 523 589 557 [voi
602 522 710 558 τπολικλ]
731 524 930 560 Capillialbiin
941 528 1075 563 capitibus
1084 525 1188 557 senum.

79 553 144 621 Cic?r
151 555 186 585 de
202 557 310 586 Senect.
330 561 375 587 62.
399 557 471 587 *Non
488 560 567 594 cani,
589 569 646 588 non
664 569 737 597 rugae
753 570 869 599 repente
888 565 1080 594 auctoritaoem
1095 564 1190 595 alserre

100 602 116 621 0
141 600 196 622 unt.

108 631 214 661 onorati
223 632 293 661 cani.
315 631 398 662 Ovid.
411 638 436 667 8.
447 633 514 663 Met.
528 644 553 669 9.

78 666 179 698 Miseri.
206 669 275 699 Pers.
291 680 314 705 ς.
330 670 384 698 Sat.
397 674 442 705 ⁶4·

231 722 268 729 —·
279 707 366 744 petite
375 708 441 737 hinc
450 708 618 746 juvenesque
633 709 764 747 senesque

156 740 252 774 Finem
263 745 358 774 animo
369 752 476 776 certum
485 768 494 782 ,
516 747 670 784 miserisque
683 749 785 778 viatica
795 750 879 779 canis.

79 779 149 810 Rari.
171 781 254 811 Ovid.
266 788 292 815 8.
308 782 377 812 Met.
393 787 454 819 567.

77 817 229 848 Venerandi
238 821 299 857 piis.
321 820 386 850 Sen.
401 821 482 851 Herc.
497 821 549 851 fur.

45 855 92 886 CA
101 864 122 884 N
130 865 147 884 o
155 865 167 885 s
177 866 195 885 υ
205 867 217 886 s
226 879 233 892 ,
257 868 272 887 a
282 880 290 893 ,
312 868 368 888 um.
391 858 469 889 Idem
479 860 554 896 quod
564 860 663 890 Canus.
685 867 716 890 ut
728 883 735 895 ‚
757 861 828 890 Mihi
839 872 873 892 eo
883 862 1007 901 tempore
1019 864 1123 894 credita
1143 863 1192 900 (il-

79 892 106 922 la
123 891 215 931 legio)
235 896 273 924 est
284 917 292 930 ‚
311 905 366 932 quo
384 898 410 926 ἃ
421 906 465 926 me
476 897 624 934 canosum,
646 899 693 936 qui
706 900 850 936 credebat,
871 910 935 930 cum
951 902 1134 939 gratulatione
1154 903 1193 932 vi-

79 930 126 960 dit.
168 931 300 970 Vopiscus
311 934 338 962 in
351 934 439 963 Probo
450 944 510 972 cap.
525 946 548 969 ς.

44 967 92 998 CA
101 977 122 996 N
131 978 149 997 υ
158 978 178 997 T
187 980 203 999 υ
214 979 226 999 s
236 993 244 1005 ,
265 981 280 1000 a
293 993 301 1006 ‚
322 981 378 1001 urn.
400 972 487 1002 ldem.
509 971 592 1003 Gloss.
604 972 650 1003 Gr.
660 972 716 1003 Lat.
739 976 822 1002 πολιὶε
832 997 840 1011 ,
862 984 947 1006 canus
957 998 965 1012 ‚
987 983 1111 1007 canutus.
1133 978 1191 1014 [An

51 1024 53 1027 -
80 1004 200 1037 Canulus
210 1008 308 1038 dimin.
320 1009 427 1039 forma?

46 1041 150 1072 CANA
160 1054 223 1075 srs
233 1055 249 1075 a
261 1068 269 1082 ‚
290 1047 332 1076 tri.
357 1057 393 1076 m.
414 1047 576 1077 Canescens.
598 1047 680 1078 Glols.
697 1048 742 1079 Gr.
755 1048 813 1079 Lat.
834 1047 1006 1086 pergen-iim&‚
1027 1053 1154 1083 canaster.

44 1078 92 1110 CA
101 1090 120 1110 N
130 1091 144 1110 r<
153 1092 186 1118 o,
207 1084 235 1113 ui
244 1105 252 1118 ,
278 1085 446 1120 [πολιῶμοιι]
467 1089 520 1115 ὅτε.
543 1086 651 1115 Canum
665 1086 735 1117 esse:
759 1088 904 1119 utCanent
916 1089 1046 1120 Gramina
1055 1091 1083 1121 h.
1102 1100 1126 1121 e.
1148 1090 1192 1121 Al-

78 1118 191 1150 bescunt
201 1123 337 1151 matutino
347 1132 407 1152 rore
420 1123 532 1160 aspersa.
556 1123 628 1160 Virg.
642 1133 664 1159 3.
680 1124 778 1162 Georg.
792 1134 854 1162 325.

156 1157 275 1188 Luciferi
288 1160 378 1197 primo
393 1170 457 1190 cum
465 1161 550 1190 fidere
559 1161 657 1198 frigida
665 1172 726 1192 rura

157 1195 306 1234 Carpamus
315 1220 323 1233 ,
344 1198 410 1227 dum
421 1208 501 1227 marie
516 1209 621 1229 novum
632 1221 640 1236 ,
662 1200 729 1230 dum
740 1201 862 1238 gramina
871 1208 982 1233 canent.

77 1230 163 1263 Barba
173 1242 254 1264 canet
265 1235 337 1272 gelu.
358 1235 406 1264 Sil.
416 1236 465 1265 lib.
478 1246 501 1265 1.
514 1246 578 1274 205.

78 1270 219 1302 seneclus.
242 1273 313 1310 Virg.
327 1284 351 1309 ς.
369 1274 431 1303 AEn.
443 1277 507 1309 416.

268 1327 305 1332 —
315 1311 412 1340 aeniula
423 1312 544 1341 necdum

168 1346 357 1386 Temporibus
368 1350 485 1386 geminis
495 1350 612 1379 canebat
622 1349 708 1388 sparsa
718 1350 853 1382 senectus.

77 1381 165 1415 Verbo
178 1385 283 1416 Canere
293 1387 322 1416 in
332 1388 410 1416 tertia
423 1388 546 1417 flexione
559 1388 619 1418 usus
633 1389 671 1417 est
681 1388 801 1426 Propert.
811 1400 836 1420 2.
851 1400 893 1427 14.
909 1400 935 1428 7.

167 1423 253 1460 Quod
263 1424 281 1453 fi
289 1425 344 1460 jam
354 1426 430 1454 canis
440 1432 502 1455 aetas
510 1435 572 1455 mea
589 1433 700 1455 caneret
718 1428 806 1457 annis.
889 1428 976 1466 Quod
992 1429 1093 1460 retinet
1104 1428 1190 1460 etiam

95 1469 128 1489 ac
141 1466 234 1490 tuetur
243 1471 307 1491 cum
319 1462 457 1499 Scaligero
466 1463 673 1493 Broeckhusius.
694 1463 728 1493 al.
751 1465 887 1499 Candeat.

43 1496 93 1528 CA
101 1508 121 1528 N
131 1508 145 1528 Β
155 1508 175 1528 Ν
185 1508 197 1528 s
207 1521 214 1535 ‚
237 1501 369 1536 [πολιῶν]
388 1501 483 1530 Partic.
505 1500 593 1531 Valer.
605 1506 631 1531 6.
642 1503 742 1539 Argon.
755 1512 816 1533 122.

52 1549 54 1552 *
154 1536 262 1567 Neurus
271 1560 278 1573 ‚
300 1539 326 1567 δι
337 1544 463 1576 expertes
473 1540 600 1569 canentis
612 1539 714 1577 Iaziges
725 1541 785 1570 tevi.

75 1572 145 1604 Gelu
155 1584 267 1605 canens.
290 1576 371 1606 Ovid.
388 1586 411 1612 ς.
425 1576 505 1606 Trist.
519 1580 599 1607 266.

153 1612 296 1650 Glebaque
304 1615 416 1644 canenti
429 1614 536 1653 semper
547 1614 642 1644 obusta
654 1615 726 1653 gelu.

73 1648 151 1680 Lilia.
174 1651 257 1680 Ovid.
273 1660 314 1681 12.
326 1652 468 1689 Met.411.
490 1652 530 1682 Al.
550 1652 724 1688 Candentia‚
742 1653 840 1691 probe.

73 1687 197 1718 Nemora
207 1689 369 1728 AEthiopum
380 1690 458 1720 molli
469 1691 598 1721 canentia
608 1690 680 1721 lana.
710 1691 782 1729 Virg.
792 1702 818 1722 2.
831 1692 931 1731 Georg.
946 1701 1007 1724 120.

75 1725 165 1756 Oliva.
189 1727 272 1756 Ovid.
283 1731 309 1757 6.
322 1728 392 1757 Met.
403 1734 447 1763 81.

156 1764 244 1794 Edere
252 1775 317 1794 cum
329 1765 421 1796 baccis
431 1766 533 1796 foetum
541 1767 666 1797 canentis
675 1766 764 1797 olivae.

72 1801 181 1833 Pruina.
203 1800 252 1832 Sil.
268 1803 316 1832 lib.
330 1813 354 1841 3.
371 1814 413 1840 33.

72 1839 181 1871 salicta.
205 1840 280 1878 Virg.
295 1851 322 1871 2.
334 1842 432 1879 Georg.
448 1851 490 1879 13.

264 1895 301 1900 —
312 1881 338 1909 ἀ
348 1879 445 1917 glauca
454 1879 581 1910 canentia
589 1880 688 1909 fronde
701 1878 804 1910 salicta.
886 1879 993 1910 Locum
1007 1879 1121 1910 salicum
1139 1889 1190 1920 pro

91 1914 158 1954 Ipsis
167 1915 309 1946 arboribus
318 1918 418 1955 posuit.
440 1919 511 1947 bene
519 1924 611 1948 autem
620 1919 658 1948 ait
668 1917 773 1947 Glauca
783 1919 810 1948 δε
820 1919 963 1949 canentia:
986 1929 1053 1949 nam
1069 1919 1138 1949 salix
1156 1919 1190 1949 ab

93 1963 147 1983 una
160 1961 236 1990 parte
247 1954 308 1984 alba
316 1955 353 1984 est
365 1977 373 1991 ‚
393 1956 427 1985 ab
438 1956 523 1986 altera
535 1956 640 1986 viridis.
673 1956 792 1986 Servius.

72 1991 198 2021 Seneeia.
223 1992 296 2030 Virg.
312 2003 354 2022 10.
365 1993 426 2023 ffin.
443 2004 505 2030 191.

151 2029 305 2059 Canentem
315 2031 395 2060 molli
403 2030 499 2069 pluma
513 2030 618 2061 duxisse
634 2031 783 2061 senectam.

39 2065 61 2097 C
69 2076 101 2135 ,ὃ
99 2077 118 2096 Ν
126 2077 160 2097 ss
168 2077 186 2096 c
196 2078 241 2135 offi
250 2069 382 2104 [πολιόω]
403 2071 458 2099 ere.
491 2070 599 2100 Canum
613 2069 673 2099 fieri
681 2092 690 2106 ‚
712 2071 738 2100 &
752 2068 898 2101 Senescere
909 2091 918 2106 ‚
947 2079 980 2100 ac
995 2068 1191 2102 Deflorescere.

105 2105 158 2136 vid.
167 2115 192 2142 9.
243 2112 278 2135 et.
289 2116 354 2141 421.

263 2159 300 2163 —
309 2145 432 2181 queritur
444 2144 588 2175 canescere
597 2144 672 2174 mitis

61 2211 63 2213 ,
165 2181 272 2216 Jasiona
283 2181 374 2212 Ceres.

22 2230 23 2236 ¹
75 2217 147 2251 AEtas
158 2219 285 2249 canescit.
308 2220 405 2250 Claud.
415 2220 450 2249 de
458 2220 526 2250 Bell.
541 2220 602 2250 Get.
617 2229 660 2256 35.

151 2255 279 2294 Totaque
289 2257 337 2287 sub
348 2258 432 2296 galeis
444 2258 581 2289 Mavortia
594 2258 689 2287 canuit
699 2264 772 2288 aetas.

74 2293 197 2333 Capillus
207 2295 333 2325 canescit.
372 2296 447 2326 Suet.
458 2295 537 2327 Galb.
547 2302 574 2331 8.
597 2295 719 2334 Capillus
728 2301 843 2334 repente
851 2302 912 2327 toto
925 2296 1016 2335 capite
1024 2295 1189 2327 canesceret.

73 2332 143 2362 Flos.
166 2333 236 2362 Plin.
249 2333 297 2363 lib.
312 2344 358 2364 20.
376 2344 437 2372 cap.
451 2344 477 2364 2.

73 2370 179 2400 Herbae.
201 2371 284 2401 Ovid.
300 2381 323 2408 3.
339 2372 405 2402 Fast.
422 2378 486 2407 880.

22 2415 23 2418 ’
123 2425 124 2429 =
165 2409 319 2439 Canuerint
330 2409 421 2439 herbae
431 2420 491 2440 rore
505 2416 617 2440 recente
628 2416 731 2448 quater.
944 2447 951 2454 .
985 2447 991 2453 ¹

22 2448 25 2475 L
72 2445 178 2477 Oratio.
198 2447 307 2477 Transl.
329 2448 386 2477 Cic.
396 2448 431 2477 de
439 2448 511 2478 Clar.
520 2448 598 2478 Orat.
610 2454 635 2483 8.
658 2447 874 2485 Quumqueipsa
883 2453 970 2477 oratio
982 2457 1039 2490 iam
1049 2448 1191 2477 nostraca-

91 2485 227 2520 nesceret,
247 2485 414 2523 haberetque
423 2485 499 2516 suam
510 2487 650 2523 quandam
660 2486 849 2516 maturitatem
859 2508 867 2521 ,
888 2488 914 2516 &
923 2488 997 2523 quali
1009 2484 1188 2516 seneclutem.

22 2532 25 2552 i
73 2521 173 2553 Pabula
182 2523 339 2553 canescunt.
362 2523 446 2554 Ovid.
461 2533 488 2554 2.
500 2524 568 2554 Met.
581 2534 645 2554 212.

151 2561 252 2591 Pabula
263 2561 419 2597 canescunt,
439 2571 504 2592 cum
514 2562 658 2592 frondibus
673 2562 759 2591 uritur
770 2561 858 2591 arbor.
1088 2599 1094 2605 .

74 2598 199 2636 Quercus
208 2599 336 2629 canescit.
359 2599 416 2629 Cic.
432 2610 455 2629 1.
464 2600 499 2629 de
507 2599 600 2637 Legib.
613 2610 638 2629 2.
667 2600 793 2636 Quercus
803 2600 868 2629 huic
877 2599 942 2628 loco
953 2608 1011 2628 non
1019 2599 1117 2636 deerit,
1130 2610 1191 2638 quae

92 2638 214 2667 Mariana
223 2633 339 2667 dicitur¹:
361 2647 448 2675 eaque
457 2660 465 2673 ‚
487 2645 518 2667 ut
529 2639 566 2667 ait
573 2637 697 2667 Scaevola
707 2639 742 2667 de
751 2638 840 2668 fratris
848 2638 905 2667 mei
919 2637 1010 2667 Mario
1023 2659 1032 2674 ‚

151 2675 285 2705 Canescet
296 2675 381 2705 saeclis
393 2676 652 2705 innumerabilibus.

74 2712 160 2743 Tecta
173 2713 321 2743 canescunt
332 2713 389 2743 situ.
413 2713 497 2744 Ovid.
513 2724 535 2743 1.
549 2715 639 2743 Amor.
653 2719 679 2747 8.
692 2723 734 2749 52·
894 2751 899 2756 Π
925 2750 930 2756 .
1013 2750 1019 2756 .
1138 2750 1144 2756 .

41 2753 160 2786 ΟΑΝιτ
170 2762 179 2780 1
190 2761 204 2780 a
214 2761 226 2780 s
237 2772 246 2787 .,
271 2752 306 2781 ei.
327 2751 345 2781 f.
379 2753 511 2787 [mmm
520 2773 528 2788 ‚
544 2752 640 2786 πολιαὶ]
661 2751 746 2780 Color
755 2749 811 2788 ipse
823 2750 945 2780 hominis
957 2759 1019 2779 cani
1028 2772 1036 2786 ‚
1056 2750 1192 2794 veletiam

73 2789 129 2827 ipsa
140 2787 272 2819 senebtus.
294 2788 362 2819 Plin.
372 2789 420 2819 lib.
434 2799 476 2819 11.
489 2799 548 2828 cap.
567 2798 612 2826 37.
634 2790 756 2819 Canities
768 2789 876 2832 homini
887 2796 994 2832 tantum
1006 2790 1031 2817 ἃ
1043 2798 1130 2832 equis.

73 2826 195 2863 Inguinis
205 2828 268 2864 aegri
279 2828 403 2857 canities.
423 2827 523 2863 Juven.
537 2837 579 2858 10.
593 2827 648 2858 Sat.
661 2833 725 2862 ²08-
765 2837 784 2856 i.
796 2836 820 2856 e.
843 2827 960 2857 Senium
974 2826 1165 2856 libidinoium.

74 2864 149 2895 Alba.
170 2865 253 2895 Ovid.
269 2875 309 2894 10.
323 2866 466 2901 Met.419.

73 2902 161 2934 Arida.
184 2903 251 2933 Hor.
263 2912 290 2933 2.
301 2903 391 2970 Gargi.
405 2912 446 2932 11.
458 2908 486 2937 8.

264 2951 346 2970 ——ari
369 2951 384 2970 a

151 2977 280 3009 Pellente
290 2979 406 3009 lascivos
414 2987 521 3008 amores
1104 3015 1110 3021 ι
1134 3016 1140 3022 ·
1163 3016 1169 3022 .

189 3018 317 3053 Canstie,
337 3017 504 3054 facilemque
513 3016 651 3046 somnum.
710 3016 728 3045 i.
746 3025 769 3045 e.
793 3015 890 3045 Sicca:
913 3015 967 3045 hoc
977 3016 1016 3045 est
1026 3015 1192 3059 autmhilin

92 3052 118 3084 se
129 3054 311 3093 impendente
323 3064 373 3093 per
388 3055 503 3084 nimiam
514 3055 725 3092 parsimoniam,
747 3060 778 3084 ut
789 3053 851 3083 sunt
860 3054 947 3083 senes.
969 3062 1015 3098 aut
1027 3054 1117 3089 Arida,
1137 3053 1192 3083 Mi.

91 3091 144 3122 niis
153 3093 254 3129 juvene
262 3093 362 3123 calens.
396 3094 495 3122 Acron.
517 3095 571 3122 Aut
584 3094 648 3130 qula
656 3102 688 3122 ea
699 3099 779 3122 aetate
790 3091 887 3122 succus
898 3092 1075 3129 exhauritur,
1098 3093 1125 3122 &
1133 3091 1192 3130 pel-

92 3129 126 3161 lis
133 3130 227 3161 arescit
238 3153 246 3165 ‚
268 3132 294 3160 &
305 3130 518 3160 contrahiturin
529 3141 618 3169 rugas.
640 3130 750 3160 Badius.

74 3166 187 3198 Festina.
210 3168 308 3198 Claud.
320 3170 355 3197 de
364 3169 451 3207 Nupt.
467 3168 575 3199 Honor.
587 3179 650 3206 325.

54 3240 56 3242 .
74 3204 159 3236 Hirta.
179 3206 262 3236 Ovid.
279 3216 321 3236 10.
337 3207 406 3236 Met.
418 3215 482 3242 425.

71 3238 192 3282 Impexa.
214 3245 280 3274 Stat.
292 3253 315 3281 3.
325 3244 416 3274 Theb.
433 3250 493 3281 138.

162 3282 300 3312 Canitiem
313 3283 456 3319 impexam
473 3282 531 3312 dira
543 3281 642 3312 tellure
652 3281 790 3312 volutans.

25 3324 27 3327 ’
73 3318 190 3350 Inculta.
213 3320 285 3357 Virg.
300 3324 325 3350 6.
338 3321 400 3350 AEn.
416 3331 478 3357 300.

264 3372 302 3379 *-
313 3359 359 3389 ciii
374 3358 495 3396 plurima
509 3362 605 3389 mento

164 3396 286 3426 Canities
300 3396 405 3426 inculta
419 3398 500 3431 jacet.

26 3446 27 3449 ¹
75 3431 191 3464 Morosa.
212 3434 278 3463 Hor.
292 3434 422 3464 1..Carni.
433 3445 459 3470 9.
474 3443 515 3471 17.

152 3472 250 3501 Donec
260 3473 361 3502 virenti
376 3473 491 3502 canities
502 3471 577 3502 abest

657 3469 778 3501 Morosa.

75 3508 203 3548 Propexa.
224 3510 291 3539 Stat.
305 3520 331 3540 2.
351 3510 441 3540 Theb.
453 3520 497 3546 97.
857 3544 862 3550 ,
1015 3545 1020 3550 ,
1035 3545 1042 3551 ‚

75 3545 168 3577 Pulcra
178 3549 300 3577 canities.
341 3549 416 3578 Suet.
429 3548 508 3578 Galb.
524 3557 587 3585 cap.
600 3555 644 3584 30.
664 3546 738 3576 Nam
754 3547 781 3576 ἅτ
792 3544 903 3590 prolixo
914 3553 968 3574 nec
977 3544 1053 3581 exili,
1074 3554 1192 3584 corpore

95 3594 166 3616 erat:
189 3585 482 3624 &speclecanitieque
495 3585 609 3623 pulcra,
631 3585 732 3622 opimis
741 3583 905 3615 cervicibus,

74 3620 247 3658 Reverenda.
267 3623 364 3654 Claud.
379 3634 403 3661 3.
420 3626 455 3653 de
465 3624 544 3661 Rapt.
554 3622 673 3660 Proserp.
683 3632 730 3659 24.
883 3634 892 3641 ³

26 3661 33 3691 ’ἱ
75 3660 181 3691 Severa.
200 3661 298 3691 Claud.
313 3671 337 3692 1.
349 3663 385 3692 de
399 3662 479 3700 Rapt.
498 3661 617 3698 Proserp.
633 3670 677 3696 50.

0 3701 5 3709 ⁴
31 3694 33 3705 '
76 3697 234 3728 Deformare
244 3700 385 3729 canitiem.
410 3700 480 3737 Virg.
492 3710 534 3729 10.
552 3699 614 3729 AEn.
626 3705 690 3734 844.

156 3737 294 3767 Canitiem
305 3738 452 3767 immundo
461 3737 599 3767 deformat
608 3737 732 3774 pulvere.

77 3773 199 3804 Inficere.
221 3775 304 3804 Ovid.
315 3785 339 3811 3.
353 3776 388 3804 de
398 3777 461 3805 Arte
477 3777 534 3805 Am.
550 3779 611 3810 1⁶3·
766 3809 772 3816 ι

166 3812 281 3842 Femina
293 3814 425 3843 canitiem
434 3813 579 3843 Germanis
590 3812 680 3842 inficit
695 3810 796 3842 herbis.

32 3862 33 3877 i
93 3849 135 3879 tin
156 3851 185 3880 it.

32 3905 34 3916 .
77 3860 189 3918 Ροηὲῐε.
211 3887 295 3917 Ovid.
306 3897 333 3924 7.
347 3888 416 3918 Met.
429 3894 492 3924 289.

156 3925 263 3956 Canitie
275 3926 362 3964 posita
370 3927 480 3965 nigrum
489 3935 605 3965 rapuere
616 3925 750 3955 colorem.

874 3469 894 3499 i.
908 3467 933 3499 e.
955 3468 1099 3500 Senec‘tus.

879 3807 899 3838 i.
916 3817 941 3838 e.
964 3806 1086 3847 Capillos
1108 3818 1193 3840 canos

819 3947 824 3951 .
846 3922 865 3952 i.
877 3931 902 3951 e.
924 3920 1063 3959 Deposita.

1623 117 1650 149 C
1750 118 1776 151 A
1876 118 1897 151 P
2327 137 2394 171 421

1251 192 1271 222 C
1282 203 1299 221 A
1310 202 1329 221 Ν
1342 197 1405 221 iri}
1417 204 1434 222 n
1446 204 1480 229 o,
1501 196 1564 224 inis.
1587 196 1603 224 s.
1628 198 1783 231 Γπυλιέτης]
1805 195 2062 233 ldenrl'lziiit.Fra51.
2077 208 2102 228 2.
2116 209 2140 235 7.
2172 202 2276 232 Stultus
2296 205 2333 233 est
2354 206 2401 234 ad-

1287 230 1495 260 versufaetzrtein
1517 235 1541 262 ok
1560 235 1657 271 capitis
1676 235 1874 264 canitudinem.
1919 236 1999 265 vnn,
2015 238 2195 274 Aboriginum
2210 260 2217 272 ‚
2238 243 2290 269 Sed
2311 253 2400 278 neque

1288 268 1397 296 verr-iio<
1414 270 1571 299 ciiiithciius
1583 293 1590 305 ‚
1612 282 1693 308 quam
1705 272 1833 302 novellus
1845 272 1951 309 melior,
1973 283 2026 303 nec
2036 275 2188 304 canitudini
2199 284 2292 307 comes
2303 281 2398 310 virtus.

1288 304 1327 333 Ex
1341 305 1415 334 fello
1433 308 1458 336 S<
1472 307 1572 336 Nonio.

1252 343 1273 371 C
1284 352 1299 370 A
1313 352 1357 383 Ny
1369 353 1380 370 s
1390 354 1397 370 i
1409 354 1426 371 u
1436 355 1454 371 Μ
1467 366 1474 376 .
1497 345 1513 373 i.
1527 355 1553 373 n.
1577 347 1591 379 [J
1601 346 1732 381 κοινῦπον]
1754 346 1824 376 Urbs
1834 348 1871 377 est
1883 348 1985 385 Apuliae
1996 349 2124 382 maxima.
2146 360 2227 386 quam
2242 353 2401 388 praeterfluit

1288 378 1504 410 Aiihdusaninis.
1548 381 1614 411 l'liii.
1631 383 1677 412 lib.
1694 393 1718 418 3.
1733 394 1793 421 cap.
1810 395 1850 414 ir.
1882 386 2023 422 quondam
2037 397 2051 415 a
2066 387 2201 416 Diomede
2218 390 2347 425 condita,
2370 398 2401 420 ut

1289 416 1370 457 habet
1383 417 1479 446 Strabo
1494 418 1540 448 lib.
1553 424 1578 449 6.
1602 421 1652 449 Cui
1666 423 1799 451 convenit
1812 423 1877 452 Hor.
1892 434 1915 452 i.
1928 424 2013 453 Serni.
2024 435 2048 459 5.
2060 433 2104 459 92.
2126 425 2172 454 ubi
2184 425 2218 454 de
2228 435 2300 463 pane
2312 429 2401 458 Canu-

1288 454 1345 481 lino
1356 454 1486 490 loquitur.

1368 492 1438 520 Nam
1448 493 1544 522 Canusi
1560 493 1699 531 lapidosus
1708 518 1715 530 ,
1736 506 1811 533 aqure
1821 507 1877 526 non
1889 497 1973 527 ditior
1988 508 2056 527 urna
2067 519 2075 534 ,

1367 528 1423 564 Qui
1435 529 1512 559 locus
1525 531 1611 560 asorti
1624 533 1759 562 Diomede
1777 535 1813 563 cst
1831 536 1962 564 conditus
1978 537 2056 565 olim.
2141 537 2238 566 Canusi
2250 560 2258 572 ,
2280 548 2331 576 pro
2352 540 2401 570 Ca⁸²

1286 564 1365 607 nusiI.
1406 566 1436 595 In
1457 567 1510 597 hoc
1528 570 1634 605 oppido
1648 571 1709 600 lana
1723 572 1905 602 laudatillima
1923 573 2023 609 fiebat,
2045 584 2105 611 quae
2120 574 2256 605 Canulina
2280 577 2400 613 dicitur,

1288 612 1368 637 cujus
1382 603 1459 632 color
1469 606 1505 633 cst
1516 606 1620 636 rutilus.

1288 639 1429 669 Canusinae
1441 642 1520 672 fusca:
1529 646 1657 673 meminit
1666 645 1784 675 Martini.
1797 647 1844 676 lib.
1860 657 1901 682 14·
1919 657 1979 684 127.

1366 678 1434 707 Haec
1445 679 1493 707 tibi
1507 701 1514 713 ,
1537 682 1645 710 turbato
1659 684 1794 712 Canusina
1809 685 1944 714 {imiliima
1957 686 2045 715 inusto
2055 707 2064 722 ,

1423 716 1526 746 Munus
1541 720 1608 748 erit:
1631 720 1719 756 gaude
1732 743 1739 752 .
1762 731 1826 750 nam
1838 724 1893 751 cito
1905 724 1951 751 liet
1961 733 2038 752 anus.
2134 723 2204 761 [ubi
2217 723 2321 761 Vestis,
2343 737 2401 758 non

1306 751 1375 781 lanae
1389 762 1493 783 nomen
1503 755 1541 784 est
1551 777 1559 790 ‚
1581 766 1674 785 verum
1686 767 1719 786 ex
1731 758 1792 788 lana
1805 760 1948 793 Camrlina,
1970 761 2044 790 unde
2053 764 2078 791 Sc
2089 761 2245 792 Cantilinati
2259 765 2399 795 dicuntur.

1252 788 1274 820 C
1284 799 1301 818 A
1312 800 1332 818 N
1342 800 1359 818 u
1370 793 1430 819 siN
1440 801 1457 819 υ
1468 800 1479 820 s
1491 813 1499 826 ‚
1521 802 1535 821 a
1544 814 1552 826 .
1575 803 1631 822 uin.
1654 796 1798 829 [κανύπῶ
1807 817 1815 830 ,
1844 796 1989 833 Κανυσίης]
2012 800 2072 835 Adj.
2095 800 2188 829 Incola
2203 802 2320 832 Canusii.

1288 827 1430 864 Bilingues
1442 836 1523 858 vocat
1534 830 1664 860 Canusios
1677 832 1804 862 Horatius
1816 855 1823 867 ‚
1846 836 1921 871 quod
1943 844 2085 874 utramque
2094 838 2202 867 noii'enc
2213 838 2333 875 linguam
2346 863 2354 875 ,
2375 843 2403 871 &

1306 864 1430 908 Latinam
1443 867 1468 896 Sc
1483 867 1614 897 Graecam.
1655 869 1717 898 Fuit
1729 871 1804 899 enim
1815 871 1892 901 situm
1904 874 2051 903 Caninium
2064 884 2095 904 ea
2112 884 2189 912 parte
2204 877 2288 907 ltalia:
2297 888 2356 915 quae
2367 879 2400 909 ab

1306 904 1426 940 antiquis
1439 913 1536 942 magna
1547 906 1650 935 Graecia
1660 907 1732 936 dicta
1745 907 1805 937 suit.
1830 908 1894 938 lior.
1909 920 1931 938 1.
1951 911 2038 941 Serm.
2053 922 2095 941 10.
2111 922 2153 949 30.

1443 957 1481 963 —-
1490 944 1583 979 patriis
1596 943 1782 974 intermiscere
1795 947 1881 982 petita

1361 977 1449 1008 Verba
1459 980 1524 1009 foris
1536 981 1614 1010 malis
1626 1003 1633 1016 7
1655 982 1782 1011 Canusini
1795 992 1870 1013 inore
1885 983 2026 1021 bilinguis.
2110 987 2226 1017 Videtur
2240 996 2334 1019 autem
2344 1000 2401 1021 non

1286 1022 1343 1045 tam
1356 1015 1504 1052 significare
1513 1018 1627 1048 voluisse
1638 1019 1753 1049 duarum
1765 1020 1921 1057 linguarum
1932 1021 2029 1052 doctos
2041 1023 2117 1053 fuisse
2132 1025 2204 1060 illos,
2216 1037 2297 1061 quam
2309 1030 2400 1063 unius,

1287 1053 1333 1082 sed
1345 1054 1427 1083 mistae
1439 1064 1472 1083 ex
1484 1055 1590 1086 duabus
1600 1079 1608 1092 ⁷
1628 1056 1665 1086 sic
1677 1066 1707 1086 ut
1717 1067 1769 1086 nec
1780 1057 1904 1088 Latinam
1915 1069 1967 1089 nec
1977 1061 2099 1090 Graecam
2112 1063 2201 1099 polles
2215 1066 2316 1101 dicere,
2326 1068 2402 1104 quod

1287 1092 1356 1121 vitio
1366 1092 1454 1129 magis
1466 1114 1473 1128 ,
1495 1103 1580 1130 quam
1589 1094 1663 1124 laudi
1674 1095 1835 1125 ducendum
1851 1097 1896 1125 est.

1250 1129 1272 1158 C
1283 1139 1302 1158 A
1311 1139 1330 1158 Ν
1340 1138 1376 1158 us
1386 1140 1395 1157 1
1404 1139 1422 1158 Ν
1432 1134 1448 1158 A
1458 1139 1478 1158 T
1488 1141 1505 1159 u
1515 1141 1536 1166 s,
1549 1132 1566 1160 i.
1582 1142 1617 1161 m.
1632 1132 1830 1168 [xxiva-icha]
1841 1134 1976 1163 Canusina
1989 1136 2060 1165 veste
2070 1137 2191 1167 indutus.
2205 1138 2402 1179 Martial.9.23.

1366 1166 1403 1195 Ut
1412 1167 1591 1199 Canusinatus
1605 1170 1696 1199 nostro
1707 1170 1789 1208 Syrus
1799 1171 1882 1200 affere
1892 1172 1976 1201 sudet.
2106 1174 2139 1203 Et
2150 1176 2223 1205 Suet.
2237 1178 2340 1208 Neron.
2356 1189 2399 1217 30.

1286 1203 1462 1235 Mulionibus
1475 1206 1647 1237 Canusinatis
1658 1228 1666 1243 ,
1686 1208 1821 1238 armillata
1833 1211 1858 1238 62
1869 1209 2009 1247 phalerata
2019 1219 2083 1241 eum
2092 1212 2241 1244 Mazacum
2253 1216 2342 1252 turba,
2363 1225 2402 1248 at.

1290 1252 1344 1280 que
1359 1242 1508 1274 cursorum.
1550 1245 1581 1275 V.
1605 1255 1622 1274 c
1630 1255 1650 1274 A
1660 1255 1679 1274 Ν
1689 1256 1706 1275 υ
1715 1255 1726 1275 s
1736 1256 1745 1274 i
1754 1256 1772 1275 u
1782 1257 1813 1276 M.

1682 1308 1710 1342 C
1814 1310 1841 1344 A
1931 1311 1955 1345 P

1249 1352 1297 1382 CA
1306 1361 1375 1381 PAN
1386 1363 1400 1382 ii
1410 1374 1418 1389 ,
1440 1363 1477 1384 es.
1500 1352 1647 1391 [iamim]
1668 1356 1769 1386 Currus
1779 1357 1818 1386 est
1827 1357 1862 1387 fic
1875 1356 2009 1388 Thessalis
2018 1359 2107 1390 dictus
2118 1382 2126 1395 ,
2148 1362 2174 1391 &
2189 1361 2265 1399 virga
2284 1363 2350 1393 item
2370 1365 2400 1394 in

1286 1400 1366 1420 curru
1381 1392 1481 1421 eodem
1491 1393 1615 1423 nomine.
1655 1393 1730 1423 Hinc
1741 1395 1864 1432 Capania
1878 1396 2005 1426 Minerva
2016 1419 2023 1432 ‚
2045 1399 2124 1432 cuius
2142 1398 2316 1430 limulacrum
2336 1403 2405 1432 vise-

1287 1430 1368 1457 batur
1379 1430 1407 1458 in
1416 1430 1556 1467 gymnasio
1569 1431 1702 1468 Cylabare
1712 1434 1787 1470 apud
1800 1434 1884 1470 Argos
1895 1456 1903 1469 ‚
1924 1434 1960 1463 de
1972 1435 2097 1464 Stheneli
2111 1435 2167 1464 filio
2181 1437 2215 1465 sic
2229 1447 2401 1477 nuncupato,

1286 1472 1318 1494 ut
1326 1468 1421 1496 auftor
1431 1468 1469 1496 est
1476 1468 1626 1499 Pausanias.
1658 1469 1789 1499 Meminit
1800 1470 1899 1501 Caelius
1913 1472 2003 1510 Antiq.
2016 1472 2089 1503 Lect.
2102 1473 2150 1503 lib.
2165 1484 2190 1509 9.
2201 1484 2261 1512 cap.
2275 1485 2321 1505 22.

1250 1502 1272 1533 C
1281 1513 1299 1532 A
1310 1514 1324 1532 P
1332 1506 1350 1533 A
1360 1514 1379 1533 N
1390 1515 1404 1533 Ε
1414 1515 1431 1534 υ
1442 1515 1453 1534 s
1465 1527 1473 1541 ‚
1493 1506 1510 1536 i.
1531 1515 1567 1536 m.
1590 1508 1673 1536 trium
1697 1507 1861 1544 syllabarum
1872 1531 1879 1543 ,
1912 1507 2089 1546 [xxm-ade]
2122 1511 2238 1541 Mai-itus
2260 1513 2384 1544 Evadnes
2392 1537 2401 1551 ‚

1286 1551 1358 1571 unus
1369 1552 1385 1571 e
1396 1542 1501 1580 septem
1513 1544 1630 1574 ducibus
1642 1546 1688 1582 qui
1697 1545 1810 1576 Thebas
1821 1546 2008 1583 obsederunt,
2029 1554 2060 1577 ut
2074 1550 2169 1578 auctor
2180 1550 2218 1578 est
2228 1550 2294 1580 Stat.
2307 1551 2356 1581 lib.
2375 1562 2399 1588 3.

1286 1579 1377 1611 Theb.
1394 1580 1527 1617 superbus
1541 1589 1622 1619 utque
1633 1583 1749 1613 deorum
1760 1590 1945 1622 contemptor.
1987 1586 2012 1615 Is
2024 1596 2039 1615 a
2049 1586 2119 1621 jove
2130 1609 2139 1622 ‚
2159 1585 2278 1618 fulmine
2296 1590 2405 1626 percus-

1287 1617 1330 1646 sus
1339 1618 1367 1646 in
1380 1618 1455 1648 bello
1466 1619 1603 1650 Thebano
1615 1620 1714 1650 fabulis
1725 1622 1826 1651 dicitur
1835 1644 1843 1658 ,
1865 1623 1997 1659 quoniam
2010 1633 2096 1661 quum
2106 1624 2184 1654 scalis
2198 1626 2316 1656 admotis
2330 1628 2405 1658 The-

1287 1654 1375 1684 banos
1386 1666 1479 1686 muros
1500 1657 1585 1688 vellet
1608 1658 1794 1689 conscendere
1809 1681 1817 1695 ‚
1839 1661 1911 1694 iactu
1930 1661 2055 1699 lapidum
2077 1659 2218 1700 oppressus
2236 1664 2282 1693 est.
2308 1665 2401 1703 Veget.

1287 1691 1337 1722 lib.
1349 1704 1376 1728 4.
1399 1694 1434 1724 de
1444 1695 1484 1724 Re
1496 1695 1580 1726 Milit.
1601 1705 1661 1734 cap.
1673 1706 1718 1726 21.
1751 1697 1809 1737 Qui
1827 1697 1904 1728 scalis
1925 1699 2058 1736 (inquit)
2077 1702 2224 1734 nituntur,
2246 1701 2404 1740 frequenter

1287 1731 1442 1769 periculum
1452 1732 1583 1763 sustinent
1595 1756 1603 1769 ‚
1624 1734 1755 1772 exemplo
1763 1736 1886 1773 Capanei
1899 1757 1907 1771 ,
1928 1746 1943 1765 a
1962 1746 2016 1773 quo
2033 1737 2153 1774 primum
2173 1738 2305 1769 scalarum
2315 1750 2405 1778 oppii.

1286 1770 1382 1805 gnatio
1395 1770 1554 1807 perhibetur
1564 1772 1694 1801 inventa:
1717 1774 1764 1809 qui
1777 1780 1852 1803 tanta
1863 1773 1888 1802 vi
1900 1774 2006 1804 occisus
2016 1776 2078 1804 esta
2088 1774 2232 1806 Thebanis
2240 1799 2248 1812 ‚
2270 1784 2300 1807 ut
2312 1780 2404 1808 extin-

1287 1808 1348 1836 ecus
1356 1807 1474 1837 fulmine
1486 1809 1630 1839 diceretur.
1671 1808 1703 1840 V.
1724 1810 1808 1840 Ovid.
1818 1822 1844 1847 4.
1857 1811 1937 1841 Trist.
1952 1821 1976 1847 3.
1988 1816 2032 1849 ⁶3-
2055 1814 2081 1842 &
2094 1813 2161 1842 Plin.
2177 1823 2219 1850 35.
2237 1825 2279 1844 11.

1251 1843 1274 1873 C
1284 1854 1303 1872 A
1314 1854 1357 1873 ΡΑ
1368 1854 1387 1873 Ν
1397 1849 1412 1874 ἓ
1423 1856 1440 1874 υ
1451 1855 1462 1875 s
1474 1868 1482 1882 ,
1504 1857 1519 1876 a
1531 1869 1539 1883 ‚
1560 1857 1616 1877 um.
1638 1848 1699 1884 Adj.
1720 1849 1913 1885 [κωπανεῖῶυ]
1934 1856 1964 1878 ut
1973 1849 2104 1888 Capanea
2115 1852 2208 1890 pinus,
2221 1853 2297 1891 apud
2306 1853 2404 1889 Stat.8.

1289 1882 1379 1912 Theb.
1394 1886 1457 1913 661.
1657 1901 1694 1907 »-
1704 1885 1887 1924 Capaneaque
1896 1887 1980 1924 pinus

1289 1956 1308 1987 P
1326 1959 1353 1987 st
1367 1920 1434 1988 Jang³
1439 1921 1537 1959 procul
1549 1922 1644 1990 Agpiis
1661 1924 1918 1992 voleltssiggosgenda
1932 1925 2057 1956 catervis.

1309 1967 1324 1987 e
1356 1968 1400 1988 ora
1437 1969 1450 1988 a
1473 1969 1549 1989 anea.
1604 1969 1639 1991 at.
1656 1971 1698 1991 12.
1758 1972 1773 1991 e
1794 1985 1799 1991 .
1870 1985 1875 1992 .

1252 1994 1275 2025 C
1286 2005 1328 2063 .ὲῖ
1336 2006 1355 2025 A
1367 2006 1387 2025 Ν
1396 2000 1412 2026 Ξ
1422 1969 1482 2064 if}
1489 2008 1527 2064 ‚ba
1539 2019 1547 2033 ,
1569 2008 1626 2029 um.
1649 1971 1844 2035 [Καπανήεῶῖ]
1850 1974 1942 2030 4aliud
1957 2000 2018 2037 Adj.
2031 2008 2063 2032 ut
2071 2001 2213 2040 Capaneia
2221 2004 2324 2040 conjux
2333 2005 2408 2043 apud

1310 2039 1358 2063 tat.
1373 2044 1414 2064 12.
1479 2045 1493 2064 e
1514 2059 1520 2065 .
1537 2047 1599 2072 545.

1443 2088 1480 2093 -—
1490 2072 1551 2102 ausa
1562 2080 1626 2103 ante
1636 2074 1702 2104 alias
1717 2074 1856 2112 Capaneia
1868 2078 1973 2112 conjux
1982 2098 1990 2112 ‚
2013 2078 2064 2107 &c
2146 2077 2270 2108 Euadne.

1251 2107 1274 2137 C
1284 2117 1303 2136 A
1312 2117 1326 2136 P
1336 2118 1355 2137 A
1365 2119 1382 2138 r.
1392 2119 1411 2138 A
1422 2130 1430 2145 ‚
1452 2111 1590 2147 [Κάπαρφ
1604 2111 1774 2149 Ptolemaeo]
1796 2113 1851 2143 alio
1866 2115 1982 2144 nomine
2004 2114 2026 2145 C
2036 2124 2057 2143 A
2066 2124 2081 2143 P
2090 2124 2106 2143 ir
2116 2124 2133 2143 R
2142 2125 2162 2144 A
2172 2137 2180 2152 ,
2204 2115 2342 2154 Hispaniae
2356 2115 2409 2147 Lu-

1289 2145 1390 2176 sitaniae
1400 2148 1472 2177 urbs.
1507 2149 1595 2186 Vulgo
1617 2154 1736 2185 caparra.
2336 2157 2338 2160 '

1251 2182 1274 2212 C
1284 2193 1303 2212 A
1313 2194 1327 2212 p
1338 2192 1356 2211 A
1365 2195 1381 2212 R
1392 2195 1410 2214 A
1422 2195 1442 2214 Ν
1453 2197 1462 2214 ι
1473 2196 1493 2216 A
1504 2208 1512 2221 ‚
1534 2196 1564 2216 ae.
1584 2187 1603 2216 f.
1625 2187 1707 2225 Virgo
1718 2186 1771 2217 fuit
1791 2189 1918 2226 quaedam
1928 2188 2041 2219 Vestalis
2049 2211 2057 2225 ‚
2079 2200 2139 2226 quae
2152 2190 2247 2219 incesti
2259 2191 2387 2222 damnata
2396 2214 2406 2228 ‚

1288 2231 1410 2289 ηὲοξῗυε
1421 2224 1484 2290 iliiga
1497 2224 1666 2255 defodienda
1676 2247 1683 2260 ‚
1702 2225 1852 2299 {iffspendg
1873 2226 2207 2295 suppliciumvprgzvenit.
2238 2230 2314 2296 [ἐωξὶ.
2328 2230 2407 2260 Alex.

1288 2269 1304 2288 a
1335 2280 1342 2289 i
1369 2270 1412 2290 ex.
1436 2273 1443 2290 i
1467 2284 1473 2291 .
1505 2285 1510 2291 .
1526 2272 1557 2292 ca
1581 2286 1587 2292 .
1604 2273 1645 2293 12.
1736 2273 1812 2293 mmo
1850 2274 1864 2293 a
1907 2275 2010 2294 aroma.
2062 2288 2068 2295 .
2116 2274 2241 2296 omment
2256 2289 2262 2296 .

1254 2296 1277 2325 C
1287 2307 1306 2325 A
1316 2306 1330 2325 P
1339 2307 1355 2326 A
1365 2308 1376 2327 s
1386 2308 1406 2326 ‘r
1416 2310 1424 2327 1
1435 2309 1455 2328 T
1464 2273 1499 2335 Εξ
1519 2273 1590 2329 ingr
1601 2301 1711 2339 AEgypti
1724 2275 1918 2338 praefeeturiig,
1941 2313 2007 2340 quas
2020 2303 2128 2333 Nomos
2144 2312 2246 2334 vocant
2256 2327 2266 2342 ,
2285 2314 2412 2335 numera-

1288 2341 1333 2363 tur
1344 2345 1359 2364 a
1371 2335 1439 2366 Plin.
1452 2337 1499 2367 lib.
1513 2348 1536 2374 5.
1552 2348 1613 2376 cap.
1625 2349 1651 2375 9.
1693 2338 1831 2369 Cabasites
1841 2349 1875 2369 ex
1888 2340 1950 2370 Mis.
1965 2341 2050 2371 Hard.
2072 2351 2098 2378 q.
2121 2341 2151 2372 V.

1251 2372 1401 2409 Cmmx,
1429 2374 1460 2404 V.
1487 2385 1608 2406 CAPIO.

1251 2410 1323 2440 CAP
1334 2414 1376 2440 {n
1388 2422 1420 2445 o,
1442 2413 1506 2443 inis.
1529 2413 1547 2443 f.
1570 2414 1621 2443 Vas
1632 2420 1691 2444 erat
1699 2413 1837 2445 sacrificiis
1855 2422 1960 2453 aptum.
2002 2416 2060 2446 Cic.
2073 2416 2102 2445 in
2114 2416 2206 2447 Parad.
2219 2426 2243 2446 1.
2261 2425 2286 2452 3.
2307 2417 2413 2448 Minuss

1287 2458 1324 2477 ne
1335 2456 1421 2486 gratas
1437 2451 1490 2480 diis
1509 2452 1711 2482 immortalibus
1726 2453 1876 2490 capedines
1886 2476 1893 2487 ‚
1914 2463 1946 2483 ac
1961 2453 2061 2483 fictiles
2084 2455 2198 2484 urnulas
2213 2454 2290 2484 fuisse
2300 2477 2307 2489 ,
2329 2466 2411 2493 quam

1286 2486 1402 2518 filicatas
1412 2488 1529 2518 aliorum
1539 2497 1647 2527 pateras
1657 2490 1820 2520 arbitramur
1830 2492 1844 2520 ἰ)
1865 2491 2022 2529 Capedines
2032 2491 2184 2522 Turnebus
2195 2492 2303 2523 Advers.
2315 2503 2410 2523 20.20.

1287 2524 1485 2564 interpretatur
1520 2528 1615 2563 ocula,
1637 2528 1798 2567 Dionysium
1808 2528 1937 2566 sequutus
1946 2529 1994 2567 qui
2010 2529 2058 2560 lib.
2070 2539 2097 2560 2.
2117 2531 2230 2561 urnulas
2247 2527 2346 2567 πτύχες
2365 2541 2414 2570 ap-

1287 2563 1374 2600 pellat
1383 2586 1390 2599 ,
1413 2574 1483 2602 cape
1506 2566 1565 2594 ines
1578 2564 1704 2595 κυλίσ-κας.
1745 2568 1803 2603 [an
1815 2568 1934 2601 uvalgras
1946 2576 1954 2602 ;

1288 2601 1331 2629 Est
1343 2603 1369 2631 δε
1387 2601 1514 2640 Spatium
1527 2625 1535 2638 ,
1555 2613 1571 2632 a
1581 2603 1744 2641 Capiend03
1768 2605 1845 2634 unde
1856 2605 2050 2643 Intercapedo.

1250 2638 1272 2667 C
1284 2648 1302 2667 A
1311 2648 1326 2667 i>
1336 2649 1375 2668 an
1387 2650 1403 2669 u
1413 2649 1433 2669 Ν
1444 2649 1461 2669 c
1470 2642 1487 2669 ῡ
1498 2651 1514 2669 L
1523 2651 1542 2670 A
1555 2663 1563 2676 ,
1579 2651 1608 2671 ae.
1626 2642 1644 2670 f.
1666 2642 1764 2671 dimin.
1787 2642 1845 2672 Cic.
1859 2652 1884 2680 3.
1895 2643 1931 2671 de
1943 2643 2007 2673 Nat.
2020 2643 2104 2673 Deor.
2115 2652 2160 2679 43.
2184 2643 2300 2674 Docebo
2313 2645 2409 2674 melio-

1287 2686 1316 2705 ra
1326 2686 1370 2706 me
1378 2678 1502 2708 didicisse
1520 2678 1555 2708 de
1566 2679 1692 2708 colendis
1703 2680 1756 2709 diis
1771 2680 1976 2710 immortalibus
1986 2681 2048 2717 jure
2062 2681 2209 2711 Pontificio
2226 2684 2254 2712 Sc
2269 2692 2345 2712 more
2354 2692 2410 2712 ma-

1286 2714 1378 2750 jorum
1391 2737 1399 2751 ‚
1421 2716 1622 2754 capedunculis
1632 2727 1697 2754 quas
1710 2717 1801 2747 Numa
1813 2718 1895 2748 nobis
1910 2718 2030 2756 reliquit.

1250 2751 1398 2782 CAPsm.
1410 2764 1450 2790 A,
1471 2754 1569 2784 dimin.
1600 2754 1631 2784 V.
1651 2764 1780 2785 CAPER.

1249 2789 1301 2819 CA
1310 2800 1324 2818 Ρ
1335 2800 1348 2819 a
1357 2801 1397 2820 ω.
1406 2802 1426 2820 A
1436 2814 1445 2827 ‚
1466 2802 1496 2822 ae.
1519 2792 1538 2822 f.
1582 2793 1657 2830 apud
1683 2793 1839 2831 Scriptores
1866 2793 2022 2832 sequiorum
2043 2794 2202 2825 seculorum
2227 2800 2341 2824 vocatur
2360 2795 2409 2824 Fa-

1287 2838 1356 2857 num
1376 2830 1470 2860 minus
1480 2852 1488 2866 ‚
1509 2830 1555 2860 seu
1577 2830 1739 2860 Oratorium
1757 2831 1865 2870 templo
1882 2833 1981 2869 majori
2001 2833 2174 2869 adjunCtum.
2214 2832 2245 2862 V.
2265 2832 2355 2862 Barth.
2371 2833 2407 2862 ad

1288 2866 1393 2896 Briton.
1410 2869 1532 2898 Aremor.
1545 2878 1572 2906 p.
1591 2877 1652 2904 522.
1690 2869 1764 2899 Hinc

1251 2903 1274 2934 C
1284 2915 1303 2933 A
1313 2914 1327 2932 i>
1336 2915 1350 2933 a
1360 2916 1377 2933 i.
1386 2916 1402 2934 L
1410 2915 1429 2934 A
1440 2916 1460 2935 N
1473 2916 1490 2934 u
1499 2916 1511 2935 s
1519 2928 1527 2942 ‚
1548 2908 1566 2935 i.
1582 2916 1619 2935 m.
1641 2907 1732 2936 dictus
1747 2907 1805 2944 Qui
1813 2907 1950 2946 capellam
1965 2908 2080 2938 curabat
2092 2930 2101 2944 ,
2122 2910 2148 2938 62
2160 2918 2175 2938 a
2185 2908 2264 2938 sacris
2274 2909 2408 2938 ministra-

1289 2942 1344 2971 bat.
1378 2943 1409 2973 V.
1432 2944 1574 2982 Spelman.
1589 2943 1672 2974 Gloss'.
1686 2944 1819 2974 Archaeol.

1250 2978 1426 3016 ΟΛΡΞΝΑ,
1448 2991 1479 3011 ae.
1500 2981 1518 3010 f.
1541 2981 1678 3018 [Κανόνα
1693 3003 1701 3017 ,
1727 2982 1849 3019 Τυῤῥηνικῠ
1866 2981 1937 3011 πόλις
1955 2984 2051 3021 Steph.
2067 2984 2102 3013 H.
2118 2984 2181 3019 St]
2203 2983 2348 3021 Oppidum
2367 2984 2408 3013 vi-

1287 3018 1383 3047 cinum
1393 3019 1489 3048 Romae
1503 3042 1510 3055 ‚
1532 3020 1611 3056 juxta
1623 3020 1730 3050 fontem
1740 3020 1864 3058 AEgeriae.
1902 3018 2063 3059 [velpotius
2072 3021 2312 3064 Feroniaelucurn]
2332 3021 2406 3052 Hinc

1249 3055 1272 3084 C
1284 3065 1302 3084 A
1312 3066 1326 3084 Ρ
1338 3066 1379 3085 ΒΝ
1389 3060 1405 3085 A
1414 3067 1476 3086 Tss
1487 3079 1494 3092 ‚
1516 3057 1693 3093 [Kamivaimq
1715 3059 1837 3096 Steph.]
1859 3058 1943 3088 Italiae
1963 3059 2082 3097 populi,
2102 3059 2219 3089 Clusinis
2235 3060 2320 3088 vicini
2330 3081 2339 3095 ‚
2360 3069 2407 3089 au-

1287 3095 1362 3123 ctore
1373 3094 1442 3124 Plin.
1454 3094 1502 3124 lib.
1518 3104 1542 3131 3.
1556 3104 1617 3133 cap.
1636 3106 1660 3130 ς.
2097 3133 2102 3138 ,
2254 3134 2259 3139 ,

1249 3131 1272 3160 C
1284 3141 1302 3159 A
1312 3141 1327 3160 i>
1337 3135 1353 3160 ἓ
1364 3141 1384 3160 Ν
1393 3142 1413 3161 A
1422 3142 1435 3162 s
1445 3154 1452 3168 ,
1474 3134 1535 3163 atis.
1556 3143 1594 3163 m.
1616 3133 1727 3163 Fluvius
1739 3134 1787 3171 qui
1796 3133 1833 3163 Ca
1875 3143 1939 3163 nam
1950 3132 2158 3171 praeterlabitur.
2179 3133 2228 3163 Sil.
2241 3133 2290 3163 lib.
2302 3143 2344 3171 13.
2357 3140 2402 3171 85.

1249 3168 1300 3198 CA
1313 3179 1447 3206 PENUS,
1468 3180 1500 3207 a,
1523 3181 1579 3200 um.
1598 3171 1659 3208 Adj.
1682 3178 1731 3207 ut,
1752 3171 1821 3201 Luci
1858 3171 1950 3209 apeni.
1972 3171 2044 3207 Virg.
2057 3180 2083 3206 7.
2100 3171 2162 3200 AEn.
2174 3174 2239 3207 ⁶97-

1288 3206 1400 3244 Capena
1420 3207 1499 3238 Porta
1519 3209 1616 3238 Romae
1627 3231 1634 3244 ,
1657 3219 1673 3238 a
1688 3209 1802 3248 Capena
1809 3210 1882 3239 urbe
1893 3231 1901 3244 ,
1921 3218 2003 3246 quam
2014 3208 2098 3238 Italus
2109 3217 2158 3237 rex
2169 3209 2322 3240 aedificavit.
2337 3211 2405 3241 Haec

1306 3245 1389 3274 etiam
1399 3253 1478 3283 porta
1491 3247 1577 3285 Appia
1586 3248 1659 3276 dieta
1667 3247 1705 3276 est
1717 3270 1725 3283 ‚
1745 3257 1794 3285 per
1808 3257 1891 3284 quam
1906 3247 2029 3283 Capuam
2040 3246 2103 3274 itur.
2124 3246 2223 3281 juven.
2237 3257 2260 3284 3.
2273 3249 2329 3278 Sat.
2344 3259 2355 3278 1
2364 3259 2386 3279 1.

1377 3283 1504 3314 Substitit
1512 3285 1548 3314 ad
1566 3292 1673 3314 veteres
1684 3294 1779 3319 arcus,
1800 3285 1996 3320 madidamque
2012 3283 2164 3320 Capenam.

1305 3321 1341 3350 de
1350 3320 1418 3350 Italo
1427 3332 1455 3351 re
1476 3332 1500 3358 e,
1512 3322 1602 3352 forsan
1614 3332 1648 3352 ex
1660 3323 1735 3352 Serv.
1747 3323 1781 3351 ad
1794 3322 1853 3351 AEn.
1868 3332 1893 3358 7.
1908 3326 1971 3358 697.
1985 3330 2043 3350 non
2054 3321 2207 3364 intellecto.
2329 3348 2334 3353 .

1285 3359 1327 3388 Ad
1336 3365 1445 3397 portam
1469 3361 1595 3398 ‘aperiam
1606 3361 1643 3390 est
1655 3370 1723 3398 aqua
1735 3360 1874 3390 Mercurio
1889 3358 1975 3391 sacra.
1999 3368 2052 3395 qua
2067 3368 2148 3388 variae
2165 3359 2268 3390 fiebant
2285 3360 2404 3392 ablutio-

1305 3406 1356 3426 nes
1366 3398 1402 3427 ad
1414 3398 1553 3435 expianda
1564 3406 1679 3436 peccata
1689 3420 1696 3433 ‚
1718 3406 1750 3426 ea
1765 3397 1848 3426 etiam
1865 3397 1942 3425 lauro
1962 3396 2158 3433 spargebantur
2172 3399 2268 3428 omnia
2284 3409 2344 3436 quae
2354 3401 2405 3430 do-

1306 3436 1400 3464 minos
1409 3445 1498 3465 novos
1508 3435 1594 3465 essent
1604 3436 1738 3464 habitura.
1780 3434 1809 3464 V.
1833 3434 1915 3463 Ovid.
1933 3445 1956 3470 ς.
1974 3434 2039 3463 Fast.
2052 3438 2068 3463 6
2092 3443 2115 3470 3.

1249 3471 1390 3508 Cuma,
1410 3473 1569 3509 [naivire-»j
1589 3473 1675 3502 Strab.
1688 3473 1735 3501 lib.
1749 3481 1791 3502 12.
1813 3471 1924 3501 Fluvius
1945 3471 1983 3500 est
2002 3472 2051 3508 qui
2085 3472 2237 3503 aodicaeam
2255 3473 2342 3504 Cariae
2360 3486 2404 3506 ur-

1287 3510 1350 3539 bem
1363 3520 1428 3540 cum
1440 3511 1513 3548 Lyco
1526 3514 1551 3540 δι
1568 3509 1657 3548 Asopo
1670 3510 1758 3539 alluit.
1791 3509 1819 3538 V.
1842 3509 1910 3538 Plin.
1927 3520 1950 3544 ς.
1963 3518 2008 3544 29.
2021 3520 2060 3547 pr.
2182 3549 2187 3554 Π

1287 3547 1376 3585 Caper
1386 3570 1394 3583 ,
1415 3548 1496 3578 Piscis
1507 3558 1594 3585 genus
1604 3570 1612 3582 ,
1632 3549 1661 3576 in
1670 3546 1791 3576 Acheloo
1802 3556 1884 3575 amne
1896 3546 2010 3576 nasceris
2021 3568 2030 3582 ‚
2052 3548 2079 3577 δι
2088 3557 2240 3585 grunniens
2250 3559 2328 3579 more
2340 3561 2403 3588 por-

1305 3595 1409 3615 corum.
1432 3586 1500 3616 Plin.
1512 3586 1560 3615 lib.
1574 3595 1615 3615 12.
1631 3594 1691 3622 cap.
1707 3595 1748 3620 5¹·
1782 3584 1875 3620 Quem
1889 3586 1991 3622 Aprum
2004 3584 2100 3615 Latine
2113 3586 2213 3616 redtius
2225 3587 2333 3618 diceres
2343 3610 2352 3625 ,
2372 3589 2402 3618 id

1305 3624 1382 3653 enim
1393 3624 1486 3654 Graeca
1494 3633 1549 3653 vox
1561 3623 1691 3652 declarat.
1721 3621 1753 3650 V.
1776 3621 1861 3651 Hard.

1250 3661 1272 3691 C
1281 3664 1297 3691 A
1306 3671 1320 3690 P
1329 3671 1367 3690 aa
1377 3683 1384 3696 ‚
1409 3663 1459 3700 pri.
1482 3671 1519 3690 m.
1541 3660 1693 3696 [πάνθ’]
1713 3658 1775 3688 Mas
1785 3669 1928 3696 caprarum
1938 3659 2077 3690 castratus.
2098 3660 2218 3691 Martial.
2235 3661 2284 3694 lib.
2299 3672 2323 3699 3.
2335 3672 2381 3700 25.

1369 3699 1442 3729 Dum
1453 3698 1560 3735 jugulas
1571 3698 1680 3726 hircum
1690 3719 1698 3732 ‚
1720 3697 1807 3726 faetus
1816 3707 1845 3726 es
1856 3697 1913 3734 ipse
1925 3707 2016 3735 caper.

1286 3737 1407 3775 Captum
1418 3758 1426 3772 ,
1450 3746 1500 3773 pro
1512 3736 1596 3764 Hirco
1606 3734 1758 3772 improprie
1767 3734 1858 3772 posuit
1869 3735 1940 3772 Virg.
1954 3745 2044 3773 quum
2053 3735 2092 3765 ait
2101 3743 2128 3773 7.
2140 3735 2198 3766 Ecl.
2211 3745 2238 3773 7.

1367 3774 1412 3802 Vir
1423 3774 1510 3810 gregis
1523 3773 1579 3810 ipse
1587 3782 1679 3808 caper.

1285 3811 1370 3842 Albus
1381 3821 1472 3848 caper.
1493 3811 1559 3839 Hor.
1573 3819 1597 3846 3.
1614 3810 1703 3839 Carm.
1718 3815 1744 3843 8.
1764 3811 1790 3838 6.

1286 3850 1420 3879 Bicornis.
1444 3848 1528 3877 Ovid.
1544 3858 1585 3884 ¹5·
1601 3848 1668 3877 Met.
1682 3857 1744 3883 305.

1287 3885 1470 3916 Libidinosus.
1491 3885 1559 3914 Hor.
1574 3885 1664 3924 Epod.
1680 3895 1723 3915 10.
1737 3892 1782 3921 23.

1286 3924 1412 3961 Setigeri.
1438 3922 1486 3954 Sil.
1502 3922 1550 3952 lib.
1566 3932 1590 3960 3.

1765 3959 1789 3989 G
1800 3967 1818 3997 ε
1827 3969 1843 3998 g
1873 3967 1886 3996 3

2221 3286 2237 3321 [
2245 3286 2271 3316 N
2274 3296 2332 3324 ugae
2342 3286 2404 3317 sunt

2283 3962 2404 3992 Caedi'tut
