2600 4177
431 104 460 139 C
557 105 588 140 R
693 103 719 138 A

49 179 95 210 Ca
109 184 248 219 ῖεῠιΑ,
269 194 300 213 ae.
323 184 340 214 f.
364 185 543 223 [agamiam]
564 185 685 219 dicitur.
708 184 762 214 Ubi
780 184 878 215 vinum
900 185 1133 223 intemperantius
1152 186 1220 214 hau·

88 220 175 255 stum,
207 222 290 258 capiti
309 223 475 251 detrimenta
493 223 602 252 adfert:
632 224 730 260 capitis
751 222 839 258 ludia.
871 223 1024 261 fluctusque
1043 225 1067 252 Sr
1085 223 1217 261 agitatio,

89 258 202 289 otiando
212 269 247 288 ex
258 259 411 288 vinolentia
420 266 503 297 caput
513 261 617 294 tremit,
638 270 654 290 a
670 259 733 295 »edera
750 269 853 298 caput,
878 263 901 291 ἃ
925 259 1009 288 minim
1026 262 1115 293 vilaro,
1132 261 1216 298 agito.

90 295 212 325 Galerius
225 297 255 325 in
269 297 420 333 Aphorisni.
437 309 459 332 ς.
472 297 517 325 lib.
528 308 551 331 ς.
573 298 753 337 Hippocratis
762 299 892 335 scribens,
902 305 1017 328 annotat
1028 299 1151 328 Omnem
1168 308 1220 327 no-

90 342 154 362 xam
166 343 200 362 ex
212 335 278 363 vino
289 334 387 364 factam
398 356 405 368 ‚
427 335 554 364 aGraecis
569 343 712 369 »equinum
736 337 890 369 nominari.
915 335 959 363 alm*
974 332 997 364 gf
1012 337 1105 371 υίεηνον
1126 333 1220 362 πάλλε-

92 371 147 414 ἐᾲαᾳ
181 372 198 400 i.
211 382 235 401 e.
257 372 348 409 Caput
358 372 481 401 concuti.
504 372 573 402 Plin.
591 373 638 402 lib.
655 382 698 409 23.
722 383 782 410 cap.
799 385 822 404 1.
845 374 990 404 Novitium
1005 372 1221 403 resinatumnul-

92 407 112 437 11
125 409 269 439 conducit.
299 410 404 447 Capitis
416 410 542 440 dolorem
553 411 737 450 &vertigines
747 412 812 441 facit
824 421 831 441 z
853 412 952 441 abhoc
964 413 1038 442 dieta
1049 411 1161 448 crapula
1169 411 1217 440 est.

91 445 152 476 Liv.
165 457 192 481 9.
208 456 251 482 30.
269 453 337 476 extr.
361 446 420 476 Nec
432 449 508 485 prius
517 448 621 479 sensere
634 471 642 486 ,
664 459 748 487 quarn
761 450 889 488 plaustris
901 451 929 480 in
943 451 1004 480 foro
1017 449 1140 483 relictis,
1162 448 1224 487 ple-

90 493 143 514 nos
153 484 273 522 crapulae
283 494 331 514 eos
341 484 390 514 lux
399 485 541 523 oppressit.

90 521 234 552 Discutere
244 521 379 558 crapulas.
403 523 471 554 Plin.
482 524 530 555 lib.
541 533 587 555 21.
600 534 661 563 cap.
672 534 717 556 20.
741 524 772 555 V.
793 535 810 555 o
817 535 835 555 a
844 534 864 555 'r
874 534 895 555 H
904 535 921 555 ο
928 535 944 554 1³
952 535 973 554 N
982 535 1009 555 σε
1017 534 1047 556 Α.

92 559 236 590 Exhalare.
275 559 306 589 V.
329 570 343 589 iz
351 570 370 590 x
381 570 401 590 H
413 572 430 590 A
439 573 456 590 1.
466 571 492 591 o.

92 595 291 640 Edormiscere.
333 598 417 628 Plaut.
429 600 503 630 Rud.
515 609 540 631 2.
555 608 580 636 7.
593 606 638 636 28.
668 601 727 631 Cic.
739 609 764 631 2.
783 599 905 639 Philipp.
921 609 966 638 30.
993 600 1108 631 Edormi
1127 609 1224 639 crapu-

112 634 167 664 lam
179 656 187 669 ,
210 644 341 678 inquam,
365 637 509 668 &exhala

92 671 273 703 Obdormire.
315 674 348 704 V.
371 685 388 704 o
398 686 412 704 B
422 686 439 704 n
451 685 492 705 oa
503 687 523 705 M
533 687 543 705 1
553 685 581 706 o.

93 709 234 754 Crapula;
257 711 345 742 aliter.
387 713 457 744 Plin.
471 714 574 749 lib.14.
591 723 651 751 cap.
663 722 708 743 20.
731 713 815 743 Ratio
829 718 923 744 autem
943 714 1099 744 condiendi
1119 713 1224 750 musta,

112 757 143 792 iri
153 757 244 792 primo
256 749 364 781 fervore
376 773 385 786 ‚
406 752 453 788 qui
468 761 572 781 novem
585 751 685 781 diebus
704 757 735 781 ut
760 752 913 790 plurimum
935 753 1094 790 peragitur,
1116 751 1223 789 aspersu

112 795 205 830 pacis?
226 793 258 818 ut
271 788 342 818 odor
354 789 421 819 vino
430 790 592 828 contingat,
615 791 640 819 &
653 789 756 826 saporis
767 791 893 827 quaedam
905 791 1043 820 acumina.
1068 790 1229 819 Vehemen-

114 830 170 867 tius
192 824 219 854 id
235 825 294 855 fieri
311 827 475 857 arbitrantur
495 827 582 857 crudo
599 827 667 856 flore
687 827 779 856 resinae
792 850 799 863 ‚
819 829 990 865 excitarique
1012 827 1164 857 lenitatem.
1205 826 1227 856 E

114 861 223 905 diverso
238 865 351 902 crapula
365 865 506 903 compesci
522 866 662 894 feritatem
675 865 790 894 nimiam
800 888 808 901 ‚
829 866 973 903 frangique
988 867 1062 896 virus
1076 875 1081 895 :
1113 872 1159 894 aut
1177 864 1227 894 ubi

114 909 193 937 pigra
205 899 304 931 lenitas
314 908 441 939 torpeat,
468 904 542 933 virus
552 903 627 933 addi.
668 902 784 939 Liguriae
805 905 927 934 maxime
948 903 1227 941 circumpadanisque

116 938 212 981 inustis
223 940 327 974 utilitas
337 939 500 970 discernitur
511 941 567 970 hoc
584 940 689 970 modo:
714 940 887 977 Pugnacibus
910 942 1003 971 mustis
1027 941 1146 980 crapulae
1165 941 1227 978 plus

114 975 238 1013 inditur,
261 978 370 1008 lenibus
383 979 502 1016 parcius.
537 978 607 1008 Sunt
618 979 664 1016 qui
676 987 710 1007 ex
723 986 841 1016 utroque
859 980 967 1009 condiri
980 979 1076 1009 velint.
1120 980 1181 1008 l-loc
1198 979 1227 1008 in

115 1012 181 1058 loco
192 1015 280 1045 Plinio
292 1016 441 1054 Crapulam
449 1017 542 1046 vocari
556 1017 669 1055 quidam
684 1022 785 1053 putant
799 1017 1008 1047 Medicamenta
1018 1040 1026 1052 .
1048 1017 1150 1054 quibus
1171 1017 1229 1046 vini

116 1051 216 1082 lenitas
224 1055 369 1084 excitatur.
412 1055 463 1084 Alii
474 1064 540 1084 vero
552 1054 645 1084 resinae
656 1054 754 1084 florem
771 1054 826 1085 esse
840 1056 939 1085 dicunt
953 1056 981 1085 id
1001 1057 1076 1092 quod
1098 1056 1126 1085 in
1141 1055 1228 1084 resina

116 1088 274 1127 supernatat
287 1102 292 1121 :
316 1092 391 1128 quod
403 1098 496 1122 autem
506 1092 568 1122 sidit
578 1093 606 1122 in
618 1092 708 1122 fundo
721 1114 729 1128 ,
750 1093 910 1132 crapulam,
931 1100 962 1124 ut
972 1093 1004 1123 sit
1021 1093 1134 1132 crapula
1152 1093 1230 1123 velut

115 1127 168 1157 faex
180 1128 282 1159 resinae.
305 1130 337 1160 V.
359 1130 495 1160 Harduin.
513 1132 542 1161 in
561 1131 586 1160 h.
601 1130 619 1159 1.

59 1168 83 1199 C
92 1178 160 1198 RAP
172 1178 188 1197 u
198 1180 213 1197 i.
223 1179 236 1197 a
245 1178 265 1198 N
276 1178 294 1197 >r
304 1178 323 1198 u
332 1178 344 1198 s
355 1191 363 1205 ‚
384 1179 400 1198 a
411 1191 420 1205 ‚
439 1178 498 1198 um.
521 1169 582 1205 Adj.
605 1167 724 1206 Crapula
734 1174 867 1206 gravatus.
892 1170 1028 1199 Ammian.
1039 1179 1083 1204 29.
1098 1178 1142 1205 34.
1164 1167 1230 1205 (Va-

98 1205 146 1237 les.
159 1216 218 1249 cap.
234 1207 283 1243 ς.)
304 1206 431 1244 Vinoque
451 1205 579 1237 consulto
596 1206 750 1242 distentus,
772 1208 798 1236 &
818 1207 1007 1246 crapulentus.
1050 1207 1090 1237 lta
1107 1206 1175 1246 legit
1191 1206 1227 1237 H.

99 1244 220 1276 Valesius
227 1255 261 1275 ex
273 1245 379 1275 Codice
391 1244 572 1280 Colbertino;
593 1243 639 1273 alii
650 1244 747 1281 legunt
758 1244 945 1283 Crapulentis.

59 1282 84 1313 C
94 1293 110 1313 R
121 1292 301 1312 APULATU
312 1293 324 1312 s
337 1305 346 1319 ,
367 1293 400 1318 a,
423 1292 481 1312 um.
505 1281 593 1312 Idem.
618 1281 698 1320 Vulg.
713 1281 830 1321 interpr.
854 1282 890 1313 Ps.
903 1292 947 1321 77.
958 1286 1002 1320 ⁶5·
1024 1282 1172 1321 Tanquam
1181 1292 1230 1321 po-

100 1328 161 1351 tens
171 1321 329 1360 crapulatus
340 1331 355 1351 a
369 1321 444 1351 vino.
465 1319 496 1350 V.
519 1318 593 1350 Voss.
605 1320 641 1350 de
653 1319 707 1351 Vit.
721 1319 750 1350 L.
764 1319 792 1350 L.
808 1331 835 1358 4.
850 1331 878 1358 4.

61 1359 318 1389 Οκ-ΑΡυιΑιιυ
329 1368 356 1395 s,
378 1368 410 1394 a,
431 1367 490 1388 um.
511 1358 573 1395 Adj.
603 1358 645 1388 Ad
663 1358 807 1396 crapulam
823 1360 975 1398 pertinens.
1004 1363 1055 1394 ut,
1076 1358 1232 1389 Unctiones

100 1397 270 1435 crapulariae.
293 1396 379 1427 Plaut.
393 1396 480 1426 Stich.
494 1407 518 1426 1.
536 1405 561 1432 3.
575 1405 621 1434 74.
654 1396 746 1426 Coler.
773 1397 956 1435 Ampullariae.

63 1436 192 1466 Canu
204 1439 334 1471 tosus,
355 1445 370 1465 a
382 1456 390 1470 ,
408 1444 466 1464 um.
489 1434 550 1471 Adj.
589 1434 699 1465 Firmic.
715 1434 763 1464 lib.
777 1440 804 1469 8.
824 1445 884 1474 cap.
899 1445 944 1466 20.
976 1434 1082 1465 Edaces
1100 1443 1231 1473 quoque,

102 1483 135 1503 ac
145 1474 235 1503 ventri
244 1495 253 1509 ,
274 1475 300 1503 &
308 1472 377 1510 gulae
388 1472 537 1510 crapulosis
547 1471 716 1502 libidinibus
727 1472 886 1503 servientes.

62 1511 159 1541 CRAS
170 1533 179 1547 ‚
201 1511 267 1540 Adv.
289 1508 425 1546 [deuon]
448 1510 604 1548 significans
621 1510 673 1540 Die
692 1512 823 1548 proxime
840 1511 944 1542 futuro.
985 1509 1096 1547 Cic-13.
1114 1511 1167 1540 Att.
1182 1518 1228 1548 43.

99 1550 178 1580 Scies
187 1549 272 1586 igitur
284 1548 397 1578 fortasse
411 1558 486 1583 cras,
506 1549 542 1578 ad
554 1548 691 1578 summum
708 1549 852 1586 perendie.
894 1549 960 1579 Hor.
975 1558 998 1578 1.
1015 1549 1104 1579 Carm.
1118 1559 1144 1585 9.
1158 1557 1202 1587 13.

180 1587 259 1624 Quid
269 1586 301 1615 sit
310 1587 436 1616 futurum
446 1596 505 1616 cras
515 1608 523 1622 ‚
545 1587 610 1624 fuge
618 1596 749 1623 quaerere.
834 1587 953 1617 Martial.
964 1586 1011 1616 lib.
1027 1597 1050 1623 5.
1067 1596 1111 1623 59.

233 1625 301 1655 Cras
314 1631 341 1653 te
351 1625 508 1659 victurum,
528 1634 587 1654 cras
599 1625 686 1658 dicis.
710 1624 873 1660 Posthume‚
895 1624 1020 1663 semper:

297 1663 350 1692 Dic
363 1663 444 1698 inihi,
465 1672 525 1692 cras
535 1663 616 1698 istud,
637 1662 791 1698 Posthume,
814 1662 927 1700 quando
936 1662 1036 1693 venit?

100 1700 168 1731 Cras
178 1710 260 1730 mane
269 1700 447 1739 surgendum.
470 1701 538 1730 Hor.
553 1711 575 1730 r.
589 1701 674 1730 Serm.
685 1703 711 1730 6.
726 1710 788 1731 120.

102 1738 269 1770 Hesternum
279 1749 347 1769 cras.
373 1738 439 1768 Pers.
455 1749 479 1773 5.
498 1740 552 1769 Sat.
567 1743 611 1772 68.

102 1777 169 1808 Cras
179 1778 265 1807 credo
281 1799 290 1813 ‚
311 1777 397 1807 hodie
415 1776 493 1806 nihil.
530 1776 709 1807 Proverbium
731 1777 765 1806 ab
785 1776 935 1806 hominum
955 1776 1083 1807 sermone
1101 1776 1234 1814 dustum,

121 1817 169 1853 qui
181 1817 210 1845 in
225 1816 369 1853 praesentia
379 1815 405 1845 se
420 1821 526 1852 negant
540 1815 653 1845 credere
664 1837 672 1850 ‚
696 1814 722 1844 se
743 1824 802 1845 cras
820 1815 950 1844 fasturos
964 1815 1071 1845 dicunt.
1106 1815 1236 1845 Varronis

121 1854 250 1922 ‘'i'uaedabm
273 1853 361 1893 satyra
380 1859 440 1884 erat
459 1853 513 1884 hac
527 1853 728 1892 inscriptione,
750 1859 781 1883 ut
805 1853 936 1892 pleraque
956 1853 1033 1890 ejus,
1054 1853 1234 1892 proverbiali.

149 1902 218 1922 utne
242 1902 282 1922 us.

65 1931 291 1962 cirasrruus
304 1952 313 1966 ‚
333 1940 349 1960 a
363 1952 371 1965 ‚
393 1939 450 1960 um.
474 1929 534 1965 Adi.
557 1928 724 1965 [kmics&]
745 1929 832 1959 Plaut.
843 1929 920 1959 Men.
937 1937 961 1958 1.
975 1937 1001 1958 2.
1015 1931 1062 1960 62.

197 1968 267 1999 Inde
274 1968 360 2006 usque
373 1968 408 1998 ad
418 1969 548 1998 diurnam
560 1967 666 1998 stellam
678 1968 823 1997 crastinam
833 1967 1003 2007 potabimus.

103 2007 180 2039 AEtas
192 2007 318 2037 crastina.
338 2007 408 2036 Stat.
421 2015 445 2043 3.
459 2006 551 2035 Theb.
567 2009 630 2039 562.

380 2060 418 2066 —
427 2045 496 2082 quid
504 2043 620 2074 crastina
629 2043 755 2074 volveret
766 2048 830 2073 aetas

197 2084 275 2114 Scire
283 2083 363 2113 nefas
379 2083 498 2112 homini.

104 2121 322 2153 Diescrastinus.
360 2121 418 2152 Cic.
430 2126 455 2156 8.
472 2120 550 2151 Fam.
567 2130 610 2157 ις.
631 2119 688 2149 Sed
706 2118 813 2156 aliquid
826 2118 960 2148 crastinus
979 2118 1039 2149 dies
1058 2118 1093 2149 ad
1112 2119 1240 2157 cogitan-

125 2161 195 2190 dum
207 2161 289 2190 nobis
305 2160 392 2189 daret.

105 2198 222 2230 Fructus
232 2198 381 2231 crastinus,
403 2197 441 2226 est
450 2196 548 2226 Novus
559 2196 586 2226 Sc
603 2204 710 2225 recem.
752 2193 821 2224 Plin.
832 2193 881 2225 lib.
897 2202 940 2231 13.
963 2204 1026 2233 cap.
1040 2205 1066 2232 9.
1102 2194 1240 2226 Fertilitas

127 2236 231 2266 assidua
243 2237 279 2272 ei,
301 2234 482 2266 subnascente
496 2234 614 2264 crastino
622 2233 723 2263 fruetu.

107 2274 186 2305 Hora
194 2274 309 2304 crastina
318 2296 327 2310 ,
350 2283 400 2313 pro
410 2273 580 2310 Sequenti&
611 2272 720 2301 roximo
729 2270 784 2300 die.
807 2269 882 2308 Virg.
894 2280 917 2300 1.
929 2269 1030 2308 Georg.
1044 2279 1110 2307 425.

107 2313 203 2343 Titan.
225 2312 298 2351 Virg.
308 2323 335 2348 4.
352 2312 413 2342 AEn.
428 2316 489 2346 118.
511 2311 528 2340 i.
542 2320 567 2340 e.
613 2310 710 2339 rastina
720 2309 789 2338 dies.
954 2345 960 2351 .
986 2345 991 2351 1

107 2350 229 2382 Differre
242 2351 272 2380 in
284 2350 441 2380 crastinum.
480 2349 538 2379 Cic.
552 2357 578 2378 2.
592 2348 627 2377 de
640 2348 718 2378 Orat.
734 2351 794 2383 368.
821 2346 880 2376 Post
892 2345 1056 2379 meridiem,
1078 2345 1095 2375 si
1113 2346 1151 2375 ita
1162 2346 1243 2377 vobis

127 2389 167 2419 est
177 2388 363 2419 commodum
373 2411 382 2425 ‚
402 2388 552 2425 loquemur
560 2385 665 2423 aliquid
677 2408 685 2423 ,
706 2385 758 2415 nisi
775 2384 848 2415 forte
866 2394 913 2414 me
925 2383 956 2413 in
968 2383 1116 2414 crastinum
1129 2383 1243 2415 differre

128 2427 224 2457 vultis.

111 2465 216 2495 Vocare
227 2465 257 2494 in
268 2463 427 2495 crastinum.
448 2462 481 2493 V.
504 2472 551 2492 1N.

73 2503 149 2534 Cim
160 2513 216 2534 sri
228 2512 247 2532 Ν
257 2513 274 2532 o
284 2524 292 2538 ,
315 2502 381 2532 Adv.
405 2498 540 2538 [ὦμον]
560 2499 641 2530 Idem
658 2498 734 2537 quod
748 2498 824 2530 Cras.
863 2497 1003 2529 Ge11.1ib.
1016 2506 1043 2529 2.
1059 2507 1120 2536 cap.
1134 2507 1180 2534 29.
1212 2498 1242 2529 Si

111 2542 243 2571 dominus
254 2563 262 2576 ‚
282 2541 383 2577 inquit,
407 2537 520 2569 messem
531 2538 567 2568 ad
575 2538 681 2568 amicos
691 2538 798 2574 rejecit,
820 2537 940 2566 crastino
954 2536 1029 2574 seges
1041 2546 1098 2565 nori
1109 2542 1239 2567 metetur.

72 2580 122 2611 en
135 2591 151 2609 A
163 2580 295 2614 ςτῖΝο,
317 2574 462 2614 [αἰάζω]
481 2579 535 2606 are.
559 2575 692 2614 significat
708 2575 750 2605 De
770 2576 817 2605 die
838 2576 867 2604 in
885 2575 961 2604 diem
982 2575 1061 2604 traho
1080 2576 1107 2605 δι
1129 2575 1240 2606 differo.

112 2618 186 2649 Hinc
196 2616 366 2648 Procrastino
377 2617 402 2645 ἃ.
416 2614 573 2645 Recrastino
583 2614 706 2648 eiusdem
717 2613 935 2651 significationis.
968 2611 1095 2650 Calepin.

73 2657 223 2690 Caisis.
243 2655 262 2684 f.
285 2654 422 2690 [aeqffim]
443 2659 475 2682 ut
492 2663 507 2682 a
528 2652 649 2682 Medicis
666 2652 822 2689 accipitur,
844 2651 920 2680 idern
936 2649 975 2680 est
993 2650 1069 2687 quod
1090 2649 1242 2690 Tempera-

110 2700 240 2725 mentum
251 2715 260 2729 ‚
279 2693 335 2723 hoc
343 2692 382 2721 est
391 2690 538 2730 proportio
548 2690 674 2727 quaedam
684 2690 837 2728 primarum
849 2688 1013 2725 qualitatum
1024 2688 1201 2719 existentium
1211 2690 1242 2721 in

111 2733 258 2762 elementis
266 2754 274 2766 ,
295 2740 330 2760 ex
343 2731 443 2766 quibus
454 2738 557 2767 corpus
569 2728 679 2758 mistum
689 2728 727 2757 est
735 2729 760 2757 &
771 2727 931 2757 conflatum.

111 2773 134 2802 A
147 2769 341 2801 Grammaticis
357 2767 446 2798 Crafis
462 2767 597 2804 accipitur
612 2776 662 2804 pro
679 2766 879 2796 Contraclione
893 2765 1009 2794 duarum
1030 2763 1195 2802 syllabarum
1211 2766 1242 2795 in

132 2819 216 2839 unam
229 2807 456 2840 coalescentium.
467 2812 498 2835 ut
509 2804 619 2835 Thesei.
633 2814 683 2842 pro
693 2803 803 2837 Thesei,
817 2804 901 2837 τεῒχκς
909 2812 960 2842 pro
969 2803 1077 2839 ⁷ssfflff·
1092 2803 1170 2832 Dic‘ta
1181 2800 1245 2839 κερέ-

132 2858 178 2877 m.
192 2843 238 2874 λ’πὶ
249 2841 416 2881 ἕκερρίννυμι»
434 2843 510 2881 quod
520 2843 559 2873 est
573 2842 675 2872 misceo
687 2842 740 2871 sive
749 2849 887 2879 tempero.
929 2840 1037 2870 Dicitur
1050 2842 1074 2870 δι
1088 2841 1243 2879 Synaeresis.

76 2885 124 2916 Ca
134 2894 246 2915 aspar>
256 2895 264 2913 i
274 2893 334 2912 aas
344 2905 353 2919 ‚
375 2882 496 2920 Phrygiae
510 2881 592 2910 sinus.
634 2880 704 2910 Plin.
723 2879 771 2909 lib.
790 2890 814 2914 ς.
827 2889 879 2917 cap
904 2878 954 2908 ult.
979 2879 1048 2908 lnde
1069 2879 1242 2918 Craspedites

115 2923 187 2953 sinus
195 2922 364 2957 vocabatur,
384 2919 554 2957 quoniamid
567 2918 706 2957 oppidum
722 2917 837 2948 velutin
848 2917 948 2946 lacinia
962 2923 1029 2946 erat.

76 2962 414 2994 CaAssAmsNTuM,
439 2957 705 2987 cssasstseizna.
736 2955 767 2986 V.
791 2964 958 2985 eRAssus.

35 3013 38 3014 ⁷
78 3001 103 3030 C
111 3010 126 3028 a
138 3009 157 3028 A
165 3009 178 3028 s
188 3009 200 3028 s
209 3008 244 3027 tc
252 3009 263 3028 1
271 3008 289 3027 u
297 3007 320 3032 s,
337 2997 451 3026 Nomen
467 3001 542 3033 gent.
555 2994 605 3024 Ro.
617 2994 646 3024 L.
660 2993 815 3029 Crassicius,
828 3002 928 3031 genere
939 2991 1119 3028 Tarentinus,
1136 2993 1244 3024 ordinis

113 3035 255 3071 libertini,
275 3035 446 3073 cognomine
463 3034 585 3067 Fasides,
606 3032 705 3062 Romae
719 3032 818 3061 ludum
837 3031 1028 3060 Grammaticae
1046 3032 1170 3068 aperuit:
1193 3032 1243 3062 do.

114 3074 308 3111 cuitqueinter
319 3072 389 3102 alios
398 3071 506 3108 ,Iulium
518 3071 672 3101 Antonium
689 3070 805 3100 Antonii
825 3069 976 3100 Triumviri
995 3068 1093 3099 filiuni.
1118 3069 1192 3100 Suet.
1207 3071 1245 3101 de

114 3113 211 3144 Illustr.
222 3112 344 3141 Gramm.
361 3120 424 3147 cap.
437 3115 478 3144 18-

78 3152 124 3182 Ca
135 3162 153 3180 A
162 3161 173 3180 s
182 3160 194 3180 s
202 3152 235 3179 iv
244 3152 260 3178 ἒ
269 3158 330 3178 niu
338 3159 359 3178 M
369 3170 377 3184 ‚
399 3149 417 3177 i.
439 3158 468 3177 n.
490 3146 583 3177 Aceris
592 3144 697 3176 arboris
707 3155 794 3184 genus
812 3144 910 3181 vilius,
930 3154 945 3175 a
967 3153 1102 3175 venarum
1122 3145 1244 3176 crassitu.

117 3189 184 3218 dine
193 3188 308 3217 dietum.
329 3185 453 3216 Plinlib.
470 3189 510 3215 16.
525 3194 586 3222 cap.
602 3193 645 3219 ις.

79 3228 155 3258 ΕΒΑ
164 3236 194 3256 ss
204 3235 242 3255 us
252 3247 259 3261 ‚
281 3220 452 3261 [icadas-&ss
474 3223 640 3260 Cognomen
655 3221 745 3258 gentis
763 3220 885 3250 Liciniae.
925 3219 953 3250 P.
973 3219 1097 3250 Licinius
1115 3220 1223 3251 Crassus
1233 3242 1243 3257 ,

116 3271 181 3294 ante
201 3269 312 3293 aetatem
328 3261 454 3291 Pontifex
469 3261 611 3291 Maximus
625 3260 730 3290 factus:
754 3259 830 3296 quod
853 3267 996 3295 nunquam
1017 3264 1099 3288 antea
1114 3259 1243 3298 contigit.

118 3303 152 3332 V.
175 3301 264 3331 Valet.
281 3300 356 3331 Max.
371 3299 419 3330 lib.
433 3308 457 3334 ς.
470 3309 531 3336 cap.
544 3307 569 3327 2.
586 3298 612 3327 &
624 3297 672 3326 lib.
685 3303 710 3331 8.
722 3306 783 3335 cap.
795 3306 820 3332 7.
920 3333 926 3340 ι

117 3339 148 3371 L.
171 3339 278 3370 Crassus
289 3345 381 3368 orator
393 3359 402 3373 ‚
421 3336 568 3375 superioris
576 3335 648 3365 filius
660 3357 667 3370 ‚
689 3335 810 3372 quicum
825 3335 946 3364 Antonio
964 3343 980 3363 a
997 3333 1135 3364 Cicerone
1157 3334 1244 3364 intro.

136 3379 248 3408 ducitur
257 3377 285 3406 iri
295 3376 373 3406 libris
389 3376 425 3405 de
436 3375 512 3405 Orat.
534 3375 563 3403 in
572 3383 606 3403 eo
617 3373 748 3403 mirificus
760 3372 873 3410 quidam
890 3371 982 3408 pudor
992 3372 1044 3401 fuit
1054 3394 1063 3407 ,
1084 3372 1131 3409 qui
1149 3380 1244 3402 tamen

138 3426 197 3447 non
206 3415 292 3446 modo
300 3424 356 3443 nori
364 3412 469 3442 obesset
476 3414 536 3450 ejus
545 3411 682 3446 orationi,
704 3410 749 3440 sed
759 3410 841 3439 etiam
856 3409 1004 3447 probitatis
1021 3410 1245 3440 commendatio.

139 3465 175 3484 ne
184 3453 333 3492 prodesset.
375 3450 517 3481 Accusavit
533 3449 564 3479 C.
583 3448 739 3478 Carbonem
759 3446 1014 3485 eloquentissimum
1036 3447 1180 3477 hominem
1198 3449 1247 3478 ad.

139 3493 257 3523 modum
273 3489 450 3521 adolescens:
473 3488 608 3517 summam
627 3487 736 3524 ingenii.
751 3495 809 3515 non
825 3485 939 3514 laudem
957 3484 1044 3515 modo
1058 3507 1066 3520 ,
1094 3485 1139 3515 sed
1159 3486 1245 3516 etiam

138 3531 354 3562 admirationem
368 3528 406 3557 est
423 3526 620 3563 consequutus.
661 3524 795 3555 Defendit
815 3523 907 3560 postea
932 3522 1068 3552 Liciniam
1083 3523 1221 3561 virginem
1235 3546 1245 3561 ,

139 3578 227 3607 quum
237 3577 324 3598 annos
342 3575 444 3596 xxvii
459 3571 541 3594 natus
551 3562 628 3593 esset.
670 3562 738 3592 Haec
749 3571 785 3591 ex
796 3561 872 3591 libris
894 3560 929 3589 de
942 3560 1019 3590 Orat.
1033 3563 1058 3591 δι
1078 3561 1154 3592 Brut.
1168 3561 1248 3592 Cice.

138 3607 215 3637 tonis
225 3628 234 3642 ,
255 3606 285 3635 in
295 3614 350 3642 quo
359 3604 434 3634 libro
444 3602 481 3632 est
492 3599 692 3640 elegantissima
704 3601 710 3628 i
735 3599 786 3629 sius
798 3599 878 3628 Craffi
893 3608 957 3627 curn
970 3599 1091 3628 Antonio
1103 3600 1128 3628 &
1139 3600 1246 3631 Scaevo.

137 3646 166 3675 la
173 3643 354 3682 comparatio.
386 3637 716 3679 'Deploraturmultisver
738 3639 761 3668 is
773 3636 856 3668 Crassi
866 3645 940 3666 mors
952 3646 966 3666 a
976 3636 1111 3667 Cicerone
1121 3637 1151 3668 in
1165 3648 1247 3669 exor-

138 3684 187 3713 dio
200 3681 263 3711 libri
273 3681 347 3710 tertii
359 3680 394 3710 de
404 3680 531 3710 Oratore.
952 3711 958 3719 ·

118 3722 148 3754 P.
171 3718 298 3754 Crassus,
327 3718 442 3748 cratoris
459 3717 556 3750 frater,
585 3714 651 3751 iuris
669 3712 862 3752 peritissimus,
883 3711 936 3741 fuit
948 3713 980 3742 isi
999 3712 1195 3744 dominatione
1212 3713 1244 3745 L.

86 3761 91 3770 “
139 3760 238 3789 Cinnae
250 3756 435 3786 Marianarum
445 3756 567 3793 partium
579 3763 587 3783 2
608 3762 644 3782 ne
654 3753 792 3782 incideret
803 3751 832 3780 in
843 3759 942 3780 manus
954 3751 1135 3782 inimicorum
1146 3774 1154 3789 ‚
1176 3751 1247 3791 seip-

137 3799 198 3828 sum
208 3794 360 3826 interemit.
401 3794 490 3829 Hujus
499 3792 583 3821 filius.
839 3826 846 3833 ·

120 3837 162 3867 M.
176 3832 475 3865 CrassusRomanorum
486 3830 644 3864 ditissimus,
655 3837 720 3858 cum
731 3827 866 3864 Pompeio
875 3828 901 3857 &
912 3825 1015 3856 Caesare
1026 3826 1246 3858 Triumviratum

139 3875 212 3904 iniit.
231 3872 270 3901 Ad
281 3869 385 3900 bellum
399 3867 493 3898 missus
504 3868 698 3906 gladiatorum⁷
712 3865 841 3902 qui-duce
852 3865 986 3908 Spartaco
1002 3865 1031 3893 in
1042 3864 1194 3902 Campania
1204 3867 1246 3895 in-

138 3912 320 3944 surrexerant,
330 3908 443 3936 viCtorizi
451 3908 574 3945 potitur:
596 3915 631 3934 ex
643 3914 698 3942 quo
708 3903 807 3933 urbem
815 3913 901 3932 ovans
910 3902 1041 3939 ingressus
1049 3903 1093 3932 est.
1108 3902 1245 3933 Postremo

137 3959 226 3989 quum
236 3948 263 3979 ei
271 3947 349 3986 Syria
357 3946 504 3983 provincia
513 3944 584 3975 sorte
595 3941 903 3980 obvenisset,profe6tus
910 3941 946 3970 ad
957 3940 1063 3971 bellum
1078 3940 1246 3976 Parthicum,

1645 100 1674 134 C
1771 99 1801 134 R
1900 101 1926 135 A
2371 117 2441 152 711

1334 182 1371 211 ibi
1387 181 1476 212 silium
1486 181 1616 211 Publium
1626 181 1722 211 amisit.
1763 180 1825 216 Ipse
1835 180 1949 211 demum
1960 181 2110 213 infeliciter
2121 195 2177 214 rem
2191 195 2298 222 geren&
2319 197 2334 216 a
2346 187 2445 218 Surina

1334 221 1404 256 regis
1427 221 1559 259 praefecto
1582 226 1700 257 captus,
1721 224 1803 255 atque
1822 220 1986 249 interfefftus
2008 221 2055 249 est.
2097 222 2125 251 V.
2155 223 2241 252 Valet.
2260 225 2333 254 Max.
2357 225 2404 254 lib.
2420 236 2444 256 1.

1333 266 1394 294 cap.
1409 263 1434 287 6.
1459 259 1579 287 Plinium
1599 267 1730 294 quoque,
1752 257 1800 286 lib.
1816 266 1857 292 15.
1881 267 1941 295 cap.
1960 267 2000 292 ¹9·
2027 260 2053 288 &
2077 258 2190 289 Paulum
2207 262 2335 292 Orosiuin
2357 264 2403 292 lib.
2418 267 2446 293 6.

1334 304 1395 331 cap.
1411 305 1452 331 13.
1475 295 1587 325 Solebat
1597 302 1690 324 autem
1709 295 1802 324 dicere
1816 317 1824 329 ‚
1847 295 1998 325 Neminem
2012 295 2065 325 esse
2080 296 2195 326 divitem
2208 319 2215 331 ,
2237 300 2284 327 nis1
2304 303 2349 336 qui
2368 311 2447 330 exer-

1335 334 1424 362 citum
1444 333 1518 362 alere
1540 332 1630 370 posset
1646 333 1698 362 suis
1715 332 1859 362 fruclibus.
1901 334 2001 363 Auctor
2013 334 2071 362 Cic.
2085 335 2112 362 in
2127 334 2218 364 l’arad.
2231 339 2254 364 6.
2268 337 2289 373 §.
2308 348 2328 366 i.
2371 339 2447 368 Alter

1336 370 1375 401 M.
1388 371 1471 401 Crassi
1483 371 1554 400 filius
1567 373 1591 400 ἃ
1603 371 1659 408 ipse
1672 380 1756 408 praen.
1771 371 1811 400 M.
1835 370 1945 401 Caesaris
1965 371 2083 408 Legatus
2106 372 2159 402 fuit
2179 373 2207 400 in
2228 372 2302 403 bello
2315 375 2422 406 Gallico
2437 386 2446 405 z

1335 409 1364 436 in
1376 409 1532 438 Caesarianis
1543 409 1656 438 tandem
1668 408 1791 446 partibus
1799 408 1960 439 adolescens
1971 409 2127 444 occubuit..
2147 410 2212 441 Fuit
2225 416 2319 441 autern
2330 414 2450 452 discipu.

1336 445 1379 475 lus
1391 447 1533 475 Ciceronis
1548 446 1589 476 De
1601 447 1693 483 quoin
1706 446 1800 476 Bruto.

1313 489 1537 551 ἳΑεεΙι-ῑέκυε,
1559 494 1590 519 a,
1612 493 1670 514 um.
1694 485 1756 521 Adj.
1778 490 1825 520 ut,
1847 483 2001 514 Crassianus
2025 485 2184 521 exercitus,
2205 486 2224 516 i.
2238 495 2264 516 e.
2287 486 2381 517 Crassi.
2403 488 2450 519 Pa.

1332 532 1385 551 erc.
1415 533 1420 550 i
1445 532 1490 552 .2.
1505 528 1549 555 82.

1281 557 1326 587 Ca
1340 565 1380 593 Δις
1391 570 1404 589 s
1414 570 1430 588 υ
1440 570 1451 589 s
1465 582 1473 595 ‚
1494 569 1510 589 a
1520 581 1528 594 ‚
1549 569 1605 588 um.
1631 559 1691 596 Adj.
1714 561 1836 595 [meniis.
1849 557 1992 594 παχνλὶς]
2013 560 2100 589 modo
2112 560 2216 599 Pingue
2226 561 2376 600 fignificat,
2391 573 2452 593 mo.

1318 596 1356 625 do
1369 597 1491 626 Densum
1509 599 1536 627 δι
1550 596 1670 634 spissum.
1711 597 1745 626 Et
1768 607 1833 626 cum
1851 598 1886 626 ad
1908 598 2136 634 Conlistentiam,
2158 609 2241 637 quam
2265 608 2384 638 vocant,
2403 602 2451 632 seu

1318 640 1534 669 temperaturam
1546 656 1554 668 ‚
1576 641 1636 664 tum
1646 635 1680 664 ad
1691 635 1848 664 mensuram
1861 645 2011 673 corporum
2025 637 2151 667 refertur.

1320 673 1410 702 Crassa
1422 675 1447 703 δι
1462 673 1577 710 Liquida
1593 694 1600 706 ‚
1622 674 1759 702 contraria
1771 673 1841 702 sunt.
1867 673 1974 703 Lucret.
1993 674 2041 704 lib.
2054 685 2081 711 4.
2093 684 2156 712 351.

1319 712 1374 740 Aer
1383 710 1482 740 crassus
1491 713 1517 740 &
1527 717 1684 739 concretus.
1726 711 1785 740 Cic.
1804 721 1827 740 1.
1841 710 1924 740 Tusc.
1936 721 1982 746 4²·

1322 749 1373 776 Aer
1384 748 1566 778 crassissimus.
1589 748 1647 777 Cic.
1661 758 1687 779 2.
1706 748 1742 777 de
1753 749 1815 778 Nat.
1830 748 1912 778 Deor.
1930 759 1971 785 17.

1320 785 1409 816 Natus
1420 787 1448 816 in
1458 785 1543 815 crasso
1557 795 1628 814 aere.
1651 785 1720 816 Hor.
1733 796 1760 816 2.
1776 786 1859 824 Epist.
1882 796 1903 816 1.
1915 796 1980 822 244.

1414 825 1543 854 Boeott'im
1556 825 1584 852 in
1594 823 1679 852 crasso
1692 824 1793 859 jurares
1802 834 1865 854 aere
1876 832 1982 854 natum.
2066 825 2084 854 i.
2095 835 2119 854 e.
2142 825 2182 855 Ita
2191 826 2304 857 stultum
2314 849 2322 863 ,
2343 834 2374 858 ut
2387 827 2453 859 eum

1341 861 1449 891 diceres
1461 868 1556 892 natum
1568 862 1595 890 in
1602 856 1723 891 Boeotia.
1735 862 1837 897 Crasso,
1850 863 1895 891 i.e.
1908 862 2014 892 Crassos
2025 864 2050 892 8<
2063 863 2177 893 hebetes
2188 865 2453 905 facientel'orphyr.

1321 899 1394 936 Agri.
1438 900 1496 929 Cic.
1509 909 1560 937 pro
1571 899 1660 929 Flacc.
1676 908 1720 935 71.
1744 899 1872 928 Omnino
1884 900 1997 930 mallem
2008 922 2016 934 ‚
2039 902 2064 930 ἅ
2077 903 2164 939 magis
2176 910 2234 931 erat
2246 910 2325 932 tuum
2335 904 2351 932 ii
2361 906 2455 941 jamte

1341 937 1484 1004 crass}agri
1494 937 1687 973 delectabant,
1709 936 1755 966 hic
1773 938 1876 967 alicubi
1894 939 1922 967 in
1942 938 2139 976 Crustumino⁷
2160 941 2248 970 autin
2261 942 2394 980 Capenati
2407 952 2455 982 pa-

1342 984 1397 1004 ravi
1422 985 1460 1005 es.

1325 1013 1409 1050 Aqua.
1432 1013 1518 1043 Ovid.
1535 1021 1559 1048 3.
1583 1013 1673 1042 Amor.
1688 1015 1714 1042 6.
1731 1017 1757 1045 8.

1418 1051 1451 1080 Et
1462 1051 1536 1088 turpi
1546 1051 1642 1080 crassas
1654 1051 1765 1088 gurgite
1776 1050 1864 1080 volvis
1877 1060 1970 1088 aquas.
2084 1052 2206 1082 Martial.
2217 1053 2267 1084 lib.
2281 1064 2324 1085 12.
2335 1058 2381 1085 26.

1421 1089 1453 1118 Et
1466 1089 1569 1118 subitus
1579 1088 1669 1117 crassze
1681 1089 1789 1117 decidit
1799 1089 1887 1118 imber
1897 1099 1983 1126 aquae.

1326 1125 1432 1157 Caelum
1445 1127 1560 1156 crassum
1572 1129 1597 1156 Se
1610 1126 1706 1155 Tenue
1718 1149 1725 1160 ,
1748 1128 1894 1156 contraria.
1936 1128 1994 1156 Cic.
2008 1126 2043 1155 de
2053 1126 2120 1156 Fato
2131 1137 2156 1163 7.
2181 1129 2297 1159 Athenis
2310 1136 2395 1160 tenue
2405 1140 2456 1161 cae-

1345 1164 1405 1208 lum
1417 1187 1425 1200 ‚
1448 1174 1482 1194 ex
1498 1174 1553 1201 quo
1564 1166 1647 1208 etiam
1659 1165 1797 1194 acutiores
1815 1173 1948 1204 putantur
1959 1166 2057 1195 Attici.-
2078 1165 2196 1197 craffum
2217 1167 2342 1205 Thebis,
2363 1170 2457 1208 itaque

1347 1213 1466 1240 pingues
1479 1202 1608 1232 Thebani
1622 1205 1647 1232 δι
1661 1203 1796 1233 valentes.

1328 1241 1446 1279 Corpus.
1468 1241 1576 1270 Lucret.
1589 1240 1637 1270 lib.
1649 1244 1673 1269 6.
1687 1246 1751 1278 857.

1330 1278 1427 1309 Cruor.
1447 1279 1519 1317 Virg.
1538 1290 1561 1314 ς.
1582 1279 1642 1309 ffin.
1656 1283 1720 1314 469.

1329 1316 1467 1347 Flumina.
1491 1319 1557 1346 Stat.
1575 1327 1597 1346 1.
1615 1316 1700 1346 Achil.
1717 1322 1762 1354 87.

1329 1354 1431 1385 Lutum
1443 1354 1567 1385 crassum.
1592 1354 1661 1383 Cato
1677 1365 1736 1392 cap⁴
1753 1363 1798 1390 92.

1329 1393 1479 1423 Paludibus
1489 1393 1579 1423 crassis
1588 1392 1643 1421 alni
1657 1393 1815 1423 nascuntur.
1836 1391 1909 1431 Virg.
1922 1401 1948 1423 2.
1961 1392 2060 1431 Georg.
2076 1403 2140 1424 110.

1330 1431 1429 1461 Pulvis.
1451 1432 1518 1461 Stat.
1529 1436 1555 1461 6.
1570 1430 1661 1460 Theb.
1675 1435 1737 1464 816.

1329 1470 1454 1507 Sanguis.
1472 1469 1537 1499 Plin.
1549 1469 1596 1498 lib.
1611 1479 1621 1498 1
1631 1481 1651 1498 i.
1665 1479 1725 1507 cap.
1740 1474 1782 1504 38.
1797 1467 1966 1499 Animalium
1976 1469 2101 1506 fortiora,
2110 1469 2211 1507 quibus
2218 1469 2328 1511 sanguis
2336 1472 2458 1506 craffior.

1329 1507 1435 1538 Sanies.
1459 1507 1557 1537 Claud.
1572 1518 1594 1536 2.
1609 1508 1644 1536 de
1656 1507 1736 1545 Rapt.
1749 1506 1869 1544 proserp.
1883 1515 1947 1538 212.

1330 1545 1433 1576 Telum
1444 1545 1585 1583 sanguine.
1607 1546 1673 1575 Stat.
1688 1555 1713 1574 2.
1737 1545 1904 1580 Theb.659.

1329 1583 1430 1620 Terra,
1451 1583 1607 1614 crassissima
1618 1583 1693 1621 regio
1708 1583 1815 1614 mundi.
1839 1582 1897 1613 Cic.
1913 1592 1939 1613 2.
1951 1583 1986 1613 de
2000 1584 2065 1614 Nat.
2079 1583 2163 1615 Deor.
2182 1593 2225 1623 17.

1331 1621 1486 1653 Venenum.
1509 1622 1557 1652 Sil.
1570 1621 1619 1652 lib.
1638 1630 1676 1657 13.
1697 1631 1757 1657 57¹·

1424 1660 1541 1729 gastim
1550 1660 1592 1690 his
1606 1660 1732 1690 Acheron
1744 1658 1819 1690 sanie
1831 1680 1840 1695 ‚
1860 1658 2002 1698 crassoque
2013 1668 2126 1690 veneno

1483 1705 1538 1729 uat.

1330 1737 1523 1774 Unguentum.
1546 1735 1614 1766 Hor.
1628 1736 1664 1766 de
1675 1736 1737 1766 Arte
1749 1735 1823 1765 Poet.
1837 1742 1901 1774 375.

1332 1775 1448 1812 Caligo,
1469 1774 1622 1805 Translate.
1644 1773 1702 1804 Cic.
1722 1784 1745 1804 1.
1763 1772 1846 1803 Tusc.

1331 1814 1457 1850 Caligine
1467 1813 1658 1850 crassusignis.
1691 1813 1708 1842 i.
1721 1822 1745 1842 e.
1769 1811 1866 1841 Fumo.
1889 1810 1999 1849 Virg.2.
2012 1811 2113 1851 Georg.
2126 1819 2190 1850 309.

1332 1852 1468 1882 Tenebrae
1480 1851 1578 1881 crassae.
1602 1851 1660 1880 Cic.
1671 1861 1698 1886 4.
1715 1849 1796 1880 Acad.
1812 1858 1874 1880 122.

1334 1890 1447 1920 Umbra.
1470 1889 1517 1919 Sil.
1537 1890 1583 1918 lib.
1599 1899 1623 1925 7.
1643 1892 1707 1924 698.

1333 1928 1459 1964 Crassus,
1479 1928 1515 1957 ad
1532 1927 1755 1965 magnitudinem
1778 1924 1915 1961 relatum,
1941 1924 1988 1955 seu
2005 1924 2113 1954 molem
2134 1934 2286 1965 corporum
2308 1936 2341 1959 ac
2361 1927 2468 1960 diame-

1354 1974 1429 1996 trum
1443 1989 1451 2001 ,
1473 1973 1504 1995 ut

1334 2004 1454 2034 Arbores
1465 2004 1552 2042 pedes
1559 2004 1639 2033 duos.
1662 2002 1730 2032 Cato
1741 2011 1802 2040 cap.
1818 2007 1862 2035 18-

1335 2043 1439 2072 Aurum
1449 2041 1573 2071 crassum.
1598 2041 1758 2071 Lucan.lib.
1774 2050 1815 2069 10.
1836 2047 1896 2076 113.
1926 2039 1944 2068 i.
1960 2048 1985 2069 e.
2007 2038 2237 2071 Laminaeaureae.

1335 2080 1430 2110 Buxus
1443 2080 1600 2109 crassissima
1610 2081 1639 2109 in
1651 2080 1767 2108 Corsica.
1792 2078 1859 2107 Plin.
1878 2081 1921 2107 16.
1939 2081 1981 2108 16.

1336 2119 1504 2156 Compedes.
1529 2118 1613 2147 l'laut.
1627 2116 1721 2146 Pseud.
1735 2127 1761 2152 4.
1775 2125 1799 2151 7.
1815 2121 1860 2150 80.

1416 2157 1514 2186 Suram
1526 2156 1572 2185 ubi
1581 2155 1695 2192 aspicias
1704 2177 1712 2189 ,
1733 2154 1801 2184 scias
1812 2163 1877 2183 eum
1888 2153 1967 2192 poffe
1977 2162 2072 2191 gerere
2086 2152 2184 2184 crassas
2195 2155 2359 2193 compedes.

1336 2194 1460 2232 Farrago.
1485 2194 1556 2229 Virg.
1572 2203 1596 2229 3.
1612 2193 1788 2229 Georg.2o5.

1430 2232 1505 2262 Tum
1518 2233 1631 2261 demum
1643 2230 1725 2260 crassa
1737 2237 1867 2267 magnum
1879 2228 2015 2266 farragine
2028 2238 2132 2265 corpus
2143 2251 2151 2264 ,
2169 2230 2221 2260 &a
2276 2231 2311 2262 de
2323 2231 2410 2270 Equo.

1337 2270 1432 2301 Homo
1442 2270 1551 2300 crassus.
1575 2269 1638 2299 Ter.
1654 2269 1722 2298 l-lec.
1735 2278 1758 2304 3.
1769 2280 1794 2304 4.
1806 2271 1852 2297 26.

1420 2308 1558 2345 Magnus,
1579 2307 1751 2337 rubicundus
1764 2327 1772 2341 ,
1794 2304 1919 2342 crispus,
1940 2304 2057 2338 crassus,
2079 2304 2180 2334 caesius.

1338 2346 1546 2381 Infortunium‚
1569 2345 1704 2381 Magnum
1717 2366 1724 2378 ,
1746 2344 1884 2373 translate.
1910 2341 1993 2371 Plaut.
2011 2343 2081 2371 Rud.
2095 2352 2119 2378 3.
2138 2353 2160 2376 ς.
2176 2351 2219 2379 53.

1420 2384 1498 2421 Quid
1513 2383 1552 2412 est
1565 2384 1639 2418 quod
1650 2383 1783 2412 caveam?
1806 2392 1820 2410 1.
1830 2391 1855 2409 ο,
1880 2380 1963 2409 ehem
1975 2390 1990 2410 a
2002 2381 2088 2410 craiso
2101 2381 2266 2412 infortunio.

1339 2422 1464 2453 Maceria
1475 2444 1483 2457 ‚
1505 2421 1612 2451 Crassus
1623 2421 1720 2459 paries.
1743 2420 1811 2449 Cato
1822 2429 1883 2456 cap.
1898 2429 1939 2454 ις.

1339 2460 1510 2491 Molecrassa
1522 2460 1574 2489 leo.
1605 2461 1623 2488 i.
1636 2469 1659 2488 e.
1686 2458 1804 2495 Pinguis.
1826 2457 1925 2486 Claud.
1937 2466 1963 2487 2.
1975 2456 2006 2485 in
2018 2456 2133 2495 Eutrop.
2149 2465 2211 2496 377.

1340 2498 1431 2529 Postes
1443 2498 1529 2528 crassi.
1553 2498 1635 2526 Plaut.
1653 2497 1730 2526 Most.
1745 2505 1768 2532 3.
1781 2505 1806 2525 2.
1822 2504 1883 2531 135.

1340 2537 1447 2567 Radice
1457 2536 1539 2566 crassa
1547 2536 1648 2565 frutex.
1671 2534 1740 2565 Plin.
1754 2543 1795 2564 12.
1811 2542 1855 2564 12.

1339 2575 1429 2614 Toga.
1452 2576 1519 2605 Hor.
1536 2584 1558 2604 1.
1571 2574 1658 2605 Serm.
1673 2582 1697 2609 3.
1714 2582 1755 2608 ¹5-

1614 2628 1651 2632 —
1663 2613 1761 2648 &toga
1771 2619 1833 2648 quae
1844 2607 1999 2640 defendere
2007 2607 2095 2646 frigus

1360 2689 1387 2719 d·
1433 2649 1568 2718 Quaffvis
1583 2649 1666 2680 crassa
1677 2654 1769 2687 queat.
1883 2646 1967 2684 [Nisi
1985 2647 2153 2685 intelligitur
2164 2647 2257 2685 potius
2267 2647 2399 2686 Unguine
2418 2649 2473 2680 sor.

1381 2699 1438 2719 ium
1454 2699 1498 2718 cra
1523 2698 1547 2719 a.

1341 2727 1464 2762 Crassus,
1486 2722 1710 2763 [πκχόδὲξμῶα]
1731 2734 1782 2763 pro
1801 2723 1894 2754 Stulto
1909 2723 1936 2754 &
1954 2722 2056 2753 hebeti.
2096 2722 2181 2752 Varro
2198 2723 2324 2761 Sexages.
2351 2725 2470 2756 Senibus

1358 2765 1449 2795 crassis
1459 2763 1559 2794 humili
1572 2773 1629 2793 non
1641 2763 1762 2793 vidimus
1776 2762 1842 2799 quid
1852 2761 1908 2791 siat.
1932 2761 1962 2791 V.
1985 2761 2112 2791 Nonium
2123 2770 2150 2790 2.
2168 2770 2229 2798 137.

1341 2802 1432 2834 Crassa
1444 2803 1570 2833 Minerva
1581 2802 1682 2831 dicitur
1701 2800 1806 2838 aliquid
1829 2800 1905 2835 fieri,
1927 2799 2005 2836 quod
2028 2799 2202 2829 Inconditius
2215 2821 2224 2834 ‚
2246 2799 2470 2838 simpliciusque,

1360 2840 1639 2879 quasiqueindot‘tius
1648 2839 1697 2874 fit,
1720 2849 1777 2868 non
1789 2845 1883 2868 autem
1896 2837 2028 2875 exquifita
2040 2844 2113 2872 arte,
2135 2846 2188 2866 nec
2207 2837 2375 2867 exastiffima
2393 2848 2467 2870 cura.

1360 2880 1432 2909 Hor.
1444 2888 1469 2908 2.
1481 2879 1570 2908 Serm.
1583 2888 1608 2908 2.
1624 2886 1647 2913 3.
1670 2876 1792 2914 Quintil.
1806 2876 1855 2906 lib.
1868 2885 1892 2911 1.
1907 2885 1948 2905 10.
1961 2875 1996 2904 de
2008 2875 2129 2910 Musica,
2150 2875 2246 2910 &ejus
2257 2875 2386 2906 laudibus
2397 2898 2405 2912 ‚
2427 2877 2471 2906 Li-

1360 2917 1534 2955 betpropter
1547 2915 1679 2953 quosdam
1697 2915 1900 2954 imperitiores,
1930 2914 2013 2943 etiam
2028 2913 2157 2943 crassiore
2179 2913 2234 2949 (ut
2252 2915 2374 2952 vocant)
2393 2915 2471 2946 musa

1360 2956 1565 2985 dubitationem
1578 2954 1662 2989 hujus
1675 2954 1801 2989 utilitatis
1812 2953 1944 2982 eximere.

1341 2994 1473 3032 Compar.
1494 2999 1544 3029 ut,
1565 2992 1700 3023 Crassiora
1710 2992 1825 3059 nogiipa
1836 2990 1911 3028 apud
1921 2988 2039 3019 Mattial.
2052 2988 2102 3019 lib.
2121 2997 2163 3019 12.
2183 2993 2227 3024 18.

1606 3034 1609 3039 “
1702 3047 1739 3052 -
1761 3030 1787 3058 'e
1800 3028 1896 3059 tiberis

1435 3069 1503 3100 Haec
1513 3068 1576 3099 sunt
1589 3069 1704 3099 nomina
1714 3067 1840 3098 crassiora
1853 3066 1942 3096 terris.

1341 3108 1428 3139 Arbor
1439 3107 1549 3137 crassior
1560 3109 1684 3146 quinque
1695 3107 1796 3145 digitis.
1819 3104 1887 3134 Plin.
1903 3112 1945 3140 17.
1963 3111 2007 3132 11.

1341 3145 1449 3185 Superi,
1475 3149 1524 3174 Aer
1535 3145 1716 3175 crassissimus.
1740 3144 1798 3174 Cic.
1811 3153 1837 3173 2.
1849 3142 1884 3172 de
1896 3142 1960 3172 Nat.
1972 3139 2055 3170 Deor.
2070 3147 2114 3177 17.

1342 3185 1445 3214 Cortex
1454 3183 1637 3214 crassissimus.
1661 3184 1728 3213 Plin.
1745 3186 1785 3212 16.
1801 3185 1827 3211 6.

1306 3222 1503 3258 Cussum,
1525 3223 1543 3251 i.
1564 3232 1591 3251 n.
1614 3222 1681 3251 Hor.
1696 3230 1721 3250 2.
1739 3221 1823 3250 Serm.
1839 3229 1864 3255 4.
1880 3226 1923 3254 ς2.

1422 3260 1567 3291 Nocturna
1577 3282 1586 3295 ,
1608 3260 1626 3289 si
1640 3260 1706 3297 quid
1717 3257 1794 3288 crassi
1802 3257 1857 3291 est,
1879 3254 2039 3285 tenuabitur
2049 3263 2123 3283 aura.

1303 3298 1461 3334 CssAssn,
1484 3298 1551 3328 Λᾶν,
1579 3298 1749 3334 [mxima]
1769 3294 1906 3325 Columel.
1922 3293 1970 3323 llb.
1988 3302 2029 3322 12.
2043 3301 2102 3330 cap.
2117 3300 2163 3328 43.
2184 3289 2250 3320 Lata
2274 3290 2336 3321 vasa
2359 3292 2389 3322 in
2409 3303 2471 3324 mo.

1343 3337 1412 3381 dum
1423 3337 1578 3381 patinarum
1590 3336 1648 3365 fieri
1658 3334 1788 3372 jubebat:
1810 3342 1898 3371 eaque
1906 3330 2071 3361 intrinsecus
2082 3332 2107 3360 ἃ
2118 3329 2291 3359 extrinsecus
2300 3330 2385 3361 crasse
2395 3333 2472 3371 pica.

1342 3384 1469 3443 rCLrasseeS}
1479 3374 1605 3448 isillssgsde
1617 3410 1804 3448 compositum
1815 3407 1930 3446 aliquid.
1954 3407 2020 3436 Hor.
2034 3415 2059 3435 2.
2077 3405 2160 3443 Epist.
2175 3414 2199 3435 1.
2209 3407 2253 3441 76.

1342 3451 1473 3488 Compar.
1516 3450 1584 3480 Plin.
1599 3459 1642 3485 37.
1656 3459 1680 3483 7.
1704 3448 1824 3478 feminae
1836 3447 1968 3486 pigriores
1977 3445 2055 3480 sunt,
2077 3446 2103 3474 ἃ,
2115 3443 2225 3472 crassius
2240 3442 2341 3473 nitent.

1342 3489 1442 3518 Virens
1453 3488 1572 3518 crassius.
1595 3488 1671 3518 ldem
1691 3496 1732 3523 17.
1746 3492 1771 3520 8.

1306 3527 1402 3558 CRAs
1413 3537 1533 3556 sirius
1544 3548 1552 3561 ,
1575 3527 1609 3555 δί.
1627 3526 1646 3555 f.
1671 3524 1750 3562 Apul.
1764 3534 1790 3560 7.
1808 3523 1878 3554 Met.
1892 3532 1933 3560 pr.
1955 3520 2052 3550 Pectus
2065 3520 2090 3549 6<
2105 3524 2202 3548 venter
2215 3519 2332 3549 crustata
2348 3519 2469 3551 crassitie

1343 3565 1526 3595 reludtabant.
1564 3563 1595 3593 V.
1618 3564 1700 3592 etiam
1714 3561 1823 3592 Labbaei
1835 3560 1920 3590 Gloss.
1935 3569 1969 3588 ex
1981 3567 2035 3588 vet.
2047 3558 2152 3587 Onom.

1303 3603 1381 3634 CBA
1392 3613 1403 3632 3
1414 3612 1425 3632 s
1436 3613 1445 3631 1
1455 3612 1473 3631 T
1482 3607 1499 3631 ῡ
1509 3612 1527 3630 D
1536 3612 1553 3631 0
1565 3623 1572 3636 ‚
1591 3603 1656 3631 ῑῃῑς,
1679 3601 1696 3630 f,
1721 3597 1886 3637 [παχύτης]
1909 3597 1974 3626 ΡΙίη.
1996 3596 2046 3625 lib.
2058 3605 2100 3625 11.
2121 3604 2181 3633 cap.
2197 3603 2241 3631 39.
2263 3593 2471 3634 Hippopotami

1343 3642 1411 3670 corii
1421 3640 1568 3669 crassitudo
1577 3639 1638 3668 talis
1648 3661 1656 3674 ,
1678 3639 1782 3668 utinde
1794 3643 1939 3666 tornentur
1949 3634 2039 3664 hastae.

1343 3680 1418 3709 Aeris
1427 3678 1583 3707 crassitudo.
1606 3677 1664 3706 Cic.
1682 3687 1703 3706 r.
1725 3677 1763 3705 de
1777 3675 1867 3704 Divin.
1880 3683 1924 3709 93.
2144 3708 2149 3713 .
2171 3708 2178 3714 .

1341 3717 1479 3747 Parietum
1489 3715 1637 3745 crassitudo
1648 3715 1770 3752 quinque
1780 3713 1894 3751 pedum.
1919 3710 1983 3740 Caes.
1997 3719 2022 3739 2.
2039 3708 2107 3739 Bell.
2119 3706 2199 3752 Civil.
2211 3712 2236 3741 8.

1342 3753 1463 3786 Feminis
1472 3752 1650 3782 crassitudine
1663 3774 1671 3789 ,
1692 3752 1726 3781 ab
1738 3751 1844 3781 summo
1852 3749 1984 3788 praeacuti
1995 3749 2020 3778 δι
2030 3747 2140 3786 praeustr
2155 3746 2259 3784 stipites
2269 3751 2380 3776 teretes.
2400 3746 2465 3777 Caes

1383 3817 1387 3821 .
1401 3791 1468 3821 Bell.
1481 3791 1549 3820 Gall.
1563 3802 1577 3809 ··
1601 3812 1608 3820 .

1341 3802 1464 3860 Psinstus
1475 3851 1483 3864 ‚
1504 3829 1534 3859 In
1547 3800 1601 3866 qsib
1613 3827 1689 3856 nulla
1699 3826 1815 3855 omnino
1831 3824 1980 3855 crassitudo
1989 3824 2028 3853 sit.
2052 3822 2111 3852 Cic.
2124 3833 2150 3857 4.
2169 3821 2330 3865 Acad3116.

1342 3867 1555 3898 Cralsitudinem
1573 3865 1683 3901 mellis,
1705 3874 1753 3894 aut
1771 3864 1837 3895 visci
1857 3863 1978 3893 referens
2004 3861 2115 3890 humor.
2148 3859 2217 3890 Cels.
2240 3859 2288 3888 lib.
2302 3869 2325 3895 ς.
2347 3868 2407 3896 cap.
2419 3864 2464 3894 28.

1360 3907 1437 3944 §1³-

1305 3944 1327 3975 C
1337 3954 1353 3973 a
1365 3955 1384 3973 A
1394 3953 1406 3973 s
1414 3953 1426 3973 s
1435 3946 1451 3972 ἓ
1463 3953 1480 3973 n
1488 3953 1505 3973 ο
1516 3964 1524 3979 ,
1544 3943 1608 3972 ἴηίε.
1631 3942 1651 3971 f.
1674 3940 1801 3978 Fulgent.
1815 3938 1851 3969 de
1862 3939 1942 3968 Cent.
1953 3937 2022 3974 virg.
2045 3936 2163 3974 Adipata
2173 3932 2294 3963 crassedo
2305 3933 2418 3970 ingenii.

2360 3971 2470 4002 Cens-
