2600 4177
429 138 458 174 C
555 140 590 175 O
690 139 722 175 G

68 222 101 254 In
110 223 261 253 cruciatum
270 230 376 260 cogere.
399 220 485 250 Plaut.
499 220 567 251 Pers.
584 232 607 256 ς.
618 230 644 250 2.
654 231 680 257 9.

108 261 200 298 Quem
221 261 279 326 pols
288 270 340 296 ego
355 281 363 294 ‚
387 265 418 288 ut
435 268 492 287 non
512 260 541 288 in
556 260 729 295 cruciatum,
755 266 838 296 atque
855 260 883 289 in
900 259 1051 298 compedes
1071 269 1169 297 cogam
1181 280 1191 295 ‚

274 307 390 325 1v1vam.

71 336 103 366 ln
113 335 280 365 curriculum
291 334 432 363 semihorae
443 343 550 370 cogere.
591 334 648 364 Cic.
667 345 718 372 pro
740 335 829 364 Rabir.
843 339 868 365 6.
896 336 981 365 Nunc
998 335 1140 371 quoniam,
1153 334 1187 364 T.

90 373 210 402 Labiene
220 395 227 406 ,
249 373 398 408 diligentia:
408 381 475 399 meae
489 373 622 408 temporis
634 373 763 409 angustiis
774 374 908 406 obstitisti,
931 383 1031 409 meque
1042 395 1049 406 ,
1071 382 1105 401 ex
1117 382 1193 401 com-

89 418 184 448 parato
199 412 223 439 &
238 410 387 439 constituto
397 408 483 446 spatio
494 408 672 445 defensionis,
694 411 723 439 in
735 410 877 441 semihora:
889 410 1059 441 curriculum
1068 410 1193 447 coegisti.

71 448 103 477 ln
115 448 223 477 cursum
233 447 402 476 verberibus.
425 446 489 475 Plin.
503 446 549 475 lib.
565 453 591 481 8.
614 457 675 485 cap.
687 457 732 485 43.

71 486 104 516 In
116 485 247 522 lacrymas
260 485 330 518 cogi.
354 484 475 513 Ovid.in
488 484 547 513 lbin
559 507 566 519 ,
590 489 654 514 206.

72 524 103 553 In
116 530 227 559 portum
243 523 338 550 navim
349 523 442 559 coegit
475 522 533 551 Cic.
548 532 572 552 2.
591 523 626 552 de
637 522 746 552 Invent.
759 528 804 558 98.

71 561 104 591 In
114 561 246 590 Senatum
256 560 326 595 cogi.
368 560 426 589 Cic.
440 569 461 588 i.
474 559 574 598 Philip.
594 571 635 590 ri.
658 561 735 597 Quid
747 561 860 590 tandem
873 567 930 590 erat
942 560 1029 591 causae
1043 570 1092 591 cur
1109 561 1137 590 in
1150 560 1198 591 Se-

91 605 188 627 natum
199 597 326 626 hesterno
336 597 448 626 dietam
459 598 555 627 acerbe
565 598 637 627 solus
650 599 786 635 cogerer‘.>

72 635 103 667 1n
115 635 250 665 thalamos
259 635 376 670 alicujus
389 636 499 672 cogitur
509 636 617 671 mulier,
629 636 680 665 Cui
693 637 777 665 invita
785 636 875 666 nubit.
889 636 978 666 Valer.
988 646 1015 674 7.
1025 637 1194 674 Argon.239.

166 673 262 702 Cernis
273 681 303 701 ut
318 673 413 702 infelix
423 673 560 703 thalamos
570 684 622 711 ego
633 683 716 712 cogar
728 675 757 703 in
768 674 842 703 illos.

71 711 104 742 In
120 711 235 741 turbam.
263 711 328 740 Hor.
346 721 368 740 1.
387 711 472 740 Serm.
487 723 513 746 4.
529 722 589 746 14¹-

168 748 260 778 Multa
271 755 416 785 poetarum
426 750 519 778 veniat
529 759 627 779 manus
638 771 646 784 ‚
667 748 827 786 auxilioque

164 786 205 815 Sit
218 787 286 815 milii
299 796 306 816 :
328 797 392 816 nam
403 786 492 816 multo
504 787 596 825 plures
607 787 717 816 sumus:
740 797 772 816 ac
783 810 791 821 ‚
813 787 898 817 veluti
909 794 938 818 te

164 824 265 860 Jndaei,
285 834 416 861 cogemus
436 826 464 853 in
479 825 550 854 hanc
567 826 724 855 concedere
738 826 856 854 turbam.
984 824 1084 855 Sensus
1094 825 1149 855 est:
1169 824 1199 855 Si

91 863 235 902 poeticum
245 863 295 891 tibi
307 863 434 900 displicet
447 864 565 892 studium
577 886 585 898 ‚
607 865 734 901 &poetae
748 863 800 891 tibi
811 863 888 892 invisi
900 862 977 897 sunt,
999 871 1029 892 ut
1047 864 1132 901 vulgo
1151 862 1199 899 Ju-

90 901 167 930 daeos
184 901 316 930 omnibus
339 901 499 930 hominibus
515 902 659 936 videmus,
681 910 732 929 nos
748 909 838 939 poetae
852 923 860 936 ‚
883 902 929 938 qui
953 901 1064 938 plurimi
1088 902 1197 936 sumus,

93 937 304 977 pertinacesque
317 961 324 972 ,
346 938 474 973 utJudaei
488 940 516 968 in
531 939 665 976 religione
684 938 730 967 sua
747 941 773 968 ἂ
789 939 961 968 caeremoniis
974 961 982 973 ‚
1004 940 1042 968 ita
1061 940 1089 968 in
1108 939 1198 968 studio

92 977 206 1014 poetico
218 978 242 1005 Sc
255 977 394 1014 proposito
405 977 495 1006 sumus
507 999 516 1011 ‚
536 987 594 1006 non
609 977 695 1006 modo
711 986 769 1005 non
788 977 824 1006 de
845 976 983 1006 sententia
1005 977 1197 1013 deducemur,

91 1014 139 1044 sed
150 1021 177 1043 te
190 1014 261 1043 ultro
271 1015 305 1043 ad
320 1023 415 1052 poetas
425 1015 601 1044 traducemus
617 1036 625 1049 ‚
647 1016 674 1044 δε
691 1024 779 1043 unum
789 1024 804 1044 e
816 1014 896 1043 turba
915 1021 1061 1051 poetarum
1074 1037 1082 1049 ,
1104 1025 1199 1052 quam-

92 1053 134 1081 vis
146 1053 263 1081 invitum
273 1074 281 1086 ‚
303 1053 453 1082 reddemus
464 1075 472 1088 ,
494 1060 525 1082 ut
536 1053 606 1082 illud
619 1052 739 1081 studium
751 1054 826 1089 quod
838 1052 979 1090 improbas
997 1053 1112 1091 posthac
1126 1053 1201 1082 cele-

92 1089 220 1119 braturus
232 1090 409 1128 culturusque
419 1090 451 1120 sis
461 1112 468 1125 ‚
490 1092 517 1120 Sc
529 1091 652 1120 carmina
662 1090 820 1127 scripturus.
853 1091 898 1120 Sic
908 1089 1066 1120 Turnebus.

75 1127 146 1164 Cogi
159 1127 271 1164 aliquo,
292 1129 309 1157 i.
323 1138 347 1157 e.
372 1128 541 1158 Necessitate
559 1129 651 1166 adigi,
681 1134 729 1157 aut
743 1129 877 1167 compelli
896 1128 932 1158 ad
955 1127 1050 1158 locum
1067 1128 1198 1166 aliquem.

93 1166 160 1196 Hor.
173 1166 300 1195 2.Carm.
319 1175 341 1202 3.
357 1176 401 1201 ²5-

166 1204 275 1233 Omnes
287 1205 388 1234 eodem
400 1205 534 1241 cogimur.

74 1242 111 1308 Irl'
117 1247 215 1271 tenues
226 1243 289 1309 Yobgi
301 1242 371 1272 lares
383 1264 392 1277 ,
412 1242 560 1280 Angustam
575 1241 677 1272 habere
694 1241 811 1272 domum
824 1265 832 1278 ‚
854 1252 912 1272 non
929 1242 1074 1273 abundare
1085 1242 1201 1273 divitiis.

114 1289 144 1308 ro
167 1289 216 1308 ert.
241 1291 247 1309 i
271 1286 438 1314 ·⁴·1-128·

73 1290 219 1348 Hortiiri&
233 1318 357 1356 Cogere,
378 1317 493 1347 diversa.
535 1318 594 1348 Cic.
614 1327 638 1355 3.
661 1317 721 1348 Off.
736 1327 779 1354 35.
802 1317 878 1348 Num
890 1325 917 1348 te
926 1327 1018 1349 emere
1028 1318 1131 1356 coegit,
1153 1318 1200 1356 qui

91 1365 126 1384 ne
138 1356 265 1385 hortatus
276 1357 388 1392 quidem
400 1356 459 1385 est?

74 1393 217 1431 Cogerein
228 1394 375 1424 mollitiem
386 1394 465 1424 lance.
503 1392 573 1423 Plin.
583 1392 631 1422 lib.
648 1403 689 1429 ¹9·
704 1394 732 1422 in
743 1404 863 1432 prooem.
885 1394 921 1424 de
939 1393 990 1423 lini
1010 1401 1126 1430 natura,
1147 1394 1201 1424 De-

93 1433 179 1468 nique
191 1439 247 1461 tam
264 1442 349 1469 parvo
365 1432 470 1461 semine
484 1431 574 1466 nasci,
596 1433 673 1469 quod
693 1431 790 1461 orbern
811 1439 960 1467 terrarum,
983 1433 1056 1462 ultro
1075 1433 1201 1469 citroque

91 1477 185 1508 portet
201 1492 209 1503 ,
231 1476 287 1499 tarn
298 1470 391 1507 gracili
401 1479 488 1499 avena
499 1491 507 1505 ‚
529 1476 586 1499 tam
595 1479 654 1499 non
667 1469 722 1499 alte
732 1480 746 1498 a
757 1478 828 1499 terra
838 1471 916 1500 tolli:
940 1480 1032 1506 neque
1051 1471 1082 1500 id
1097 1471 1201 1500 viribus

92 1507 146 1537 suis
156 1508 246 1543 necti,
265 1507 311 1537 sed
328 1508 432 1545 passum
449 1507 596 1544 tusumque
607 1510 632 1538 ὁὶ
642 1508 671 1537 iri
686 1507 834 1538 mollitiem
848 1509 916 1538 lariae
925 1510 1063 1538 coactum.

74 1547 147 1584 Apes
159 1546 200 1576 bis
208 1547 336 1583 gravidos
351 1554 456 1584 cogunt
471 1546 574 1581 foetus,
594 1546 700 1584 Apibus
719 1547 829 1583 gemina
847 1547 885 1576 est
906 1547 1080 1581 foecunditas
1101 1545 1203 1576 mellis.

93 1584 166 1622 Virg.
181 1596 206 1620 4.
221 1585 320 1622 Georg.
334 1594 397 1621 231.
418 1585 537 1614 Servius.

73 1622 163 1653 Verba
173 1632 273 1659 cogere
283 1623 311 1652 in
322 1623 409 1661 pedes
427 1645 435 1657 ‚
458 1622 635 1659 Componere
649 1622 750 1651 versus.
775 1621 858 1651 Ovid.
874 1631 898 1658 3.
918 1622 999 1652 Trist.
1011 1631 1038 1658 7.
1054 1631 1097 1651 10.

74 1660 218 1698 Coguntur
230 1670 346 1697 carnes,
368 1660 620 1697 Conglutinantur‚
645 1659 843 1690 cohaerescunt.
866 1660 935 1691 Plin.
950 1660 998 1690 lib.
1014 1669 1060 1697 27.
1073 1669 1134 1699 cap.
1154 1669 1198 1691 10.

75 1698 200 1736 Cogere,
222 1699 363 1736 [σφηνὲν]
383 1698 503 1737 Spissum
511 1698 609 1728 facere.
632 1698 740 1735 Virga.
758 1698 857 1736 Georg.
871 1702 916 1735 36.

462 1753 499 1757 —-
508 1746 572 1766 nam
583 1736 683 1774 frigore
693 1735 776 1765 mella

156 1774 238 1812 Cogit
250 1774 341 1804 hiems
350 1796 359 1810 ‚
379 1775 533 1812 eademque
543 1774 618 1804 calor
627 1774 773 1812 liquefaeta
786 1775 912 1806 remittit.

74 1813 109 1844 In
121 1812 225 1842 nubem
235 1813 343 1850 cogitur
352 1822 407 1842 aer.
431 1813 503 1850 Virg.
517 1824 540 1848 ς.
553 1812 613 1842 AEn.
626 1823 671 1842 πο.

74 1851 108 1880 In
120 1851 209 1880 nubes
220 1854 328 1888 cogitur
339 1861 385 1880 aer
395 1858 551 1880 concretus.
570 1850 628 1880 Cic.
640 1860 666 1880 2.
682 1850 717 1879 de
730 1850 792 1880 Nat.
806 1850 890 1880 Deor.
911 1860 972 1881 101.

75 1889 198 1926 Cogere,
223 1889 347 1926 estquod
359 1889 464 1918 Gallice
472 1889 590 1923 dicitur,
612 1890 683 1915 faire
692 1890 796 1923 prendre
807 1911 815 1923 ‚
837 1889 870 1921 (5-
885 1888 953 1926 faire
970 1889 1038 1916 tenir
1049 1910 1058 1924 ,
1079 1889 1106 1918 δι
1126 1886 1202 1925 quod

93 1927 192 1964 vulgus
208 1926 486 1965 pharmacopolarum
506 1927 593 1962 dicit,
616 1930 685 1953 Dare
702 1933 785 1962 corpus
802 1928 989 1955 medicamento.
1031 1926 1102 1956 Cels.
1114 1926 1162 1955 lib.
1174 1936 1202 1962 5.

93 1974 156 2032 gap.
173 1971 215 2000 18.
239 1965 350 2032 Ωυίὺυὲ
362 1966 488 2002 adjicitur
498 1964 632 2003 unguenti
640 1964 705 1993 irini
714 1972 850 2002 quantum
861 1964 923 1994 satis
933 1964 971 1994 est
986 1964 1021 1994 ad
1031 1974 1063 1994 ea
1073 1964 1204 1995 mollien-

115 2013 130 2032 a
142 2010 225 2040 atque
239 2013 328 2040 cogen
353 2013 377 2033 a.

75 2041 182 2079 Cogere
193 2041 236 2070 lac
249 2041 278 2070 in
291 2041 433 2071 duritiam.
473 2039 541 2070 Plin.
562 2041 610 2070 lib.
623 2049 740 2076 23.cap.
753 2049 778 2076 7.
811 2040 968 2079 Exceptum
989 2040 1038 2077 id,
1061 2042 1203 2070 coactum.

93 2089 148 2117 que
161 2080 190 2108 in
202 2079 333 2108 duritiam
344 2101 352 2113 ‚
371 2079 532 2109 suavitatem
542 2079 674 2108 carnibus
683 2078 774 2108 affert.

75 2117 145 2155 Cogi
153 2118 181 2146 in
190 2117 415 2154 magnitudinem
428 2116 508 2147 milii.
550 2117 618 2146 Plin.
632 2116 698 2146 lib.1
708 2127 730 2146 1.
744 2126 805 2154 cap.
820 2125 863 2153 32.
887 2115 978 2145 Multa
989 2122 1083 2146 autem
1098 2116 1202 2146 insecta

95 2157 120 2186 ἃ
131 2155 210 2185 aliter
227 2154 394 2189 nascuntur,
415 2164 497 2193 atque
507 2155 536 2184 in
548 2155 646 2193 primis
662 2165 696 2184 ex
712 2164 780 2184 rore.
823 2154 926 2184 insidet
938 2154 984 2183 hic
995 2154 1110 2192 raphani
1122 2154 1202 2189 folio,

92 2194 185 2232 primo
195 2203 269 2229 vere,
290 2194 317 2223 St
329 2193 452 2231 spissatus
464 2193 520 2223 sole
531 2194 560 2222 in
573 2193 796 2230 magnitudinem
814 2193 886 2222 milii
901 2194 1017 2231 cogitur.
1057 2192 1127 2223 Inde
1137 2202 1202 2232 por-

93 2232 189 2269 rigitur
201 2231 369 2261 vermiculus
381 2241 481 2270 parvus
492 2254 500 2267 ‚
523 2233 548 2261 ἃ
557 2231 652 2260 triduo
662 2241 728 2260 mox
740 2241 832 2260 eruca.

75 2270 182 2308 Cogere
195 2279 302 2300 cuneos
315 2292 323 2304 ‚
345 2269 501 2307 impellere.
526 2269 599 2306 Virg.
613 2279 638 2306 7.
653 2270 715 2300 AEn.
730 2279 792 2305 509.

167 2307 361 2345 Quadrifidam
370 2317 505 2346 quercum
517 2308 612 2337 cuneis
622 2314 652 2337 ut
668 2307 739 2337 forte
753 2307 856 2337 coactis

169 2346 352 2376 Scindebant.

73 2383 183 2423 Quum
192 2394 292 2421 cogere
303 2384 426 2414 verbere.
449 2383 548 2414 Claud.
565 2386 591 2413 6.
612 2383 692 2413 Coris.
709 2383 784 2413 Hon.
798 2386 862 2412 226.
894 2382 943 2413 Sil.
955 2382 1005 2413 lib.
1023 2385 1067 2412 16.
1079 2386 1143 2420 385.

166 2422 339 2460 Praecipitem
351 2432 464 2452 currum
475 2423 501 2452 &
509 2421 649 2452 fumantes
662 2421 775 2452 verbere
785 2422 848 2460 cogi

165 2460 278 2490 Affiduo
294 2460 431 2490 violenter
442 2469 538 2497 equos.

73 2498 156 2529 Unda
169 2499 288 2537 plurima
299 2498 408 2535 cogitur
419 2504 502 2527 vento
513 2498 542 2527 in
553 2497 675 2534 aliquem
689 2496 793 2527 locum.
817 2496 861 2525 Vir
883 2519 888 2524 .
905 2507 932 2530 4.
953 2495 1055 2534 Georg.
1067 2505 1131 2532 420.

73 2537 181 2574 Cogere
192 2558 200 2572 .
222 2546 273 2574 pro
284 2536 463 2566 Concludere
474 2537 500 2566 δι
511 2536 692 2566 convincere.
735 2535 793 2565 Cic.
808 2543 833 2570 3.
874 2544 890 2563 e
910 2534 972 2564 Nat.
989 2534 1071 2564 Deor.
1084 2544 1127 2569 ῃ.
1159 2534 1204 2564 ln.

92 2574 277 2604 numerabilia
292 2574 355 2604 sunt
367 2584 403 2604 ex
415 2574 517 2611 quibus
525 2574 599 2604 effici
609 2573 728 2611 cogique
741 2572 841 2611 possit,
863 2572 934 2602 nihil
943 2571 997 2602 esse
1008 2573 1084 2610 quod
1094 2572 1204 2604 sensum

91 2613 194 2643 habeat
206 2635 214 2648 ‚
236 2613 304 2650 quin
316 2612 346 2641 id
356 2613 481 2641 intereat.

37 2650 200 2686 Coenus,
221 2651 304 2680 entis.
326 2647 511 2687 [ἀνοιΐυὶζων]
531 2649 631 2679 Partic.
653 2655 701 2685 ut,
722 2647 838 2678 Arbores
853 2647 931 2685 aliae,
953 2647 1038 2678 nullis
1051 2648 1202 2680 hominum

73 2689 238 2727 cogentibus
249 2711 257 2725 ‚
279 2687 433 2726 spontesua
442 2689 567 2732 veniunt.
591 2687 700 2754 Virg.-g,
718 2686 819 2724 Georg.
834 2696 878 2716 10.

72 2726 590 2803 iissugocg‘ssiiissspissieecftaiiissizstqcosi'dfii
596 2725 801 2800 seffpi'sti'm.

35 2802 111 2835 CoA
120 2813 192 2833 cru
201 2813 213 2833 s
226 2825 234 2838 ‚
255 2813 288 2840 a,
310 2813 367 2832 um.
389 2802 562 2839 [πναχθὰς]
583 2802 680 2832 Partic.
702 2808 733 2831 ut
744 2823 752 2838 ‚
775 2800 886 2830 Coactae
897 2809 990 2831 naves.
1007 2800 1085 2838 apud
1095 2799 1162 2831 Caes.
1175 2810 1199 2831 1.

74 2841 144 2872 Bell.
157 2840 239 2871 Civil.
250 2851 310 2879 cap.
325 2850 369 2877 34.

73 2879 168 2918 CopIae
179 2879 303 2909 inunum
314 2879 410 2908 locum
425 2879 536 2908 coaetae.
559 2877 619 2908 Cic.
628 2882 655 2920 8.-
671 2876 725 2906 Art.
738 2885 782 2910 19.

71 2918 217 2948 Exercitus
227 2918 256 2947 in
269 2927 356 2947 unum
365 2916 462 2946 locum
476 2917 599 2946 coactus.
621 2915 680 2945 Cic.
694 2924 737 2949 ις.
749 2914 823 2944 Fam.
831 2923 860 2950 4.

73 2956 176 2994 Operis
182 2955 297 2994 publice
309 2955 413 2985 coactis
424 2954 562 2984 aedificare
571 2963 681 2983 navem.
705 2952 764 2982 Cic.
775 2963 801 2988 4.
815 2951 889 2981 Verr.
901 2959 944 2989 13.

73 2994 195 3025 Pecunia
204 2995 300 3024 coacta
310 2994 346 3023 ad
355 3002 434 3030 agros
445 2993 590 3022 emendos.
617 2991 674 3021 Cic.
690 2991 726 3020 de
744 2990 816 3026 Lege
830 2991 891 3027 Agr.
946 3027 953 3033 ¹
1023 3027 1030 3034 .

72 3032 170 3063 Coacti
185 3054 194 3068 ,
215 3032 263 3069 qui
272 3032 409 3061 dicantur.
450 3030 508 3059 Cic.
518 3040 569 3067 pro
578 3029 680 3059 Caecin.
695 3038 738 3064 59.
762 3028 843 3057 Certe
852 3028 928 3064 cogit
945 3036 968 3056 is
983 3037 1030 3065 qui
1048 3034 1200 3066 congregat

89 3071 219 3100 homines
231 3072 411 3100 &convocat.
452 3067 548 3098 Coacti
562 3067 625 3097 sunt
635 3068 655 3096 ii
665 3067 713 3105 qui
724 3065 759 3095 ab
773 3065 865 3102 aliquo
877 3065 940 3095 sunt
958 3075 1047 3095 unum
1061 3067 1091 3095 in
1104 3067 1201 3097 locum

72 3115 408 3182 Οῗὶῖῐὲἱξιῐιξὲῗὲιαβμθὰε]
428 3143 572 3182 &Sponte
583 3165 592 3179 ‚
613 3142 760 3187 contraria.
796 3140 861 3171 Sen.
872 3139 975 3171 Troad.
986 3151 1013 3172 v.
1030 3149 1093 3179 573.

149 3185 254 3214 Coasta
276 3184 353 3213 dices
365 3205 372 3219 ‚
397 3182 496 3221 sponte
507 3183 584 3218 quod
602 3182 653 3211 fari
671 3181 779 3210 abnuis.
795 3216 801 3224 .
824 3217 829 3223 ¹

72 3221 232 3261 Auspicium
243 3223 370 3252 coactum
382 3222 407 3251 ἀ
418 3221 584 3259 expressum.
607 3220 665 3249 Cic.
678 3228 704 3248 2.
723 3218 758 3247 de
767 3217 861 3247 Divin.
875 3225 919 3254 73.

72 3260 213 3299 Lacrymis
225 3259 300 3290 oculi
313 3259 445 3289 maduere
455 3260 568 3288 coactis.
591 3257 678 3287 Ovid.
691 3260 716 3286 6.
729 3255 798 3285 Met.
814 3259 878 3290 ⁶²8-
894 3293 899 3298 ι
982 3293 989 3299 ·

72 3298 212 3337 Lacrymae
223 3299 344 3333 coactae,
366 3297 399 3326 Vi
419 3296 559 3334 expressae.
582 3296 654 3333 Virg.
666 3304 692 3324 2.
706 3293 769 3324 AEn.
783 3297 845 3330 196.
864 3292 918 3337 ‘Sic
935 3291 1003 3338 legit
1020 3291 1149 3332 Servius;
1171 3299 1199 3325 at

92 3337 196 3367 Pierius
207 3336 310 3373 aliique
320 3335 429 3365 malunt
438 3334 519 3364 scribi
531 3335 624 3364 hocin
634 3335 699 3363 loco
714 3354 722 3368 ‚
743 3332 885 3369 Lacrytms
896 3334 995 3362 coacti.

73 3375 278 3405 Oculidiscunt
293 3373 445 3410 lacrymare
456 3373 556 3402 coaeti.
578 3372 661 3402 Ovid.
677 3381 700 3400 1.
714 3373 802 3399 Amor.
815 3375 841 3403 8.
853 3375 899 3403 83.

72 3413 168 3444 Scelus
178 3414 305 3443 coaetum
316 3434 325 3448 ‚
344 3410 468 3449 impulsu
480 3410 591 3441 alterius
598 3407 784 3440 commissum.
795 3407 860 3438 Sen.
875 3406 979 3437 Troad.
989 3416 1014 3437 v.
1027 3412 1091 3445 871.
1100 3408 1142 3438 Ad
1150 3418 1199 3439 au.

92 3453 183 3482 dores
192 3451 266 3481 redit
276 3449 385 3480 sceleris
394 3449 485 3479 coacti
496 3449 588 3486 culpa.
782 3484 788 3490 .
806 3484 812 3490 υ
959 3482 966 3489 ι
1166 3484 1173 3490 ⁶

72 3487 225 3519 Thalamus
232 3490 345 3519 coactus
357 3509 365 3524 ‚
386 3487 405 3516 i.
417 3496 441 3516 e.
465 3487 557 3517 Venus
566 3485 706 3521 violenta,
727 3486 863 3515 &vitium
874 3493 924 3521 per
940 3492 997 3513 Vim
1010 3482 1137 3514 oblatum
1146 3493 1200 3514 vir.

92 3527 160 3564 gini.
182 3527 250 3557 Stat.
266 3537 290 3562 ς.
303 3525 396 3556 Theb.
408 3528 473 3560 4⁶3·
991 3558 997 3564 .

71 3563 156 3595 Pinus
165 3566 263 3595 coacto
271 3565 375 3595 vertice
384 3563 523 3601 attingens
536 3560 656 3592 humum
666 3583 675 3597 ‚
696 3561 715 3590 i.
726 3569 751 3589 e.
772 3558 1195 3597 InflexoSen.Hippcl.v.1223.

66 3602 166 3633 Multa
190 3610 247 3633 arte
268 3604 396 3633 coactum
420 3601 498 3631 ebur.
540 3600 630 3630 Valer.
643 3609 671 3629 2.
687 3599 786 3636 Argon.
795 3601 861 3634 464.
892 3596 920 3626 h.
936 3606 961 3626 e.
982 3596 1150 3627 Laboratum
1169 3599 1198 3628 ἃ

92 3640 147 3670 scal
170 3647 239 3670 tum.

73 3651 167 3709 Fabri}
176 3678 288 3716 publice
297 3678 419 3713 coactis,
440 3674 586 3716 operisque
602 3674 745 3713 imperatis
762 3672 934 3704 exaedificare
952 3671 1070 3710 aliquid.
1098 3672 1157 3703 Cic.
1170 3682 1198 3711 7.

94 3716 172 3745 Verr.
183 3722 229 3752 48.
269 3716 347 3752 [Nisi
357 3717 460 3745 eodem
472 3714 548 3744 sensu
559 3713 678 3752 positum
692 3722 724 3742 ac
733 3712 823 3750 supra.

73 3753 277 3784 Gladiicoacti.
299 3754 401 3785 Lucan.
412 3753 459 3783 lib.
475 3764 499 3790 3.
513 3761 575 3788 323.

24 3822 25 3828 ,
75 3788 178 3822 Coaffia
201 3792 275 3827 alvi,
297 3791 480 3822 Excrementa
492 3791 569 3859 apud
587 3787 698 3818 Celsum
714 3786 777 3817 sunt
790 3809 798 3822 ,
827 3796 887 3824 qute
902 3785 1087 3830 Hippocrates
1107 3786 1195 3830 liba.

91 3830 234 3866 Prognost.
246 3830 385 3861 συνεςηύπι
396 3831 476 3860 dicit.
530 3829 548 3858 d
561 3827 616 3859 est.
639 3834 670 3855 ut
684 3832 792 3855 enarrat
809 3824 947 3860 Galenus,
969 3825 1003 3859 μὴ
1018 3825 1076 3860 uage
1097 3832 1196 3861 πλεως,

92 3866 122 3896 ὦς
140 3866 255 3896 &iliacum
277 3862 397 3903 ,ᾖε-ρ’ῥεῖν,
419 3868 480 3894 ἀλλὰ
497 3870 580 3902 μέχθ(
595 3865 627 3891 ’τὲ
642 3864 709 3899 pelusi*
726 3862 887 3897 curwwssi'm,
909 3863 939 3891 id
954 3861 992 3891 est
1001 3872 1059 3891 non
1074 3863 1197 3893 multum

93 3905 200 3944 liquida
211 3928 219 3941 ,
240 3912 272 3934 ut
280 3904 405 3935 diffluere
415 3904 518 3943 possint
527 3927 534 3939 ‚
557 3903 603 3932 sed
613 3908 750 3942 quatenus
760 3910 811 3931 ceu
821 3899 952 3937 colligata
968 3908 1091 3930 manent.
1123 3900 1196 3931 Cels.

92 3943 140 3974 lib.
157 3954 183 3973 2.
195 3953 257 3980 cap.
267 3949 292 3977 8.
314 3942 394 3972 Alvus
405 3945 434 3972 in
445 3943 496 3972 hac
506 3941 667 3972 valetudine
679 3949 710 3969 ea
720 3947 779 3969 tuta
790 3938 828 3983 esi
838 3961 846 3974 ,
868 3948 930 3977 quae
941 3939 1070 3975 quotidie
1080 3940 1177 3970 coastat
1185 3960 1196 3975 ‚

93 3991 179 4020 eaque
191 3981 388 4050 εοιίνεηίεῐιῑίει
398 3980 442 4011 his
453 3991 514 4019 quae
525 3979 696 4010 assumuntur
707 3999 716 4014 ,
736 3977 839 4008 reddit.

113 4020 133 4053 V
144 4030 161 4051 ο
169 4030 196 4051 x..
248 4041 257 4050 .

1633 141 1662 176 C
1758 143 1793 178 O
1886 142 1921 177 H
2358 150 2426 192 563

1293 223 1386 255 Laetis
1398 223 1479 254 massa
1491 224 1589 254 coaCti.
1613 224 1698 253 Ovid.
1711 229 1736 256 53.
1749 223 1819 253 Met.
1832 227 1896 253 666.
1919 224 2085 262 Periphrasis
2095 228 2133 256 est
2144 226 2229 259 Casei„

1296 263 1379 292 ferro
1398 285 1405 297 ‚
1428 263 1472 291 vel
1486 264 1551 300 lgne
1563 264 1685 292 coaclus.
1710 262 1892 299 Propert.lib.
1909 272 1932 296 ³·
1949 272 1993 298 23.
2013 273 2052 292 ir.

1376 301 1443 330 Haec
1453 311 1504 337 ego
1516 311 1571 330 non
1585 301 1659 329 ferro
1670 323 1678 335 ,
1700 310 1756 329 non
1770 302 1834 337 igne
1844 303 1974 336 coactus,
1996 302 2022 330 ἅ
2036 301 2093 339 ipsa

1413 339 1567 375 Naufragus
1579 338 1670 376 ffigaea
1683 348 1748 368 vera
1758 338 1863 368 fatebar
1874 348 1954 376 aqua.

1297 375 1347 405 lta.
1369 376 1433 404 Sen.
1448 377 1546 405 Octiv.
1562 387 1587 405 2.

1298 413 1426 451 Legibus.
1450 414 1514 443 Ter.
1529 414 1598 443 And.
1611 426 1637 447 a.
1653 425 1676 448 ς.
1692 423 1737 448 41.

1296 451 1473 480 Neceslitate.
1497 451 1563 481 Caes.
1575 457 1600 485 8.
1615 453 1680 481 Bell.
1692 451 1762 482 Gall.
1774 459 1820 489 43.

1296 488 1409 517 Pavore.
1434 489 1499 518 stes.
1514 495 1538 522 8.
1555 489 1704 519 Bell.Gall.
1726 499 1767 527 13.

1297 525 1425 556 Terrore.
1456 527 1567 556 Lucret.
1579 527 1625 557 lib.
1644 538 1666 561 ι.
1680 533 1725 562 68.

1584 581 1619 585 -
1629 566 1697 595 dum
1707 565 1772 595 falso
1784 573 1890 595 terrore
1902 565 1994 595 coacti

1391 600 1521 639 Effugisse
1534 603 1634 632 volunt
1645 603 1727 641 longe
1739 626 1747 638 ‚
1769 604 1908 641 longeque
1920 601 2046 634 rcinoffe.

1298 638 1440 676 Tempore
1453 648 1534 676 atque
1545 639 1638 669 officio
1647 642 1682 670 ad
1692 641 1798 679 aliquid
1809 642 1958 679 agendum.
1979 642 2039 671 Cic.
2053 651 2077 671 1.
2089 640 2165 673 Verr.
2177 652 2205 679 4.

1298 677 1340 705 Vi.
1362 678 1427 706 Ter.
1443 678 1550 706 Phorm.
1569 688 1626 713 1.4.
1641 688 1684 715 37.

1298 714 1331 743 Vi
1345 716 1370 744 &
1384 714 1535 744 necessario
1547 715 1639 745 sumus
1650 717 1677 745 in
1689 723 1802 754 portum
1815 718 1914 746 coacti.
1937 717 1995 746 Cic.
2010 727 2035 746 2.
2048 717 2084 747 de
2093 717 2202 749 invent.
2219 724 2264 754 98.

1299 751 1435 782 Coactum
1448 763 1479 781 ac
1490 754 1641 783 necessario
1659 755 1760 784 dicere.
1801 754 1859 784 Cic.
1871 765 1922 792 pro
1934 756 2025 784 Domo
2034 764 2077 791 ος.
2113 756 2144 786 Et
2162 758 2294 794 quoniam
2311 757 2367 789 hoc
2385 767 2429 790 re-

1317 791 1468 827 prehendis
1480 812 1488 824 ,
1510 792 1585 827 quod
1595 791 1683 821 solere
1696 802 1741 821 me
1752 793 1828 822 dicus
1837 793 1872 822 de
1891 793 1996 830 meipso
2018 793 2159 831 gloriosius
2178 796 2343 831 praedicare:
2366 799 2428 834 quie

1319 838 1441 865 unquam
1452 828 1558 858 audivit
1567 851 1575 864 ,
1597 839 1683 866 quum
1696 839 1748 867 ego
1761 830 1796 859 de
1808 840 1852 860 me
1865 831 1914 859 nisi
1928 832 2040 861 coactus
2052 840 2084 861 ac
2094 831 2245 863 necessario
2260 834 2384 865 dicerem
2392 837 2406 864 Ἰ

1300 865 1432 894 Vimorbi
1448 867 1559 896 coactus
1570 868 1704 896 concidit.
1728 867 1836 898 Lucret.
1852 867 1899 898 lib.
1914 874 2013 905 3485.

1300 903 1390 940 Regio
1408 903 1455 932 sub
1468 914 1542 933 arma
1555 906 1658 934 coacta.
1679 905 1752 942 Virg.
1766 915 1792 942 7.
1810 906 1871 936 [ΕΩ.
1884 915 1929 943 43.

1263 940 1337 971 Co».
1348 951 1422 970 cm
1434 964 1441 976 ‚
1462 945 1552 972 orum.
1576 952 1603 972 n.
1626 943 1741 978 Cilicia,
1762 953 1880 980 quorum
1899 943 1962 973 usus
1981 945 2010 973 in
2025 944 2098 974 bello
2120 944 2156 974 ad
2172 947 2305 984 tegendas
2326 954 2425 980 turres.

1300 978 1366 1008 Caes.
1380 988 1402 1015 ι.
1423 979 1489 1008 Bell.
1503 980 1585 1009 Civil.
1598 992 1644 1017 4⁴-
1667 982 1755 1018 Atque
1769 991 1867 1011 omnes
1880 983 1937 1010 fere
1955 983 2058 1012 milites
2070 991 2117 1012 aut
2131 993 2166 1012 ex
2185 986 2305 1021 comis,
2327 994 2375 1015 aut
2391 996 2427 1017 ei<

1300 1018 1489 1084 centonibuss‚
1510 1024 1558 1048 aut
1570 1028 1605 1048 ex
1621 1019 1703 1048 coriis
1715 1020 1823 1049 tunicas
1838 1041 1846 1055 ‚
1868 1026 1916 1049 aut
1925 1027 2069 1058 tegmenta
2087 1021 2220 1050 fecerant.
2242 1024 2316 1054 conf.
2341 1034 2384 1053 co
2395 1036 2428 1054 a-

1301 1065 1348 1084 c>r
1360 1066 1414 1083 rei
1426 1065 1446 1084 Α
1479 1066 1553 1092 upra.

1261 1093 1438 1137 Cosa-eriz,
1459 1094 1526 1124 Adv.
1549 1094 1668 1124 Tertull.
1680 1095 1715 1124 de
1725 1094 1867 1133 Baptismo
1878 1105 1939 1133 cap.
1954 1104 1997 1126 12.
2020 1095 2073 1125 Alii
2090 1095 2176 1134 plane
2193 1095 2255 1128 satis
2273 1102 2368 1129 coacte
2386 1101 2428 1130 iri-

1298 1138 1409 1167 Jiciunt.

1298 1169 1429 1206 Compar.
1471 1169 1544 1200 Gell.
1560 1179 1602 1200 10.
1620 1180 1662 1200 11.
1692 1170 1764 1200 Cum
1783 1169 1996 1209 significandum
2017 1171 2074 1205 est,
2096 1172 2218 1202 coactius
2230 1175 2297 1211 quid
2317 1176 2342 1204 8.-
2356 1176 2431 1205 festi.

1319 1208 1411 1236 natius
1421 1207 1534 1238 fanum.
1575 1209 1650 1238 conf.
1666 1219 1707 1244 19.
1720 1219 1747 1240 2.
1769 1209 1802 1239 Fr
1813 1209 1933 1239 Tertull.
1950 1210 1986 1238 de
1998 1210 2096 1239 Anima
2115 1219 2175 1248 cap.
2187 1221 2232 1247 4²·
2254 1212 2347 1242 Multo
2363 1223 2429 1244 coa-

1320 1246 1392 1275 ctius
1400 1246 1507 1275 Seneca
1518 1267 1526 1282 ,
1548 1247 1609 1284 post
1619 1254 1739 1276 mortem
1750 1269 1758 1282 ‚
1779 1247 1818 1277 ait
1831 1269 1840 1284 ,
1863 1248 1960 1277 omnia
1968 1246 2112 1277 finiuntur.

1264 1282 1286 1312 C
1297 1293 1314 1312 o
1324 1293 1342 1312 A
1352 1293 1369 1312 c
1378 1293 1398 1312 τ
1406 1295 1416 1312 ι
1427 1295 1447 1312 M
1458 1305 1466 1319 ,
1490 1284 1560 1314 Adv.
1582 1285 1679 1314 Sidon.
1690 1295 1715 1319 9.
1726 1285 1810 1323 Epist.
1823 1288 1866 1316 16.
1886 1285 2001 1324 Raptim
2011 1286 2188 1322 coactimque
2204 1286 2366 1318 exscribere.

1263 1321 1463 1357 Concrus,
1488 1322 1528 1352 us.
1551 1333 1588 1352 m.
1612 1323 1806 1358 [ἁνάίῖιφσκφ]
1827 1323 1885 1353 Cic.
1903 1334 1929 1359 4.
1950 1323 2025 1353 Verr.
2039 1333 2086 1361 74.
2122 1324 2191 1354 Eum
2207 1336 2317 1362 quoque
2339 1328 2428 1358 osten.

1299 1359 1383 1395 dam,
1405 1359 1423 1388 si
1438 1361 1551 1397 quando
1561 1361 1592 1390 sit
1602 1361 1683 1390 datus
1693 1382 1701 1395 ‚
1721 1363 1821 1392 coactu
1832 1361 1908 1392 istius
1922 1383 1931 1396 ,
1952 1361 2028 1398 quod
2037 1370 2095 1391 non
2109 1359 2220 1391 senserit
2230 1364 2368 1397 judicasse.

1298 1397 1420 1435 Magnus
1432 1400 1553 1428 coactus.
1596 1398 1704 1428 Lucret.
1719 1398 1769 1429 lib.
1779 1408 1807 1429 2.
1819 1409 1884 1437 273.
1907 1400 1940 1430 Et
1960 1399 2026 1430 Caes.
2041 1410 2065 1437 ς.
2083 1399 2153 1429 Bell.
2167 1399 2238 1431 Gall.
2251 1411 2296 1439 27.
2328 1403 2429 1441 Neque

1320 1436 1465 1465 voluntate
1476 1436 1538 1472 sua,
1555 1435 1603 1466 sed
1619 1438 1720 1467 coaetu
1733 1438 1867 1468 civitatis.

1262 1473 1459 1509 CoacTro,
1480 1474 1551 1504 onis.
1574 1474 1593 1504 f.
1616 1473 1766 1511 [elysaffl'm
1785 1473 1931 1512 “ian-39:515]
1961 1482 2011 1512 ut,
2032 1475 2148 1505 Coactio
2167 1478 2344 1514 argentaria,
2367 1478 2430 1508 Mu.

1300 1522 1353 1541 nus
1363 1511 1453 1550 ipsum
1461 1512 1582 1550 cogendi
1597 1513 1740 1551 pecunias.
1776 1513 1854 1544 Suet.
1865 1514 1895 1542 in
1905 1513 1984 1551 Vesp.
1994 1523 2055 1551 cap.
2071 1524 2094 1544 1.
2117 1514 2171 1543 Ubi
2188 1515 2293 1544 deinde
2312 1518 2392 1546 venia
2404 1520 2430 1547 Sc

1299 1550 1428 1579 missione
1443 1551 1592 1588 impetrata
1601 1572 1610 1586 ‚
1631 1551 1793 1581 coastiones
1804 1553 1970 1590 argentarias
1981 1552 2126 1581 factitavit.
2169 1552 2198 1581 V.
2224 1562 2242 1581 c
2250 1563 2267 1582 o
2278 1565 2295 1582 A
2305 1564 2322 1583 c
2332 1565 2349 1583 vi·
2359 1565 2376 1583 o
2386 1566 2411 1584 a.

1262 1587 1285 1617 C
1295 1598 1311 1617 o
1323 1598 1342 1616 A
1355 1598 1399 1617 cr
1408 1598 1449 1617 oa
1461 1610 1469 1624 ‚
1491 1590 1554 1618 oris.
1577 1598 1614 1618 m.
1636 1586 1839 1626 [siwequ'wie]
1860 1590 2010 1620 Coactores
2030 1589 2274 1627 (inquitBudaeus)
2298 1593 2432 1622 diceban.

1299 1634 1344 1655 tur
1354 1627 1400 1663 qui
1416 1636 1492 1656 nunc
1501 1648 1509 1662 ‚
1532 1626 1705 1665 Receptores
1718 1627 1907 1665 particulares.

1299 1663 1449 1694 Coactores
1458 1664 1527 1694 olim
1538 1665 1568 1695 in
1580 1665 1756 1695 auctionibus
1766 1665 1934 1696 dicebantur
1942 1687 1950 1699 ,
1972 1665 2046 1702 quasi
2057 1665 2215 1702 Qiaestores
2226 1667 2340 1704 quidam
2352 1690 2360 1703 .
2383 1670 2431 1705 qui

1317 1701 1352 1731 ab
1368 1703 1411 1732 his
1419 1703 1520 1740 quibus
1529 1703 1641 1741 singulae
1653 1712 1696 1733 res
1705 1703 1735 1733 in
1745 1704 1878 1733 auctione
1888 1702 2028 1734 attributae
2045 1703 2156 1733 fuerant
2167 1726 2176 1739 ‚
2198 1706 2319 1742 pretium
2340 1707 2432 1742 exige-

1318 1740 1404 1776 bant,
1426 1741 1499 1778 quasi
1514 1741 1683 1771 collectores
1695 1762 1703 1776 ‚
1724 1742 1790 1778 quia
1806 1743 1940 1780 pecunias
1959 1741 2123 1779 cogebant,'
2143 1742 2172 1771 id
2192 1743 2230 1772 est
2247 1743 2428 1781 colligebint.

1317 1778 1442 1808 Scaevola
1453 1780 1482 1808 in
1494 1779 1512 1808 1.
1527 1789 1574 1815 40.
1586 1780 1609 1817 §.
1621 1790 1645 1815 ς.
1657 1780 1693 1808 de
1703 1779 1762 1809 stat.
1772 1779 1854 1810 liber.
1876 1780 2052 1816 Argentarius
2066 1781 2178 1809 coactor
2189 1790 2275 1818 quum
2296 1792 2374 1819 paene
2389 1792 2433 1811 m.

1318 1822 1376 1846 tam
1387 1816 1527 1847 fortunam
1539 1818 1568 1846 in
1580 1817 1744 1847 nominibus
1755 1818 1872 1848 haberet
1880 1840 1889 1855 ,
1910 1818 1994 1849 servis
2005 1818 2145 1848 actoribus
2156 1817 2314 1849 libertatem
2328 1820 2367 1850 ita
2381 1821 2431 1851 dc-

1319 1854 1370 1885 dit.
1394 1855 1464 1885 Hor.
1486 1865 1510 1885 1.
1521 1855 1610 1885 Serm.
1624 1858 1649 1885 6.
1661 1861 1706 1893 87.

1395 1892 1456 1923 Nec
1466 1893 1560 1923 timuit
1571 1893 1621 1923 sibi
1631 1902 1666 1923 ne
1678 1894 1746 1923 vitio
1758 1894 1820 1931 quis
1832 1900 1970 1930 verteret,
1994 1893 2065 1924 olim

1393 1931 1421 1960 Si
1431 1941 1523 1969 praeco
1532 1941 1629 1970 parvas
1641 1954 1649 1967 ‚
1671 1938 1719 1962 aut
1729 1939 1760 1962 ut
1768 1932 1822 1961 fuit
1835 1932 1893 1970 ipse
1902 1954 1911 1969 ,
1933 1934 2046 1962 ecastor

1394 1970 1541 1999 Mercedes
1552 1970 1688 2007 sequerer.
1799 1970 1854 2000 Ubi
1867 1972 1959 2001 Acron
1969 1992 1978 2005 ,
2004 1971 2147 2001 Praecones
2162 1970 2327 2001 dicebantur
2336 1994 2344 2006 ,
2372 1972 2431 2010 Qui

1319 2007 1426 2037 stabant
1439 2008 1475 2037 ad
1485 2007 1605 2038 hastam:
1627 2007 1796 2038 nuntiabant
1808 2009 1886 2038 enim
1903 2010 1993 2047 pretia
2009 2008 2112 2038 oblata.
2153 2010 2302 2039 Coactores
2317 2019 2410 2040 autem
2422 2034 2431 2047 ,

1318 2046 1612 2082 Mercenariieorum,
1633 2046 1682 2084 qui
1694 2046 1837 2076 habebant
1850 2048 2043 2084 argentariam.
2080 2047 2151 2076 Sunt
2160 2055 2254 2077 autem
2266 2050 2430 2085 Argenrarst,

1321 2083 1379 2120 Qui
1390 2084 1496 2113 haberit
1509 2084 1646 2114 summam
1657 2094 1752 2114 rerum
1760 2084 1911 2115 venalium.
1952 2085 2148 2123 Argentarium
2164 2086 2284 2115 dicimus
2303 2096 2367 2116 eum
2383 2089 2431 2121 qui

1319 2121 1406 2151 habet
1417 2122 1555 2152 summam
1566 2122 1723 2152 divitiarum
1733 2144 1742 2158 ‚
1763 2133 1780 2153 a
1791 2132 1848 2161 quo
1858 2122 2003 2161 accipiunt
2015 2123 2114 2152 forani.
2155 2123 2276 2153 Coac'tor
2287 2147 2295 2159 ‚
2317 2126 2364 2161 qui
2375 2127 2433 2154 exi.

1321 2161 1362 2197 git
1373 2169 1505 2190 nummos
1515 2171 1530 2190 a
1540 2160 1761 2190 circumforanis.
1803 2160 1888 2191 Aliter
1898 2183 1906 2195 ‚
1928 2160 2079 2191 Coactores
2087 2160 2220 2190 dicuntur
2233 2165 2383 2199 Argentarii
2404 2166 2434 2193 iri

1320 2198 1520 2234 auctionibus,
1540 2199 1588 2235 qui
1599 2199 1734 2236 pecunias
1749 2205 1873 2236 cogunt:
1894 2198 1946 2237 ipsi
1962 2198 2025 2228 sunt
2045 2200 2223 2229 convectarii.
2247 2201 2313 2230 Haec
2333 2203 2430 2231 Acron.

1319 2236 1409 2272 [Vide
1421 2243 1677 2266 commentatorem
1690 2246 1876 2275 anonymum,
1887 2237 1934 2274 qui
1942 2237 1980 2267 est
1990 2237 2019 2266 in
2035 2237 2103 2266 edit.
2119 2236 2242 2275 Criiquii.
2268 2238 2300 2268 H.
2313 2239 2370 2274 St]
2394 2242 2434 2269 De

1321 2274 1365 2304 his
1376 2284 1487 2312 quoque
1499 2274 1557 2304 Cic.
1572 2285 1624 2312 pro
1635 2274 1747 2305 Cluent.
1763 2281 1824 2310 180.
1834 2275 1998 2312 loco.quem
2008 2274 2164 2311 subjiciam,
2175 2275 2373 2314 intelligendus
2385 2280 2431 2312 eli,

1321 2312 1447 2349 Quidam
1457 2322 1493 2342 ex
1503 2314 1599 2343 amicis
1608 2312 1697 2342 Saffiae
1707 2313 1868 2343 recordatus
1881 2313 1920 2343 est
1930 2313 1956 2343 se
1966 2322 2057 2351 nuper
2073 2313 2101 2342 in
2118 2315 2247 2343 auetione
2263 2315 2379 2352 quidam
2393 2317 2432 2344 vi..

1321 2350 1391 2380 disse
1401 2351 1430 2380 in
1442 2350 1523 2380 rebus
1534 2351 1649 2381 minutis
1660 2350 1800 2381 aduncam
1809 2361 1845 2381 ex
1861 2352 1939 2381 omni
1953 2359 2030 2388 parte
2040 2373 2048 2382 .
2070 2351 2214 2381 dentatam
2233 2354 2259 2381 ὃς
2278 2354 2431 2384 tortuosam

1319 2389 1415 2419 venire
1426 2388 1558 2418 serrulam
1568 2411 1576 2425 ‚
1599 2398 1652 2427 qua
1663 2388 1735 2418 illud
1747 2388 1866 2427 potuisse
1882 2390 1922 2418 ita
1931 2388 2122 2420 circumsecari
2132 2390 2290 2420 videretur:
2313 2401 2347 2419 ne
2362 2391 2433 2420 mul.

1321 2433 1350 2456 ta
1359 2449 1367 2459 ,
1389 2427 1557 2465 perquiritur
1568 2437 1584 2457 a
1594 2427 1772 2457 coactoribus
1784 2450 1793 2463 ‚
1814 2428 1957 2458 invenitur
1965 2437 1999 2457 ea
2007 2426 2109 2457 serrula
2119 2428 2154 2457 ad
2165 2428 2323 2458 Stratonem
2335 2439 2433 2467 perve-

1320 2464 1399 2494 nisse.
1424 2465 1540 2496 Hotom.
1552 2466 1581 2496 in
1592 2475 1666 2495 com.
1681 2465 1758 2495 verb.
1772 2466 1825 2501 J'ur.

1302 2502 1423 2570 Coastlpr
1432 2525 1440 2539 ‚
1456 2503 1550 2547 aliter.
1590 2503 1660 2533 Cato
1674 2513 1735 2541 cap.
1749 2513 1810 2540 159.
1832 2502 1945 2534 Menses
1953 2503 2052 2534 decem
2063 2503 2097 2533 ab
2105 2505 2236 2533 coactare
2254 2504 2359 2542 releget
2371 2516 2433 2544 po:-

1325 2551 1373 2571 cos
1395 2551 1505 2571 erarios.

1301 2579 1423 2609 Coad'tor
1434 2602 1442 2615 ,
1464 2589 1515 2617 pro
1527 2578 1689 2617 Irnpulsore.
1711 2579 1776 2609 Sen.
1795 2578 1878 2617 Epist.
1894 2587 1938 2616 53.
1960 2578 2072 2615 Quibus
2081 2589 2141 2609 non
2151 2579 2226 2610 duce
2239 2587 2350 2611 tantum
2362 2591 2433 2620 opus

1323 2617 1378 2652 est,
1400 2617 1447 2647 sed
1459 2618 1607 2653 adjutore,
1628 2619 1655 2647 &
1675 2618 1729 2654 (ut
1739 2617 1777 2646 ita
1788 2617 1904 2653 dicam)
1924 2618 2067 2647 coactore.

1303 2655 1428 2692 Agminis
1437 2657 1558 2685 coaetos.
1579 2654 1670 2685 Tacit.
1681 2665 1707 2685 2.
1723 2655 1791 2685 Hist.
1802 2659 1847 2690 68.

1262 2692 1286 2722 C
1295 2703 1339 2723 OA
1351 2703 1368 2722 c
1377 2696 1424 2722 τῦ
1435 2703 1451 2723 R
1462 2703 1482 2722 A
1492 2714 1500 2729 ‚
1520 2703 1553 2723 τε.
1577 2693 1596 2723 f.
1619 2690 1784 2730 [wama]
1805 2692 1945 2724 Columel.
1961 2693 2010 2723 lib.
2028 2703 2071 2724 12.
2084 2703 2144 2732 cap.
2159 2704 2201 2730 ςο.
2234 2694 2271 2724 Ut
2282 2694 2430 2733 separetur,

1302 2733 1329 2761 δι
1342 2731 1463 2761 seorsum
1472 2730 1847 2769 reponaturuniuscujusque
1858 2732 1915 2762 diei
1929 2733 2067 2762 coaclura.
2096 2732 2125 2762 h.
2137 2742 2162 2762 e.
2185 2732 2330 2769 Quantum
2348 2736 2432 2763 oliva-

1301 2779 1365 2799 rum
1373 2779 1543 2808 unoquoque
1554 2770 1601 2799 die
1611 2769 1768 2808 collegeris.

1262 2807 1501 2843 Concrrcrs,
1523 2807 1859 2844 COAC‘rlcraams,
1880 2809 1933 2838 &c.
1955 2807 1989 2838 V.
2013 2817 2236 2837 COACTILIA
2259 2808 2389 2838 suoloco.

1264 2845 1286 2875 C
1297 2855 1314 2874 o
1326 2856 1345 2874 A
1354 2855 1415 2875 cri
1425 2855 1445 2874 Τ
1455 2856 1464 2874 1
1475 2855 1493 2874 υ
1502 2855 1515 2875 s
1524 2868 1532 2881 ,
1551 2856 1567 2875 a
1578 2867 1586 2881 ‚
1606 2855 1664 2876 um.
1687 2845 1765 2876 Idem
1774 2846 1849 2883 quod
1860 2845 1989 2875 Coactus.
2010 2845 2085 2874 Beda
2096 2845 2163 2875 Hist.
2176 2845 2252 2883 Angl.
2266 2856 2289 2876 1.
2301 2850 2346 2877 26.
2370 2849 2429 2877 Ser.

1300 2884 1400 2913 vitium
1409 2883 1508 2913 Christi
1517 2883 1709 2914 voluntarium
1719 2905 1729 2919 ‚
1749 2893 1808 2913 non
1822 2885 1984 2915 coactitium
1995 2883 2080 2913 debet
2092 2882 2155 2913 effe.

1262 2920 1285 2951 C
1295 2931 1339 2951 OA
1348 2930 1419 2951 c'ro
1430 2943 1438 2957 ,
1459 2919 1677 2959 [ἐνοιΓκςὲζομιια]
1697 2925 1753 2952 are.
1773 2922 1911 2959 frequent.
1942 2922 2128 2951 Vehementer
2146 2931 2262 2959 cogere:
2291 2928 2341 2959 ut„
2370 2924 2430 2953 Sir.-

1300 2959 1394 2998 gultus
1406 2959 1533 2989 membra
1542 2961 1681 2990 coactans.
1703 2960 1812 2990 Lucret.
1830 2960 1879 2990 lib.
1892 2963 1918 2989 6.
1934 2970 2015 2996 1159.

1378 2997 1575 3035 Singultusque
1584 2998 1713 3036 frequens
1723 2999 1838 3028 not0tem
1846 2998 1967 3036 persaepe
1977 3017 1985 3028 ‚
2008 2997 2142 3033 diemque

1379 3035 1528 3073 Corripere
1537 3035 1641 3066 assidue
1651 3045 1752 3066 nervos
1765 3058 1773 3072 ,
1796 3037 1821 3066 δι
1830 3036 1957 3066 membra
1967 3037 2099 3065 coactans
2109 3057 2117 3069 ‚

1379 3072 1554 3104 Dissolvebat
1564 3084 1613 3104 eos
1622 3075 1742 3104 defes'i'os
1752 3081 1818 3104 ante
1826 3074 1954 3112 fatigans.
2068 3072 2103 3102 Et
2112 3075 2138 3102 6.
2151 3081 2164 3101 ι
2171 3080 2234 3102 120.

1380 3111 1444 3148 Qua
1457 3112 1581 3150 graditur
1591 3112 1761 3148 conturbat,
1782 3112 1966 3143 &immutare
1975 3111 2094 3141 coactae.

1702 3200 1732 3236 C
1830 3200 1866 3236 O
1964 3199 1999 3234 H

1260 3296 1464 3334 Coi-riano,
1485 3298 1523 3335 si,
1542 3298 1619 3334 sum,
1641 3297 1824 3335 [mazzaena
1845 3297 1997 3333 συμφέαμειι,
2021 3293 2160 3332 συνέκαμον]
2181 3296 2236 3325 e're.
2257 3295 2380 3331 eiusdem
2389 3297 2424 3327 «52.

1297 3346 1327 3366 re
1338 3335 1556 3374 significationis,
1564 3337 1644 3373 cujus
1655 3337 1694 3367 est
1705 3337 1849 3366 Adhaereo.
1872 3335 1931 3365 Cic.
1947 3344 1969 3364 1.
1983 3334 2066 3377 Acad.
2082 3344 2127 3368 24·
2149 3334 2248 3370 Neque
2256 3338 2331 3364 enim
2343 3346 2423 3365 inite

1297 3375 1369 3404 riam
1379 3374 1465 3413 ipsam
1476 3375 1615 3405 cohaerere
1629 3374 1766 3413 potuisse,
1789 3374 1807 3403 si
1820 3372 1898 3403 nulla
1909 3373 1938 3403 vi
1956 3378 2164 3402 contineretur:
2187 3381 2279 3409 neque
2293 3375 2354 3404 vim
2368 3375 2424 3403 {iiie

1296 3412 1389 3450 aliqua
1404 3413 1527 3443 materia.

1297 3451 1379 3481 Acies
1394 3451 1431 3480 ita
1442 3450 1621 3480 cohaerebant
1635 3472 1642 3485 ‚
1663 3456 1695 3480 ut
1704 3449 1786 3479 armis
1797 3457 1873 3478 arma
1881 3448 2033 3486 pulsarent.
2056 3446 2132 3477 Curt.
2154 3456 2179 3484 ς.
2196 3456 2239 3478 1-1.
2254 3459 2280 3484 ς.

1298 3488 1389 3519 Prorae
1401 3489 1552 3518 cohaerent.
1577 3488 1654 3518 Curt.
1665 3499 1690 3524 4.
1701 3497 1724 3524 3.
1743 3497 1784 3522 1⁴.

1299 3526 1447 3556 Cohaerere
1459 3526 1595 3555 alicuirei.
1619 3526 1678 3555 Cic.
1692 3525 1762 3554 1.de
1773 3524 1867 3562 Legib.
1879 3534 1925 3560 24.
1951 3561 1957 3566 Π

1298 3563 1377 3601 Equo
1394 3564 1520 3594 membra
1533 3564 1672 3593 cohaerere
1682 3563 1817 3592 dicuntur
1827 3562 1967 3592 Centauri.
1989 3560 2076 3592 ovid.
2093 3572 2116 3591 r.
2130 3562 2221 3593 Amor.
2233 3572 2259 3599 4.
2273 3572 2299 3598 9.

1297 3602 1389 3632 Muris
1399 3603 1520 3631 hostium
1535 3603 1617 3631 turris
1626 3600 1794 3631 cohaerebat.
1816 3600 1893 3629 Curt.
1905 3611 1931 3635 4.
1945 3611 1972 3633 4.
1989 3608 2032 3628 11.

1296 3640 1402 3707 Olmnia
1417 3648 1511 3669 autem
1528 3639 1586 3668 duo
1605 3640 1642 3669 ad
1659 3639 1858 3669 cohaereridum
1874 3637 1980 3675 aliquid
1996 3637 2112 3667 tertium
2127 3639 2287 3675 anquirunt.
2311 3639 2370 3670 cic.
2388 3642 2425 3671 de

1333 3678 1442 3707 'nivers
1460 3687 1471 3706 1
1480 3687 1502 3706 1.

1297 3717 1368 3753 Apte
1377 3716 1499 3745 cohaeret
1510 3715 1641 3744 mundus.
1664 3713 1723 3744 Cic.
1741 3713 1776 3743 de
1787 3712 1910 3743 Univers.
1925 3722 1969 3749 14.

1297 3753 1364 3784 Non
1393 3753 1533 3783 cohaerere
1553 3762 1595 3782 res
1616 3753 1709 3790 aliqua
1731 3752 1851 3787 dicitur,
1887 3751 2011 3788 Quando
2028 3751 2145 3789 negotio
2166 3761 2224 3781 non
2243 3755 2378 3785 convenit
2397 3757 2424 3784 ἃ

1316 3792 1478 3822 concordat.
1508 3790 1574 3819 Ter.
1587 3791 1656 3821 And..
1669 3800 1694 3820 2.
1703 3801 1729 3820 2.
1739 3799 1784 3825 23.

1377 3829 1521 3858 Paululum
1530 3827 1639 3858 obsoni.
1660 3829 1734 3866 ipsus
1745 3827 1836 3857 tristis.
1858 3826 1894 3856 de
1906 3825 2057 3865 improviso
2073 3828 2189 3866 nuptiae.

1378 3867 1443 3896 Non
1455 3866 1604 3895 cobaerent.

1294 3904 1348 3971 Vlix
1360 3905 1588 3935 cohaeretoratio.
1630 3902 1687 3933 Cic.
1700 3913 1752 3941 pro
1762 3903 1833 3933 Coel.
1848 3913 1890 3940 ις.
1910 3902 1969 3933 Sed
1989 3903 2037 3933 vix
2059 3903 2153 3933 diserti
2171 3903 2357 3933 adolescentis
2375 3914 2421 3934 con

1314 3962 1323 3971 .
1336 3943 1435 3971 aerebat
1449 3942 1546 3972 oratio.

1296 3980 1463 4017 Congruunt
1471 3981 1497 4010 ἃ
1506 3980 1649 4011 cohaerent
1658 3988 1724 4010 cum
1733 3979 1836 4047 causari}
1846 3979 1940 4047 bGigabi.
1955 3980 1990 4010 de
2001 3979 2110 4010 Invent.
2123 3988 2166 4015 19.
2322 4016 2345 4042 Γ
2367 4017 2383 4045 h

1941 4027 1959 4047 a
2332 4027 2364 4046 ..Ο
2379 4026 2420 4046 Jfa
