2604 4222
198 97 264 132 126
593 90 622 125 A
719 89 753 122 G
851 87 886 121 Ο

230 176 347 207 'Circum
366 184 454 213 agere.
476 173 493 202 i.
514 182 538 201 e.
560 171 591 200 10
604 171 730 200 circuitu.
760 170 833 207 Virg.
851 178 873 197 1.
887 166 948 198 ffin.
969 173 1029 202 117.

395 230 430 233 -κ
450 212 487 240 ast
506 210 580 239 illam
598 217 639 237 ter
655 209 754 237 fluetus
769 208 876 236 ibidem

316 251 442 288 Torquet
456 258 538 286 agens
550 248 654 276 circum
665 248 691 276 Sc
702 246 813 283 rapidus
825 251 902 273 vorat
915 250 1024 278 aequore
1034 244 1141 269 vortex.

257 289 312 327 phe
327 290 365 318 cst
376 311 383 323 ,
413 297 462 325 1110
475 287 683 321 Circumagens.
1046 315 1050 319 ·
1070 313 1094 319 ..
1202 313 1207 317 ι
1324 312 1329 317 ·

241 328 336 357 0110111
350 326 504 355 mirificum.
527 324 584 352 Cic.
596 328 620 356 8.
642 322 716 351 Fam.
732 319 812 356 Epist.
834 317 883 346 ult.
923 315 997 344 Dum
1014 315 1164 356 mirificum
1182 321 1273 342 civem
1288 322 1356 349 agis,

259 365 338 393 amici
355 364 477 392 officium
497 359 648 395 neglexisti.
670 360 686 387 i.
702 368 725 386 e.
742 359 809 385 dum
827 362 855 383 te
867 353 974 392 praestas
991 353 1082 381 civem
1098 361 1159 380 mir.
1197 389 1202 393 .
1231 388 1236 393 .

242 402 399 432 0011001001
416 401 472 437 agit
491 395 562 428 olus.
583 395 720 426 Columel.
740 394 787 423 lib.
812 403 853 422 12.
874 401 934 428 cap.
954 394 996 426 56.
1019 390 1046 419 h.
1069 398 1092 419 e.
1142 388 1251 418 Emittit
1266 410 1273 424 ‚
1295 397 1359 426 pro-

260 441 278 468 d
312 441 323 454 ·'
341 463 346 468 .

242 448 434 507 Colrliiisiuniter
446 474 560 512 aliquid.
582 472 641 500 Cic.
653 481 677 507 3.
694 469 797 498 defin.
814 478 840 502 9.
875 466 922 495 Sic
931 465 1064 503 equidem
1073 464 1236 502 diligentius
1246 463 1356 506 {ispius-

260 525 313 552 que
330 515 377 543 ista
387 514 533 550 loquemur
544 512 615 540 inter
632 518 683 538 nos
696 529 704 542 ,
734 514 901 543 agemusque
920 504 1115 534 communiter.
1138 503 1157 532 i.
1177 512 1201 532 e.
1233 501 1360 531 tractabi-

261 563 331 581 11103.

243 590 369 619 00011113.
391 588 447 618 Liv.
463 597 503 615 10.
530 584 648 615 Consilia
657 581 758 611 secreta
768 589 861 618 agunt.
884 581 902 609 i.
924 590 949 609 e.
970 580 1111 609 Trachnt.
1307 614 1312 620 ·

243 628 399 657 Consulem.
422 623 633 658 Plin.lnpaneg.
651 630 712 657 127.
733 618 859 650 &Valen
871 618 948 649 Max.
991 618 1056 653 Sic,
1078 614 1361 655 AgereTribuniuam

261 666 430 703 potestatem.
453 661 509 690 Liv.
528 672 554 695 4.
1036 694 1041 699 .

243 703 377 739 contagia
391 701 453 729 late.
482 698 566 728 Ovid.
579 706 604 735 7.
629 696 700 726 Met.
718 705 781 732 551.
804 695 832 724 h.
855 704 881 724 e.
913 694 1130 733 Corruptionem
1139 692 1222 732 longe
1231 691 1362 730 spargunt

263 743 288 770 Sc
308 739 472 769 immittunt.
813 762 816 765 ,

243 777 430 807 Contentione
448 783 555 811 magna.
578 771 635 801 Liv.
661 783 683 801 1.
705 770 810 801 Decad.
826 770 912 810 lib.3.
953 769 984 798 V.
1007 779 1086 799 01³0.

243 817 410 845 Conventus.
434 812 496 841 Caes.
510 816 534 841 6.
546 810 613 840 Bell.
625 809 695 839 Gall.
710 820 746 845 44
758 809 844 838 Graec.
858 809 974 845 interpr.
991 805 1087 834 συνόὲες
1104 805 1205 839 uranx.
1228 804 1260 833 V.
1275 813 1317 833 co
1327 813 1360 832 Ν-

261 862 277 881 v
288 862 328 881 En
340 862 413 880 vrus.
437 850 517 879 Conf.
538 851 563 879 St
580 848 649 877 infra
665 848 776 877 Forum.

242 891 393 919 Convivam
404 889 515 922 lterum,
537 886 609 916 Laete
621 886 770 915 convivari.
793 884 860 914 Hor.
872 893 898 912 2.
919 883 1005 912 Serm.
1019 885 1045 911 6.
1063 891 1125 911 111.
1180 917 1185 925 Ι
1269 918 1274 923 .

243 928 355 957 Crimen
369 949 377 962 ,
398 927 473 955 idem
486 925 562 963 quod
572 925 701 954 Tractare
715 924 832 953 crimen.
863 921 921 950 Cic.
935 925 960 950 6.
987 920 1060 949 Verr.
1077 925 1122 953 48.
1150 917 1205 947 Hic
1217 917 1304 960 nolite
1311 926 1359 960 ex-

258 968 368 1003 pectere
380 964 447 993 dum
459 973 511 1001 ego
520 963 574 992 1100
585 963 690 991 crimen
704 971 782 999 agam
794 959 920 989 ostiatim.
945 959 964 988 i.
984 968 1008 987 e.
1042 956 1118 987 Nolo
1127 965 1225 985 omnes
1232 955 1357 990 familias,

259 1014 325 1040 quas
337 1003 389 1031 hoc
402 1002 519 1031 crimine
532 1000 639 1030 vexarit
650 999 745 1029 Verres
754 1021 761 1034 ,
782 994 931 1027 recensere.

241 1041 313 1071 Cum
323 1041 415 1078 aliquo
426 1049 454 1068 re
466 1039 558 1077 aliqua
569 1061 576 1074 ,
596 1038 653 1067 fere
664 1037 817 1066 declaratur
832 1045 880 1072 per
891 1034 1006 1063 verbum
1019 1032 1088 1062 Utor
1096 1054 1104 1067 ,
1126 1037 1173 1064 aut
1184 1041 1234 1069 per
1243 1031 1359 1074 verbum

258 1079 335 1116 quod
347 1078 575 1115 significationem
594 1076 695 1105 habeat
717 1075 934 1104 convenientem
948 1072 987 1100 rei
1008 1071 1043 1100 de
1056 1081 1110 1108 qua
1120 1071 1218 1107 agitur.
1252 1068 1310 1098 Cic.
1329 1078 1356 1103 9.

257 1117 333 1147 Fam.
353 1126 397 1145 21.
435 1115 623 1145 Veruntamen
642 1113 708 1151 quid
724 1112 773 1141 tibi
796 1121 848 1149 ego
861 1110 959 1139 videor
971 1110 1000 1138 in
1017 1108 1164 1146 epistolis?
1184 1117 1279 1137 nonne
1300 1106 1359 1144 ple-

260 1155 323 1184 beio
333 1154 457 1184 sermone
472 1163 551 1191 agere
564 1153 679 1181 tecum?
700 1151 779 1181 Idem
796 1159 817 1178 1.
844 1149 880 1185 Q.
902 1148 962 1176 frat.
975 1158 1001 1183 4.
1026 1146 1092 1176 Non
1106 1146 1182 1175 enim
1192 1145 1291 1183 gladiis
1302 1153 1360 1173 rne-

260 1203 342 1225 00111.
364 1192 410 1221 sed
428 1191 522 1220 litibus
541 1197 643 1228 agetur.
666 1190 683 1218 i.
706 1199 730 1218 e.
762 1187 811 1217 llle
823 1196 879 1215 non
893 1191 987 1214 utetur
1002 1183 1070 1220 (vel
1087 1184 1128 1212 illi
1146 1194 1202 1212 non
1220 1182 1357 1216 utentur)

260 1230 357 1268 gladiis
374 1229 516 1259 adversum
529 1238 574 1257 me
586 1251 593 1263 ,
624 1227 671 1256 sed
688 1226 791 1255 litibus.
832 1225 886 1253 Aut
898 1246 905 1257 ,
932 1223 998 1252 Non
1014 1222 1151 1251 tractabor
1169 1222 1281 1260 gladiis,
1303 1222 1355 1250 Sec.

241 1268 313 1298 Cum
328 1268 419 1305 aliquo
433 1289 442 1302 ,
462 1277 512 1305 pro
528 1267 570 1296 De
584 1275 612 1294 re
623 1265 714 1302 aliqua
735 1264 859 1293 tractare.
884 1260 950 1290 Caes.
971 1270 992 1290 1.
1010 1259 1078 1289 Bell.
1101 1259 1171 1289 Gall.
1190 1271 1231 1296 14.
1282 1260 1306 1289 Is
1318 1259 1357 1290 ita

259 1316 324 1336 cum
339 1305 440 1335 Caesare
447 1306 504 1343 egit
514 1326 520 1337 ,
540 1304 559 1333 fi
570 1313 667 1341 pacem
678 1301 797 1340 populus
811 1301 891 1330 Rom.
905 1308 968 1328 cum
983 1297 1119 1327 Helvetiis
1128 1298 1239 1333 faceret,
1257 1298 1357 1328 ineam

258 1351 364 1382 partem
379 1344 466 1372 ituros
480 1366 488 1378 ,
509 1348 591 1380 atque
604 1341 641 1370 ibi
663 1342 771 1369 futuros
788 1338 929 1368 Helvetios
950 1338 1002 1366 &c.

240 1381 312 1412 Cum
323 1382 433 1419 aliquo·,
464 1381 493 1409 in
503 1379 555 1409 alia
571 1378 768 1417 significatione
780 1399 787 1412 ,
808 1385 859 1414 pro
875 1385 909 1404 eo
925 1375 1000 1412 quod
1018 1373 1055 1402 est
1067 1395 1076 1409 ,
1096 1373 1167 1403 Eum
1178 1374 1213 1403 de
1224 1384 1252 1403 re
1265 1374 1357 1411 aliqua

258 1419 411 1449 felicitare:
433 1418 501 1452 sive,
518 1425 549 1447 ut
558 1417 603 1446 alii
619 1418 851 1454 interpretantur,
872 1413 995 1450 Rogare,
1017 1418 1130 1449 petere,
1150 1411 1272 1442 suadere.
1295 1412 1354 1442 Cic.

257 1468 309 1496 pro
323 1457 412 1487 Planc.
430 1466 473 1491 92.
494 1456 548 1485 Res
562 1454 691 1492 veroipsa
706 1452 817 1491 publica
830 1452 849 1480 si
860 1451 936 1488 loqui
951 1449 1040 1493 posset
1050 1471 1062 1492 ‚¹
1080 1458 1173 1487 ageret
1186 1459 1306 1486 mecum,
1324 1456 1357 1479 ut

259 1489 390 1534 quoniam
412 1495 459 1523 fibi
474 1493 607 1523 servissem
631 1493 756 1530 semper,
777 1499 920 1528 nunquam
940 1488 1026 1517 milu:
1052 1497 1110 1521 Jam
1129 1487 1199 1516 mihi
1216 1487 1356 1524 servirem,

257 1533 429 1563 consulerem
445 1533 523 1561 meis.
562 1531 608 1560 Sic

238 1571 312 1601 Cum
320 1571 447 1600 Tribuno
455 1569 552 1608 plebis.
574 1569 631 1598 Cic.
642 1576 672 1634 17.
695 1567 774 1596 Attic.
792 1573 816 1603 7.
833 1565 869 1594 00
879 1564 1002 1594 Curione
1011 1563 1130 1593 Tribun.
1142 1562 1182 1601 pl.
1203 1563 1355 1601 Nunquam

256 1610 332 1639 enim
345 1609 429 1638 Curio
440 1605 603 1637 sustinuisset
612 1629 620 1641 ,
654 1614 736 1634 101101
751 1614 785 1633 eo
796 1604 839 1641 agi
858 1609 984 1640 coeptum
996 1601 1071 1631 effet.

238 1647 310 1677 Cum
332 1647 423 1684 aliquo
437 1666 445 1681 ,
466 1645 567 1674 additis
584 1642 735 1677 adverbiis,
755 1652 805 1679 per
821 1640 937 1670 verbum
950 1640 1080 1669 Tractare
1099 1638 1254 1669 declaratur
1269 1649 1275 1668 :
1307 1645 1354 1675 ut,

255 1685 371 1715 Pacifice
381 1685 436 1722 egit
446 1693 565 1713 mecum.
588 1683 606 1711 i.
630 1691 654 1711 e.
684 1681 802 1710 Pacifice
809 1689 855 1709 me
869 1679 1011 1713 tractavit,
1033 1678 1100 1707 Non
1109 1677 1207 1707 acerbe
1222 1678 1279 1715 egit
1297 1687 1355 1707 010»-

257 1733 339 1757 cum,
361 1733 418 1751 non
435 1722 547 1751 inimice
561 1742 568 1756 ,
590 1721 642 1750 &Q

236 1760 418 1798 Cumaliquo,
431 1761 497 1789 item
509 1759 563 1788 alio
573 1757 668 1787 modo.
681 1756 794 1786 Terent.
806 1755 906 1785 Heaut.
921 1765 946 1790 4.
962 1764 985 1783 1.
999 1763 1043 1789 29.
1055 1753 1132 1790 Quid
1141 1753 1270 1783 cumillis
1278 1763 1354 1791 agas,

256 1800 302 1836 qui
317 1809 407 1836 neque
426 1799 481 1833 ius,
503 1806 593 1834 neque
603 1796 710 1825 bonum
721 1817 730 1830 ,
750 1800 833 1832 atque
844 1801 955 1830 aequum
963 1791 1078 1821 sciunt?
1096 1792 1113 1821 i.
1137 1801 1162 1821 e.
1208 1792 1294 1829 Quod
1309 1793 1353 1828 jus

253 1837 287 1866 ab
303 1836 356 1865 illis
368 1837 492 1865 obtineas
502 1837 516 1864 ἰ)

235 1874 307 1904 Cum
317 1875 425 1911 aliquo,
446 1875 475 1902 in
489 1873 541 1902 alia
549 1871 755 1910 significatione.
784 1868 871 1899 Plaut.
889 1867 966 1897 Nihil
980 1877 1031 1905 ago
1042 1873 1145 1897 tecum.
1166 1867 1194 1896 h.
1206 1877 1231 1896 e.
1272 1866 1354 1897 Nihil

253 1914 293 1942 rei
305 1913 372 1941 mihi
384 1913 530 1941 esttecum.
552 1910 667 1940 1000010
678 1908 790 1943 dicitur,
811 1906 892 1937 Nihil
901 1906 992 1935 habeo
1000 1905 1201 1935 ads-<iciendum
1211 1912 1315 1934 tecum.

234 1950 305 1980 Cum
320 1951 449 1980 Patribus.
471 1949 530 1978 Cic.
544 1958 568 1986 3.
579 1948 615 1977 de
627 1946 721 1985 Legib.
739 1956 782 1983 31.
812 1945 885 1975 Cum
893 1944 1000 1982 populo
1013 1943 1190 1981 Patribusque
1197 1944 1297 1980 agendi
1307 1943 1354 1979 jus

255 1992 312 2017 cito
326 1987 445 2017 Consuli.

232 2026 425 2064 Cumpopulo.
455 2024 524 2055 Geli.
541 2023 588 2053 lib.
603 2032 643 2060 13.
664 2031 723 2060 cap.
742 2031 783 2056 ¹4·
806 2020 878 2049 Cum
887 2019 994 2057 populo
1007 2028 1086 2057 agere
1099 2019 1146 2055 est,
1164 2018 1271 2056 Rogare
1280 2018 1349 2056 quid

250 2064 398 2102 populum,
420 2064 494 2101 quod
502 2062 634 2099 suffragiis
642 2060 694 2089 suis
703 2066 749 2089 aut
759 2059 874 2096 jubeat,
890 2064 937 2086 aut
946 2064 1029 2086 vetet.
1070 2056 1245 2086 Concionem
1256 2063 1351 2085 autem

250 2103 368 2137 habere,
390 2102 429 2131 est
450 2100 536 2130 Verba
545 2100 633 2129 facere
645 2099 679 2127 ad
688 2097 826 2136 populum
836 2095 956 2126 sineulla
967 2095 1120 2133 rogatione.
1160 2095 1191 2124 V.
1214 2094 1284 2124 Geli.
1305 2104 1349 2129 13.

256 2150 298 2175 15.
315 2148 382 2169 extr.
405 2139 479 2168 conf.
494 2138 600 2168 Manut.
613 2137 646 2166 ad
656 2136 773 2165 Kalend.
786 2135 867 2166 Rom.
879 2145 907 2172 p.
924 2140 983 2164 102.
1006 2133 1063 2162 Cic.
1080 2144 1103 2169 ς.
1126 2132 1200 2162 Fam.
1216 2143 1242 2162 2.
1256 2142 1301 2162 22.
1323 2133 1350 2161 Sc

250 2178 322 2216 Nep.
346 2188 371 2215 7.
391 2184 416 2212 8.
430 2187 455 2207 2.
494 2175 591 2213 Ibique
600 2174 733 2213 praesente
743 2173 826 2211 vulgo
835 2182 914 2210 agere
929 2172 1025 2210 eoepit.
1065 2173 1083 2201 i.
1105 2180 1130 2201 e.
1151 2170 1247 2208 loqui,
1267 2169 1351 2200 verba

251 2216 349 2245 facere.

230 2253 383 2283 Cuniculos
398 2253 433 2282 ad
450 2253 581 2282 ¹aerarium.
605 2251 662 2281 Cic.
683 2260 706 2288 3.
730 2249 788 2280 Off.

232 2291 342 2321 Curam.
366 2291 423 2320 Liv.
437 2301 462 2320 2.
482 2290 570 2319 Valer.
582 2289 629 2319 lib.
647 2300 667 2318 1.
680 2298 739 2326 cap.
751 2286 958 2323 deReligione,
980 2285 1085 2322 Magna
1098 2284 1290 2314 conservanda!
1310 2294 1351 2313 re<

248 2329 362 2367 ligionis
374 2329 448 2366 apud
460 2329 575 2362 maiores
584 2328 689 2356 nostros
700 2336 764 2356 cura
775 2326 834 2354 acta
841 2325 886 2353 eit.
910 2324 927 2352 i.
942 2333 965 2352 e.
997 2323 1100 2361 Magna
1107 2322 1231 2351 adhibita
1240 2323 1278 2351 est
1289 2322 1351 2351 dili.

250 2368 350 2405 gentia.
392 2368 475 2404 Agere
484 2376 577 2395 curam
589 2388 596 2400 ,
618 2365 688 2394 nihil
703 2364 779 2394 aliud
793 2363 831 2392 est
841 2371 922 2399 quam
930 2361 1030 2390 Curare
1042 2370 1049 2389 ι
1070 2361 1147 2398 quod
1156 2362 1183 2390 ὅ(
1193 2360 1293 2390 001010
1303 2370 1350 2389 011-

249 2415 306 2434 ram
318 2405 427 2434 dicitur.
449 2411 479 2434 ut
489 2427 496 2439 ,
519 2405 572 2441 Age
582 2413 675 2432 curam
689 2411 782 2433 rerum
797 2407 924 2430 tuarum:
948 2400 1024 2436 quod
1039 2398 1093 2434 est,
1115 2398 1187 2427 Cura
1199 2408 1242 2428 res
1253 2407 1322 2428 tuas.

231 2442 331 2472 Curam
343 2443 377 2472 de
388 2442 422 2471 se.
443 2442 544 2471 Livius.

232 2481 346 2510 Currum
359 2503 367 2516 ,
391 2488 421 2509 ut
436 2481 519 2518 Agere
529 2479 707 2516 Carpentum.
731 2476 824 2506 Livius
841 2484 847 2502 ε
873 2484 896 2504 1.
909 2479 955 2510 48.
995 2475 1108 2509 Amens,
1123 2473 1291 2511 agitantibus
1307 2472 1349 2503 fri-2

250 2520 295 2548 riis
310 2517 408 2547 sororis
418 2528 449 2547 ac
457 2519 506 2547 viri
516 2516 609 2547 Tullia
618 2526 667 2554 per
678 2516 762 2545 Patris
773 2522 874 2551 corpus
887 2518 1051 2551 carpentum
1061 2511 1142 2550 egisse
1153 2512 1246 2540 fertur.
1258 2511 1294 2541 H.
1305 2512 1345 2541 St.¹

230 2556 353 2587 Cursum.
377 2556 444 2585 Plin.
465 2556 513 2584 lib.
532 2566 554 2590 ς.
576 2564 636 2592 cap.
650 2564 694 2590 24.
734 2552 888 2591 Euphrates
899 2550 1007 2580 cursum
1019 2550 1055 2579 ad
1069 2549 1196 2579 occasum
1209 2549 1271 2578 solis
1282 2550 1346 2587 agit.

250 2596 298 2624 Pro
314 2605 348 2623 eo
363 2594 437 2631 quod
456 2594 511 2630 est,
533 2592 653 2622 Labitur.
1046 2625 1051 2631 ι
1199 2625 1204 2630 ι

184 2638 187 2641 “
230 2632 388 2662 Custodiam
399 2631 472 2661 urbis
481 2654 489 2668 ‚
510 2631 613 2661 Urbem
624 2628 770 2667 diligenter
779 2627 917 2657 custodire
932 2648 940 2663 ,
973 2625 1012 2655 Ad
1026 2635 1085 2661 ejus
1098 2624 1253 2654 custodiam
1266 2634 1350 2653 excua

247 2671 319 2701 bare.
346 2670 403 2700 Liv.
422 2681 445 2706 5.

228 2709 314 2746 Agere
325 2709 368 2738 de.
391 2707 448 2738 Cic.
470 2717 492 2736 1.
514 2706 590 2736 Fam.
605 2715 630 2735 2.

249 2747 311 2776 bam
329 2747 363 2776 ad
382 2752 419 2776 te.
459 2744 516 2775 Nisi
531 2745 598 2773 adv.
613 2742 735 2772 Scribam
746 2741 860 2770 refertur
871 2740 972 2777 potius.

226 2784 270 2815 De
290 2795 358 2822 pace
369 2807 378 2820 ,
406 2785 433 2814 &
462 2782 595 2812 similibus
605 2804 613 2817 ,
642 2780 781 2817 eleganter
801 2787 853 2816 pro
876 2778 1014 2807 Tractare.
1056 2776 1114 2806 Liv.
1138 2785 1164 2806 2.
1187 2776 1254 2806 Bell.
1287 2775 1348 2806 Mas

246 2824 308 2852 ced.

230 2860 273 2892 De
282 2871 310 2890 re
318 2859 407 2897 aliqua
416 2860 450 2889 30
458 2859 554 2892 fidem,
575 2857 614 2886 est
624 2856 663 2885 lta
672 2863 843 2893 componere
856 2853 1003 2886 actionem,
1026 2851 1146 2881 utfidem
1155 2852 1247 2887 faciat,
1264 2861 1346 2890 agen⁴

245 2900 322 2936 tique
333 2898 467 2927 credatur.
480 2896 565 2931 Liv.3.
575 2894 643 2924 Bell.
655 2891 925 2923 maced.Antiochus
935 2888 1018 2919 miffis
1029 2890 1063 2919 30
1076 2890 1225 2927 Quintium
1239 2891 1345 2927 legatis,

244 2937 290 2974 qui
307 2936 434 2965 adfidem
453 2935 488 2964 de
497 2934 628 2963 societate
645 2936 774 2970 agerent,
798 2929 894 2958 omnia
909 2929 973 2958 Afiae
992 2927 1087 2965 legens
1107 2929 1236 2966 pervenit
1254 2929 1284 2956 in
1295 2928 1347 2966 Ly-

243 2976 314 3004 ciam
356 2975 408 3004 &a

222 3012 265 3042 De
280 3023 307 3041 re
324 2997 414 3049 siliqua
422 3011 523 3040 severe.
545 3008 603 3038 Cic.
619 3011 661 3037 16.
679 3008 734 3036 Att.
762 3016 804 3042 14.
827 3005 868 3035 De
878 3003 982 3035 summa
991 3010 1101 3038 autem,
1121 3004 1164 3040 agi
1181 3003 1290 3041 prorsus
1302 3013 1347 3033 ve·

244 3051 387 3079 liementer
402 3051 427 3079 δε
442 3049 533 3078 severe
544 3046 617 3076 volo.

230 3087 272 3117 De
283 3088 345 3117 loco
355 3087 502 3125 superiore.
524 3085 583 3115 Cic.
597 3087 623 3113 6.
645 3083 718 3112 Verr.
729 3091 775 3118 49.
810 3083 897 3119 Atque
912 3081 971 3110 haec
987 3078 1137 3116 agebantur
1154 3078 1184 3107 in
1202 3086 1342 3109 conventu

241 3126 332 3164 palam
346 3126 380 3155 de
393 3125 457 3154 sella
469 3147 477 3160 ,
502 3133 534 3153 ac
545 3123 580 3152 de
595 3121 658 3151 loco
676 3120 824 3158 superiore.
912 3155 921 3160 .

223 3163 317 3201 Agitur
329 3171 431 3202 caput,
452 3163 544 3196 fama,
566 3159 747 3193 existimatio,
769 3157 854 3192 fides,
877 3155 1016 3189 officium,
1037 3155 1155 3198 sortunae
1165 3163 1242 3184 mese.
1280 3155 1296 3184 i.
1313 3165 1337 3184 e.

242 3202 273 3230 ln
283 3201 406 3238 periculo
415 3200 548 3231 versatur:
571 3206 712 3235 nunquam
731 3202 825 3225 autern
835 3195 924 3232 agitur
942 3195 977 3221 de
989 3200 1080 3230 cap1te
1090 3214 1097 3227 ,
1121 3192 1156 3220 de
1170 3192 1242 3221 fama
1255 3214 1262 3227 ‚
1285 3194 1338 3222 See.

242 3248 306 3268 nam
319 3240 401 3277 Agere
417 3240 452 3267 de
464 3238 556 3275 aliqua
568 3247 597 3266 10
608 3258 615 3270 .
639 3235 677 3264 est
697 3234 786 3263 Verba
800 3233 907 3262 facere:
937 3231 1108 3264 sermonem,
1129 3236 1176 3258 aut
1193 3229 1339 3259 confilium

242 3276 352 3306 habere.
391 3276 509 3306 Proinde
521 3276 551 3304 in
560 3274 644 3303 Laelio
654 3272 729 3310 apud
746 3272 805 3301 Cic.
826 3271 903 3300 locus
913 3268 959 3298 ille
976 3273 1122 3309 corruptus
1142 3267 1179 3295 est
1193 3289 1201 3301 ,
1223 3267 1256 3296 Et
1277 3278 1338 3304 quse

242 3314 352 3343 fortuna
365 3315 497 3343 acciderit
510 3336 518 3349 ,
539 3319 570 3342 ut
581 3313 672 3341 minus
684 3310 759 3346 justae
769 3309 921 3338 amicorum
934 3306 1091 3336 voluntates
1101 3307 1153 3333 lint
1161 3305 1337 3341 adjuvandae,

241 3353 272 3381 in
290 3352 389 3388 quibus
401 3361 497 3381 eorum
511 3373 519 3385 ,
541 3350 633 3380 aut'de
647 3347 738 3386 capite
745 3354 839 3385 agatur
851 3368 858 3381 ,
880 3352 927 3374 aut
940 3344 1011 3373 fama
1026 3365 1034 3378 ,
1057 3344 1109 3372 &Q
1130 3341 1338 3380 legendumque

240 3396 273 3418 ut
281 3390 411 3427 scriptum
425 3390 514 3426 reperi
524 3389 552 3417 in
562 3388 623 3417 cod.
638 3387 723 3423 antiq.
746 3387 798 3414 Aut
808 3388 1002 3421 capritagatur.
1026 3382 1052 3410 &
1069 3381 1108 3423 ita
1120 3380 1148 3408 A.
1163 3379 1334 3423 Gell.lib.·1.

240 3436 301 3464 cap.
316 3436 338 3461 3.
378 3427 416 3456 Ex
429 3426 561 3455 Lambino
578 3424 686 3454 inillud
704 3423 806 3452 Horatii
821 3444 829 3458 ‚
853 3421 924 3450 Nam
941 3426 993 3462 tua
1008 3428 1049 3461 res
1064 3426 1168 3454 agitur,
1191 3420 1249 3461 etc.
1266 3418 1331 3461 'C1c.

239 3474 290 3502 pro
304 3465 391 3494 Plane.
404 3474 447 3500 79.
479 3465 572 3500 Agitur
584 3463 703 3491 {nulium
719 3469 806 3490 tuum.
829 3459 886 3489 Cic.
901 3468 926 3495 7.
948 3456 1065 3499 Philipp.
1081 3462 1125 3491 27.
1148 3455 1335 3498 Agiturliber-

239 3509 282 3530 tas·
293 3502 357 3539 Pop.
369 3502 448 3531 Rom.
460 3500 518 3530 Cic.
531 3504 556 3529 6.
574 3501 647 3529 Verr.
662 3509 700 3534 13.
723 3496 965 3536 Aguntur-injuriae
974 3495 1128 3523 Sociorum.
1151 3492 1210 3522 Cic.
1222 3503 1271 3530 pro
1284 3493 1336 3522 Le<

238 3549 270 3575 ge
285 3539 381 3569 Minu.
393 3543 418 3568 6.
442 3539 533 3575 Agitur
548 3537 632 3573 gloria
647 3538 709 3575 Pop.
726 3537 804 3565 Rom.

219 3577 374 3606 Delectum.
398 3576 464 3605 l'lin.
476 3575 522 3604 lib.
537 3584 627 3612 7.cap.
640 3585 684 3610 29.
708 3574 887 3611 ingeniorum
897 3571 988 3608 gloriae
1001 3570 1062 3606 quis
1073 3568 1155 3606 poffit
1165 3576 1244 3604 agere
1258 3568 1335 3598 dele-

239 3616 314 3644 010111
327 3625 375 3651 per
387 3620 428 3643 tot
449 3612 654 3650 disciplinarum
669 3622 784 3647 genera,
807 3613 833 3640 a&
847 3616 952 3639 tantam
963 3617 1053 3650 rerum
1066 3616 1239 3645 operumque
1250 3607 1335 3635 varie—

238 3659 321 3681 tatem
337 3654 349 3680 ?
372 3652 420 3680 l’ro
432 3673 439 3685 ,
463 3651 621 3679 Discernere
636 3650 746 3685 ingenia
761 3671 768 3683 ,
789 3649 833 3677 vel
846 3650 916 3677 inter
929 3647 1049 3682 ingenia.
1147 3681 1153 3687 .
1203 3681 1209 3687 ι

218 3690 358 3719 Delidcrio
377 3689 494 3724 alicujus
510 3688 548 3716 rei
563 3687 616 3724 agi.
654 3687 711 3715 Liv.
731 3697 755 3722 9.
778 3686 845 3716 Bell.
864 3686 929 3715 Pun.
959 3685 976 3713 i.
999 3693 1023 3712 e.
1045 3682 1155 3712 Moven
1171 3703 1179 3716 ,
1201 3681 1307 3719 impelli
1323 3703 1330 3716 ‚

236 3728 360 3756 accendi.

215 3764 297 3796 Diem
312 3765 373 3793 vitae
387 3769 542 3793 extremum
553 3772 632 3798 agere
647 3783 654 3795 ,
677 3760 734 3789 Cic.
748 3771 773 3790 2.
797 3761 831 3789 de
839 3761 899 3790 Fin.
922 3759 1097 3790 &Ultimum
1107 3757 1183 3787 diem
1195 3780 1204 3794 ,
1224 3757 1282 3788 Liv.
1304 3767 1328 3794 5.

234 3803 301 3832 Haec
321 3802 469 3837 significant
480 3801 637 3837 quempiam
649 3798 705 3827 Effe
720 3799 747 3826 in
763 3807 886 3827 extremo
894 3799 957 3827 vitre
968 3797 1023 3826 die.

213 3841 295 3872 Diem
308 3840 413 3868 festum.
450 3838 508 3866 Cic.
525 3842 549 3866 6.
576 3838 645 3866 Verr.
663 3841 721 3865 106.
758 3836 811 3864 Ubi
828 3836 923 3864 adhoc
943 3844 1028 3871 usque
1044 3840 1154 3871 tempus
1170 3831 1329 3870 Syracusani

232 3879 312 3907 festos
321 3878 379 3906 dies
391 3875 685 3911 anniverssrriosagnat.
725 3872 780 3907 Sic,
802 3874 887 3909 Agere
898 3874 973 3902 diem
983 3872 1112 3900 natalem.
1151 3871 1235 3908 Agere
1253 3870 1328 3899 diem

228 3917 326 3951 festum
342 3937 350 3950 ,
372 3916 398 3944 ὃ(
413 3913 521 3943 festum
532 3912 607 3942 diem
616 3911 756 3941 observare
769 3920 775 3940 :
799 3910 850 3939 sive
863 3932 871 3944 ,
886 3918 917 3939 ut
931 3909 1027 3946 vulgus
1042 3910 1166 3946 loquitur
1176 3930 1184 3944 ‚
1201 3907 1328 3938 Solenni-

1210 237 1226 272 [
1233 235 1357 265 Anastro-

681 2703 723 2733 De
734 2702 839 2732 eaeteris
852 2701 934 2731 rebus
950 2701 1084 2739 quicquid
1097 2701 1252 2730 0111301010
1262 2723 1270 2736 ‚
1285 2701 1349 2730 scri.

1887 77 1914 111 A
2009 74 2041 110 G
2136 77 2171 111 O

1460 168 1523 225 {are
1535 180 1543 194 ,
1564 158 1609 188 vel
1620 159 1721 189 Facere
1732 159 1839 190 festum.
1881 159 1927 188 Sic
1941 180 1949 193 ‚
1968 157 2054 195 Agere
2064 157 2161 194 ferias,
2181 158 2199 187 i.
2212 167 2236 187 e.
2259 158 2379 194 Feriari,
2401 155 2478 199 apud
2489 157 2570 190 Plane

1476 206 1532 225 um.

1441 233 1526 264 Diem
1545 243 1634 263 unum
1653 233 1725 263 bene
1745 245 1823 272 agere
1834 245 1866 264 ex
1878 233 2060 273 philosophiae
2071 233 2224 271 praeceptis.
2249 234 2307 262 Cic.
2319 244 2342 267 ς.
2364 234 2446 264 Tuse.
2462 246 2485 270 ς.
2523 236 2567 267 Est

1462 280 1556 302 autem
1573 280 1644 301 unus
1660 272 1719 301 dies
1731 272 1801 302 bene
1813 274 1839 303 ὃ(
1854 283 1888 302 ex
1899 272 2044 311 praecptis
2055 271 2108 300 tuis
2119 273 2206 307 actus,
2223 281 2296 309 pene
2308 272 2360 300 toti
2368 272 2568 306 immortalitati

1465 309 1688 347 anteponendus.

1444 348 1519 378 Diris
1534 357 1611 384 agere
1627 346 1757 384 aliquem.
1789 347 1856 377 Hor.
1872 347 1961 386 Epod.
1981 359 2004 383 ς.
2021 353 2065 383 89.

1444 385 1599 422 Diligenter
1613 384 1719 421 aliquid
1740 396 1827 423 agere.
1858 386 1916 415 Cic.
1946 397 1986 421 ις.
2010 386 2084 415 Fam.
2110 394 2137 420 4.
2179 382 2265 420 Quod
2287 393 2372 422 quum
2390 383 2425 413 ab
2445 383 2494 414 illo
2506 386 2568 418 diii-

1465 431 1561 460 genter
1575 422 1641 452 eiset
1663 424 1756 452 artum
1771 446 1779 458 ,
1805 434 1857 462 ego
1869 425 1899 453 in
1916 424 2000 453 castra
2026 424 2061 452 ad
2079 421 2231 460 septimum
2250 421 2380 452 calendas
2394 423 2567 461 Septembres

1464 471 1538 489 veni.

1446 499 1601 535 Diligenter
1610 498 1705 527 0111013
1724 508 1738 528 3
1749 498 1831 529 nobis
1851 505 1974 537 agentur.
1992 498 2050 527 Cic.
2065 507 2089 526 1.
2107 497 2182 527 Fam.
2195 509 2220 534 ς.

1447 536 1521 566 Εο11ς
1536 537 1591 573 agit
1601 535 1722 573 plurima
1731 536 1804 566 bello
1816 537 1915 566 navali.
1944 537 2046 565 Lucan.
2060 535 2108 564 lib.
2122 544 2146 572 3.
2160 545 2222 574 570.

1447 574 1557 611 Equum
1576 583 1655 610 agere
1667 575 1696 602 in
1710 575 1792 603 viam.
1817 574 1875 604 Liv.
1892 585 1916 613 3.
1935 574 2003 604 Bell.
2021 574 2088 602 Pun.

1447 612 1527 655 Error
1538 612 1593 648 agit
1612 611 1741 648 aliquem.
1763 612 1847 643 Ovid.
1859 623 1883 648 3.
1905 613 1973 642 Fast.
1987 622 2048 649 555.

1447 650 1488 692 12³5
1492 659 1677 715 gegqosagere.
1698 650 1788 680 Tacit.
1799 661 1825 686 4.
1848 651 1915 680 Hist.
1929 655 1975 686 64.
2015 650 2112 680 Autex
2123 659 2202 688 aequo
2212 650 2314 688 agetis,
2339 656 2386 681 aut
2402 651 2462 682 aliis
2481 652 2566 693 impe.
2582 687 2601 730 a

1466 698 1487 715 Π
1503 698 1517 715 d
1539 698 1546 715 1
1563 698 1568 715 l
1587 710 1592 715 .

1447 724 1489 755 Ex
1500 725 1594 753 animo
1602 735 1644 754 res
1652 726 1748 762 agitur.
1769 726 1876 755 Author
1892 726 1926 756 ad
1935 725 2037 755 Heren.
2048 725 2098 755 lib.
2116 734 2141 761 3.
2179 725 2242 755 Hoc
2253 725 2320 755 scire
2334 731 2429 757 tamen
2439 718 2582 767 oportetf·

1464 763 1725 800 pronuntiationem
1734 763 1837 793 bonam
1849 765 1877 794 id
1887 764 2020 802 perficere
2029 785 2037 798 ,
2059 771 2090 792 ut
2102 772 2145 792 res
2157 773 2192 792 ex
2206 764 2301 792 animo
2311 765 2354 801 agi
2362 766 2498 796 videatur.
2508 766 2564 798 h.e.

1466 801 1532 829 Non
1544 800 1606 829 fiete
1618 822 1625 835 ,
1646 811 1704 830 non
1713 801 1844 831 simulate.
1885 804 1899 838 [
1918 803 1963 832 Sic
1977 802 2116 831 exanimo
2133 801 2224 831 facere
2237 801 2300 831 Ter.
2315 803 2397 833 Andr.
2414 814 2440 839 4.
2457 815 2481 840 5.
2496 813 2564 836 extr.

1446 838 1493 904 E}
1506 838 1611 904 divserso
1622 849 1708 882 agere.
1731 839 1851 876 Quintil.
1860 839 1909 870 lib.
1922 851 1945 877 ς.
1960 849 2021 878 cap.
2036 849 2078 869 11.
2100 840 2154 869 Aut
2164 839 2324 876 adversarii,
2344 847 2392 870 aut
2405 841 2464 877 ejus
2476 843 2523 879 qui
2531 837 2567 874 erc
2580 859 2582 862 ·

1465 887 1475 904 (
1487 886 1543 905 iver
1557 886 1573 904 o
1591 887 1605 905 3
1617 883 1655 906 yit.

1446 913 1488 943 Ex
1498 914 1553 957 tide
1563 887 1636 943 bosia
1652 924 1740 952 agere.
1762 915 1821 944 Cic.
1841 924 1865 951 3.
1886 915 1944 946 Off.

1445 951 1608 981 Exinhdiis.
1632 952 1691 982 Cic.
1709 963 1732 982 1.
1747 953 1781 982 de
1796 953 1854 983 Off.
1871 964 1932 989 109.
1954 954 1973 983 i.
1992 963 2017 983 0.
2051 952 2182 983 Insidiose
2192 953 2246 983 sive
2258 963 2308 991 per
2319 953 2438 983 infidias.

1445 989 1493 1033 Ex·
1502 989 1602 1027 sponso
1618 989 1671 1019 sive
1683 1000 1717 1020 ex
1726 990 1825 1028 sponsu
1842 1002 1930 1030 agere.

1463 1027 1603 1065 stipulatu.
1625 1028 1684 1057 Cic.
1700 1038 1749 1066 pro
1770 1028 1867 1066 Quint.
1883 1040 1906 1059 2.
1930 1029 2114 1067 Sponsionem
2124 1029 2215 1059 facere
2225 1029 2339 1059 maluit:
2361 1029 2438 1059 fecit.
2460 1032 2567 1067 rejudia

1463 1075 1526 1095 cem
1537 1065 1567 1095 C.
1581 1066 1671 1103 Aquili
1684 1066 1797 1104 sumpsit
1812 1077 1819 1096 :
1841 1078 1875 1096 ex
1886 1067 1984 1106 sponso
1996 1068 2060 1105 egit.
2101 1067 2176 1097 Serv.
2196 1067 2333 1105 Sulpitius
2347 1068 2422 1105 apud
2433 1067 2555 1100 Gellium

1463 1103 1518 1132 Sed
1531 1103 1547 1132 si
1559 1104 1619 1141 post
1636 1114 1681 1133 033
1692 1104 1882 1142 stipulationes
1896 1115 1966 1135 uxor
1976 1115 2034 1134 non
2049 1104 2164 1134 dabatur
2174 1127 2183 1141 ‚
2203 1112 2252 1135 aut
2265 1114 2324 1135 non
2335 1105 2505 1143 ducebatur,
2521 1117 2568 1145 qui

1462 1142 1660 1185 stipulabatur,
1687 1152 1721 1171 ex
1740 1142 1839 1180 sponsu
1849 1144 1954 1180 agebat.
2564 1145 2566 1155 '

1443 1178 1485 1209 Ex
1494 1180 1647 1217 syngrapha
1657 1190 1721 1209 cum
1735 1181 1836 1218 aliquo.
1859 1182 1918 1210 Cic.
1931 1190 1982 1219 pro
1993 1180 2103 1210 Muren.

1462 1227 1498 1247 ex
1514 1217 1668 1255 syngrapha
1678 1241 1685 1253 ,
1698 1228 1777 1255 agere
1790 1229 1854 1249 cum
1866 1219 1972 1257 populo
1987 1220 2001 1248 ‘?
2022 1219 2040 1248 i.
2062 1229 2086 1248 e.

1465 1255 1618 1293 obligatum
1634 1256 1705 1293 quali
1714 1257 1743 1285 in
1752 1257 1795 1293 jus
1807 1267 1920 1293 vocare,
1943 1259 1969 1286 ἃ
1978 1257 2098 1294 cogere?

2137 1191 2161 1216 ς.
2182 1180 2333 1218 Pergitisne
2345 1191 2395 1211 vos
2406 1203 2415 1217 ‚
2434 1170 2566 1220 tanquam

2584 856 2599 880 ‹l

1969 991 2055 1028 Quod
2071 992 2240 1020 recentiores
2256 992 2407 1027 dixerunt,
2428 994 2514 1030 Agere
2531 992 2598 1025 eii?

2136 1218 2255 1257 opulum
2266 1218 2353 1249 veluti
2369 1227 2404 1249 ex
2415 1219 2584 1266 syngrapha}

1443 1292 1588 1331 Exemplis
1605 1303 1693 1331 agere.
1716 1296 1734 1324 i.
1748 1305 1772 1324 e.
1798 1295 1905 1324 collatis
1918 1295 2048 1332 utrinque
2062 1295 2207 1333 exemplis.
2230 1293 2300 1325 Plin.
2312 1293 2361 1324 lib.
2374 1305 2417 1325 10.
2439 1305 2501 1335 cap.
2517 1306 2581 1341 7ς.Ᾱ

1464 1331 1498 1360 Et
1514 1331 1532 1360 si
1545 1331 1681 1369 exemplis
1692 1342 1795 1370 agatur,
1817 1334 1941 1371 profecto
1950 1334 2025 1371 paria
2036 1333 2111 1362 fiant.

1443 1369 1641 1413 Experimenta
1650 1380 1737 1408 agere.
1759 1370 1827 1401 Plin.
1839 1371 1888 1400 lib.
1898 1381 1942 1406 29.
1955 1381 2016 1409 cap.
2033 1382 2055 1400 1.
2074 1370 2192 1400 Discunt
2200 1370 2332 1408 periculis
2344 1352 2443 1401 nostris
2452 1394 2461 1407 ‚
2483 1374 2509 1402 ἃ
2518 1342 2587 1414 eng}

1464 1416 1677 1446 perimentaper
1691 1415 1794 1438 mortes
1813 1415 1907 1446 agunt.
1928 1410 1946 1438 i.
1969 1420 1993 1438 e.
2015 1409 2086 1438 Artis
2100 1409 2153 1438 suae
2162 1408 2321 1446 periculum
2339 1409 2464 1446 faciunt,
2484 1417 2587 1451 atque„

1462 1447 1500 1474 ita
1512 1455 1573 1475 eam
1585 1446 1740 1484 approbant
1759 1448 1785 1477 δι
1798 1447 1972 1477 confirmant.
2013 1447 2056 1476 De
2071 1447 2191 1476 medicis
2206 1446 2339 1484 loquitur.

1443 1482 1577 1513 Fabulam
1593 1506 1601 1519 ,
1618 1484 1787 1514 comoediam
1800 1508 1808 1521 ‚
1828 1486 2000 1523 tragoediam.
2031 1485 2091 1514 Cic.
2109 1495 2150 1515 11.
2173 1484 2292 1523 Philipp.
2312 1496 2354 1521 19.
2377 1485 2507 1522 Quorum
2527 1486 2565 1516 al.

2583 1455 2593 1465 .

2580 1472 2585 1487 i

1464 1528 1506 1550 ter
1517 1528 1721 1551 commentatus
1731 1523 1769 1552 est
1782 1524 1884 1552 mimos
1895 1545 1903 1557 ,
1926 1523 1993 1552 alter
2008 1524 2065 1561 egit
2075 1523 2248 1561 tragoediam.
2288 1523 2405 1552 Videtur
2418 1523 2518 1554 Cicero
2528 1524 2564 1555 de
2576 1523 2579 1530 '

1462 1560 1578 1589 authore
1602 1561 1743 1597 tragoediae
1757 1561 1803 1590 hic
1821 1561 2004 1595 intellexisse,
2026 1568 2057 1590 ut
2072 1561 2104 1590 sit
2124 1570 2215 1590 1⁷.ch
2228 1583 2237 1596 ,
2258 1571 2308 1599 pro
2332 1571 2451 1591 FECIT.
2491 1563 2562 1594 Nam

1458 1601 1544 1636 poeta
1557 1599 1728 1628 comoediam
1740 1598 1794 1628 sive
1812 1600 1974 1637 tragoediam
1989 1599 2072 1635 facit,
2104 1599 2150 1637 qui
2171 1599 2317 1636 componit
2334 1608 2395 1628 eam
2410 1609 2417 1628 :
2447 1605 2480 1629 ut
2494 1600 2564 1639 ssepe

1460 1636 1536 1673 apud
1549 1636 1674 1665 Plautum
1687 1638 1713 1666 &
1735 1637 1909 1666 Terentium.
1962 1637 2064 1667 Histrio
2077 1647 2142 1667 vero
2159 1637 2329 1666 comoediam
2342 1638 2398 1674 agit
2408 1659 2416 1674 ,
2437 1638 2485 1675 qui
2501 1648 2577 1674 eam„

1459 1673 1567 1712 populo
1576 1684 1645 1703 voce
1659 1684 1691 1703 ac
1700 1675 1774 1712 gestu
1787 1675 1977 1714 repraesentat:
2010 1676 2086 1713 quod
2100 1675 2209 1705 Ludere
2224 1674 2308 1711 vulgo
2330 1675 2441 1705 dicitur.
2481 1675 2580 1707 Unde*

1460 1711 1600 1750 appellata
1612 1713 1650 1741 est
1669 1713 1762 1742 Actio:
1793 1714 1819 1742 &
1834 1714 1880 1751 qui
1894 1720 1979 1750 agunt
1989 1735 1996 1748 ,
2027 1715 2138 1743 Aetores
2153 1713 2229 1742 dicti.
2262 1713 2326 1742 Ter.
2348 1713 2418 1751 prol.
2434 1713 2504 1744 Eun.
2515 1724 2560 1745 22.

1460 1750 1545 1793 Nunc
1555 1760 1637 1787 quam
1650 1751 1737 1780 301011
1755 1750 1846 1780 sumus
1863 1751 2015 1781 Menandri
2030 1751 2206 1781 Eunuchum.
2247 1750 2280 1780 In
2294 1751 2409 1789 agendis
2420 1758 2512 1782 autem
2523 1753 2560 1782 fa·
2573 1753 2577 1756 ⁴

1459 1788 1548 1822 bulis,
1576 1788 1645 1817 allus
1659 1787 1741 1818 aliam
1754 1789 1899 1826 personam
1916 1790 1979 1827 agit.
2001 1798 2033 1818 ut
2046 1790 2102 1827 agit
2117 1789 2165 1820 hic
2173 1789 2320 1819 Simonem
2331 1811 2340 1825 ,
2365 1789 2414 1819 ille
2433 1789 2558 1827 Davum,

1458 1826 1527 1855 alius
1539 1825 1733 1864 Pamphilum,
1759 1833 1807 1856 aut
1826 1826 1983 1862 Thaidem,
2005 1828 2057 1857 Sec.

1439 1862 1523 1894 Fama
1541 1864 1597 1901 agit
1618 1863 1747 1902 aliquem.
1768 1865 1836 1894 Hor.
1848 1874 1874 1894 2.
1897 1865 1988 1895 Carm.
2003 1875 2028 1895 2.
2040 1875 2067 1903 7.

1520 1901 1601 1930 Vivet
1613 1908 1728 1931 extento
1745 1901 1902 1932 Proculeius
1921 1912 1979 1932 aevo
1990 1925 1999 1939 ,

1519 1940 1612 1969 Notus
1630 1941 1661 1968 111
1672 1940 1765 1970 fratres
1778 1941 1864 1970 animi
1880 1942 2005 1979 paterni:

1520 1977 1604 2008 Illum
1619 1984 1681 2045 alget
1693 1987 1787 2016 penna
1799 1985 1942 2008 metuente
1958 1978 2028 2008 solvi

1655 2026 1716 2045 ama
1736 2016 1876 2054 superstes.
1916 2020 2026 2052 Acron,
2047 2017 2065 2046 i.
2079 2026 2104 2046 e.
2125 2009 2218 2047 Ducet
2230 2026 2281 2055 per
2293 2016 2407 2047 notitias
2421 2015 2556 2052 omnium.
2601 2020 2603 2031 ¹

1437 2051 1620 2097 Familiariter
1631 2063 1719 2091 agere.
1741 2054 1799 2084 Cic.
1813 2065 1854 2091 15.
1870 2055 1944 2085 Fam.
1957 2066 1983 2092 4.
2021 2056 2108 2092 Agam
2123 2061 2218 2084 tecum
2230 2055 2407 2086 familiariter.

1436 2089 1516 2158 spilla
1526 2098 1584 2127 agit
1596 2092 1673 2122 ficus.
1694 2092 1722 2122 h.
1744 2102 1768 2123 e.
1789 2093 1907 2123 Emittit.
1934 2092 2071 2123 Columel.
2083 2092 2132 2123 lib.
2146 2104 2169 2129 ς.
2182 2103 2243 2131 cap.
2259 2104 2302 2123 10.
2344 2094 2389 2123 Sic
2410 2093 2557 2132 Frondem,

1485 2138 1596 2158 emmas.

1437 2166 1560 2196 Fortuna
1574 2167 1664 2198 nostra
1679 2169 1768 2206 agitur
1781 2178 1830 2207 per
1845 2167 1969 2199 adversas
1980 2168 2125 2207 procellas.
2148 2168 2231 2198 ovid.
2246 2180 2270 2204 ς.
2288 2169 2367 2199 Trist.
2383 2178 2427 2205 13.

1437 2204 1549 2234 Forum.
1585 2206 1680 2249 Cic-5·
1701 2207 1754 2236 Att.
1773 2211 1814 2236 16.
1858 2207 1891 2236 In
1905 2207 2034 2236 ultimam
2055 2207 2230 2245 provinciam
2246 2206 2272 2235 se
2281 2208 2422 2244 conjecit,
2443 2207 2562 2240 Tarsum

1458 2253 1560 2286 usque:
1582 2244 1730 2274 ubiiorum
1742 2245 1805 2282 agit.
1828 2246 1845 2274 i.
1867 2255 1891 2274 e.
1919 2245 1968 2281 tlus
1982 2245 2060 2274 dicit.
2102 2245 2132 2275 V.
2156 2244 2342 2276 Conventum.

1437 2280 1548 2318 anora
1571 2289 1657 2319 agunt
1678 2283 1763 2312 venti.
1793 2283 1865 2321 Virg.
1882 2293 1905 2312 1.
1922 2283 2021 2320 Georg.
2035 2292 2097 2319 352.

1517 2319 1660 2356 ]Estusque
1670 2342 1678 2355 ,
1698 2320 1860 2358 pluviasque
1875 2322 1901 2351 &
1912 2329 2024 2358 agentes
2038 2321 2140 2358 frigora
2149 2326 2256 2351 ventos.

1438 2356 1578 2401 Frondem
1591 2358 1694 2388 dicitur
1709 2358 1797 2388 arbor.
1819 2358 1888 2388 Plin.
1898 2358 1946 2388 lib.
1965 2364 2006 2393 18.
2029 2368 2091 2397 cap.
2106 2362 2132 2388 6.
2160 2360 2191 2390 V.
2213 2358 2291 2389 folia
2305 2358 2391 2398 supra.

1434 2394 1554 2433 Fugam,
1574 2396 1687 2433 Fugere.
1709 2396 1766 2426 Liv.
1783 2408 1806 2433 ς.
1828 2396 1896 2426 Bell.
1916 2397 1984 2426 Pun.

1434 2432 1635 2476 Fundamenta.
1675 2435 1693 2463 i.
1714 2445 1738 2464 e.
1760 2435 1882 2470 Ponere,
1903 2434 1948 2464 vel
1967 2435 2084 2464 Ducere.
2107 2432 2165 2464 Cic.
2179 2445 2230 2472 pro
2244 2434 2347 2464 Milon.
2359 2438 2404 2473 76.
2436 2434 2494 2471 Qui
2507 2440 2552 2473 pan

1454 2478 1552 2500 netem
1574 2472 1609 2501 sic
1629 2482 1678 2510 per
1700 2472 1865 2502 vestibulum
1883 2471 1980 2501 sororis
2004 2473 2122 2501 instituit
2151 2473 2273 2508 ducere,
2303 2473 2339 2502 fic
2359 2482 2439 2510 agere
2458 2473 2573 2502 fundae·

1453 2516 1565 2544 menta,
1597 2517 1628 2539 ut
1650 2510 1772 2541 sororem
1799 2521 1858 2539 non
1876 2511 1962 2539 modo
1981 2510 2117 2540 vestibulo
2141 2512 2278 2549 privaret,
2308 2510 2355 2540 sed
2384 2511 2462 2539 omni
2479 2512 2573 2549 aditux

1453 2549 1479 2577 Sc
1492 2547 1604 2577 lumine.

1433 2584 1564 2614 Gemmas
1585 2586 1640 2623 agit
1659 2586 1740 2621 vitis,
1774 2591 1822 2615 aut
1843 2585 1930 2615 arbor.

1453 2622 1568 2652 Emittit.
1606 2624 1634 2653 V.
1655 2624 1740 2653 Folia.

1433 2660 1544 2690 Gestum
1557 2662 1586 2690 in
1595 2661 1683 2691 scena.
1705 2662 1764 2691 Cic.
1775 2671 1801 2691 2.
1816 2662 1851 2691 de
1861 2661 1937 2691 Orat.
1950 2670 2012 2699 233.

1433 2698 1586 2728 Genialiter
1601 2708 1679 2737 agere
1695 2700 1800 2729 festum.
1832 2700 1915 2729 Ovid.
1933 2709 1975 2728 11.
1997 2699 2067 2730 Met.
2086 2709 2131 2736 95.

1436 2736 1568 2767 Gnaviter
1585 2737 1698 2774 aliquid.
1730 2738 1795 2767 Hor.
1811 2747 1833 2766 1.
1846 2737 1929 2774 Epist.
1950 2749 1972 2766 1.
1988 2747 2033 2773 24.

1432 2774 1539 2804 Gradus
1551 2785 1629 2812 agere
1641 2776 1806 2813 praecipites.
1838 2775 1894 2804 Val.
1914 2775 1985 2804 flac.
2001 2781 2026 2809 8.
2050 2776 2147 2812 Argon.
2165 2777 2225 2804 106.

1432 2812 1539 2842 Gradus
1549 2823 1627 2850 agere
1637 2814 1743 2842 tacitos.
1766 2813 1824 2842 Val.
1839 2812 1928 2842 Haec.
1948 2823 1970 2846 z.
1996 2815 2169 2849 Argon.4ar.
2188 2813 2206 2842 i.
2223 2822 2248 2842 e.
2269 2811 2376 2842 Tacite.

1433 2850 1530 2880 Grates
1546 2874 1552 2885 ‚
1574 2852 1718 2889 poeticum
1734 2852 1820 2888 magis
1832 2861 1912 2888 quam
1923 2852 2080 2880 oratorium.
2114 2850 2171 2880 Cic.
2194 2851 2229 2880 de
2241 2851 2336 2880 Somn.
2366 2850 2439 2888 Scip.
2455 2859 2479 2880 1.
2514 2847 2549 2881 Et

1450 2896 1537 2926 grates
1551 2897 1557 2922 t
1572 2890 1683 2926 inquit)
1695 2889 1746 2918 tibi
1761 2899 1811 2926 ago
1824 2888 1927 2917 summe
1946 2889 1993 2918 Sol
2008 2911 2015 2925 ‚
2037 2888 2170 2925 vobisque
2181 2889 2278 2925 reliqui
2297 2888 2420 2918 Coslites.

1431 2926 1536 2956 Gratias
1545 2929 1645 2956 furtive
1656 2950 1663 2962 ,
1686 2927 1717 2956 In
1729 2926 1830 2964 angulo
1846 2927 1880 2955 30
1892 2936 1993 2956 aurem.
2034 2927 2098 2956 Seu.
2115 2927 2150 2956 de
2167 2926 2261 2955 lienes.
2274 2926 2320 2955 lib.
2335 2937 2359 2956 2.
2373 2936 2397 2955 c.
2411 2935 2454 2962 23.
2554 2946 2555 2949 =

1430 2964 1535 2994 Gratias
1554 2966 1666 2995 remotis
1679 2965 1793 2994 arbitris.
1821 2964 1943 2994 Sen.li'o.
1964 2975 1988 2994 2.
2010 2974 2124 3002 cap.23.
2165 2964 2336 3002 ingratusest
2350 2986 2358 2999 ,
2379 2963 2555 3002 quiremotio⁴

1449 3003 1556 3032 arbitris
1566 3005 1620 3039 agit
1630 3002 1737 3040 gratias.

1429 3040 1535 3070 Gratias
1545 3042 1626 3070 alicui
1640 3042 1712 3079 apud
1725 3040 1817 3070 alium.
1849 3039 1906 3069 Cic.
1923 3050 1961 3075 13.
1987 3039 2061 3069 Fam.
2075 3042 2120 3069 66.
2160 3039 2236 3069 Nero
2244 3049 2322 3070 meus
2333 3038 2462 3069 mirificas
2471 3036 2546 3078 apud

1449 3089 1494 3108 me
1509 3079 1558 3108 tibi
1571 3080 1666 3116 gratias
1681 3080 1737 3116 egit
1748 3101 1756 3113 ,
1778 3077 1884 3115 prorsus
1895 3077 2081 3107 incredibiles.

1427 3115 1461 3145 In
1471 3117 1561 3153 aliqua
1574 3127 1609 3146 re.
1641 3117 1698 3146 Cic.
1717 3126 1742 3145 2.
1765 3118 1818 3145 Att.
1833 3126 1877 3151 24.
1912 3115 2027 3145 Bibulus
2040 3115 2202 3152 Pompeium
2218 3114 2321 3143 fecerat
2333 3115 2495 3150 certiorem,
2516 3119 2547 3145 ut

1447 3164 1556 3183 caveret
1570 3154 1677 3183 insidias
1692 3165 1700 3189 3
1721 3155 1750 3182 in
1761 3164 1815 3191 quo
1827 3154 1851 3182 ei
1863 3154 2009 3191 Pompeius
2021 3153 2118 3189 gratias
2137 3160 2236 3189 egerat.
2260 3163 2310 3190 pro
2322 3175 2328 3187 ,
2350 3153 2412 3189 Qua
2424 3153 2458 3181 de
2471 3163 2507 3182 re.

1428 3191 2100 3229 Graviter,leniter,prisce,rcmille,severe,urbane
2109 3200 2187 3227 agere
2196 3200 2259 3218 cum
2268 3190 2330 3227 aliq.
2351 3191 2408 3219 Cic.
2422 3200 2472 3228 pro
2485 3190 2547 3220 Coe⁴

1445 3229 1484 3258 lio
1504 3240 1545 3267 33.
1568 3231 1623 3259 Sed
1631 3237 1723 3258 tamen
1733 3239 1767 3258 ex
1778 3230 1784 3257 i
1797 3229 1833 3258 isa
1843 3239 1961 3266 quaeram
1974 3230 2047 3265 prius
2059 3250 2066 3262 ,
2090 3236 2181 3257 utrum
2193 3238 2237 3256 me
2248 3228 2340 3257 secum
2348 3227 2438 3258 severe
2451 3229 2477 3258 8<
2487 3237 2542 3266 gra-

1445 3269 1515 3297 viter
1526 3270 1551 3298 St
1563 3268 1649 3306 prisce
1657 3277 1735 3303 agere
1745 3240 1823 3295 malit
1831 3289 1838 3300 ,
1861 3277 1894 3294 30
1906 3266 2012 3296 remill'e
2023 3276 2054 3295 ac
2066 3266 2164 3295 leniter
2174 3267 2199 3295 &
2208 3266 2320 3295 urbane.

1425 3304 1488 3334 Hoc
1500 3316 1557 3335 affe.
1581 3306 1671 3335 Praeco
1686 3305 1714 3333 in
1725 3304 1803 3334 sacris
1814 3304 1947 3333 faciendis
1957 3304 2066 3333 dicebat
2079 3326 2086 3338 ‚
2102 3304 2161 3332 1100
2175 3313 2232 3340 age.
2256 3303 2330 3340 quod
2341 3302 2480 3341 significat,
2501 3301 2540 3331 Ad

1444 3343 1498 3372 hoc
1515 3331 1604 3372 solum
1627 3342 1739 3372 attende
1760 3343 1937 3378 animumque
1956 3343 2084 3374 adverte,
2114 3341 2426 3370 Autherl'lutarchusin
2439 3338 2551 3373 Coriolis

1978 2584 2062 2615 Varro
2088 2596 2112 2615 r.
2135 2586 2170 2615 de
2195 2585 2228 2616 R.
2252 2586 2285 2615 R.
2315 2595 2376 2623 cap.
2396 2595 2439 2623 30.
2479 2585 2508 2616 h.
2526 2594 2551 2616 e.

1443 3380 1568 3410 Plautii]
1578 3381 1643 3410 Pers.
1668 3381 1728 3409 Hoc
1743 3390 1798 3417 age.
1822 3389 1929 3417 opusne
1939 3380 1976 3409 est
1990 3378 2225 3416 hactibiempta?
2248 3379 2273 3408 h.
2290 3389 2315 3408 e.
2338 3379 2547 3413 Animadvertes*
2583 3397 2586 3421 3

1443 3420 1469 3447 δι
1480 3420 1602 3448 intentus
1612 3419 1667 3447 esto
1685 3419 1712 3446 in
1729 3418 1800 3447 hanc
1809 3427 1876 3446 rem.
2013 3442 2016 3445 .

1423 3455 1486 3485 1100
1499 3466 1556 3493 age.
1578 3457 1642 3485 Ter.
1662 3456 1769 3485 Phorm.
1783 3465 1807 3484 2.
1824 3464 1847 3490 3.
1862 3457 1906 3486 5⁴8.
1934 3454 2123 3488 'l'e‹›blecsrct,
2141 3453 2191 3483 tibi
2203 3452 2281 3482 habe.
2320 3463 2342 3482 1².
2365 3453 2460 3482 minue
2475 3460 2538 3482 vero

1443 3495 1519 3523 iram.
1561 3505 1588 3523 1).
1614 3494 1668 3523 1100
1685 3503 1741 3531 age.
1782 3492 1835 3522 Ubi
1849 3492 1967 3522 donatus
1980 3515 1987 3527 ,
2011 3493 2134 3529 110031ιο
2151 3514 2157 3526 ,
2179 3491 2327 3521 annuentis
2343 3492 2387 3519 est.

1423 3531 1486 3560 Hoc
1501 3533 1581 3568 agite.
1622 3532 1686 3561 Ter.
1721 3531 1789 3560 Eun.
1818 3541 1839 3559 r.
1858 3540 1881 3558 2.
1904 3541 1945 3562 (0.
2000 3531 2061 3559 1100
2079 3531 2150 3565 agite
2169 3529 2274 3558 amabo.

1444 3570 1506 3598 Hoc
1529 3570 1616 3606 agite,
1637 3580 1687 3607 pro
1704 3566 1834 3597 adverbio
1853 3568 2027 3604 corripientis
2045 3568 2083 3596 est
2101 3567 2235 3604 positum:
2273 3573 2319 3595 aut
2334 3572 2407 3594 certe
2422 3575 2472 3604 pro
2492 3563 2537 3593 ada

1441 3607 1599 3636 hortatione
1615 3605 1762 3636 audientiae
1785 3604 1949 3643 1100000010.
1993 3607 2037 3634 Sic
2063 3605 2147 3634 Plaut.
2172 3605 2231 3634 Hoc
2247 3605 2318 3640 agite
2340 3603 2414 3632 sultis
2437 3604 2536 3641 specta-

1441 3650 1523 3673 tores.
1556 3645 1734 3674 Eteonveuit
1756 3644 1832 3673 velut
1851 3649 1920 3671 nutu
1937 3644 2108 3672 audientiam
2129 3641 2323 3680 iignificzuitis,
2345 3644 2371 3671 ἃ
2390 3642 2464 3678 gestu
2482 3641 2535 3670 hoo

1442 3682 1532 3719 ipsum
1545 3683 1707 3715 adiuvantis.

1422 3718 1608 3753 Hortatione,
1639 3730 1688 3757 pro
1706 3719 1815 3748 Hortari
1839 3717 1966 3754 aliquem.
2009 3718 2068 3747 Cic.
2088 3728 2110 3747 1.
2132 3717 2166 3753 Q.
2182 3716 2242 3746 frat.
2269 3727 2291 3746 1.
2343 3717 2380 3745 Ac
2406 3716 2460 3751 jam
2481 3714 2534 3744 hoe

1440 3756 1523 3791 1000,
1545 3767 1601 3785 000
1617 3758 1773 3787 hortatione
1793 3765 1882 3792 neque
1898 3757 2042 3793 praeceptis
2057 3778 2065 3791 ,
2086 3756 2132 3784 sed
2152 3755 2280 3793 precibus
2297 3761 2391 3783 tecum
2410 3751 2534 3782 fraternis

1441 3803 1528 3829 agzun.

1419 3830 1557 3874 Hyr-mem
1574 3842 1652 3869 agere
1669 3832 1716 3861 sub
1737 3831 1833 3865 tec‘lis,
1862 3831 1880 3859 i.
1903 3841 1927 3860 e.
1957 3830 2126 3868 Traniigere.
2158 3830 2216 3860 Liv.
2234 3841 2258 3866 ς.
2290 3829 2336 3860 Sic
2353 3827 2442 3858 aestiva
2455 3831 2534 3866 agere

1440 3870 1487 3896 iub
1498 3870 1584 3898 tectis.
1618 3870 1673 3899 liv.
1687 3879 1711 3905 7.
1731 3868 1798 3898 Bell.
1816 3868 1881 3897 l'un.

1417 3907 1524 3943 Ictum,
1539 3918 1589 3944 pro
1604 3908 1758 3946 impellere.
1781 3906 1837 3935 Liv.
1853 3917 1875 3942 ς.
1904 3906 2007 3936 Decad.
2020 3905 2067 3934 lib.
2081 3915 2107 3934 2.

2323 3528 2373 3557 Li'ei
2397 3527 2535 3565 Donatus,
2582 3550 2583 3553 .
