2600 4177
33 274 128 312 uNJiaA
148 285 259 311 Juuo,
290 275 320 305 V.
345 284 474 304 eunus.

35 325 70 346 JN
80 326 96 344 A
106 324 133 348 s,
156 313 269 348 [aava]
292 313 334 341 Vir
345 313 458 349 quidam
471 310 647 341 Atheniensis.
688 312 783 348 Qium
796 319 887 341 autem
899 311 967 341 esset
980 317 1137 340 controver-

36 355 66 383 lia
83 353 151 381 iuter
168 350 335 387 Calydonius
351 351 374 379 ἃ
390 349 487 384 Eleos,
508 349 615 385 utrique
636 358 694 378 rem
715 350 748 378 ud
773 350 917 378 arbitrium
934 350 1016 378 liunae
1032 348 1138 377 detule-

32 395 100 422 runt.
132 388 401 416 Conveneratautem
413 394 444 415 ut
454 397 468 415 a
479 386 799 424 nianibusteniperarent
810 409 817 419 ,
844 389 935 416 ‹lone-c
946 387 992 415 ille
1005 387 1040 415 de
1055 396 1137 421 nego-

36 430 72 458 tio
81 424 282 464 pronuntinsset.
322 424 406 460 Quod
421 424 466 453 ubi
480 423 596 452 sentill‘ct
609 424 706 457 [lunas.
728 426 763 453 de
774 425 903 453 industri..
920 425 1030 461 quidem
1044 423 1140 452 audie-

35 467 77 495 bat
86 470 222 498 utramque
233 471 336 500 partem
349 472 354 490 :
373 469 495 490 ceterum
510 471 559 498 per
570 461 644 490 fictas
657 462 814 491 occasiones
825 472 880 490 rem
895 464 922 490 in
932 463 1045 497 longum
1057 460 1140 489 distu-

31 501 66 533 ²lit
77 523 85 538 ‚
105 509 156 529 nec
170 509 291 536 unquam
308 500 342 528 dc
357 499 406 528 lite
421 499 507 527 voluit
520 500 708 533 pronuntiare.
748 500 822 528 Hinc
838 507 934 528 natum
950 499 1137 537 proverbium,

31 535 118 571 'Bunas
131 537 253 573 judicat,
280 537 324 565 uhi
347 537 378 565 lis
401 537 428 565 in
449 536 563 572 longum
584 537 721 574 profertur
736 559 743 572 ,
766 547 818 566 nec
835 547 955 574 unquam
975 536 1138 574 explicatur.

39 578 130 608 Auctor
141 575 265 604 Mnaseus
274 575 347 611 apud
357 575 546 603 Zenodotum.

29 615 157 648 luNiAs,
178 613 246 642 adis.
268 613 285 641 f.
309 608 435 647 [ξυνιεὶς]
457 610 641 649 Napispecies
655 611 711 646 est,
733 611 837 640 diversa
853 621 868 640 a
886 611 984 640 Bunio.
1008 611 1073 639 Plin.
1093 608 1141 638 lib.

37 663 76 684 20.
89 660 147 688 cap.
158 661 184 686 4.
207 651 274 693 duas
286 650 352 687 napi
364 649 468 687 species
477 649 553 684 facit,
573 658 687 685 quarum
699 648 784 678 altera
794 649 903 677 Buiiion
917 671 924 683 ,
948 649 1030 677 alteru
1045 649 1141 676 liunitis

0 717 1 721 ,
36 695 150 721 vocatur.
190 688 298 717 Bunion
309 697 402 716 aurem
415 686 549 724 angulosis
564 686 693 716 foliorum
703 686 828 715 caulibus
839 686 891 715 else
907 688 989 714 rudit
1000 708 1006 717 .
1031 685 1142 721 eiusque

36 727 175 759 decoctum
187 725 395 763 purgationibus
405 724 570 753 feminarum
582 746 589 759 ,
612 726 638 753 ὁὶ
661 724 754 753 vesicae
765 746 772 758 ,
794 726 817 753 ἃ
831 726 915 753 urinat¹
928 724 993 753 utile
1007 723 1076 752 ell'c:
1102 722 1143 750 id-

53 775 84 796 ue
95 763 263 794 Dioscorides
274 773 289 791 a
306 763 438 792 Romanis
450 762 571 800 Scopam
590 762 691 799 regiam
703 762 796 790 vocari
807 761 902 790 affer-it.

37 777 153 835 Puniada
163 808 255 830 autem
270 801 345 829 idem
356 800 420 829 Plin.
436 800 560 837 raphano
569 801 595 829 ὃ(
606 810 674 837 rapo
685 798 798 828 similem
809 799 874 828 facit
885 822 892 831 ,
905 800 981 832 cujus
992 798 1085 827 semen
1096 807 1144 826 an-

52 840 160 873 tidotis,
180 848 238 876 quse
249 845 344 867 contra
354 847 462 868 venena
470 837 559 873 fiunt,
583 837 725 867 admisceri
739 837 831 866 tradit.
872 837 963 866 Hodie
983 837 1084 865 Bunias
1099 845 1145 864 na-

52 879 80 918 pi
90 876 201 907 nomine
213 876 282 905 nulli
293 886 351 905 non
361 876 473 913 cognita
486 875 532 904 est.

37 915 138 949 bunion
147 921 240 944 autem
255 914 284 943 id
298 913 367 950 effe,
393 913 467 951 quod
483 913 581 950 vulgus
601 910 745 942 Gallorum
758 915 949 947 Carpentarzam
971 912 1080 942 herbam
1099 920 1147 940 vo.

54 959 95 985 cat
107 974 115 988 ,
136 952 260 990 plerique
274 951 451 990 suspicantur.
481 950 626 987 Utriusque
638 960 702 979 vero
713 951 821 986 generis
838 950 990 987 appellatio
1005 961 1018 979 a
1037 958 1147 978 tumen-

52 998 79 1022 te
93 990 190 1020 radicis
211 989 296 1027 figura
321 991 406 1019 tracta
431 989 548 1018 videtur.
589 988 660 1018 Nam
681 988 766 1017 colles
778 1009 786 1022 ,
807 994 939 1023 terraeque
961 995 1082 1017 tumores
1102 985 1146 1014 ζέ-

7 1039 11 1059 s
53 1039 89 1058 nr
98 1028 183 1058 Graeci
194 1027 344 1071 appellant.
385 1027 496 1064 Napum
507 1032 601 1056 autem
610 1026 740 1055 Buniadis
753 1026 867 1055 nomine
877 1036 912 1054 ne
924 1025 1078 1055 Columella
1087 1025 1149 1062 qui-

54 1067 113 1098 dei-n
121 1066 256 1104 ignoravit
268 1087 276 1100 ,
298 1066 344 1102 qui
361 1065 397 1094 sic
407 1064 500 1093 scribit
513 1064 560 1093 lib.
581 1074 622 1093 io.
639 1072 703 1099 4²3·

145 1103 269 1147 Qujeque
282 1102 460 1132 Amiterninis
468 1103 589 1132 defertur
600 1101 699 1131 Eunias
710 1100 788 1131 arvis.

0 1156 7 1169 τ
32 1151 164 1177 cirron,
185 1151 203 1170 1.
224 1151 251 1170 n.
274 1140 398 1177 [βένιον]
419 1140 600 1179 Νειρίςςηυε.
639 1139 670 1168 V.
693 1148 849 1169 RUNrAs.

11 1183 176 1214 ιυιιῐτιιε,
199 1188 229 1208 ae.
252 1188 290 1208 m.
311 1177 420 1214 tanim,
440 1177 497 1208 scil.
518 1182 599 1208 οὶιΘυ.
624 1176 727 1206 Vinum
737 1185 772 1206 ex
782 1178 869 1215 napis.
892 1173 983 1206 Diosc.
1002 1186 1026 1213 5.
1041 1178 1083 1213 56.
1114 1175 1146 1206 V.

6 1232 11 1243 i
39 1217 101 1248 Plin.
121 1227 163 1253 ¹4·
180 1220 223 1246 16.

0 1268 2 1284 i
31 1264 213 1290 UNITIUM,

235 1253 382 1290 [asn‘mv]
402 1253 473 1283 Urbs
488 1253 642 1283 Germaniae
653 1252 728 1290 apud
743 1252 857 1282 Ptolem.
899 1251 989 1290 Vulgo
1008 1253 1084 1281 Sund.

32 1302 124 1324 curru
133 1302 146 1322 s
155 1314 164 1329 ,
186 1291 330 1329 [neno]
350 1290 470 1329 Illyridis
482 1291 621 1329 oppidum
630 1291 668 1320 est
681 1300 687 1320 :
709 1292 787 1327 cujus
796 1289 900 1328 gentile
911 1290 950 1320 est

6 1343 9 1365 1
35 1339 121 1362 uum
129 1341 149 1360 u
157 1340 169 1360 s
182 1352 191 1366 ,
213 1329 364 1365 [ΒένιιΘι]
384 1329 551 1367 Stephanus.

6 1382 8 1394 ι
36 1377 145 1404 rmus,
166 1369 185 1397 i.
209 1377 247 1397 in.

276 1367 399 1403 [rivo]
419 1367 553 1397 Mercurii
570 1367 596 1395 &
607 1365 767 1395 Alcidamiae
775 1365 848 1396 filius
859 1365 913 1395 fuit
925 1388 934 1401 ,
956 1366 1012 1410 ⁴qui
1025 1365 1055 1394 in
1069 1365 1151 1394 Acro-

0 1419 8 1422 ’·
38 1407 159 1438 corintho
175 1406 280 1442 Junoni
299 1403 431 1435 sacellum
453 1405 614 1439 aedificavit,
644 1404 719 1434 unde
739 1404 977 1440 BunaeaeJunoms
991 1412 1150 1441 cognomen

37 1449 226 1485 propagatum.
268 1442 299 1473 V.
321 1442 434 1473 Pausan.
449 1444 480 1472 in
492 1442 620 1473 Corinth.
636 1444 662 1473 &
673 1440 795 1480 Rhodig.
805 1442 855 1473 lib.
869 1452 911 1478 15.
924 1452 985 1481 cap.
999 1450 1041 1479 17.

546 1555 580 1591 U

21 1555 25 1619 l
425 1555 450 1590 B
671 1554 697 1591 P

20 1647 138 1714 iuras,
158 1669 233 1700 aedis.
255 1679 292 1699 m.
314 1665 460 1706 [βέσηιις]
488 1668 640 1707 Bupaedas,
669 1667 790 1705 Magnos
807 1676 909 1705 pueros
934 1667 1022 1698 Graeci
1037 1667 1153 1703 dicunt,

0 1725 2 1730 =
20 1723 22 1727 ·
38 1708 142 1744 Festus,
162 1709 192 1738 in
206 1708 351 1738 Bulimam.

7 1770 11 1775 .
35 1756 193 1782 urALus,
212 1746 257 1775 vel
277 1746 296 1776 B
308 1756 352 1775 ua
363 1755 382 1775 A
393 1755 459 1775 Lus
479 1746 506 1774 &
523 1744 647 1779 Athenis,
679 1742 823 1773 Antherrni
840 1742 904 1772 Chii
920 1743 986 1778 filii,
1008 1742 1154 1773 Clarissimi

0 1796 7 1818 ·,,
38 1783 186 1822 sculptores
206 1784 292 1814 fuere.
326 1784 369 1827 ,Hi
390 1784 454 1821 quia
476 1783 648 1826 Hipponacti
672 1789 762 1820 poetae
776 1781 906 1810 notabilis
927 1781 1019 1811 vultus
1041 1781 1154 1810 foeditas

21 1829 112 1857 ctat,
132 1823 283 1860 imaginem
306 1831 366 1858 ejus
387 1821 498 1850 lascivia
517 1831 643 1857 iocorum
667 1819 835 1862 proposuere
853 1819 1005 1862 ridentium
1033 1818 1151 1862 circulis.

20 1858 122 1898 lQuod
131 1861 281 1899 Hipponax
292 1861 453 1898 indignatus
463 1882 471 1895 ,
492 1859 705 1888 amaritudinem
718 1866 874 1900 carminum
896 1857 1034 1886 distrinxit
1055 1866 1083 1885 in
1095 1864 1156 1900 tan-

19 1907 23 1925 ·
39 1904 97 1966 ςιιηέ
107 1920 115 1933 ,
137 1904 168 1965 lit
178 1898 306 1928 credatur
314 1898 450 1935 aliquibus
459 1897 493 1927 ad
508 1897 639 1935 laqueum
649 1905 698 1926 eos
711 1893 884 1934 compulisse.
926 1895 1006 1924 Unde
1023 1895 1154 1924 Horatius

41 1937 49 1944 “
120 1946 136 1965 ο
160 1959 165 1966 .
179 1940 205 1965 6.
239 1959 245 1965 .

40 1946 68 1968 m
99 1946 213 2011 pQualis
221 1946 369 2012 liycambae
378 1972 483 2011 spretus
493 1972 579 2002 infido
594 1981 694 2008 gener,

115 2013 167 2042 Aut
175 2022 238 2041 acer
248 2012 330 2041 hostis
341 2011 456 2041 Bubalo.

41 2050 98 2088 guit
107 2049 174 2080 Plin.
191 2055 233 2086 36.
249 2061 272 2085 ς.
295 2049 370 2078 unde
387 2049 526 2088 superiora
538 2054 669 2086 excerpta
679 2047 750 2077 sunt.
786 2047 924 2090 Pictorem
938 2045 1073 2084 Bupalum
1089 2046 1156 2075 facit

41 2088 200 2134 Scholiastes
212 2088 317 2117 Horatii
327 2088 354 2117 d
365 2086 383 2117 1.
405 2088 451 2124 qui
461 2087 668 2125 Hipponactem
681 2108 690 2121 ‚
712 2087 741 2115 in
761 2085 841 2115 scena
859 2085 1004 2122 depictum
1019 2106 1027 2120 ,
1048 2084 1156 2122 populo

18 2126 205 2204 iiili’dglilddliils
211 2125 530 2199 {rilbiiilnijthsoelliygfslp
539 2133 701 2192 {iiiiiissffest
711 2161 739 2190 in
752 2161 881 2204 Arcadia,
902 2159 936 2189 ab
947 2159 1032 2189 heroe
1046 2159 1157 2198 Bupha-

19 2207 21 2220 ¹
59 2213 76 2232 o
85 2203 197 2232 nomine
208 2201 340 2239 adoptato
351 2223 358 2236 ,
380 2202 426 2239 qui
439 2201 527 2239 Iapeti
537 2201 589 2230 fuit
599 2200 671 2230 filius
681 2201 707 2230 δι
716 2199 872 2229 Thornacis
884 2219 892 2233 ,
914 2208 1053 2235 quemque
1070 2198 1159 2227 hone-

42 2213 79 2271 sla
88 2250 180 2280 parum
192 2239 367 2269 affectantem
383 2240 412 2268 in
426 2246 523 2269 monte
536 2238 640 2268 Pholoe
649 2238 769 2276 peremit
781 2237 877 2266 Diana.
900 2235 931 2266 V.
957 2235 1155 2274 Cae1.Rh0dig.

4 2291 8 2297 ·
43 2278 89 2308 lib.
105 2281 149 2308 26.
167 2288 227 2316 cap.
243 2287 268 2307 2.
291 2277 334 2307 vel
348 2278 441 2315 potius
456 2276 565 2306 Pausan.
584 2277 680 2306 Arcad.

0 2321 1 2326 ¹
43 2316 85 2347 Est
96 2318 120 2346 &
136 2316 262 2346 Herculis
274 2315 421 2354 epitheton
431 2316 552 2353 integros
561 2314 647 2344 boves
661 2313 845 2344 comedentis.

22 2355 221 2390 iuramus,
242 2356 260 2384 i.
283 2363 320 2383 m.
357 2351 528 2389 [sss'aeaee&⁴]
557 2352 644 2382 Terra
665 2352 768 2381 dicitur
787 2361 846 2388 quae
866 2351 935 2380 arari
959 2349 1040 2380 facile
1056 2349 1156 2387 potest.

43 2392 112 2423 Nam
138 2392 239 2431 pharos
258 2392 346 2422 aratio
363 2392 421 2428 est,
449 2391 495 2421 sed
512 2393 539 2421 ἃ
557 2390 636 2420 bovis
655 2390 809 2428 epitheton.
829 2390 931 2418 Austor
951 2388 1016 2418 caei.
1043 2387 1092 2417 lib.
1113 2397 1155 2417 12.

29 2439 102 2468 sap.
117 2433 142 2460 ⁶.

37 2476 219 2503 UPHONIA,
241 2478 331 2498 orum.
353 2477 382 2497 n.
400 2466 439 2505 pl.
461 2466 609 2503 [βεφάιιαι]
630 2465 739 2495 Festum
755 2464 962 2494 Atheniensium
975 2486 983 2499 ,
1006 2463 1081 2501 quod
1098 2463 1159 2501 post

45 2506 170 2545 Mysteria
179 2506 357 2536 celebrabant
366 2515 414 2543 per
424 2505 646 2534 immolationem
658 2504 736 2533 bovis
750 2525 757 2538 ,
780 2512 835 2539 quo
855 2502 946 2531 occiso
958 2524 966 2537 ,
983 2502 1089 2538 reliqua
1100 2511 1159 2530 om-

44 2545 195 2575 niaacaede
205 2544 293 2574 libera
303 2542 537 2582 pronuntiabant,
561 2542 686 2579 gladium
704 2551 770 2571 vero
790 2540 834 2570 seu
855 2540 976 2569 cultrum
991 2540 1074 2569 caedis
1093 2549 1160 2568 con-

0 2606 1 2618 ,
45 2582 217 2612 demnabant.
258 2581 414 2612 Vocabatur
425 2581 509 2610 etiam
530 2581 585 2610 hoc
601 2580 699 2609 festum
720 2575 855 2613 Δι’ἰνπέλιω,
891 2578 922 2607 V.
945 2577 1056 2607 Pausan.
1072 2577 1120 2621 lib.
1135 2587 1157 2607 ι.

0 2626 3 2672 J
45 2619 210 2696 ἔὲἒαῶἐνῗὲ
222 2620 290 2688 {list
303 2626 329 2655 8.
343 2627 367 2656 3.
391 2617 648 2657 Aristoph.&scho.
662 2618 797 2654 Pac.418.
811 2616 921 2646 &Nun
939 2621 1003 2651 981.
1024 2616 1056 2645 V.
1076 2622 1160 2645 etiarn

37 2688 46 2702 x
153 2681 160 2688 .
211 2681 217 2688 .
248 2681 253 2688 .

41 2697 236 2732 uei-tonuit,
258 2696 276 2725 i.
299 2705 327 2725 n.
350 2693 499 2731 [cxcivm]
529 2693 642 2729 Herba,
664 2702 748 2730 quarn
771 2691 817 2721 alii
839 2691 1092 2726 Chamaeleontem,
1113 2690 1161 2720 alii

0 2743 2 2750 ·
45 2733 130 2765 {ilium
140 2740 249 2763 vocant.
271 2733 380 2763 Dicitur
393 2739 485 2762 autem
499 2730 544 2759 a'm‘
566 2728 588 2760 ξ
603 2735 702 2766 chiffl„
724 2731 799 2768 quod
812 2730 850 2759 est
859 2739 932 2760 mors
943 2752 951 2766 ‚
973 2731 999 2760 &
1009 2728 1051 2758 cais
1064 2751 1072 2766 ,
1086 2729 1137 2759 bos
1150 2738 1159 2765 ;

0 2778 2 2794 ἰ
13 2803 16 2805 Α
47 2767 117 2810 q'uod
128 2782 142 2802 a
151 2772 241 2801 bobus
257 2772 386 2801 devorata
397 2771 529 2807 anginam
540 2775 669 2808 procreet
680 2791 689 2804 ,
711 2768 813 2805 eosque
822 2774 913 2797 necet.

0 2811 3 2835 ἶ
39 2819 105 2840 ura
114 2819 134 2839 τ
143 2820 164 2840 Η
173 2820 192 2840 A
203 2821 219 2838 L
228 2820 250 2839 M
259 2820 276 2838 o
286 2819 297 2838 s
309 2832 318 2844 ,
340 2810 357 2839 i.
372 2809 390 2838 f.
413 2804 621 2844 [Cis'v'iwipc&]
642 2806 734 2836 Herba
751 2806 844 2835 similis
859 2805 944 2835 boum
962 2805 1050 2835 oculis
1062 2827 1070 2838 ,
1090 2804 1159 2834 folio

0 2847 2 2874 ἰ
45 2847 184 2884 foenicuii,
205 2849 277 2876 circa
288 2847 393 2885 oppida
409 2846 523 2876 nascens
535 2867 543 2881 ,
564 2845 692 2875 fruticosa
708 2844 834 2873 caulibus
851 2865 858 2879 ,
880 2844 927 2881 qui
947 2845 973 2873 ἃ.
991 2843 1163 2872 manduntur

47 2885 161 2930 decocti.
201 2886 326 2922 Quidam
344 2884 478 2915 Cachlam
499 2890 610 2914 vocant.
651 2883 718 2912 Haec
740 2882 808 2912 Ptin.
823 2882 871 2911 lib.
885 2892 930 2917 25.
951 2891 1013 2920 cap.
1026 2886 1052 2915 8.
1084 2880 1160 2910 conf.

45 2921 316 2999 Blzlffiairhhiztiam
325 2960 401 2999 apud
410 2959 603 2990 Dioscoridem
615 2981 623 2994 ,
644 2958 673 2987 in
682 2958 784 2988 Nothis
795 2968 823 2995 p.
839 2961 902 2992 468.
924 2956 1079 2986 recensetur
1089 2956 1163 2986 inter

65 2999 262 3038 appellationes
273 2999 337 3029 Sedi
348 3021 356 3034 ,
377 2998 430 3027 live
441 2998 614 3035 Sempervivi
625 2996 745 3030 maioris.
789 2995 857 3025 iidd.
871 2995 938 3025 Plin.
952 3004 996 3029 25-
1012 3005 1052 3029 η.
1145 3032 1151 3038 ·

42 3046 277 3067 υηΛΝοοίῚε
287 3046 326 3065 ’ri
339 3058 347 3071 ,
371 3031 617 3072 [nevam-afflari]
638 3033 754 3064 Tumuli
768 3039 846 3063 erant
862 3033 938 3071 apud
952 3033 1052 3062 Ilium:
1075 3031 1111 3060 {ic
1124 3032 1164 3060 di-

49 3075 99 3110 έὶὶ,
117 3076 191 3113 quod
200 3085 236 3105 ex
246 3075 331 3113 Mylia
342 3074 442 3104 bovem
456 3072 615 3111 insequutus
625 3095 632 3108 ,
655 3072 709 3102 llus
728 3072 768 3100 ibi
783 3072 897 3100 demum
917 3071 1014 3100 urbem
1029 3070 1164 3099 condide-

49 3112 83 3142 rit
91 3112 190 3158 Ilium,
211 3113 259 3143 ubi
270 3111 537 3150 interquievissetea.
568 3110 703 3141 Meminit
712 3109 880 3148 Lycophron
898 3109 928 3138 in
940 3108 1096 3138 Alexandra
1107 3130 1115 3143 ,
1137 3110 1164 3137 ἅ

43 3149 225 3223 3351?ssss
236 3160 520 3225 ,csfip'ffbiiwaaog&a]
543 3185 642 3215 Herbae
653 3195 773 3219 nomen,
800 3194 881 3221 quam
899 3184 935 3213 {ic
952 3182 1083 3212 describit
1095 3182 1164 3213 Plin.

50 3224 96 3257 lib.
110 3236 152 3256 22.
178 3236 238 3265 cap.
254 3236 298 3256 22.
349 3224 510 3263 Bupleuron
535 3224 564 3253 in
596 3224 696 3261 sponte
728 3222 900 3252 nascentium
931 3220 1038 3250 olerum
1069 3230 1166 3250 nume-

15 3288 17 3291 .
42 3272 80 3294 -to
99 3264 185 3295 Graeci
203 3265 324 3299 habent,
346 3263 426 3294 caule
444 3261 576 3298 cubitali,
596 3262 672 3292 foliis
691 3261 787 3291 multis
804 3259 968 3303 longi-sque,
989 3259 1080 3297 capite
1101 3269 1168 3288 ane-

50 3300 107 3368 3³⁹
133 3302 276 3333 laudatum
292 3304 322 3332 in
341 3301 413 3331 cibis
438 3300 473 3331 ab
498 3301 690 3339 Hippocrate:
720 3299 750 3328 in
777 3298 924 3328 Medicina
941 3307 956 3326 a
974 3296 1118 3327 Glaucone
1138 3299 1164 3327 &

77 3339 198 3370 leandro.

45 3374 240 3412 uraAsruM,
261 3373 446 3413 [amedu-ior]
468 3376 570 3406 Civitas
588 3376 724 3406 &fluvius
744 3376 770 3405 ἃ
785 3373 861 3411 regio
879 3371 983 3405 Elidis,
1003 3382 1018 3402 a
1033 3371 1165 3410 Buprasio

52 3416 207 3449 conditore,
230 3416 307 3451 cujus
324 3415 453 3446 meminit
475 3413 620 3444 Homerus.
669 3413 829 3452 Buprasium
844 3418 926 3455 negat
934 3410 1032 3440 Strabo
1047 3410 1065 3440 l.
1081 3417 1107 3454 83
1120 3411 1166 3441 sua

53 3458 127 3484 aetate
144 3454 268 3484 extitisse.
296 3453 414 3482 Proinde
426 3463 441 3482 a
453 3452 520 3481 Plin.
532 3452 581 3482 lib.
590 3463 616 3487 4.
628 3461 660 3481 ca
684 3475 690 3481 .
706 3462 729 3487 ς.
753 3451 825 3479 inter
842 3451 949 3478 Achaiae
962 3448 1023 3478 loca
1041 3456 1163 3486 ponitur.

45 3499 218 3521 nausa-rs
229 3514 236 3527 ,
257 3491 288 3520 is.
309 3491 328 3520 f.
350 3491 482 3527 [ramim
493 3512 502 3525 ,
516 3485 528 3519 ii
543 3484 657 3521 βέπξητιε
701 3488 808 3518 Animal
827 3488 864 3516 est
882 3496 971 3516 rarum
987 3486 1016 3515 in
1027 3486 1121 3519 ltalia,
1140 3487 1169 3516 si-

52 3528 196 3559 millimum
205 3529 330 3559 scarabeo
346 3528 500 3566 longipedi.
537 3527 618 3558 Fallit
639 3528 712 3556 inter
725 3526 821 3556 herbas
839 3525 938 3553 bovem
955 3524 1094 3554 maxime:
1116 3535 1167 3553 un-

52 3565 88 3597 de
103 3569 129 3597 St
146 3577 250 3596 nomen
267 3567 389 3596 invenit:
412 3567 629 3603 devoratumque
642 3567 715 3594 tacto
729 3564 794 3594 felle
809 3565 845 3591 ita
856 3563 1010 3605 inflammat
1022 3584 1030 3595 .
1052 3571 1083 3591 ut
1094 3573 1166 3591 rum-

72 3610 106 3635 at.
145 3605 212 3635 Haec
224 3605 290 3634 Plin.
303 3604 350 3634 lib.
364 3614 406 3640 30.
423 3614 484 3641 cap.
496 3615 521 3636 4·
543 3603 755 3639 „iurisconsultus
773 3603 807 3631 de
822 3602 876 3630 huc
894 3599 1004 3643 animali
1023 3599 1116 3629 scribit
1136 3601 1165 3629 in

46 3651 106 3679 ..3.
126 3642 159 3672 D.
172 3643 270 3681 adleg.
287 3642 398 3672 Cornel.
438 3642 514 3671 Sicui
539 3649 644 3671 temere
670 3640 847 3679 pigmentarii
867 3638 997 3682 dederint
1015 3639 1167 3682 pytiocam-

53 3688 118 3719 pas,
139 3688 185 3710 aur.
198 3681 354 3718 buprestes,
377 3690 437 3718 quae
453 3679 537 3709 ambo
550 3686 686 3709 venenata
699 3679 763 3709 sunt
776 3700 783 3712 ,
804 3684 894 3706 teneri
913 3685 998 3714 poena
1015 3676 1082 3713 legis
1100 3676 1167 3705 Cor-

54 3717 132 3747 neliae
143 3719 178 3747 de
190 3719 288 3747 ficariis
299 3719 324 3748 ἃ
336 3718 474 3747 veneficis.

54 3752 186 3794 Buprestis
198 3778 205 3791 ,
236 3758 261 3785 ez
283 3755 379 3785 Herbae
397 3765 483 3793 genus
508 3755 554 3784 est.
596 3754 664 3784 Plin.
683 3754 730 3784 lib.
746 3763 789 3782 22.
803 3762 862 3790 cap.
876 3761 920 3780 22.
941 3750 1095 3796 Buprestim
1111 3761 1167 3782 ma-

72 3803 122 3831 gna
137 3794 319 3823 inconstantia
338 3794 426 3823 Graeci
444 3794 474 3822 in
489 3792 618 3822 laudibus
635 3792 761 3822 ciborum
775 3792 858 3820 etiam
876 3790 1006 3818 habuere.
1067 3790 1167 3820 lidem-

73 3841 126 3868 que
141 3832 263 3861 remedia
282 3839 413 3868 tanquam
430 3837 527 3860 contra
551 3840 691 3860 venenum
712 3829 925 3871 prodiderunt..
961 3827 995 3870 Et
1010 3826 1097 3865 ipsum
1118 3838 1168 3856 no-

74 3878 138 3899 men
156 3870 261 3898 indicio
280 3869 333 3903 est,
356 3869 443 3898 boum
462 3874 536 3898 certe
557 3878 699 3898 venenum
716 3867 770 3896 esse
784 3889 792 3901 ,
814 3875 883 3904 quos
898 3863 1010 3894 dissilire
1026 3866 1167 3902 degustata

72 3905 200 3973 fatentpr.
240 3907 273 3937 V.
304 3907 486 3946 Theophrast.
515 3906 584 3936 Hist.
608 3905 696 3936 Plant.
718 3915 744 3943 7.
767 3910 792 3938 8.
825 3906 851 3934 ἃ
877 3903 1014 3933 Harduin.
1040 3904 1076 3933 ad
1097 3904 1167 3934 Plin.

84 3954 126 3975 oc.
140 3953 187 3975 cit.
298 3968 299 3971 ,
1062 3955 1066 3959 .

540 2006 619 2040 Hanc
630 2011 665 2040 de
682 2008 788 2047 Bupalo
806 2008 955 2038 Historiam
967 2030 974 2043 ,
996 2017 1095 2037 vanam
1115 2018 1157 2037 ar·
1198 2027 1199 2037 i

1590 114 1612 146 B
1709 114 1737 147 ζ’

1193 189 1215 220 Β
1227 200 1269 219 un
1281 201 1296 220 A
1310 213 1318 226 ,
1350 190 1464 228 [rxej]
1486 192 1554 222 Urbs
1573 194 1598 221 iii
1612 194 1667 222 sinu
1680 193 1842 228 Corinthio,
1865 193 1955 222 hausta
1971 204 1984 222 a
1999 195 2074 223 uuiti.
2099 195 2155 223 run
2184 196 2230 225 lib.
2245 207 2268 226 2.
2284 209 2292 225 ι
2310 210 2344 235 sp.

1231 238 1275 262 92.
1299 266 1303 270 ⁴
1319 229 1444 265 Pyrrham.
1464 233 1487 259 ft
1507 231 1634 260 Antiisim
1646 232 1717 260 Ceri
1733 232 1846 260 ill-,corin
1864 239 1965 268 pontus
1985 232 2093 261 Abstulit
2107 255 2114 265 ,
2137 234 2240 261 luiicsni
2256 239 2279 263 ts.
2296 236 2347 264 iiu-

1231 276 1286 293 rani
1298 276 1323 293 in
1336 267 1391 294 {inu
1405 268 1549 297 corinthio
1562 290 1569 303 ,
1591 279 1705 305 quarum
1718 270 1743 297 iti
1757 269 1811 297 :ilio
1823 270 1931 302 vellizzizi
1943 277 2084 305 impartiit.
2127 270 2164 298 Al.
2191 271 2265 300 liuris
2281 283 2304 308 q.
2317 274 2344 301 V.

1193 302 1263 331 Bur<
1276 313 1313 346 A.
1335 313 1366 332 ιε.
1388 305 1439 333 live
1455 305 1501 334 130
1515 316 1587 340 iris,
1611 307 1640 335 is.
1664 307 1681 335 s.
1705 306 1811 342 [3434]
1833 308 1902 342 quali
1928 307 2008 335 Bovis
2032 307 2140 342 cauda,
2167 309 2268 337 dicitur
2287 311 2347 338 l'ars

1232 348 1308 368 aratri
1326 341 1458 375 posterior
1470 364 1477 376 ,
1500 343 1653 372 decurvata.
1678 343 1748 379 Virg.
1766 356 1785 372 i.
1812 346 1910 381 (icorg.
1929 354 1987 380 170.

1313 379 1454 407 Continuo
1466 381 1494 408 in
1509 381 1577 409 silvis
1588 391 1684 417 inagna
1699 382 1723 409 vi
1740 382 1840 410 inflexa
1850 383 1978 410 domatur

1311 414 1341 443 In
1357 415 1455 445 buri-ii.
1540 418 1592 447 Ubi
1604 419 1677 447 Serv.
1701 419 1728 447 ln
1742 420 1847 454 burim,
1872 420 1900 448 ln
1921 426 2092 448 curvaturam
2108 429 2114 447 τ
2138 429 2200 448 narn
2218 419 2291 448 'suris
2309 422 2346 450 cst

1233 460 1443 482 curvamentum
1455 455 1553 488 aratri,
1574 456 1678 484 dictum
1691 456 1761 487 quusi
1791 461 1834 484 ’m
1854 453 1900 481 ἐπ’)
1913 479 1920 491 ,
1952 457 2027 492 quml
2045 457 2075 486 sit
2091 457 2118 485 in
2139 458 2345 486 iiitiilitzidincni

1234 490 1328 517 caudae
1340 490 1424 533 bovis.
1469 492 1578 529 Proprie
1594 503 1685 522 autem
1699 494 1813 522 liuriicll
1827 495 1895 523 illud
1914 495 2069 523 curvamen
2092 495 2187 528 arirri,
2210 497 2282 530 quial
2307 507 2352 522 io-

1234 535 1337 569 nie'rem
1349 529 1460 565 excipit.
1504 531 1584 558 Varro
1600 541 1620 559 r.
1636 531 1670 559 dc
1688 531 1716 559 R.
1734 532 1764 560 it.
1781 541 1841 569 cap.
1860 543 1899 566 ¹9-
1924 533 2036 561 'serram
2049 533 2144 561 diuum
2165 534 2350 569 proscindcre.

1235 566 1284 592 nili
1298 564 1498 608 boves-mugnis
1515 567 1618 597 viribus
1638 578 1694 596 non
1709 569 1835 606 poliunt,
1858 572 1883 599 St
1904 569 1972 607 ssepe
1994 571 2076 599 fracti
2099 571 2166 598 bura
2190 570 2350 607 relinquunt

1235 610 1363 644 vomeres
1378 612 1406 630 in
1422 613 1494 632 arvo.
1536 604 1608 634 Vrirr.
1623 606 1657 634 de
1672 606 1699 634 L.
1714 606 1739 635 l..
1755 607 1800 635 lib.
1815 619 1839 641 4.
1854 618 1880 645 p.
1894 617 1935 642 33.
1950 608 1993 636 ed.
2006 615 2065 637 tert.
2078 608 2171 644 Steph.
2196 607 2263 636 liura
2274 619 2288 636 a
2305 610 2352 636 'uu-

1232 638 1295 667 bus.
1313 639 1364 667 Alii
1378 639 1430 668 hoc
1442 650 1456 668 a
1471 650 1554 669 curvo
1568 664 1575 676 ,
1588 643 1709 671 Currum
1721 644 1870 681 appellant.
1897 646 1952 674 Sub
1964 647 2026 681 iugo
2041 645 2133 674 medio
2146 646 2353 681 eovun1,1.ii20ti

1237 674 1304 705 bura
1316 679 1541 720 extremaaddita
1552 679 1715 721 appellatur.
1743 683 1858 711 Vocatur
1866 692 1965 712 covum
1980 693 1994 712 a
2013 693 2090 712 cnm.
2132 684 2192 717 [Sic
2205 684 2351 719 distinqui).

1199 713 1218 742 Β
1229 723 1244 741 U
1259 724 1270 740 ’ἰ
1286 723 1371 742 MCC
1382 724 1394 743 S
1405 736 1413 747 Ὗ
1435 725 1453 757 J·
1478 725 1512 744 m.
1538 715 1698 752 [ιτὲϋιιψ]
1722 719 1847 748 Herculis
1866 729 2081 755 cogiiomcnrttiii
2096 743 2103 753 ,
2134 720 2167 749 ab
2189 721 2295 749 Achai-2
2311 733 2354 750 ur-

1238 751 1271 780 bc
1282 751 1351 780 Bura
1365 773 1372 786 ,
1394 753 1439 780 ubi
1457 754 1482 781 S:
1498 753 1594 790 specus
1616 756 1640 783 Sc
1661 756 1759 784 fluvius
1771 758 1871 785 codem
1892 759 2005 786 nominc
2019 760 2151 787 extitere:
2175 769 2228 795 quo
2245 760 2272 787 in
2290 759 2353 788 loco

1238 788 1355 824 tabella,
1377 790 1401 818 δι
1416 790 1477 819 talis
1489 790 1534 820 seu
1550 791 1652 820 taxillis
1668 794 1796 822 vaticinia
1812 795 1953 825 dabantur.
1998 797 2067 825 Nam
2079 797 2123 832 qui
2135 797 2218 825 deum
2232 797 2357 826 consule-

1239 825 1306 855 bant
1317 848 1324 861 ,
1346 828 1465 870 primum
1478 837 1542 871 {inte
1554 829 1725 858 {imulacrum
1737 831 1779 859 dei
1792 842 1886 868 preces
1897 832 2095 862 effundebant:
2123 834 2226 862 deinde
2238 843 2355 870 quatuor

1237 863 1326 907 talos,
1349 874 1395 900 qui
1409 864 1486 894 multi
1501 872 1578 895 erant
1589 867 1663 903 apud
1679 867 1761 896 deum
1773 890 1779 902 ,
1801 868 1879 906 super
1895 870 2016 899 mensam
2032 870 2176 905 jaciebant.
2221 872 2249 900 ln
2268 872 2359 907 linqu-

1237 901 1270 930 lis
1281 908 1373 945 autem
1385 901 1446 946 talis
1460 925 1467 937 ,
1489 903 1581 946 figurae
1592 905 1829 935 notataeinerant:
1859 908 1888 934 in
1906 908 2005 936 tabella
2026 918 2090 937 vcro
2109 909 2254 945 figurarum
2274 903 2357 939 inter-

1237 946 1405 1006 {fegafmnes
1429 941 1661 971 inveniebantur:
1691 942 1787 979 ltaque
1806 945 1967 973 vaticinium
1986 945 2147 975 habebatur.
2189 947 2229 975 Ex
2244 947 2354 978 Pausan.

1241 991 1246 1005 ι
1262 988 1276 1006 c
1299 987 1349 1006 aic.

1199 1015 1431 1050 BuaciiANA,
1453 1016 1601 1053 [Βεοχανὶς]
1623 1016 1704 1046 Ponti
1720 1017 1808 1047 insula
1823 1018 2006 1055 nobilissima,
2039 1020 2127 1049 Plinio
2147 1023 2267 1051 auctore.

1238 1053 1314 1082 enim
1329 1052 1479 1083 scribitille
1493 1054 1539 1083 lib.
1551 1067 1576 1090 ⁴·
1589 1064 1649 1092 cap.
1668 1065 1709 1092 13.

2335 143 2340 156 i

2311 1023 2357 1052 Sic

1412 1091 1417 1097 ’
1434 1092 1438 1097 ·
1464 1092 1469 1096 .
1750 1055 1820 1085 lnde
1832 1057 1924 1085 insulae
1937 1057 2123 1087 Romanorum
2136 1060 2215 1087 :irniis
2226 1061 2355 1095 cognitae.

1238 1090 1339 1120 Earum
1352 1090 1517 1120 nobiliilinia
1529 1092 1680 1122 Burchana.
1722 1093 1831 1122 Fabaria
1843 1104 1857 1123 a
1870 1095 1966 1124 nostris
1978 1095 2051 1125 dieta
2062 1118 2069 1131 ,
2085 1106 2099 1125 a
2111 1097 2194 1131 frugis
2205 1097 2359 1127 limilitudi-

1237 1137 1272 1157 ne
1284 1128 1382 1165 sponte
1398 1130 1597 1167 provenientis.
1642 1131 1710 1160 ltem
1723 1131 1868 1168 Glessaria,
1888 1134 1939 1162 ἃς.
2162 1132 2166 1133 ’

1193 1165 1219 1196 B
1230 1177 1246 1195 υ
1257 1176 1272 1194 R
1283 1176 1299 1194 ι)
1311 1176 1349 1194 ac
1360 1169 1376 1195 A
1388 1177 1402 1194 t
1413 1177 1431 1195 A
1443 1189 1450 1201 ,
1474 1167 1517 1196 vel
1538 1168 1556 1197 B
1568 1177 1585 1196 u
1595 1178 1609 1196 a
1620 1178 1636 1196 n
1649 1179 1685 1197 io
1697 1179 1715 1198 A
1725 1180 1741 1198 r.
1751 1179 1768 1198 A
1781 1191 1789 1204 ,
1812 1168 1990 1205 [κουςῶῃαλει]
2012 1178 2041 1199 ut
2053 1170 2266 1205 scribitSuidas3
2288 1172 2361 1202 Stra.

1239 1204 1275 1233 bo
1288 1211 1380 1233 autem
1393 1204 1411 1233 B
1423 1215 1439 1233 u
1452 1215 1463 1232 i<
1477 1215 1493 1233 ι)
1504 1217 1511 1233 ι
1521 1215 1538 1233 c
1550 1215 1590 1234 AL
1602 1217 1609 1234 ι
1620 1216 1637 1234 A
1649 1217 1677 1235 M.
1720 1207 1823 1236 Civitas
1839 1208 1876 1236 est
1891 1207 1987 1236 Gallice
1999 1229 2007 1242 ,
2029 1209 2229 1245 Aquitanorum
2251 1210 2361 1239 nobilis-

1242 1242 1339 1285 fimum
1350 1243 1507 1280 emporium
1519 1265 1527 1278 ,
1548 1243 1658 1273 cuidam
1677 1246 1783 1274 marino
1802 1245 1968 1274 incumbens
1981 1245 2070 1280 lacui,
2103 1256 2184 1283 quem
2199 1249 2361 1283 eruptiones

1237 1280 1351 1309 faciunt.
1375 1280 1458 1318 vulgo
1468 1284 1625 1310 Bourdeaux.
1669 1281 1698 1312 V.
1721 1281 1819 1312 Auson.
1839 1283 1920 1320 Epist.
1934 1293 1978 1319 24.
1991 1292 2035 1320 79.
2059 1285 2127 1313 &in
2140 1283 2211 1314 Clar.
2232 1286 2360 1322 urbibus,

1243 1327 1304 1355 cap.
1327 1327 1368 1352 14.

1201 1354 1221 1384 B
1230 1365 1248 1384 u
1258 1366 1273 1384 s
1283 1365 1301 1384 n
1311 1366 1320 1383 1
1331 1365 1349 1384 o
1358 1365 1376 1384 A
1385 1366 1400 1384 L
1410 1366 1429 1384 u
1438 1365 1449 1385 s
1465 1378 1473 1391 ,
1494 1357 1510 1385 i.
1529 1366 1566 1386 m.
1586 1356 1704 1386 Gentile.
1728 1357 1845 1387 Martial.
1863 1367 1888 1392 9.
1905 1367 1946 1393 ³³·

1201 1393 1222 1422 B
1234 1403 1251 1421 υ
1260 1403 1275 1422 R
1288 1403 1305 1421 D
1315 1403 1323 1421 i
1333 1403 1351 1421 c
1364 1403 1381 1421 A
1393 1404 1408 1421 L
1419 1404 1431 1422 a
1440 1403 1461 1422 N
1470 1404 1519 1423 sis
1529 1416 1537 1430 ,
1559 1405 1583 1423 e.
1608 1396 1664 1427 Adi.
1689 1396 1763 1432 apud
1775 1396 1952 1425 Recentiores
1966 1396 2114 1426 invenitur.

1201 1430 1223 1461 B
1234 1441 1251 1459 υ
1263 1441 1276 1459 a
1288 1441 1332 1459 no
1343 1453 1351 1465 ,
1374 1433 1444 1461 (anis.
1479 1432 1617 1461 Hinnulus
1626 1433 1664 1461 est
1675 1455 1683 1467 ,
1705 1434 1796 1470 inquit
1811 1433 1885 1462 Valla
1898 1434 1945 1462 lib.
1957 1446 1981 1469 4.
2004 1436 2049 1471 qui
2063 1441 2140 1472 patre
2161 1444 2233 1470 equo
2246 1456 2253 1469 ,
2277 1442 2364 1466 matre

1240 1468 1313 1498 asina
1324 1470 1432 1506 genitus
1442 1470 1497 1505 est,
1520 1480 1601 1507 quem
1614 1471 1727 1508 quidam
1741 1472 1897 1500 burdonem
1913 1472 2067 1502 nominant.
2108 1472 2218 1509 Ulpian.
2238 1474 2266 1501 in
2284 1473 2301 1501 1.
2317 1485 2363 1509 49.

1242 1506 1276 1536 D.
1293 1506 1328 1535 de
1338 1507 1390 1544 leg.
1407 1517 1429 1541 3.
1454 1509 1520 1537 ltein
1534 1508 1622 1545 legato
1635 1509 1816 1538 continentur
1832 1511 1990 1548 mancipia,
2010 1511 2077 1539 item
2099 1511 2242 1545 iumenta,
2263 1510 2307 1539 vel
2328 1511 2366 1541 le-

1241 1545 1330 1579 dlica,
1352 1545 1395 1574 vel
1410 1545 1489 1581 sella,
1511 1546 1552 1575 vel
1564 1548 1711 1575 burdones.
1736 1547 1799 1576 Czel.
1815 1547 1861 1576 lib.
1875 1558 1917 1581 23.
1932 1558 1993 1585 cap.
2011 1559 2033 1583 ς.
2056 1555 2136 1585 putat
2153 1548 2294 1577 Burdones
2308 1549 2365 1578 dici

1243 1592 1360 1612 mannos
1371 1583 1414 1612 seu
1428 1585 1574 1613 mannulos
1584 1607 1591 1619 ,
1615 1585 1691 1613 utest
1702 1586 1777 1622 apud
1790 1585 1945 1614 Martialem
1959 1608 1967 1620 ,
1989 1595 2075 1621 equos
2093 1587 2167 1615 haud
2181 1587 2217 1615 ita
2231 1596 2362 1623 magnos,

1243 1629 1275 1649 ac
1286 1622 1439 1658 praemites:
1463 1632 1531 1659 quos
1546 1624 1643 1659 vulgus
1655 1644 1663 1657 ,
1687 1632 1716 1651 ut
1728 1623 1820 1652 scribit
1832 1624 1982 1661 Porphyrio
1996 1646 2003 1658 ,
2024 1624 2131 1653 Burdos
2143 1623 2271 1653 vocabat.

1247 1658 1275 1688 Si
1286 1659 1456 1688 burdonibus
1470 1668 1550 1697 :itque
1562 1661 1641 1690 asinis
1655 1660 1734 1698 agaso
1746 1662 1826 1690 nobis
1836 1662 2030 1699 praeliciendus
2050 1662 2095 1691 est.
2120 1663 2235 1700 interpr.
2253 1661 2369 1699 Chryso-

1266 1696 1346 1726 stomi
1359 1697 1433 1735 apud
1449 1698 1605 1728 Dadraeum.
1619 1709 1681 1733 209.
1697 1703 1721 1728 6.
1745 1699 1778 1728 H.
1793 1700 1829 1728 St.

1205 1733 1227 1764 B
1240 1744 1257 1763 υ
1268 1745 1282 1762 R
1294 1745 1311 1762 D
1323 1745 1340 1763 u
1350 1746 1364 1763 F»
1374 1746 1391 1763 A
1403 1745 1415 1764 s
1425 1746 1468 1764 'rA
1479 1758 1487 1770 ,
1509 1747 1539 1765 ae.
1558 1747 1592 1766 ni.
1615 1736 1632 1765 i.
1648 1746 1671 1766 e.
1695 1736 1765 1766 Asini
1777 1737 1889 1766 stratum
1902 1760 1910 1772 ,
1932 1737 1984 1766 sive
1996 1736 2238 1773 illinus-gibbosus.
2268 1737 2299 1767 V.
2321 1738 2370 1768 Pe.

1245 1778 1317 1802 tron.
1333 1782 1393 1810 cap.
1406 1784 1450 1807 45.
1476 1774 1527 1803 Ubi
1539 1774 1697 1804 Schefferus
1709 1774 1860 1812 legendum
1878 1774 2028 1813 suspicatur
2048 1775 2186 1811 Buttuba,
2208 1777 2234 1805 Sc
2253 1775 2290 1805 M.
2312 1776 2371 1806 No-

1247 1811 1306 1839 dot.
1322 1810 1406 1840 habet
1422 1811 1532 1841 Gurdus
1544 1819 1608 1841 atta.
1633 1812 1663 1841 V.
1687 1813 1815 1842 Burman.

1208 1847 1256 1877 Bu
1269 1858 1379 1885 acus,
1401 1849 1416 1877 i.
1437 1860 1472 1879 m.
1490 1849 1527 1887 pl.
1550 1849 1569 1878 B
1580 1860 1598 1878 u
1609 1860 1685 1885 aci,
1706 1850 1754 1879 inl
1773 1860 1798 1879 2.
1814 1851 1834 1888 §.
1857 1850 1887 1880 In
1898 1850 2033 1879 Sardinia.
2050 1850 2081 1879 C.
2101 1851 2136 1880 de
2147 1851 2204 1880 Off.
2218 1852 2290 1881 Praer.
2304 1851 2370 1881 Prat-

1244 1892 1296 1915 tor.
1318 1886 1365 1915 ifr.
1383 1886 1401 1915 l.
1416 1897 1479 1924 pen.
1495 1888 1529 1916 de
1539 1888 1616 1916 fund.
1630 1888 1668 1917 rei
1679 1889 1774 1926 privat.
1790 1888 1837 1917 lib.
1854 1899 1894 1917 ιο.
1913 1888 1942 1917 C.
1962 1888 2209 1926 Luitpranduslib.
2223 1899 2247 1926 3.
2265 1890 2300 1918 de
2310 1890 2368 1919 reb.

1244 1934 1294 1962 per
1313 1924 1452 1963 Europam
1466 1926 1560 1962 gestis,
1583 1935 1644 1963 cap.
1664 1936 1704 1955 12.
1732 1926 1767 1955 de
1780 1926 2024 1963 Burgundionibus
2042 1936 2144 1964 agens:
2166 1926 2200 1956 Et
2220 1928 2369 1964 quoniam,

1245 1963 1299 1996 ait,
1322 1962 1370 2000 ipsi
1385 1963 1533 1992 domorum
1549 1965 1792 2001 congregationem
1805 1986 1813 1999 ,
1837 1974 1896 2001 quae
1909 1974 1989 1993 muro
2005 1974 2062 1993 non
2077 1964 2230 1999 clauditur,
2253 1965 2370 2001 burgum

1245 2008 1366 2034 vocant,
1388 2001 1618 2038 Burgundiones,
1642 2002 1717 2039 quod
1741 2002 1779 2031 est
1797 2002 1884 2038 burgo
1899 2002 2022 2039 expulsi,
2053 2012 2067 2031 a
2088 2002 2221 2031 Romanis
2239 2003 2371 2040 appellati

1245 2037 1316 2068 sunt.
1351 2038 1443 2068 Isidor.
1458 2039 1506 2068 lib.
1521 2051 1543 2074 9.
1557 2049 1618 2077 cap.
1631 2051 1656 2075 4.
1698 2040 1912 2077 Burgundorum
1930 2039 2105 2075 habitacula,
2139 2040 2240 2077 burgos
2258 2042 2365 2070 dicunt.

1246 2076 1367 2143 Unge&
1382 2076 1614 2121 Burgundionum
1635 2084 1749 2115 gentem
1769 2087 1819 2115 per
1837 2078 1921 2107 castra
1938 2077 2139 2116 disposuerunt.
2177 2078 2209 2108 V.
2240 2078 2372 2108 Gloffaria

1244 2123 1291 2144 me
1314 2124 1334 2143 ιι
1344 2125 1402 2144 aeiri.

1207 2148 1229 2178 B
1239 2162 1257 2180 u
1269 2162 1283 2180 a
1295 2162 1311 2180 c
1322 2162 1340 2180 A
1349 2162 1365 2180 R
1376 2163 1412 2182 ru
1421 2163 1433 2182 s
1442 2175 1450 2188 ,
1471 2153 1490 2182 i.
1516 2162 1552 2182 m.
1576 2153 1633 2190 Qui
1645 2162 1679 2183 ex
1687 2153 1777 2190 Burgo
1788 2175 1795 2187 ,
1819 2152 1863 2182 seu
1876 2153 1962 2183 castro
1973 2154 2020 2183 est.
2060 2153 2092 2183 V.
2114 2153 2196 2190 hujus
2207 2155 2328 2183 nominis
2340 2155 2360 2183 ri

1246 2189 1338 2225 tulus,
1360 2189 1430 2221 Cod.
1446 2191 1557 2221 Theod.
1577 2201 1603 2228 7.
1618 2201 1659 2226 14.
1683 2192 1708 2220 ἃ
1722 2192 1820 2220 eadeni
1832 2190 1914 2221 Gioff.

1208 2229 1369 2259 BURGUN
1381 2239 1417 2257 nr
1441 2231 1467 2259 Sc
1486 2229 1506 2258 B
1518 2238 1812 2264 URGUNDtONEs,
1834 2226 2008 2265 [aug-ysaia]
2029 2228 2096 2258 dieti
2110 2228 2173 2259 sunt
2190 2230 2307 2268 populi.
2327 2241 2371 2266 qui

1246 2275 1307 2295 eam
1318 2266 1615 2303 regionemincolunt,
1639 2277 1721 2304 quam
1733 2266 1801 2296 olim
1815 2267 1906 2296 Hedui
1917 2268 1944 2297 ἃ
1955 2267 2075 2303 Sequani
2094 2268 2236 2296 tenebant.
2278 2269 2311 2297 Hi
2335 2280 2356 2292 v·

1246 2304 1304 2333 cini
1316 2304 1434 2334 Cimbris
1444 2328 1451 2340 ,
1473 2305 1551 2342 supra
1563 2305 1743 2334 Rostochium
1758 2305 1910 2334 Germania:
1923 2305 2017 2334 urbem
2030 2305 2096 2334 olim
2111 2305 2278 2335 habitarunt.
2316 2306 2347 2334 U.

1246 2342 1282 2370 de
1295 2349 1369 2371 trans
1385 2343 1514 2372 Rhenum
1531 2343 1666 2381 profecti,
1688 2343 1926 2380 quemadmodum
1947 2343 2017 2380 saepe
2030 2343 2173 2373 Germauae
2193 2351 2288 2381 gentes
2303 2344 2374 2372 fece-

1246 2387 1328 2414 runt,
1347 2390 1379 2409 ea
1390 2381 1451 2410 loca
1460 2388 1634 2418 occuparunt
1644 2403 1652 2416 ,
1669 2391 1728 2417 quae
1739 2381 1793 2416 jam
1805 2387 1911 2410 tenerit.
1953 2381 2034 2410 Certe
2047 2381 2113 2410 Plin.
2129 2381 2178 2410 lib.
2192 2402 2216 2415 a.
2229 2383 2299 2410 inter
2307 2382 2372 2411 Ger-

1248 2427 1346 2447 manos
1357 2426 1491 2448 numerat.
1533 2419 1640 2448 Genera
1653 2441 1660 2453 ,
1682 2419 1790 2456 inquit,
1812 2419 2013 2448 Germanorum
2028 2418 2089 2448 sunt
2112 2419 2236 2456 quinque
2245 2442 2252 2455 ,
2276 2419 2375 2448 Vinde-

1248 2455 1312 2490 lici,
1330 2466 1448 2493 quorum
1460 2467 1520 2495 pars
1532 2457 1760 2494 Burgundiones,
1782 2456 1895 2493 Varini,
1918 2456 2027 2492 Carini,
2049 2457 2195 2486 Guttones.
2235 2457 2277 2486 De
2286 2459 2377 2486 nomi-

1250 2494 1293 2523 nis
1308 2496 1415 2532 origine
1437 2495 1466 2524 V.
1491 2495 1557 2524 dict.
1570 2495 1688 2533 praeced.
1734 2495 1808 2523 Hinc

1210 2531 1232 2562 B
1246 2542 1263 2560 u
1275 2542 1288 2560 a
1299 2542 1316 2560 c
1326 2542 1345 2560 υ
1355 2543 1372 2561 ,xi
1386 2543 1402 2561 n
1415 2543 1450 2561 rA
1460 2554 1469 2567 ,
1492 2532 1586 2562 Galliae
1597 2532 1710 2562 Celticae
1721 2532 1866 2569 provincia
1879 2554 1886 2567 ,
1907 2542 1922 2561 a
1937 2531 2111 2569 Bmgundis,
2136 2533 2182 2569 qui
2200 2542 2261 2562 eam
2278 2532 2377 2569 expul-

1254 2570 1286 2598 fis
1303 2571 1443 2600 veteribus
1462 2570 1571 2600 colonis
1588 2580 1761 2608 occuparunt
1772 2593 1779 2605 ,
1802 2571 1838 2599 ita
1849 2570 1931 2599 dic'ta.
1970 2570 2064 2599 Hodie
2087 2571 2116 2598 in
2131 2570 2269 2600 Ducatum
2283 2573 2307 2600 S<
2321 2570 2377 2600 Co—

1250 2608 1379 2651 mitatum
1396 2609 1529 2638 dividitur
1540 2608 1625 2638 fluvio
1637 2608 1771 2638 Ararissve
1780 2608 1888 2643 Saena,
1909 2614 2026 2644 uterque
2047 2607 2083 2637 ad
2101 2616 2195 2646 rogem
2210 2608 2305 2639 Gallize
2319 2618 2380 2647 per-

1251 2652 1330 2675 tinet.

1214 2684 1235 2714 B
1246 2693 1262 2711 u
1275 2694 1290 2712 a
1300 2694 1328 2713 rs
1340 2706 1348 2719 ,
1371 2684 1504 2714 Posterior
1514 2693 1576 2721 pars
1585 2684 1676 2713 aratri.
1719 2683 1748 2712 V.
1777 2694 1792 2711 Β
1802 2694 1820 2712 υ
1830 2693 1846 2712 s
1855 2693 1884 2713 A.

1215 2721 1348 2757 Buais,
1371 2722 1439 2751 Urbs
1454 2723 1661 2752 mediterraneae
1682 2721 1806 2757 Achaiae,
1828 2722 1927 2751 eadem
1947 2731 1980 2752 ac
1995 2721 2084 2757 Bura,
2106 2722 2142 2752 de
2162 2732 2215 2760 qua
2236 2722 2375 2758 Ovid.15.

1254 2760 1320 2789 Met.
1334 2770 1395 2796 293.
1417 2759 1566 2789 ubiHeins.
1586 2769 1617 2789 ac
1631 2760 1721 2789 Burin.
1754 2760 1785 2788 V.

1213 2797 1234 2827 B
1245 2808 1262 2827 u
1272 2808 1286 2826 a
1296 2807 1315 2827 Ν
1327 2808 1356 2827 is
1369 2809 1437 2834 rffi,
1462 2798 1550 2828 Plinio
1566 2799 1681 2836 ponitur
1698 2798 1770 2827 inter
1787 2797 1915 2827 civitates
1941 2796 2045 2835 lllyrici
2065 2796 2248 2828 Liburnorum
2259 2820 2267 2833 ,
2288 2797 2335 2827 lib.
2347 2808 2374 2834 4.

1254 2846 1285 2866 ca
1311 2859 1313 2861 .
1330 2846 1374 2866 21.
2178 2850 2187 2860 ι

1214 2873 1235 2904 Β
1245 2884 1262 2903 u
1274 2846 1316 2902 apri
1329 2885 1345 2903 u
1355 2886 1375 2903 M
1387 2897 1395 2909 ,
1421 2873 1547 2911 [nfirvov]
1569 2872 1719 2903 Castellum
1731 2873 1768 2902 est
1779 2873 1807 2902 in
1819 2874 1905 2902 trac‘tu
1916 2872 2059 2902 Dalmatiae
2071 2895 2079 2909 ,
2100 2873 2277 2902 nobilitatum
2288 2883 2377 2911 popu-

1252 2912 1272 2941 li
1285 2912 1402 2942 Romani
1413 2911 1521 2950 praeiiis.
1564 2911 1653 2948 Hujus
1665 2911 1795 2940 meminit
1808 2911 1878 2941 Plin.
1893 2911 1941 2940 lib.
1958 2920 1982 2948 3.
1997 2921 2059 2949 cap.
2071 2920 2116 2940 22.

1216 2950 1363 2985 Euam,
1391 2951 1421 2979 V.
1449 2958 1612 2979 suasum.

1215 2989 1236 3018 B
1248 2998 1264 3016 υ
1275 2998 1290 3016 R
1302 2998 1316 3016 a
1326 2999 1344 3017 A
1356 2998 1374 3017 N
1384 2991 1396 3017 ῑ
1406 2998 1422 3017 c
1434 2998 1451 3017 A
1465 3009 1473 3023 ,
1496 2998 1525 3017 ae.
1550 2987 1628 3017 Potio
1640 2998 1655 3017 a
1664 2988 1725 3017 rufo
1738 2987 1832 3017 colore
1843 3009 1851 3022 ,
1872 2997 1907 3017 ex
1920 2987 1993 3017 laste
2012 2987 2164 3016 commixto
2182 2986 2252 3024 sapa.
2274 2985 2376 3016 Festus.

1215 3026 1236 3057 B
1245 3036 1263 3055 υ
1272 3036 1288 3055 R
1298 3036 1315 3055 R
1326 3037 1349 3055 ιε
1359 3049 1366 3059 ,
1387 3036 1473 3055 arum.
1493 3025 1511 3054 f.
1534 3025 1704 3063 Quisquiliae.
1726 3025 1824 3055 Auson.
1835 3026 1939 3063 praefat.
1949 3026 1984 3055 ad
1999 3025 2124 3054 Latinum
2139 3025 2280 3058 Pacatum,

1345 3064 1461 3099 Burras,
1492 3064 1650 3101 quisquilias
1663 3086 1670 3097 ,
1702 3064 1886 3101 ineptiasque.
1965 3063 2073 3093 Vocem
2094 3063 2285 3100 Aquitanicam
2305 3062 2378 3092 dicit

1256 3101 1357 3139 Scalig.
1381 3103 1460 3138 cujus
1481 3101 1511 3131 V.
1537 3101 1633 3131 Auson.
1647 3102 1720 3132 Leti.
1735 3111 1814 3137 2.13.
1832 3112 1861 3140 p.
1878 3110 1937 3137 123·

1219 3139 1267 3170 Bu
1279 3150 1294 3168 a
1306 3150 1322 3168 a
1332 3149 1352 3169 H
1363 3149 1381 3168 A
1394 3149 1414 3168 N
1425 3151 1433 3169 1
1443 3150 1486 3169 cu
1497 3151 1518 3168 M
1529 3162 1537 3175 ,
1559 3140 1654 3170 Genus
1665 3140 1738 3169 valis.
1760 3140 1828 3169 Fest.

1219 3178 1238 3207 B
1250 3187 1269 3207 u
1279 3188 1293 3206 a
1304 3188 1320 3206 R
1331 3188 1340 3206 1
1351 3188 1367 3206 o
1376 3199 1384 3212 ,
1404 3179 1454 3208 ire.
1481 3177 1558 3215 Apul.
1572 3178 1619 3207 lib.
1631 3184 1656 3211 8.
1675 3188 1702 3216 p.
1714 3188 1778 3207 211.
1799 3177 1988 3207 Formicarum
1998 3174 2120 3205 nidificia
2130 3174 2160 3204 in
2169 3174 2274 3204 carioso
2286 3175 2378 3211 stipite

1258 3216 1428 3245 burriebant.
1470 3215 1520 3245 Alii
1531 3216 1609 3245 aliter
1620 3215 1724 3254 legunt.
1765 3215 1796 3244 V.
1819 3215 1949 3244 Pricaeum
1966 3224 1992 3250 p.
2009 3217 2068 3246 168.

1219 3252 1240 3284 B
1250 3264 1267 3283 υ
1281 3264 1294 3282 a
1307 3263 1323 3282 R
1332 3264 1350 3283 υ
1360 3265 1380 3283 Μ
1392 3276 1400 3289 ,
1421 3253 1543 3291 [miili]
1564 3254 1696 3283 dicebant
1704 3253 1810 3289 antiqui
1823 3275 1830 3288 ,
1853 3252 1927 3289 quod
1936 3260 2012 3280 nunc
2021 3251 2140 3279 dicimus
2151 3249 2253 3280 Rufum
2265 3273 2271 3282 .
2294 3251 2377 3280 Unde

1257 3292 1349 3321 rustici
1360 3292 1470 3321 Burrum
1482 3291 1624 3330 appellant
1635 3291 1766 3322 Buculam
1777 3313 1785 3326 .,
1807 3300 1867 3328 qua:
1875 3291 1988 3318 rostrum
1998 3289 2081 3317 habet
2091 3288 2193 3317 rusum.
2215 3290 2273 3325 pari
2290 3290 2376 3318 inodo

1258 3329 1361 3359 rubens
1379 3330 1443 3359 cibo
1467 3340 1499 3360 ac
1518 3331 1634 3369 potione
1653 3340 1689 3359 ex
1705 3328 1823 3367 prandio
1842 3328 1942 3357 Burrus
1963 3326 2126 3364 appellatur.
2159 3326 2260 3356 Festus.
2298 3328 2375 3356 cons.

1257 3378 1273 3396 r,
1283 3379 1290 3396 i
1300 3378 1315 3397 a
1326 3378 1342 3396 a
1353 3378 1371 3397 υ
1380 3378 1400 3397 s.

1221 3405 1241 3435 Β
1251 3416 1270 3435 υ
1281 3416 1296 3434 R
1307 3415 1319 3435 s
1329 3416 1348 3435 A
1362 3428 1369 3440 ,
1392 3416 1447 3435 vox
1462 3405 1552 3436 Medii
1566 3406 1615 3435 aevi
1629 3427 1636 3439 ,
1658 3405 1825 3434 Crumenam
1839 3403 1984 3435 denotans,
2006 3401 2083 3430 unde
2099 3412 2115 3429 B
2125 3411 2143 3430 υ
2153 3411 2168 3429 R
2179 3412 2190 3431 s
2201 3412 2220 3430 A
2248 3412 2262 3431 ι)
2272 3412 2290 3430 A
2299 3412 2311 3431 s
2320 3412 2339 3430 ’r
2349 3413 2379 3431 o-

1260 3453 1276 3472 a
1287 3455 1296 3472 ι
1305 3454 1317 3473 s
1327 3465 1335 3479 ,
1356 3444 1447 3473 Herba
1458 3444 1541 3481 vulgo
1551 3443 1690 3472 notissima
1702 3464 1709 3476 ,
1729 3451 1763 3470 ex
1776 3441 2003 3476 refrigerantium,
2026 3440 2216 3468 exies-antium
2226 3442 2252 3469 81
2265 3441 2378 3469 adstrin-

1259 3483 1386 3519 gentium
1397 3492 1515 3519 genere:
1538 3482 1572 3510 de
1581 3491 1634 3518 qua
1644 3481 1720 3517 plura
1729 3478 1803 3515 apud
1815 3476 1953 3507 Matthioi.
1968 3478 1995 3505 in
2010 3477 2377 3515 Dioscorid.lib.z.cap.150.

1221 3517 1242 3550 B
1254 3530 1271 3548 u
1283 3530 1298 3548 R
1309 3530 1321 3549 s
1331 3531 1349 3548 A
1361 3530 1377 3548 0
1387 3530 1405 3549 N
1416 3530 1429 3549 a
1438 3530 1458 3549 N
1469 3531 1480 3549 s
1490 3529 1524 3549 rs
1534 3541 1542 3554 ,
1567 3519 1702 3555 Hispania:
1711 3516 1845 3546 citerioris
1859 3515 1976 3552 populi,
1998 3514 2197 3551 calaguritanis
2209 3517 2235 3545 ἃ
2246 3516 2380 3553 Complu-

1258 3558 1379 3587 tensibus
1388 3558 1475 3588 vicini
1486 3580 1494 3593 ,
1515 3563 1546 3587 ut
1556 3558 1630 3586 testis
1643 3558 1681 3584 eit
1694 3555 1760 3584 l'lin.
1779 3553 1826 3582 lib.
1841 3562 1865 3589 3.
1880 3562 1941 3590 cap.
1954 3561 1977 3588 3.
1997 3552 2027 3581 in
2041 3552 2228 3590 descriptione
2243 3554 2379 3584 citerioris

1260 3595 1311 3625 His
1327 3598 1405 3625 aniae.

1220 3632 1241 3663 B
1251 3643 1268 3664 u
1281 3606 1346 3663 gii-1
1356 3643 1377 3663 N
1387 3644 1423 3669 A,
1445 3628 1586 3670 [aze-eim]
1607 3630 1677 3661 Urbs
1690 3628 1829 3666 Hispaiiiae
1839 3628 1953 3658 Ptolem.
1974 3628 2057 3666 vulgo
2073 3627 2208 3664 Balbastro.

1669 3726 1693 3761 B
1790 3725 1822 3761 U
1920 3727 1940 3762 S

1223 3827 1346 3863 Busia,
1368 3824 1484 3862 [agam]
1506 3823 1651 3854 Herodoto
1665 3822 1714 3853 lib.
1737 3832 1761 3853 1.
1793 3822 1892 3861 Populi
1911 3823 1973 3853 sunt
1992 3822 2160 3860 Prie-iorum,
2191 3834 2260 3862 quos
2277 3822 2384 3862 subegit

1221 3904 1243 3936 Β
1256 3868 1390 3933 ἐξὲειέῗκι
1401 3910 1419 3929 u
1430 3911 1450 3929 M
1462 3922 1469 3935 ,
1492 3900 1509 3928 i.
1527 3909 1553 3928 n.
1577 3898 1740 3934 [βεσίλινω]
1761 3898 1852 3928 Herba
1862 3899 1900 3928 est
1911 3899 1996 3929 ntia-0
2009 3901 2072 3938 apio
2086 3900 2189 3933 similis,
2202 3899 2310 3936 solaque
2322 3909 2385 3928 cau-

1260 3942 1294 3972 lis
1305 3940 1437 3971 brevitate
1451 3959 1458 3973 ‚
1480 3939 1506 3968 ὅ(
1516 3937 1576 3966 rusa
1587 3937 1681 3966 radice
1692 3936 1726 3966 ab
1738 3947 1772 3966 eo
1785 3937 1926 3968 differens.
1952 3939 2052 3967 :luctor
2072 3938 2139 3968 Plin.
2150 3938 2196 3967 lib.
2209 3946 2253 4003 εὖ.
2267 3947 2326 3981 cap.
2344 3946 2384 3966 ¹2.

2251 3985 2262 4003 ι
2280 3984 2330 4002 v:ia
2343 3983 2381 4009 is,
