2667 4145
172 91 236 146 16
628 65 1347 135 PRAEFATI

181 198 206 214 ‘⁶
231 201 349 231 tamen
368 199 407 228 ut
428 185 678 226 dissimularent
705 181 785 230 ipsi,
813 187 927 217 totam
960 176 1046 222 saepe
1075 171 1211 209 ordinis
1233 169 1337 205 ratio-

181 247 204 262 “
230 255 313 280 nem
340 243 588 277 immutarunt,
616 237 653 271 in
676 231 856 280 principio
887 226 1004 263 saltem
1022 222 1161 270 operis,
1190 219 1275 275 dum
1300 220 1337 254 in

182 295 204 310 “
231 289 431 339 digerendis
451 282 745 333 disponendisque
764 275 944 314 vocabulis
972 284 1010 309 ea
1024 270 1208 307 collocant
1221 280 1257 304 m
1268 266 1338 321 fine

183 344 206 358 ‘²
233 351 308 388 quae
326 341 362 374 in
394 335 571 384 principio
595 333 630 368 ὃς
650 329 771 366 medio
789 324 899 374 posita
919 322 1073 361 fuerant,
1102 319 1191 356 &in
1215 316 1338 355 medio

182 392 205 407 “
232 400 307 437 quae
327 386 543 434 postremum
568 388 647 417 ante
663 380 785 415 locum
808 371 1041 417 occupabant.
1052 372 1070 386 '³
1118 367 1342 405 Turono-

185 441 207 455 “
232 448 307 473 Siu
322 447 335 470 s
358 434 474 470 noster
495 432 638 467 natione
659 426 782 465 Italus,
808 420 920 473 patria
939 416 1188 464 Foroiuliensis
1211 413 1342 463 scripsit

183 489 207 504 ‘⁶
233 491 398 532 praeterea
416 481 630 519 Orationem
649 477 691 511 de
714 468 931 510 illustrissima
953 466 1132 505 Eafileensi
1152 465 1343 504 Academia

184 538 208 552 ‘⁶
233 531 468 571 instauranda,
496 524 694 575 impressam
720 519 814 559 Basil.
840 516 936 565 apud
951 516 1067 552 Froben.
1095 517 1113 556 †

415 626 530 663 ΕΤΕΙ»
544 633 657 660 ΒΑΝ]
685 616 719 655 D
733 628 817 653 οἶκε
830 628 879 653 Tr
901 613 1020 656 Galli,
1035 612 1194 653 Aurelii,
1220 611 1346 660 Typo—

414 674 539 723 graphi
557 669 683 707 eruditi
699 666 991 704 Commentarios
1012 664 1070 700 hic
1088 663 1226 699 idcirco
1243 661 1347 707 adjici

188 728 387 767 voluimus,
426 725 544 770 potius
574 720 654 767 quia
687 718 779 752 inter
805 714 1042 751 STEPHANI
1073 712 1263 759 plagiarios
1292 709 1347 755 [c]

188 776 389 815 referendus
419 772 479 812 iit,
501 779 607 817 quam
634 765 733 815 quod
752 764 829 811 justi
857 763 983 801 Lexici
1014 773 1104 809 opus
1132 759 1347 807 procuderit.

187 828 225 864 D
239 838 292 862 or
306 834 416 861 erus
437 819 552 855 noster
574 827 688 853 annos
710 820 810 850 natus
841 820 895 854 16,
917 824 961 848 eo
986 811 1127 847 aursi—ore
1150 816 1231 845 utor
1246 836 1254 849 ‚
1280 806 1350 844 Lu-

185 877 278 912 tetiae
293 870 502 910 Parisiorum
524 865 644 915 positis
674 863 923 901 Grammaticae
950 860 1159 896 rudimentis
1173 886 1182 899 ,
1210 859 1248 893 in
1270 859 1349 890 Cice-

186 925 259 959 roais
275 921 426 957 lec‘tione
447 917 601 953 multum
623 914 773 950 versatus
788 940 797 953 ‚
824 912 859 947 &
886 910 1061 958 loquendi
1082 907 1214 943 modos
1234 913 1350 942 attens

185 975 253 1009 tius
273 971 458 1006 observans
480 966 548 1002 hos
567 963 860 1002 Commentarios
879 961 993 1006 coepit
1003 956 1180 995 conficere
1195 983 1203 997 ‚
1224 957 1258 991 in
1272 956 1350 1003 qui-

185 1022 249 1057 bus
268 1017 528 1056 vocabulorum
546 1027 565 1051 a
583 1017 716 1047 Cicerone
740 1011 986 1056 usurpatorum
1003 1009 1077 1043 vim
1088 1013 1163 1042 tum
1175 1007 1349 1052 privatam

187 1071 223 1106 &
245 1069 429 1116 propriam
443 1092 452 1107 ,
490 1072 566 1101 tum
598 1063 635 1097 in
664 1060 926 1097 construetione
942 1056 1041 1094 usum
1061 1055 1098 1092 ἃ
1120 1055 1349 1102 elegantiam-2

186 1119 329 1153 Budaeum
352 1116 507 1152 maxime
525 1115 562 1149 in
577 1109 856 1148 Commentariis
878 1105 1030 1147 Graecis,
1051 1106 1220 1141 inanimo
1246 1109 1350 1150 atque

187 1169 224 1204 in
257 1165 367 1203 oculo
395 1164 528 1200 habens
545 1190 554 1204 ,
589 1159 820 1196 tumultuario
847 1157 882 1192 δε
904 1153 997 1203 quasi
1023 1153 1219 1191 desultorio
1248 1162 1351 1187 more

185 1214 435 1262 complestitur
458 1211 516 1258 [cij.
566 1209 764 1247 Creverunt
783 1206 820 1242 hi
842 1217 923 1242 cum
942 1210 1060 1245 aetate,
1085 1204 1124 1239 &
1144 1203 1274 1251 veritus
1292 1200 1351 1236 ille

185 1277 250 1306 ne,
277 1263 303 1300 fi
322 1275 398 1299 rem
416 1259 633 1299 extraheret,
659 1255 880 1305 gravioribus
899 1253 1044 1301 posthac
1072 1251 1349 1289 commentatio-

186 1315 290 1351 nibus
309 1311 471 1349 deditum
487 1320 570 1346 eum
587 1307 631 1344 ad
648 1305 840 1343 humiliora
858 1304 979 1340 referri
1007 1303 1161 1349 pigeret,
1189 1298 1349 1336 edendos

189 1365 333 1411 vigente
354 1360 469 1397 adhuc
497 1365 596 1395 aetate
625 1357 760 1392 curavit
774 1382 783 1395 ,
817 1364 930 1389 annos
953 1351 996 1388 sc.
1016 1357 1060 1389 26
1084 1357 1188 1387 natus
1205 1376 1213 1390 ,
1236 1350 1351 1396 prima

188 1411 336 1461 quidem
355 1407 590 1446 adolescentia
605 1411 767 1452 coeptos,
794 1402 851 1439 sed
873 1402 1021 1449 repetita
1041 1399 1227 1447 diligentia
1242 1398 1286 1434 de
1299 1398 1353 1432 in-

188 1469 292 1508 tegro
312 1460 383 1496 fere
409 1456 590 1494 consestos
607 1461 711 1502 atque
731 1451 921 1489 absolutos.
971 1449 1060 1487 Tres
1079 1446 1222 1485 Tomos
1243 1446 1355 1482 medi..

189 1511 327 1547 tabatur
353 1517 509 1555 quorum
529 1509 641 1550 primus
668 1502 772 1536 Budaeo
792 1501 975 1547 inscriptus
1002 1498 1138 1547 prodiit
1158 1502 1263 1543 1536,
1288 1495 1350 1531 fol.

188 1558 304 1607 Lugd.
325 1556 419 1605 apud
442 1554 506 1590 Seb.
533 1551 717 1600 Gryphium,
748 1552 786 1586 in
818 1560 893 1598 quo
918 1548 952 1582 de
972 1547 1129 1581 verborum
1147 1545 1184 1586 ὠ·
1202 1547 1353 1579 nominum

181 1608 390 1654 fignficatione
411 1605 523 1650 usuque
548 1603 674 1639 dicitum
713 1599 948 1636 demonstrata
979 1596 1111 1633 scilicet
1142 1593 1355 1640 uniuscujus„

189 1669 260 1706 que
277 1657 377 1692 vocis
395 1651 649 1701 significatione
667 1657 743 1686 tum
767 1648 914 1696 propria
924 1653 1002 1683 tum
1012 1644 1176 1682 translata
1188 1672 1198 1686 ‚
1224 1643 1355 1680 deinde

189 1707 355 1743 varietate
376 1704 452 1740 usus
472 1700 646 1740 distin&a‚
673 1698 854 1746 postremo
874 1695 1049 1743 exemplis
1067 1693 1264 1731 cumulatis.
1306 1694 1354 1726 Se-

188 1756 304 1791 cundus
322 1754 468 1795 Francffco
496 1748 601 1792 Valefio
624 1747 821 1785 Galliarum
835 1745 927 1793 Regi
950 1744 1173 1780 literatorum
1194 1739 1352 1779 Patrono

191 1806 335 1852 optimo
360 1809 465 1849 atque
486 1799 603 1836 eidem
621 1797 761 1844 insuper
779 1795 883 1830 Budaeo
904 1793 1109 1841 inscriptus,
1133 1791 1353 1827 inchoatamm-

190 1858 305 1888 minum
321 1849 357 1891 ὠ*
371 1850 526 1884 verborum
544 1845 740 1890 expositionem
765 1847 968 1891 persequitur,
994 1846 1122 1890 itemque
1145 1841 1180 1876 de
1203 1839 1353 1885 particulis

190 1898 439 1937 indeclinabilibus
463 1897 504 1931 ad
520 1905 684 1931 extremum
704 1897 775 1941 agit.
827 1891 964 1930 Prodiit
987 1890 1122 1928 ibidem
1147 1888 1243 1938 apud
1269 1901 1356 1926 eun==

192 1951 276 1988 dem
303 1955 407 1994 1538.
460 1948 593 1980 Tertium
613 1945 802 1991 intercepit
822 1949 1030 1988 temporum
1054 1941 1196 1987 injuria,
1216 1940 1254 1975 in
1278 1949 1351 1986 quo

191 2012 269 2036 raros
293 1998 431 2046 quosdam
451 1996 549 2042 eosque
566 1994 747 2038 elegantiores
774 1992 910 2038 loquendi
928 1990 1022 2024 modos
1039 2003 1076 2024 ex
1093 1987 1281 2034 scriptoribus
1295 1991 1352 2021 La-

192 2049 259 2084 tinis
279 2055 374 2082 erutos
393 2043 567 2089 collefiosque
576 2040 788 2082 declarare,&
807 2043 840 2074 L.
858 2042 892 2074 L.
907 2038 1019 2083 phrafin
1031 2047 1120 2086 atque
1136 2049 1269 2072 numeros
1290 2049 1353 2070 ora-

192 2101 276 2132 torios
296 2104 360 2129 arte
381 2094 464 2128 brevi
478 2093 662 2137 perstringere
682 2090 786 2124 voluit.
837 2088 924 2134 Quo
941 2090 1058 2124 minus
1076 2087 1119 2123 ad
1139 2088 1276 2123 exitum
1297 2085 1353 2122 sua

192 2148 351 2192 incoepta
365 2142 557 2191 perducere
574 2141 709 2187 potuit,
735 2138 885 2175 fortunae
897 2138 1084 2173 acerbitate
1094 2136 1231 2173 factum.
1258 2134 1354 2172 Nam

191 2194 456 2231 vivicomburio
477 2188 579 2226 miser
598 2190 645 2225 ob
663 2188 725 2224 reli
755 2191 877 2225 ionem
899 2187 1101 2223 combustus
1125 2186 1172 2223 est
1193 2183 1352 2224 Lutetiae.

193 2243 335 2292 August.
358 2243 430 2286 3tio
450 2245 553 2286 1546.
576 2238 621 2274 de
642 2249 715 2286 quo
744 2237 778 2274 ic
804 2238 948 2285 egregie
974 2235 1144 2271 Adeodatus
1171 2233 1244 2270 Seha
1264 2237 1355 2270 Veaa³

191 2294 247 2329 lms
273 2292 318 2338 [i.
333 2303 361 2328 e.
384 2289 546 2324 Theodorus
566 2289 642 2324 Beza
654 2287 684 2333 ‚]

184 655 375 685 noturus.

354 2386 517 2422 Ardentem
535 2384 627 2420 medio
645 2396 710 2430 rogo
729 2383 870 2418 Doletum

355 2441 480 2471 Cernens
499 2433 648 2468 Aonidum
667 2433 769 2469 chorus
786 2434 923 2467 Sororum

357 2485 472 2520 Charus
487 2484 530 2517 ille
546 2482 599 2517 diu
617 2481 717 2516 chorus
735 2481 856 2515 Doleto:

359 2537 446 2568 Totus
472 2535 634 2577 ingemuit,
659 2542 709 2564 nec
725 2530 782 2564 ulla
803 2529 915 2574 prorsus

346 2587 379 2617 Ξ
397 2580 545 2618 Sororibus
567 2581 602 2626 est
619 2587 729 2623 reperta
748 2578 855 2612 cunffle

357 2634 456 2667 Naias
468 2629 566 2670 nulla,
593 2628 718 2672 Driasve
737 2627 892 2670 Nereifhe,

357 2685 428 2726 Qae
444 2690 499 2712 non
516 2676 567 2711 vel
586 2675 736 2722 lachrymis
748 2676 808 2721 [ηιξ
823 2675 874 2709 vel
890 2674 989 2721 bansta

357 2728 450 2763 Fontis
468 2727 578 2772 Pegasei
585 2725 717 2770 studeret
732 2724 815 2758 unda
869 2728 874 2730 '

351 2775 500 2811 Crudeles
515 2774 584 2809 adeo
603 2773 717 2808 domare
729 2772 883 2819 flammas.

359 2830 395 2860 Et
407 2826 472 2867 jam
491 2832 568 2858 totus
585 2831 649 2857 erat
657 2821 788 2867 sepultus
806 2823 899 2868 igniis,-

357 2879 428 2920 Jam
442 2874 519 2918 largo
539 2870 674 2906 madidus
698 2871 820 2906 Doletus
838 2868 932 2905 imbre

359 2929 513 2965 Exemptus
532 2928 642 2965 poterat
656 2923 715 2954 neci
735 2919 844 2962 videri,

360 2978 459 3017 Qum
480 2971 543 3005 caelo
564 2971 693 3004 intonuit
707 2968 826 3012 fleveras
849 2966 909 3002 alte

362 3024 509 3056 Divorusn
527 3021 614 3053 Pater
634 3016 671 3058 ά*
687 3017 773 3052 velut
791 3027 913 3062 peragre

362 3073 428 3104 Hoc
444 3076 562 3103 tantum
574 3066 705 3111 studium
717 3066 815 3111 ferens
833 3068 971 3100 Sororum

365 3120 410 3151 At
429 3118 528 3164 ciffite
542 3141 549 3153 ‚
577 3119 640 3157 ait,
665 3113 703 3155 ὢ
723 3126 833 3148 novum
847 3112 992 3148 'Colonum

363 3169 415 3201 Ne
430 3165 540 3200 diutius
558 3163 686 3199 invidete
699 3163 774 3197 caelo.

367 3214 480 3248 Caelum
494 3214 536 3259 fic
551 3225 631 3248 meus
643 3212 786 3248 Hercules
805 3213 922 3257 petivit.

208 3312 254 3351 V.
272 3314 372 3357 ΚοηιἘυ
394 3311 564 3354 sarnetum,
597 3310 737 3354 salium,
771 3309 920 3344 Caillaeum
946 3309 983 3344 in
1003 3306 1157 3346 Historia
1178 3305 1364 3356 Typogra.

246 3409 288 3445 [c]
309 3409 328 3423 “
349 3408 369 3437 A
386 3406 470 3443 Plagii
491 3406 607 3437 crimine
619 3417 675 3437 non
688 3406 891 3441 absolvendus,
909 3405 976 3435 licet
986 3404 1103 3442 ipsemet
1121 3403 1214 3433 adhuc
1228 3402 1298 3432 illud
1317 3403 1367 3432 sibi

207 3448 228 3462 “
247 3456 262 3475 a
281 3444 379 3489 Qarolo
393 3444 532 3488 Stephano
551 3445 692 3480 objectum
705 3445 810 3474 diluere
828 3443 906 3474 omni
922 3443 1012 3472 studio
1032 3442 1063 3471 sit
1079 3442 1205 3476 annisus,
1226 3450 1279 3477 qua
1290 3441 1325 3469 de
1338 3451 1367 3469 re

208 3485 229 3501 ‘⁶
250 3484 306 3526 legi
316 3483 404 3520 potest
425 3482 579 3524 [homasius
597 3482 632 3511 de
644 3483 736 3520 plagio
755 3482 895 3517 literar-io,
916 3482 938 3518 §.
952 3490 1017 3516 409.
1030 3489 1094 3515 412.
1126 3479 1236 3516 Nempe
1250 3479 1368 3508 nimium

209 3523 230 3538 “
250 3521 338 3550 subito
354 3525 497 3548 creverunt
515 3529 544 3547 in
557 3520 660 3549 molem
676 3520 775 3549 Latinae
794 3520 905 3557 Lingua:
917 3517 1136 3552 Commentarii‚
1157 3518 1203 3553 qui
1217 3524 1280 3545 ante
1293 3516 1368 3544 Tho-

209 3560 231 3575 “
250 3558 359 3602 faurum
382 3557 494 3586 Robert.
511 3557 643 3594 Stephani
665 3558 690 3586 δι
714 3557 818 3586 Nizolii
835 3556 1027 3594 magnitudine
1050 3555 1127 3584 Laur.
1147 3554 1232 3583 Vallae
1252 3553 1367 3590 Elegan-

210 3597 230 3612 “
250 3602 302 3625 tias
312 3604 369 3623 non
382 3594 563 3631 superabant3
576 3594 724 3631 frustraque
736 3594 910 3624 exscribendi
922 3593 1066 3622 licentiam
1074 3590 1290 3628 Lexicographis
1301 3600 1367 3620 con-

210 3635 230 3650 “
251 3633 350 3662 cessam
374 3632 490 3660 Doletus
517 3632 682 3669 praetendit,
709 3633 754 3668 qui
779 3631 899 3661 Barthol.
929 3631 1025 3660 Riccio
1043 3630 1154 3667 insuper
1166 3636 1249 3671 atque
1264 3627 1367 3657 Lazaro
1422 3629 1442 3644 ‘⁸

209 3673 231 3687 “
252 3670 345 3708 Bayfio
358 3670 462 3698 eumin
480 3669 595 3698 modum
613 3669 729 3705 turpiter
747 3669 844 3698 abusus
864 3670 920 3704 est,
940 3678 1082 3706 nunquam
1097 3677 1146 3697 eos
1159 3675 1308 3696 nominans
1318 3666 1368 3694 nisi

211 3709 232 3724 “
251 3708 300 3737 ubi
310 3707 430 3744 castigat.
442 3706 458 3718 '³
495 3706 600 3742 Morhofi
623 3707 749 3743 l'olyhist.
765 3706 810 3734 lib.
824 3718 848 3740 ⁴·
865 3717 925 3743 cap.
941 3717 967 3742 9.
980 3708 1003 3743 §.
1018 3716 1061 3736 11.

249 3746 295 3782 [d]
318 3744 460 3772 Dorii‘ri
481 3744 635 3772 admonitio
648 3745 682 3772 de
694 3744 806 3772 secundi
827 3744 910 3772 Tomi
929 3745 1037 3773 ordine.
1060 3744 1079 3758 “
1099 3742 1206 3772 Horum
1218 3741 1368 3770 Commen-

210 3784 230 3799 “
250 3783 382 3812 tariorum
402 3781 429 3808 id
444 3791 536 3810 meum
548 3781 832 3824 primiimiiiltitutunr
847 3782 899 3809 fuit
909 3803 917 3815 ,
938 3788 970 3810 ut
982 3789 1060 3811 autor
1073 3781 1157 3810 ess'em
1180 3779 1245 3808 novi
1264 3779 1368 3808 Dieno-

243 3835 262 3871 †
281 3831 409 3863 Testibus
423 3830 592 3868 Lycosthene
610 3833 635 3859 δι
647 3831 762 3858 Simlero
779 3830 889 3859 Gesneri
904 3832 1145 3867 epitomatoribus.
1187 3830 1271 3867 Ipsius
1283 3837 1369 3866 opera

208 3872 275 3916 quid
288 3879 380 3937 agger-a
394 3868 535 3905 Stephano
548 3868 688 3896 accesserit
704 3868 824 3896 candide
843 3877 962 3903 vereque
981 3869 1151 3898 declaratum
1170 3868 1208 3897 est
1221 3868 1252 3897 in
1272 3866 1370 3905 praeia-

207 3916 284 3938 uone
327 3916 392 3936 irrn.

1417 62 1467 113 O
1535 60 1659 115 Edit.
1686 59 1881 112 Londin.
1912 49 2087 139 1735.

1394 167 1510 215 phiae,
1538 166 1722 207 Gffmrum,
1745 162 1970 210 caeterosque.
2019 159 2163 198 Exstant
2188 154 2363 194 nonnulla
2385 156 2457 201 eius
2472 154 2564 194 Ροε-Ι

1395 224 1487 253 mata
1505 217 1541 251 iri
1564 213 1714 251 DeHciis
1732 212 1923 250 Poetarum
1937 209 2140 249 Gallorum,
2156 207 2301 244 Tomi.
2330 204 2454 242 Fertur
2465 216 2563 241 mor-

1394 268 1421 301 ti
1443 266 1581 301 vicinus
1600 263 1743 310 plebem
1775 261 1968 298 adstantem
1999 260 2034 296 δε
2068 257 2259 306 lachrymis
2286 253 2494 292 madentem
2516 254 2566 289 ita

1394 315 1587 351 allocutus:

1515 362 1604 401 Non
1624 359 1725 397 dolet
1742 358 1813 407 ipse
1832 358 1870 396 D
1883 369 1968 395 om:
1979 368 2022 398 T,
2048 354 2104 393 sed
2121 356 2180 403 pia
2196 353 2317 391 Turba
2339 350 2451 388 dolet.

1803 455 1856 494 Ex
1877 455 1900 492 S
1919 467 1944 491 T
1964 466 1984 491 E
2000 466 2019 491 P
2038 466 2063 490 rr
2080 466 2102 490 A
2120 464 2145 489 N
2164 464 2188 489 0
2216 462 2362 499 quoque
2392 445 2568 494 excerpsit

1397 494 1669 562 Xffifffffwus
1680 512 1689 527 '
1710 491 1736 520 ἃ
1756 506 1850 542 suam
1871 504 2035 540 Medullum
2050 502 2229 536 Latinitatiis
2244 500 2319 538 ΜΑ
2330 510 2384 535 Rc
2395 509 2419 534 U
2430 510 2445 534 s
2467 508 2565 533 ΕΒΗ).

1562 552 1568 559 ’
1755 554 2117 591 WENDELINUS:
2158 549 2203 586 de
2234 561 2307 597 quo
2341 548 2440 595 plura
2474 543 2570 593 apud

1400 606 1528 652 Morhofi
1544 606 1566 642 l.
1585 606 1752 652 proxime
1766 606 1885 640 citato.
1934 601 2063 647 Neque
2087 600 2184 636 enim
2215 601 2251 634 in
2271 595 2569 643 Lexicographo·

1402 669 1480 692 rum
1506 654 1643 691 classem
1670 656 1744 701 jure
1767 654 1814 690 est
1843 649 2068 698 digerendus.
2129 647 2288 684 Multum
2319 657 2465 694 quoque
2489 643 2571 681 No-

1401 707 1471 742 stro
1489 705 1595 741 debet
1618 701 1673 751 Jo
1685 714 1741 739 AN
1752 714 1776 739 N
1787 714 1807 739 E
1819 713 1833 737 s
1859 700 1918 738 FP.
1931 711 1942 735 1
1955 711 1969 735 s
1981 711 1993 735 1
2004 709 2027 734 u
2038 710 2053 733 s
2083 695 2288 752 Tigurinus.
2326 694 2420 731 Nam
2442 699 2571 741 praeter

1400 753 1613 792 Diffi011arii
1628 752 1658 789 R
1671 764 1694 788 0
1704 764 1724 789 Β
1733 764 1752 789 E
1764 763 1788 788 R
1798 762 1822 788 T
1833 761 1846 787 1
1867 749 1889 786 S
1899 761 1923 785 T
1934 759 1978 785 Ep
1989 760 2015 784 n
2025 759 2047 785 A
2058 757 2083 782 N
2094 757 2106 782 1
2125 744 2321 793 Epitomen
2335 740 2572 781 Latino-Gal-

1402 805 1461 840 lici
1492 804 1533 839 ab
1571 800 1700 837 eodem
1736 801 1768 838 R
1779 812 1803 837 o
1815 811 1844 836 B.
1873 798 1895 835 S
1907 809 1931 834 T
1941 809 1960 834 E
1972 809 1990 833 P
2001 807 2026 833 Η
2037 808 2059 833 A
2070 807 2093 832 N
2105 807 2128 832 o
2149 793 2312 830 excusam
2326 820 2336 834 ,
2374 793 2438 829 ubi
2459 801 2570 827 voces

1401 852 1506 889 nudae
1528 851 1773 887 locutionibus
1798 846 1929 885 omissis
1954 848 1991 882 in
2015 855 2211 893 puerorum
2236 841 2426 880 utilitatem
2454 841 2573 877 conti-

1404 910 1532 939 nentur
1571 900 1864 946 interpretatione
1893 895 2108 933 Germanica
2133 893 2237 930 auaae
2254 917 2265 935 ,
2307 890 2574 929 Didtionarium

1404 953 1509 988 etiam
1544 947 1674 986 Latino
1692 972 1708 978 -
1724 947 1979 985 Germanicum
2002 940 2316 991 locupletissimum
2342 937 2573 986 conscripsit,

1403 999 1506 1047 quod
1526 1010 1544 1034 a
1564 997 1750 1042 froschovero
1768 996 1947 1044 Tigurino
1961 992 1994 1030 T
2021 992 2212 1041 pographo
2233 991 2313 1039 plus
2332 990 2450 1027 decies
2465 999 2575 1024 excu-

1401 1050 1479 1086 sum
1499 1048 1546 1085 est
1564 1048 1602 1083 in
1620 1045 1736 1083 Folio.
1786 1045 1974 1083 Postremae
1996 1005 2164 1081 lidit'roni
2190 1039 2406 1078 accesserunt
2434 1049 2576 1086 praeno-

1404 1100 1501 1135 mina
1524 1096 1708 1138 Romana,
1736 1095 1772 1131 δε
1795 1095 1846 1131 rei
1864 1093 2094 1134 nummariae,
2122 1091 2362 1128 mensurarum
2378 1089 2415 1125 δε
2433 1086 2576 1136 ponde-¹

1401 1159 1482 1184 rum
1501 1144 1683 1182 vocabula.
1745 1143 1904 1191 Ingenue
1921 1141 1952 1179 ‚F
1962 1152 2119 1179 Risms
2148 1142 2208 1190 qui
2233 1141 2271 1186 ††
2292 1138 2463 1176 ledorem
2486 1147 2575 1184 prae-

1402 1198 1491 1234 'fatus
1511 1206 1585 1231 non
1602 1192 1665 1231 sibi
1683 1192 1743 1230 sed
1765 1192 1787 1229 S
1799 1204 1881 1229 Ter>
1894 1202 1987 1228 HAN
1999 1203 2022 1227 0
2048 1191 2174 1239 gratias
2194 1187 2316 1226 deberi
2342 1186 2518 1227 ostendit,
2537 1185 2576 1222 &

1403 1247 1484 1295 post
1493 1245 1646 1293 plurima
1656 1244 1693 1279 in
1706 1241 1849 1279 laudem
1860 1243 1926 1278 viri
1937 1241 1981 1277 de
1993 1241 2102 1277 literis
2113 1237 2322 1276 meritiffimi
2336 1237 2437 1278 dicta,
2458 1235 2577 1284 deque

1401 1298 1472 1342 †††
1507 1292 1646 1342 ejusque
1667 1293 1703 1328 in
1723 1290 1867 1329 Lexicis
1893 1289 2092 1327 condendis
2113 1286 2315 1326 incredibili
2349 1297 2459 1334 opera
2484 1285 2578 1321 suni-

1405 1352 1484 1394 pta,
1511 1343 1586 1380 haec
1607 1342 1803 1389 subiungit3
1853 1341 1878 1358 “
1904 1339 1990 1377 Haec
2012 1338 2056 1375 de
2076 1337 2245 1375 Authoris
2262 1335 2367 1373 laude
2387 1333 2578 1383 praefarili-
2636 1373 2639 1377 .

1407 1398 1430 1412 ⁶⁶
1457 1394 1541 1431 buit.
1586 1391 1752 1439 Superest
1782 1396 1822 1427 ut
1853 1390 2008 1427 breviter
2034 1387 2320 1425 demonstremus
2340 1390 2516 1434 ‘quantum
2539 1383 2579 1423 86

1408 1446 1431 1462 “
1457 1455 1524 1479 nos
1541 1442 1672 1478 laboris
1697 1441 1734 1476 in
1759 1439 1831 1476 hoc
1850 1436 2013 1480 Lexico,
2041 1437 2129 1478 sive,
2159 1442 2200 1473 ut
2220 1435 2332 1484 vulgo
2354 1433 2577 1482 appellatur,

1407 1497 1430 1511 ⁶⁶
1455 1491 1679 1530 Dictionario
1715 1487 1992 1525 contulerimus:
2031 1487 2138 1523 nobis
2171 1487 2268 1523 enim
2292 1486 2329 1520 in
2347 1484 2421 1521 hoc
2444 1494 2578 1531 opere,

1410 1545 1433 1560 ‘⁶
1459 1541 1557 1590 quod
1579 1539 1694 1575 modo
1716 1538 1819 1574 vobis
1834 1534 2066 1573 studiofiffimi
2086 1533 2327 1571 adolescentes
2352 1532 2578 1573 exhibemus.

1404 1594 1432 1611 ‘⁶‘
1457 1592 1610 1628 omnino
1633 1585 1725 1624 nihil
1749 1585 1813 1623 nisi
1844 1585 2096 1623 Germanicam
2115 1583 2313 1621 versionem
2333 1610 2344 1625 ‚
2381 1593 2502 1618 veram
2529 1588 2580 1617 ta-

1408 1644 1432 1659 “
1458 1652 1542 1677 men
1560 1638 1657 1674 illam
1671 1662 1680 1678 ,
1707 1636 1744 1673 δε
1766 1647 1842 1684 quae
1856 1635 1904 1683 ‘ad
1922 1634 2047 1671 nostrae
2066 1632 2347 1682 linguaeidioma
2369 1642 2475 1679 quam
2495 1641 2580 1678 pro-

1409 1693 1432 1708 “
1454 1691 1552 1726 xime
1568 1685 1731 1727 accedat,
1763 1684 1991 1721 adscribimus
2014 1689 2119 1732 atque
2141 1683 2364 1720 attribuimus
2374 1684 2402 1718 ”.
2455 1678 2581 1717 Erudi-

1406 1746 1464 1776 tus
1491 1736 1619 1775 Leaor
1639 1746 1717 1772 non
1742 1735 1781 1770 in
1809 1732 1974 1771 Fnisio
2000 1738 2131 1780 quaeret
2157 1731 2400 1769 STEPHANI
2424 1728 2581 1766 Thesau-

1409 1800 1488 1825 rum
1511 1787 1643 1835 ipsum,
1681 1783 1739 1821 sed
1763 1794 1845 1820 eum
1870 1793 1980 1831 quem
2001 1781 2072 1830 ipse
2098 1780 2380 1818 STEPHANUS
2411 1781 2447 1816 in
2477 1790 2581 1815 com-

1409 1837 1583 1885 pendium
1603 1833 1742 1881 redegit
1759 1832 1797 1868 &
1815 1830 2078 1870 Diffionarium
2100 1829 2443 1867 Latino-Gallicum
2458 1827 2582 1876 appel-

1409 1886 1515 1930 lavit;
1542 1897 1560 1921 a
1579 1895 1651 1934 quo
1675 1881 1836 1931 profecto
1858 1893 1904 1917 ne
1922 1880 2033 1918 latum
2053 1879 2201 1929 quidem
2213 1890 2374 1927 unguem
2395 1877 2583 1914 abscedere

1405 1936 1574 1973 ‘existimo
1603 1932 1629 1969 F
1639 1943 1712 1969 RIS
1723 1942 1829 1974 ium,
1858 1929 1995 1967 Gallica
2020 1928 2253 1966 solummodo
2284 1927 2582 1976 interpretatione

1407 1987 1448 2022 in
1465 1983 1715 2022 Germanicam
1747 1987 1977 2017 commutata.
2027 1978 2157 2027 Neque
2191 1978 2293 2014 latius
2316 1977 2393 2014 'fere
2426 1975 2582 2012 abscedit

1408 2038 1534 2069 Lexicon
1555 2032 1721 2076 Trilingue,
1749 2029 1850 2078 quod
1871 2040 1916 2066 ex
1933 2028 2115 2066 Thesauro
2142 2027 2359 2065 RoBER‘rr
2378 2025 2402 2063 S
2413 2037 2582 2062 Terei-in-

1411 2095 1458 2120 Νι
1487 2084 1522 2119 &
1549 2080 1775 2120 Diffionario
1792 2077 1848 2134 Jo
1860 2089 1916 2115 AN
1929 2090 1978 2115 Nx
1990 2090 2005 2114 s
2037 2076 2121 2114 Far
2133 2087 2168 2114 s1
2181 2088 2194 2113 1
2219 2076 2354 2114 summa
2370 2074 2439 2112 fide
2454 2074 2583 2121 colligi

1410 2133 1518 2179 jactat.
1568 2131 1642 2168 Vix
1666 2130 1763 2165 enim
1788 2127 1895 2164 1emel
1923 2139 1942 2164 a
1969 2126 2128 2165 Frusu
2150 2126 2272 2163 labore
2292 2125 2487 2173 discrepat,
2517 2121 2582 2161 nisi

1414 2181 1514 2231 quod
1539 2178 1763 2217 Germanicae
1786 2177 1909 2215 Graeca
1926 2176 2056 2223 adjecta
2073 2175 2114 2212 sit
2138 2176 2395 2224 interpretatio.
2443 2172 2584 2211 Prodiit

1407 2243 1495 2268 ‘cum
1509 2230 1713 2278 praefatione
1731 2227 1851 2271 Joanmk
1864 2228 1990 2260 sturmii
2001 2225 2251 2273 Argentorati,
2278 2223 2482 2262 excudente
2493 2221 2583 2256 Theo.

1412 2280 1486 2324 dofio
1512 2279 1634 2322 Richelio
1658 2282 1761 2321 1587.
1785 2275 1846 2312 fol.
1872 2273 1972 2312 Errat
1997 2286 2084 2322 ergo
2108 2274 2269 2320 Morhofius
2292 2274 2354 2323 qui
2370 2275 2494 2307 Lexicon
2516 2274 2583 2305 Tri-

1410 2329 1509 2375 lingue
1522 2340 1567 2365 ex
1586 2331 1655 2361 foro
1677 2330 1804 2369 Romano
1823 2331 1946 2361 natum
1962 2323 2028 2361 esse
2046 2322 2181 2365 voluit,
2207 2334 2311 2365 cum,
2337 2329 2377 2359 ut
2390 2319 2584 2369 inspectan-

1411 2378 1462 2415 do
1483 2378 1702 2425 accepimus,
1732 2376 1779 2411 ita
1799 2374 1997 2410 ordinanda
2016 2379 2088 2409 erat
2098 2370 2278 2420 Prosapia3
2304 2370 2502 2409 Thesaurus
2516 2370 2584 2405 mi-

1410 2429 1564 2464 nutatim
1597 2423 1757 2462 concisus
1789 2435 1873 2460 cum
1909 2423 2204 2470 interpretatione
2234 2420 2373 2459 Gallica
2389 2419 2518 2457 extulit
2539 2418 2582 2456 R.

1408 2476 1435 2513 'S
1457 2489 1480 2513 'r
1500 2488 1519 2512 s
1536 2487 1555 2512 r
1574 2487 1599 2511 H
1618 2486 1640 2510 A
1662 2485 1685 2509 Ν
1707 2485 1719 2509 1
1742 2472 2006 2510 Dictionarium
2028 2468 2400 2508 Latino-Gallicum:
2428 2467 2602 2506 Galliam'

1409 2525 1605 2562 Germania
1615 2524 1762 2559 mutavit
1784 2521 1998 2563 Fusius,
2027 2522 2086 2557 cui
2106 2519 2236 2558 deinde
2257 2519 2432 2558 Graeciam
2455 2517 2584 2564 adjecit

1401 2574 1482 2611 slve
1503 2577 1670 2609 sturmius,
1695 2570 1765 2609 five
1783 2570 1966 2620 quisquam
1982 2570 2080 2608 alius.

2045 2667 2219 2716 Indagato
2239 2665 2340 2704 fonte
2351 2665 2438 2715 quid
2449 2665 2584 2703 rivulos

2023 2717 2267 2754 consecremur
2312 2718 2371 2764 qui
2398 2716 2490 2752 suam
2523 2727 2587 2752 co-

2024 2768 2122 2815 piam
2140 2766 2225 2803 hinc
2241 2764 2434 2803 arcessere?
2461 2764 2584 2811 Opera

2027 2828 2136 2864 quam
2159 2813 2340 2862 insumpsit
2370 2814 2584 2851 STEPHANUS

2025 2872 2098 2902 erat
2131 2862 2224 2912 quasi
2262 2862 2454 2900 Terminus
2482 2862 2585 2909 hujus

2023 2913 2251 2961 Disciplinae,
2279 2924 2397 2961 neque
2422 2912 2587 2950 Postero-

2026 2975 2107 3000 rum
2134 2968 2233 3004 erat,
2260 2968 2299 2998 ut
2322 2962 2412 2998 olim
2441 2959 2502 2998 usu
2524 2972 2586 2997 ve-

1410 2708 1626 2739 Funemus.
1691 2705 1940 2736 Dsscrmn'rox.

1413 2747 1670 2777 DASYPODIUS.
1689 2743 1925 2774 KoriNrcius.

1414 2784 1653 2815 MAR'riNius.
1689 2783 1944 2811 SUSANNAEus.

1414 2822 1661 2852 Ptiwrmus.
1689 2820 1920 2849 Noswaous.

1415 2860 1628 2889 commus.
1689 2857 1910 2887 nummus.

1414 2897 1621 2927 Firmius.
1688 2896 1964 2925 Lauaamrrus.

1414 2936 1646 2966 MANcrNr-:Lrus
1689 2934 1770 2963 Mon
1784 2941 1914 2962 accus.

1412 2972 1572 3010 sumus.
1685 2971 1923 3001 Brecanus.

1414 3011 1586 3040 Vossius.
1684 3010 1909 3039 Grunnius.

1414 3048 1661 3080 consummes.
2025 3018 2145 3053 nerat,
2181 3011 2414 3059 Superiorum
2434 3009 2511 3047 solo
2532 3011 2587 3046 in-

2025 3060 2216 3103 aedificare,
2239 3059 2298 3096 sed
2313 3059 2447 3107 aliquid
2464 3060 2586 3107 potius

1568 3123 1691 3154 officina
1702 3121 1868 3151 Latinitatis.
2025 3110 2153 3146 tollere
2174 3121 2219 3146 ex
2238 3120 2365 3145 eorum
2383 3108 2529 3145 cumulo
2541 3107 2586 3144 ad

1415 3166 1566 3197 Ειωοτ
1577 3177 1606 3197 A.
1692 3166 1734 3212 pa
1754 3165 1858 3195 Saena
1871 3164 2003 3202 Quiza-cn.
2024 3161 2184 3207 privatos
2221 3158 2298 3195 usus
2329 3157 2560 3195 derivandum
2573 3183 2586 3199 ,

1416 3205 1631 3274 gguzgffluuuss'
1693 3204 1983 3272 ἔῖξΐοζιζζξὲζυδ
2026 3216 2132 3257 atque
2145 3208 2280 3264 adeam
2300 3207 2454 3263 speciem
2478 3217 2587 3255 quam

1612 3267 1668 3312 ga..
1690 3282 1742 3310 &c.
1764 3280 1816 3309 &c
1985 3262 1992 3271 ”
2026 3257 2260 3306 unusquisque
2273 3255 2334 3293 sibi
2346 3254 2587 3304 profitendam

2025 3307 2183 3355 suscepit.
2233 3305 2313 3344 Hos
2333 3307 2441 3354 igitur
2466 3305 2588 3341 nomi-

1419 3404 1443 3418 “
1465 3405 1604 3434 nariorum
1615 3403 1881 3434 conscribendorum
1894 3401 2002 3432 ordinis
2015 3422 2025 3437 ,
2045 3412 2129 3439 quem
2141 3412 2194 3434 nec
2203 3402 2314 3432 Graecus
2324 3400 2390 3439 quis
2402 3410 2467 3431 uam
2478 3410 2530 3430 nec
2539 3400 2590 3430 La-

1423 3441 1443 3456 “
1464 3443 1538 3472 tinus
1549 3443 1598 3472 libi
1610 3443 1758 3471 vendicare
1768 3441 1866 3479 posset.
1907 3440 1965 3477 Qui
1981 3440 2050 3469 ordo
2071 3441 2128 3475 est,
2144 3448 2176 3470 ut
2188 3450 2246 3470 non
2259 3439 2357 3469 seriem
2379 3449 2394 3468 a
2408 3438 2587 3477 phabeticam

1422 3479 1442 3493 “
1464 3478 1609 3523 sequamur
1620 3502 1628 3515 ,
1651 3480 1726 3517 quod
1737 3479 1834 3517 vulgus
1843 3478 2094 3508 Grammaticorum
2105 3478 2185 3513 Facit,
2206 3478 2253 3508 sed
2265 3487 2307 3507 res
2317 3475 2400 3506 rebus
2419 3482 2586 3511 attexamus.

1423 3517 1442 3531 “
1464 3519 1490 3546 &c
1511 3518 1649 3547 dietiones
1660 3517 1859 3554 significatione
1877 3523 2008 3553 cognatas
2019 3517 2091 3545 inter
2102 3515 2128 3545 se
2147 3515 2320 3554 copulemus.
2355 3514 2386 3543 In
2406 3524 2461 3551 quo
2479 3523 2537 3543 non
2546 3513 2587 3543 so-

1424 3554 1445 3568 “
1465 3554 1524 3583 lum
1538 3556 1696 3598 dictionum
1717 3554 1835 3592 ipsarum
1866 3554 2078 3591 significationes
2101 3560 2180 3592 potes
2198 3551 2456 3590 comprehendere.
2478 3551 2525 3581 sed
2546 3561 2589 3581 re-

1423 3591 1443 3606 “
1465 3601 1526 3635 rum
1544 3600 1626 3634 etiarn
1644 3599 1769 3622 naturam
1790 3593 1815 3621 ἃ
1849 3591 1969 3620 nandam
1983 3591 2166 3621 humanarum
2187 3591 2331 3621 actionum
2350 3589 2502 3626 expressam
2520 3589 2589 3619 inia-

1463 3638 1556 3672 ginem
1570 3630 1754 3673 *effictumque
1767 3601 1962 3659 fimulachrum
1979 3629 2174 3667 contemplari.
2215 3628 2300 3665 Quod
2312 3627 2330 3656 si
2341 3627 2392 3656 tibi
2403 3627 2445 3656 vis
2465 3627 2588 3656 declara-

1422 3667 1442 3681 “
1464 3676 1485 3709 ¹.¹
1509 3666 1690 3710 familiarius,
1710 3671 1753 3696 tac
1772 3667 1821 3696 tibi
1841 3667 1877 3696 ob
1889 3666 1987 3696 oculos
1998 3677 2088 3704 ponas
2102 3668 2224 3696 nostrum
2241 3667 2270 3695 in
2290 3666 2328 3694 rei
2350 3664 2474 3697 Bellicae,
2497 3665 2588 3693 Nava-

1423 3704 1443 3718 “
1464 3703 1496 3733 lis
1508 3726 1522 3747 ,ι
1537 3704 1672 3741 Rustieae,
1691 3705 1828 3739 Caelestis,
1851 3704 1970 3734 Patrium
1989 3704 2115 3742 corporis
2131 3704 2247 3734 humani
2270 3701 2387 3734 vocibus
2410 3702 2588 3741 explicandis

1423 3742 1442 3756 “
1460 3743 1601 3773 ordinem.
1615 3743 1629 3755 '’
1650 3744 1698 3780 qui
1715 3743 1895 3772 deindemox
1904 3741 2086 3779 subjungitur.

1461 3829 1499 3863 Μ·
1518 3821 1685 3867 δυρρὶῖἶᾱ.

1462 3866 1518 3902 †'††
1536 3867 1617 3896 Forte
1630 3867 1768 3904 Ejusdem.
