2600 4177
3 3859 15 3879 ‘i

0 3899 23 3919 ὐ

0 3932 19 3955 'Ji

469 144 499 179 C
594 144 622 179 L
721 146 752 180 U

101 225 137 254 ad
149 224 276 255 Cloeliam
285 224 407 254 obsidem
418 225 622 262 deposcendam
636 248 643 257 .
665 226 730 255 alias
739 226 813 256 haud
825 227 918 264 manni
929 227 1028 258 faeere.
1065 227 1093 258 Si
1105 237 1161 257 non
1173 228 1220 258 de-

102 264 185 291 datur
197 263 274 292 obses
284 285 292 297 ,
313 273 362 300 pro
377 270 457 300 rupto
467 261 492 291 se
505 263 595 292 foedus
611 264 778 293 habiturum.
817 266 844 294 Si
858 276 923 294 vero
936 267 1053 295 dedatur
1063 288 1069 299 ,
1091 267 1222 295 {macrim

103 300 319 336 inviolatamque
333 301 366 329 ad
380 301 440 329 suos
457 300 637 329 remiffiirum.
681 302 774 337 ltaque
784 303 891 332 redditi
903 326 910 335 ,
932 304 1006 342 apud
1027 303 1222 332 Hetrufcorum

104 347 197 370 reatem
210 360 218 371 ,
240 346 363 366 nontiita
376 337 463 366 solum
473 359 481 369 .
503 337 549 366 sed
561 339 694 368 honorata
711 340 794 368 etiam
804 341 889 369 virtus
901 342 952 370 suit
963 364 970 375 .
993 350 1108 377 eamque
1118 350 1224 377 partem

104 375 240 409 obsidum,
253 385 321 409 quos
334 374 427 408 vellet.
440 375 543 403 donare
553 375 578 404 se
589 376 668 404 dixit.
692 376 740 405 iila
749 378 907 415 impuberes
917 379 992 415 legit.
1009 378 1077 407 Pace
1088 379 1123 407 sic
1134 379 1228 407 redin-

103 418 208 445 teqrata
221 434 228 445 ,
249 411 366 440 Romani
376 421 476 440 novam
486 413 513 440 in
527 414 629 442 semina
643 414 774 443 virtutem
786 426 860 444 novo
871 425 972 452 ¹genere
984 416 1099 445 honoris
1111 438 1119 450 ,
1139 415 1226 445 statua

103 449 220 486 equestri
239 450 394 478 donavere:
417 449 562 479 insumma
576 449 648 480 sacra
664 452 708 480 via
729 452 780 482 fuit
798 453 883 489 posim
901 455 978 490 virgo
999 454 1120 483 insidens
1142 463 1224 490 equo,

104 488 206 516 Auctor
223 486 279 515 Liv.
295 486 342 515 lib.
353 495 379 515 2.
390 496 450 524 cap.
465 497 506 521 ¹³·
530 487 620 521 Huius
640 490 667 518 δε
682 491 812 519 meminit
823 491 913 521 Valet.
927 490 1003 521 Mart.
1023 491 1071 520 lib.
1087 501 1111 528 3.
1126 500 1186 529 cap.
1201 500 1229 520 2.

106 524 140 553 de
155 524 333 553 Fortitudine.
362 523 436 558 vire.
451 534 562 561 quoque
575 525 621 554 lib.
638 532 664 559 8.
677 526 738 557 lEii.
750 532 814 562 651.

14 560 17 599 ἶ
69 562 92 592 C
102 573 117 590 t
126 572 152 590 σε
164 572 179 589 i.
190 572 197 589 i
210 571 227 590 u
236 571 247 590 s
257 583 265 595 ‚
284 562 343 593 Adi.
361 569 391 591 ut
400 562 508 591 Cloeliae
518 562 601 597 foffic,
613 574 628 592 a
638 563 740 593 Cloelio
751 565 822 594 duce
834 565 998 595 Albanorum
1012 566 1101 594 dicke.
1126 565 1229 595 Festus.

70 598 420 637 Ci.oNAs,[x20vae÷]Elegus
431 607 514 637 poeta
523 601 614 634 fuit&
624 601 780 638 epicus.qui
790 603 918 632 tibicinas
931 606 956 633 St
967 611 1121 633 concentus
1132 603 1231 632 consti-

107 636 185 665 tuisse
201 644 371 666 memoratur
383 638 489 675 primus
499 660 506 672 ,
527 639 604 668 sicuti
620 639 785 676 Terpander
799 641 994 670 citharoedicas
1011 641 1084 678 leges
1098 642 1230 678 princeps

106 675 233 741 ffinpiurg
246 675 434 741 pgrvffistitgaffe
445 683 576 706 narratur.
599 677 700 706 Auctor
713 677 778 707 Caei.
794 679 883 715 Antiq.
895 679 968 710 teci.
978 679 1026 708 lib.
1037 690 1064 714 9.
1085 688 1147 716 cap.
1162 687 1186 714 3.
1196 687 1231 707 ex

139 722 154 740 u
170 722 213 740 arc
236 722 252 740 o
283 721 298 740 e
341 723 356 741 u
370 722 421 742 ica.

69 750 92 780 C
102 761 116 778 i.
125 759 141 778 o
151 759 171 778 N
181 760 190 778 1
201 760 218 778 u
227 759 239 779 s
250 771 258 783 ,
280 749 356 779 Unus
371 760 386 780 e
398 751 521 788 quinque
533 752 652 781 ducibus
672 751 835 782 Boeotorum
849 775 856 786 .
877 753 923 789 qui
946 763 1011 783 curn
1032 751 1232 791 quinquaginta

109 787 223 816 navibus
234 787 268 816 ad
277 786 389 821 Troiam
401 790 601 826 navigaverunt
612 811 620 825 ,
641 796 671 819 ut
680 789 774 819 scribit
788 791 926 820 Homerus
939 791 985 820 lib.
998 791 1074 821 lliad.
1090 801 1116 821 2.

72 825 230 859 Ctoais,
266 824 296 854 V.
322 835 496 856 curonis.

72 863 95 892 C
103 874 117 891 1.
127 872 143 890 o
152 872 164 891 s
174 872 193 891 T
202 872 215 891 iz
224 873 241 890 R
252 884 260 895 ,
283 864 424 900 [κλώςης]
447 864 531 894 Filius
543 864 681 895 Arachnes
694 887 703 901 ,
725 865 771 902 qui
785 864 858 895 fusos
868 866 976 896 invenit
988 867 1018 896 in
1039 866 1161 896 lanificio
1173 889 1181 903 ,
1202 871 1234 896 ut

109 900 192 929 refert
211 900 279 929 Plin.
293 900 341 930 lib.
355 911 378 939 7.
397 912 458 939 cap.
473 906 517 937 56.

72 937 279 968 CLOSTRUM
293 961 300 971 ,
323 939 354 968 V.
377 949 619 969 etAus'rRuM.

70 976 174 1006 CLoT
185 986 202 1004 A
215 998 222 1010 .
244 976 390 1006 Ptolemaeo
411 978 576 1007 AEstuarium
596 977 677 1006 maris
691 977 720 1006 in
739 977 881 1008 Britannia
902 979 988 1008 insula
999 1001 1006 1013 ‚
1029 979 1131 1015 exiguo
1154 984 1233 1008 terrae

108 1013 196 1050 spatio
211 1023 226 1042 a
238 1014 367 1044 Bodotria
375 1015 463 1045 altero
473 1015 597 1045 :estuario
608 1015 788 1052 diremptum.
810 1016 895 1046 Corn.
906 1016 995 1046 Tacit.
1009 1018 1038 1046 in
1052 1017 1112 1046 Vita
1124 1018 1236 1055 Agrico-

109 1050 142 1079 1ae
154 1060 270 1089 cap.23.
291 1052 403 1082 Glutam
420 1060 508 1083 vocat.
551 1053 634 1082 Nunc
644 1053 725 1080 Clrtda
738 1074 746 1087 ,
767 1053 812 1082 vel
830 1055 917 1093 (Thud-

72 1088 118 1118 Ci.
128 1092 146 1118 ὃ
157 1098 176 1117 T
188 1099 207 1117 H
218 1099 234 1117 ο
243 1111 250 1122 ,
273 1091 313 1118 us.
335 1091 353 1119 f.
375 1090 504 1126 [κλωῗιῖ]
525 1091 587 1120 Una
596 1091 634 1120 est
643 1091 728 1119 trium
739 1090 894 1121 Parcarum.
935 1091 966 1122 V.
991 1102 1032 1121 ΡΑ
1043 1102 1059 1121 R
1068 1103 1084 1122 c
1095 1103 1128 1122 n..

79 1131 86 1143 s
107 1126 205 1156 Ferrea
218 1126 330 1156 Clotho.
351 1128 421 1158 Stat.
437 1129 485 1158 lib.
501 1138 525 1165 3.
546 1128 638 1158 Theb.
654 1132 716 1163 556.

107 1163 199 1231 Atltera
207 1165 255 1232 eit}
255 1165 357 1194 Clotho
368 1167 451 1196 Nerei
461 1166 517 1196 filia
526 1189 535 1202 ,
557 1167 609 1195 dea
620 1167 702 1195 maris
712 1187 722 1201 ,
745 1167 772 1196 &
783 1175 798 1195 a
806 1165 920 1204 Virgilio
935 1167 1038 1198 Nereia
1054 1167 1157 1198 Clotho
1167 1168 1236 1198 dici-

141 1212 173 1232 ur
184 1212 209 1237 9.
257 1213 284 1232 n.
301 1213 363 1233 101.

187 1240 337 1270 Mortalem
350 1242 465 1280 eripiam
476 1240 594 1270 formam
606 1263 614 1276 ,
637 1241 789 1278 magnique
799 1242 904 1277 jubebo

188 1278 317 1315 AEquoris
329 1279 382 1309 effe
395 1280 478 1309 deas:
501 1279 590 1316 qualis
602 1279 702 1308 Nereia
717 1279 819 1308 Clotho

189 1315 224 1345 Et
233 1316 347 1346 Galatea
358 1317 450 1347 secant
461 1316 637 1354 spumantem
650 1318 764 1355 pectore
774 1324 903 1355 pontum.

517 1381 547 1415 C
641 1380 669 1414 L
765 1380 797 1415 U

74 1425 97 1457 C
106 1438 122 1455 r.
131 1437 150 1456 u
161 1436 180 1456 A
188 1437 205 1457 c
215 1438 225 1456 ι
235 1437 256 1457 Ν
266 1438 285 1457 A
305 1428 398 1459 Venus
409 1450 417 1463 ,
438 1427 597 1458 aRomanis
604 1428 680 1458 culta
689 1451 697 1464 ‚
719 1429 798 1465 cujus
809 1429 946 1468 templum
960 1440 1017 1459 non
1029 1430 1128 1469 procul
1145 1441 1160 1461 a
1174 1431 1236 1460 foro

110 1465 189 1494 situm
202 1474 269 1495 erat.
284 1467 399 1496 Causam
409 1467 532 1496 nominis
543 1466 624 1496 affert
635 1466 922 1505 Plin.lib.15.cap.29.
934 1469 1049 1507 Quippe
1059 1470 1097 1498 ita
1108 1470 1236 1504 traditur,

110 1510 215 1540 myrtea
224 1504 344 1533 verbena
362 1505 504 1534 Romanos
520 1504 706 1542 Sabinosque,
726 1515 811 1542 quum
831 1516 944 1544 propter
960 1514 1051 1544 raptas
1061 1507 1180 1544 virgines
1195 1507 1238 1535 di-

110 1544 214 1570 micare
225 1541 373 1572 voluiiient
384 1565 392 1577 ,
414 1543 545 1580 depositis
560 1544 642 1572 armis
662 1550 791 1580 purgatos
807 1544 836 1572 in
847 1554 881 1573 eo
894 1544 958 1573 loco
970 1567 978 1579 ,
1000 1545 1048 1581 qui
1069 1555 1146 1574 nunc
1164 1545 1237 1583 signa

112 1578 226 1608 Veneris
236 1580 377 1610 Cluacinae
389 1581 481 1610 habet.
523 1580 622 1610 Cluere
632 1581 709 1610 enim
726 1582 851 1618 antiqui,
874 1582 990 1619 Purgare
999 1583 1140 1612 dicebant.
1165 1583 1236 1612 Eum

111 1624 204 1646 autem
220 1617 312 1647 locuni
324 1619 353 1648 in
372 1619 433 1647 foro
452 1618 530 1648 fuisse
548 1625 664 1657 apparet
676 1628 711 1648 ex
730 1618 789 1648 Liv.
800 1618 847 1648 lib.
864 1628 889 1656 ζ.
905 1630 966 1658 cap.
978 1626 1024 1656 48.
1047 1623 1086 1650 Ac
1098 1621 1237 1650 nutricem

110 1664 199 1693 prope
208 1655 391 1686 Cluacinaead
401 1656 548 1689 tabernas.
568 1658 619 1687 ἃς.
661 1657 751 1693 [Non
772 1657 871 1686 dubito
895 1666 988 1688 autem
1001 1681 1009 1693 ,
1032 1660 1100 1695 quin
1118 1659 1177 1689 haec
1192 1668 1238 1688 ea-

28 1707 31 1716 x
79 1699 82 1703 ’
112 1692 176 1722 dem
187 1693 219 1722 sit
230 1703 262 1723 ac
272 1693 413 1730 Cloacina,
430 1695 573 1731 quomodo
584 1696 610 1724 &
622 1695 765 1724 emendati
776 1695 861 1724 codd.
877 1695 947 1725 Livii
963 1696 1109 1727 exhibent.
1119 1706 1145 1734 q.
1157 1696 1236 1727 V.s.1.

30 1765 31 1779 ἶ
74 1729 99 1760 C
108 1741 124 1758 L
132 1740 150 1759 u
159 1741 177 1760 e
186 1742 195 1759 1
205 1741 223 1759 o
233 1742 253 1760 A
263 1741 284 1760 T
293 1742 311 1760 u
321 1743 341 1761 M
353 1754 361 1768 ‚
381 1733 504 1770 antiquis
516 1732 605 1762 Dulce
620 1734 646 1762 &
661 1732 742 1762 suave
755 1733 909 1764 dicebatur.
931 1734 1035 1764 Festus.
1073 1734 1110 1764 Et
1124 1735 1163 1765 ita
1170 1734 1238 1772 legit

111 1768 232 1806 Scaliger
242 1770 271 1798 in
283 1769 396 1801 Varron.
414 1774 440 1801 6.
459 1771 495 1800 de
506 1770 535 1800 L.
551 1770 581 1800 L.
595 1775 621 1800 6.
643 1780 694 1808 pro
705 1770 870 1801 Claudacus.

76 1805 222 1843 Cnuoo,
244 1808 407 1844 etesiis,
429 1809 628 1843 Ctusitis,
658 1808 689 1837 V.
711 1818 876 1839 cLAuDo.

75 1842 98 1873 C
107 1855 122 1872 L
132 1854 149 1873 u
162 1855 178 1872 D
189 1855 206 1873 o
216 1867 224 1880 ,
259 1845 303 1874 vel
323 1846 345 1875 C
355 1856 398 1876 tu
407 1857 426 1875 n
436 1857 450 1876 iz
459 1856 480 1875 N
491 1868 499 1882 ‚
518 1847 580 1876 inis.
609 1856 639 1875 n.
673 1845 788 1877 Gladius
798 1869 807 1882 ,
827 1857 883 1884 quo
904 1847 1008 1877 scenici
1026 1847 1175 1878 utebantur
1186 1871 1195 1884 ,
1217 1848 1237 1877 fi

112 1882 225 1919 quando
234 1883 263 1912 in
274 1883 353 1913 scena
360 1885 449 1914 caedes
457 1884 583 1914 facienda
593 1884 669 1913 esset.
709 1884 772 1914 Erat
784 1892 878 1915 autem
886 1895 922 1914 ex
930 1886 1011 1915 ferro.
1053 1886 1095 1916 De
1113 1886 1215 1916 fabulis
1227 1909 1236 1922 ,

112 1930 174 1957 quae
193 1920 360 1952 saltabantur
373 1932 388 1952 a
402 1923 602 1959 pantomimis.
624 1921 703 1960 Apul.
719 1922 798 1961 Apol.
821 1933 848 1961 p.
868 1927 929 1959 526.
960 1923 1037 1960 Quas
1053 1934 1119 1953 cum
1140 1924 1237 1960 saltas,

112 1965 188 1987 tanta
199 1959 317 1989 mollitia
326 1960 414 1990 animi
425 1983 433 1996 ,
455 1966 530 1990 tanta
538 1961 660 1989 formido
672 1960 736 1989 ferri
747 1961 787 1990 est
796 1983 806 1994 ,
826 1961 883 1990 fine
893 1961 1024 1991 claudine
1034 1961 1123 1991 saltas.

77 1994 100 2025 C
109 2006 125 2023 L
136 2006 154 2024 u
166 2005 207 2024 RN
215 2006 235 2025 T
246 2008 255 2025 1
264 2007 283 2026 u
293 2007 306 2027 s
317 2020 325 2031 ,
346 1999 521 2034 [immuta]
543 1998 655 2028 Nomen
671 2000 762 2035 gentis
781 1998 832 2028 Ro.
855 1999 1051 2028 Cluentiorum
1070 1999 1205 2030 familiam
1223 2009 1241 2030 a

114 2033 253 2063 Cloantho
262 2034 388 2071 Trojano
398 2036 493 2066 AEneae
503 2036 607 2066 comite
620 2038 646 2066 &
656 2043 738 2065 nauta
748 2037 851 2067 dictam
864 2037 981 2067 affirmat
994 2037 1063 2076 Virg.
1071 2049 1094 2075 ς.
1107 2038 1239 2075 AEn.123.

203 2073 396 2111 Sergestusque
405 2096 412 2109 ,
433 2074 534 2104 doinus
550 2081 628 2104 tenet
641 2085 656 2104 a
672 2084 726 2111 quo
736 2075 828 2112 Sergia
840 2085 964 2110 nomen,

205 2110 347 2141 Centauro
362 2111 502 2141 invehitur
516 2122 617 2150 magna
630 2134 639 2148 ,
658 2112 806 2150 Scyllaque
823 2113 979 2143 Cloanthus

207 2148 331 2179 Caerulea
346 2171 354 2185 .
375 2160 462 2187 genus
481 2150 557 2180 unde
574 2151 627 2179 tibi
640 2172 647 2184 ,
670 2150 795 2180 Romane
807 2152 929 2181 Cluenti.

114 2184 155 2215 Al.
167 2185 314 2216 Cluentius
326 2188 419 2217 Avitus
429 2198 463 2217 ex
473 2189 629 2226 municipio
643 2188 741 2217 Latino
754 2211 762 2222 ,
782 2189 923 2218 accusatus
935 2199 950 2218 a
961 2195 1047 2219 matre
1055 2189 1149 2225 Saffia,
1164 2190 1241 2228 quod

134 2224 329 2262 Oppianicum
341 2227 472 2255 vitricum
484 2226 678 2256 interfecisset:
701 2227 830 2257 defensus
840 2228 894 2256 fuit
907 2237 923 2257 a
933 2227 1080 2264 Cicerone,
1101 2230 1182 2266 cujus
1195 2229 1245 2259 ad-

133 2261 189 2291 huc
197 2269 273 2291 extat
284 2263 367 2301 longe
376 2264 481 2302 optima
496 2265 584 2294 oratio
598 2274 648 2303 pro
660 2264 802 2294 Cluentio.

68 2297 102 2329 'C
111 2310 128 2328 ι.
137 2309 156 2328 u
165 2310 204 2329 iio
215 2322 223 2332 ,
245 2303 291 2330 ὅτε
300 2323 309 2335 ,
333 2301 377 2331 vel
395 2302 417 2331 C
427 2313 442 2330 L
454 2312 471 2331 u
482 2312 499 2331 o
512 2324 520 2336 ,
542 2305 596 2332 ere.
620 2299 738 2338 [cibum]
766 2303 914 2332 Nominari
929 2325 936 2337 ,
958 2303 1119 2340 perhiberi,
1139 2305 1242 2342 putari.

115 2337 200 2367 Plaut.
212 2338 291 2369 Trin.
303 2348 331 2369 2.
343 2351 370 2375 4.
381 2350 426 2376 95.
451 2340 491 2370 lta
503 2340 534 2369 fis
544 2347 574 2370 ut
584 2350 690 2369 nornen
704 2341 790 2375 cluet,
827 2341 906 2371 ldem
919 2341 999 2379 Epid.
1013 2351 1039 2371 2.
1050 2350 1076 2371 2.
1092 2353 1117 2378 ς.
1145 2342 1241 2372 Senati

115 2377 163 2413 qui
173 2375 306 2406 columen
315 2377 420 2407 cluent.
439 2378 526 2408 Idem.
540 2379 617 2408 Poen.
636 2389 660 2411 ς.
675 2390 702 2414 4.
717 2388 761 2408 20.

208 2414 245 2443 Ut
254 2415 355 2453 volupe
364 2417 402 2445 est
413 2416 520 2445 homini
531 2439 538 2451 ,
561 2427 622 2446 mea
632 2416 707 2446 soror
720 2439 730 2451 ,
751 2417 768 2446 fi
782 2416 858 2453 quod
870 2417 926 2454 agit
941 2416 1016 2446 cluet
1026 2418 1151 2447 vietoria.

115 2450 235 2488 Cluere‚
258 2453 383 2489 Purgare.
404 2454 473 2483 Plin.
492 2454 539 2483 lib.
553 2465 594 2489 ις.
615 2465 676 2492 cap.
693 2464 737 2490 ²9·
780 2455 810 2482 V.
834 2455 915 2492 supra
935 2455 965 2484 in
987 2465 1058 2484 ctu
1071 2466 1202 2485 AciNA.

115 2488 230 2525 Cluere,
254 2493 390 2528 Apparere
399 2493 484 2521 etiam
494 2492 643 2530 signifieat,
661 2493 760 2527 videri,
772 2492 978 2530 infignemefl'e,
994 2493 1152 2529 excellere,
1171 2504 1242 2532 quo-

132 2536 194 2557 rum
205 2532 333 2558 omniurn
342 2531 471 2568 exempla
482 2532 602 2569 reperies
613 2531 689 2568 apud
700 2530 858 2560 Lucretium
866 2553 875 2565 ,
900 2540 930 2560 ut
942 2531 992 2561 lib.
1007 2541 1030 2561 1.
1040 2543 1107 2568 450.

207 2566 281 2596 Nani
294 2577 467 2605 quaecunque
478 2568 574 2598 cluent
584 2590 593 2602 ‚
615 2576 662 2598 aut
672 2569 715 2599 his
726 2569 875 2604 conjunc'ta
884 2569 995 2599 duabus

250 2604 343 2635 Rebus
354 2616 386 2635 ea
396 2607 539 2636 invenies:
563 2607 718 2636 authorum
726 2614 833 2636 eventa
845 2607 962 2638 videbis.

207 2642 289 2672 Utilis
300 2644 476 2679 invenietur.
497 2646 523 2674 δι
538 2653 698 2682 opportuna
708 2644 822 2674 cluebit.

115 2678 148 2709 In
160 2679 249 2709 forma
260 2681 361 2718 passiva
372 2683 446 2720 apud
459 2682 544 2712 Plaut.
556 2683 651 2712 Pseud.
664 2693 690 2718 4.
711 2693 734 2712 1.
751 2691 794 2712 12.

206 2719 284 2757 Quip
308 2729 322 2748 e
333 2729 386 2757 ego
396 2726 423 2749 te
434 2721 462 2749 ni
473 2728 653 2751 contemnam
664 2743 672 2754 .
692 2721 858 2750 stratioticus
869 2721 957 2750 homo
968 2721 1014 2757 qui
1023 2720 1126 2752 clueat.

79 2753 210 2791 Curis,
230 2767 256 2786 e.
280 2776 284 2784 ι
301 2758 339 2793 dj.
363 2758 518 2789 Praeclarus.
558 2759 642 2789 Mart.
656 2759 751 2797 Capel.
766 2759 815 2788 lib.
827 2771 854 2795 4.
879 2761 925 2788 lrae
936 2760 1005 2789 cluis
1020 2759 1163 2790 facultate.

116 2792 245 2832 Compar.
266 2795 403 2826 Cluidior.
427 2797 455 2825 iri
467 2796 550 2826 Glofs.
565 2797 660 2827 Isidor.
693 2797 723 2826 V.
748 2797 838 2826 Barth.
854 2798 963 2826 Advers.
977 2802 1022 2827 26.
1035 2807 1080 2834 ις.

79 2829 152 2860 Ctu
161 2843 183 2860 M
192 2843 216 2861 ΑΒ
225 2855 232 2867 ,
253 2836 343 2864 arum.
365 2835 384 2863 f.
408 2834 535 2864 Folliculi
557 2835 665 2864 hordei.
690 2835 793 2865 Festus.
831 2835 864 2864 V.
886 2845 905 2863 G
915 2845 959 2864 tu
968 2845 1025 2864 MA.

79 2867 103 2898 C
112 2879 154 2898 Lu
165 2879 186 2898 N
195 2881 214 2899 A
223 2880 241 2899 c
250 2882 266 2899 L
278 2881 341 2907 uM,
363 2872 459 2901 Culter
480 2873 670 2910 sanguinarius
680 2895 689 2909 ,
719 2873 796 2910 quod
821 2873 856 2902 ad
880 2873 977 2902 clunes
997 2873 1175 2911 dependeat,
1197 2873 1242 2903 vel

115 2908 177 2943 quia
188 2908 287 2939 clunes
299 2909 450 2940 hostiarum
459 2911 575 2941 dividat.
598 2913 701 2941 Auctor
712 2911 812 2941 Festus.
838 2911 976 2940 Nonnulli
987 2921 1134 2950 perperam
1144 2912 1242 2950 legunt

115 2945 285 2977 Clunaduin.
308 2948 340 2977 In
352 2948 443 2978 Gellio
456 2959 498 2979 10.
509 2959 554 2985 ας.
568 2949 669 2987 legitur
680 2949 843 2980 Clunaculae
853 2971 862 2984 ‚
882 2949 921 2987 pl.
944 2949 965 2979 f.

81 2981 211 3013 CLUNA
223 3006 233 3019 ,
265 2985 294 3014 V.
321 2995 481 3016 CLUNUS.

80 3019 103 3049 C
113 3031 128 3049 i..
137 3031 156 3050 u
165 3031 185 3050 N
195 3033 204 3051 i
213 3032 233 3051 A
245 3044 253 3058 ,
274 3023 422 3061 Oppidum
432 3025 471 3054 est
482 3025 633 3063 Hispaniae,
649 3025 677 3054 in
689 3025 822 3054 extremis
833 3024 1036 3054 Celtiberorum
1049 3024 1166 3055 finibus:
1190 3034 1242 3053 un-

117 3059 153 3088 de
162 3070 234 3090 unus
245 3070 281 3090 ex
294 3061 432 3100 Hispaniae
441 3064 578 3093 citerioris
588 3064 775 3092 conventibus
790 3085 798 3097 ‚
819 3062 975 3092 Clunienlis
994 3063 1084 3092 dictus
1094 3063 1141 3092 est.
1175 3062 1244 3092 Vul-

115 3106 150 3134 go
161 3100 268 3126 Civdad
276 3100 345 3129 acal.
384 3101 457 3130 Sunt
473 3102 550 3131 enim
567 3101 672 3138 septeni
687 3124 695 3136 ,
716 3102 807 3138 inquit
827 3100 895 3130 Plin.
909 3100 956 3129 lib.
970 3110 994 3135 3.
1006 3111 1068 3138 cap.
1082 3110 1106 3137 3.
1130 3101 1243 3130 Cartha-

115 3136 262 3172 giniensis,
283 3137 520 3175 Tarraconensis,
542 3139 815 3178 Caesaraugustanus,
836 3139 1011 3174 cluniensis,
1032 3139 1168 3175 Asturum,
1191 3138 1244 3168 Lu-

112 3174 217 3209 censis,
239 3174 413 3206 Braccarum.

1045 2607 1125 2638 Idem
1139 2617 1164 2647 3.
1176 2614 1241 2644 208.

52 3227 54 3229 ·
80 3209 152 3240 Cti‘i
162 3222 236 3247 N1s‚
256 3213 288 3242 is.
309 3223 348 3243 m.
369 3211 480 3250 [orvwl]
500 3215 642 3253 Saepiusin
652 3212 753 3251 plurali
762 3214 883 3250 Clunes,
904 3214 972 3243 ium.
994 3222 1031 3243 m.
1055 3214 1082 3243 &
1101 3215 1120 3244 f.
1144 3214 1242 3249 Nares,

114 3249 169 3280 five
180 3250 295 3280 Narium
308 3257 408 3281 tumor.
431 3253 531 3288 Juven.
545 3263 555 3282 1
564 3263 587 3282 ι.
598 3253 655 3282 Sat.
668 3255 730 3287 ¹⁶4·

207 3289 249 3318 Ad
261 3295 363 3319 terrani
376 3290 495 3320 tremulo
505 3290 681 3320 descendunt
690 3290 773 3320 clune
784 3289 893 3328 puellae.
976 3288 1063 3319 Plaut.
1075 3289 1180 3326 Fragm.
1188 3299 1244 3318 i.2.

209 3327 292 3363 Quasi
301 3327 383 3365 lupus
395 3329 429 3357 ab
441 3329 522 3358 armis
533 3329 612 3358 valeo
627 3338 633 3358 :
656 3328 754 3357 clunes
766 3329 898 3357 infractos
913 3328 981 3357 fero.
995 3327 1027 3357 V.
1037 3327 1105 3357 Fest.
1120 3329 1150 3357 in
1162 3337 1241 3359 voce.

116 3362 225 3402 ligitare
238 3364 360 3395 clunem.
382 3366 482 3402 Juven.
495 3376 523 3396 2.
537 3366 593 3397 Sat.
606 3376 652 3396 21.
672 3367 707 3395 de
716 3366 843 3395 Cincedo.

59 3413 60 3416 ¹
89 3423 93 3425 >
116 3400 291 3432 Desiliuntin
303 3404 400 3433 clunes
410 3411 558 3434 extremas.
582 3404 650 3434 Plin.
663 3404 712 3434 lib.
723 3410 748 3438 8.
761 3414 821 3442 cap.
835 3409 862 3438 8.

115 3439 225 3470 Radere
240 3441 325 3471 clune
339 3442 426 3472 nudo.
448 3442 623 3472 Martial.lib.
642 3452 686 3472 n.
699 3452 761 3472 ποι.

197 3478 268 3515 Quae
278 3480 362 3510 clune
372 3481 450 3510 nudo
461 3481 556 3516 radat,
582 3482 636 3511 &c.
730 3480 773 3510 De
791 3480 881 3509 amica
899 3479 1023 3516 loquitur
1034 3478 1153 3508 nimium
1164 3479 1242 3510 exili.

83 3513 128 3544 CL
138 3525 156 3544 u
166 3525 186 3545 N
197 3527 206 3545 i
216 3527 233 3546 c
244 3520 260 3546 ῡ
270 3528 286 3546 L
296 3527 354 3551 us,
374 3519 393 3547 i.
412 3527 451 3548 m.
473 3519 572 3549 dimin.
594 3517 723 3555 [πόνον]
744 3518 816 3547 Gell.
828 3518 877 3547 lib.
894 3527 935 3553 15.
955 3527 1016 3554 cap.
1030 3522 1056 3550 8.
1080 3517 1243 3547 Ceterarum

64 3642 65 3647 ¹
84 3627 157 3658 Ctu
170 3639 215 3659 Nu
227 3641 239 3660 s
253 3654 260 3666 ,
282 3642 296 3660 a
309 3653 317 3667 ‚
339 3643 394 3661 um.
418 3633 490 3670 quali
503 3630 658 3667 Clunatus3
683 3640 714 3661 ut
729 3654 737 3667 ,
759 3632 856 3661 Clunae
873 3631 962 3660 simiae.

62 3565 64 3575 ἰ
118 3554 209 3583 avium
230 3561 314 3592 atque
325 3556 461 3593 altilium,
482 3557 532 3586 nisi
546 3563 655 3586 tantum
671 3563 846 3594 apponatur,
868 3562 899 3584 ut
916 3565 932 3584 a
947 3555 1097 3584 cluniculis
1111 3556 1243 3585 inferiore

119 3600 196 3628 parte
207 3592 288 3623 saturi
300 3594 368 3623 fiant
378 3616 385 3629 ‚
407 3595 568 3625 convivium
580 3602 679 3629 putant
688 3595 786 3632 inopia
797 3593 917 3622 sordere.

1008 3629 1112 3659 Clunas
1123 3651 1131 3664 ‚
1152 3641 1167 3660 a
1178 3630 1244 3660 Clu-

117 3667 201 3710 nibus
212 3669 283 3698 tritis
293 3669 382 3714 simias
394 3671 481 3700 dietas
492 3671 659 3701 existimant.
691 3670 792 3700 Festus.
830 3669 863 3699 Iri
877 3667 960 3698 Gioff.
977 3667 1142 3698 substantive
1154 3668 1244 3699 Cluna

83 3705 506 3783 θῐῖιθὴΝυὲἑιῗεεῗᾶὲίἰὲιὲὲεὲἕὶῖ
527 3707 878 3783 ἱξὲἳῐξῐιιξπὲἐρ.ἵ”9.ῑᾶἰέῗιῖ
886 3705 1031 3773 Dcigfirarilzii
1048 3706 1149 3780 F{1}.ed
1167 3745 1242 3774 varie

118 3779 225 3818 legitur.
249 3782 309 3812 Mis.
328 3783 454 3815 Duriaria.
475 3795 511 3814 an
531 3784 733 3815 Duodenaria?
762 3783 793 3812 V.
817 3783 908 3812 Burin.
1063 3819 1069 3825 .

83 3815 291 3854 CLUNiriziz,
314 3822 376 3858 eta,
398 3824 486 3852 erum.
508 3829 555 3858 ut,
578 3822 713 3852 Dorfifera
735 3823 761 3851 St
784 3820 923 3850 clunifera
943 3818 1039 3849 mula:
1062 3829 1092 3848 in
1111 3818 1241 3858 Epitaph.

120 3856 200 3886 mulae
222 3857 247 3887 P.
264 3857 356 3888 Crassi.
385 3859 415 3889 V.
436 3860 537 3891 Ferret.
550 3859 622 3890 Mus.
634 3860 731 3898 Lapid.
745 3869 772 3897 p.
786 3868 849 3896 344.

70 3891 204 3931 iCtuo,
234 3895 266 3924 V.
290 3906 421 3926 esurio.

70 3929 217 3968 ictuum,
238 3943 298 3965 Guae
319 3936 343 3962 ὃ(
359 3934 507 3965 Ctiri’izA
526 3936 644 3968 dicitur,
665 3935 813 3973 Oppidum
836 3933 931 3962 Africa?
951 3932 1084 3966 minoris,
1109 3942 1170 3970 quae
1190 3933 1246 3962 alio

0 3964 27 4022 ‘ii'
71 3981 73 4019 y
118 3970 232 4000 nomine
247 3970 400 4010 Zeugitana
413 3975 558 4011 provincia
572 3975 684 4004 dicitur.
726 3971 893 4003 Hermolaus
911 3970 1046 4009 Clypeam
1065 3972 1092 4001 δι
1115 3970 1246 4009 Aspidem

161 4006 241 4038 Voi..
281 4009 301 4039 l.

1694 150 1972 187 CLY
2389 166 2457 202 547

1326 231 1400 260 idem
1411 231 1548 269 oppidum
1560 231 1614 261 csse
1626 233 1788 262 annotavit:
1812 234 1858 262 cui
1879 234 1903 263 S.-
1913 233 2026 263 Solinus
2036 235 2148 265 accedit
2159 257 2167 270 ,
2191 237 2217 265 ἃ
2230 235 2289 265 Silii
2303 236 2394 267 versus
2406 238 2460 267 suf-

1327 270 1444 306 fragatur
1457 270 1505 298 lib.
1520 279 1543 304 3.
1561 281 1624 305 2⁴4·

1410 307 1440 335 ln
1453 308 1544 343 clypei
1556 308 1676 346 speciem
1690 309 1809 338 curvatis
1820 308 1941 338 turribus
1952 308 2038 346 Aspis.

1327 344 1433 381 inpta.
1475 346 1617 374 Olivarius
1627 347 1654 375 in
1666 346 1779 376 melam.

1291 380 1313 409 C
1325 392 1340 409 L
1351 391 1367 409 u
1380 391 1393 408 ν
1405 392 1417 409 iz
1426 392 1443 410 A
1457 404 1465 415 ,
1488 382 1636 412 Pisciculus
1651 385 1696 417 qui
1709 393 1808 413 venam
1828 384 1968 421 quandam
1980 385 2080 422 thynni
2093 385 2119 413 iri
2132 385 2257 415 faucibus
2269 386 2337 416 mira
2349 387 2460 425 cupidi.

1329 428 1363 446 ne
1374 427 1510 456 appetens
1520 443 1527 454 ,
1552 421 1640 457 ipsum
1653 422 1792 459 thynnum
1803 423 1952 451 exanimat.
1977 422 2045 452 Plin.
2059 422 2106 452 lib.
2119 433 2144 458 9.
2162 434 2191 452 ca
2216 446 2222 453 .
2242 434 2282 456 ις.

1292 455 1314 484 C
1324 467 1338 484 1.
1350 459 1366 483 ῦ
1377 466 1388 484 s
1400 467 1406 483 r
1419 467 1435 485 i:
1447 469 1465 485 M
1476 480 1483 489 ,
1505 460 1519 491 Γ
1532 460 1658 494 {Qua-ior]
1685 460 1833 498 Oppidum
1844 460 1882 489 est
1894 460 2131 490 mediterraneum
2143 461 2173 490 in
2191 434 2291 491 'fuscia
2304 483 2312 497 ‚
2334 461 2382 491 sub
2400 471 2456 499 quo

1324 492 1448 529 sepultus
1458 496 1495 524 est
1510 495 1631 525 Porsena.
1658 497 1724 526 Plin.
1739 498 1784 526 lib.
1799 501 1842 533 36.
1859 506 1920 533 cap.
1941 508 1982 534 ιζ.
2025 499 2097 528 Hinc

1291 529 1314 559 C
1324 540 1366 574 ¹¹3³
1377 540 1389 559 s
1400 535 1440 559 ῙΝ
1449 543 1466 560 υ
1477 543 1488 561 s
1498 555 1506 566 .
1528 534 1589 569 Adj.
1611 535 1783 570 [κλκσῖνῷυ]
1805 542 1835 564 ut
1848 557 1856 569 ,
1877 535 2018 565 Clusinum
2027 537 2134 570 vulgus.
2156 536 2203 566 Sil.
2221 536 2269 566 lib.
2278 543 2304 571 8.
2320 543 2384 571 ⁴80·

1332 568 1381 597 sar
1395 569 1535 599 Clusinum
1547 593 1555 604 ,
1577 572 1677 601 Adorei
1689 594 1697 607 ,
1720 573 1771 602 five
1783 574 1859 602 farris
1868 583 1955 610 genus
1969 575 2007 603 est
2018 575 2173 604 candidius.
2215 575 2352 604 Columel.
2367 575 2415 605 lib.
2431 585 2457 606 2.

1331 615 1391 643 cap.
1402 610 1428 635 6.
1453 609 1551 637 Adorei
1564 616 1659 638 autem
1675 610 1796 640 vidimus
1815 611 1843 639 in
1867 610 1915 640 usu
1937 611 2101 649 plerumque
2121 622 2221 648 genera
2241 621 2374 650 quatuor:
2399 614 2458 648 far,

1332 644 1408 679 quod
1421 645 1578 682 appellatur
1592 647 1733 676 Clusinum
1750 671 1757 681 .
1778 648 1908 678 candoris
1921 650 2020 678 nitidi:
2042 651 2081 679 far
2100 651 2176 687 quod
2195 659 2311 680 vocatur
2323 652 2459 680 vermicu-

1333 680 1391 724 lum
1401 703 1408 716 ‚
1431 683 1544 722 rutilum
1556 706 1565 719 ‚
1586 692 1667 721 atque
1679 684 1796 715 alterum
1806 687 1976 717 candidum:
1999 687 2045 717 sed
2060 695 2208 725 utrumque
2223 689 2334 725 majoris
2352 690 2460 727 ponde-

1333 728 1370 747 ris
1381 729 1460 755 quam
1475 721 1615 751 Clusinum
1627 744 1634 756 ,
1650 724 1702 752 ἃς.

1334 755 1435 786 Fontes
1447 758 1559 788 Clusini.
1584 760 1649 789 Hor.
1670 771 1691 788 i.
1709 761 1789 798 Epist.
1811 771 1851 797 ¹4·
1865 772 1892 797 9.

1426 795 1482 831 Qui
1495 803 1580 834 caput
1593 819 1600 829 .
1623 799 1648 826 8:
1660 798 1832 827 stomachum
1847 799 2003 837 supponere
2014 800 2136 831 fontibus
2151 801 2256 832 audent

1427 832 1544 864 Clusinis
1555 856 1563 870 ‚
1587 835 1741 873 Gabiosque
1752 843 1868 873 petunt,
1889 839 1916 867 δι
1929 839 2113 876 frigidarum.

1333 868 1397 898 Oi'ae
1413 869 1539 901 Clufinre.
1562 872 1635 910 Virg.
1654 882 1695 902 ιο.
1709 874 1769 903 ΙΕη.
1780 879 1844 907 όςς.

1332 906 1419 936 Pecus
1429 908 1570 939 Clusinum
1582 932 1590 946 ‚
1611 911 1686 947 apud
1702 911 1786 940 Plaut.
1799 912 1885 941 Truc.
1900 921 1925 941 2.
1939 922 1965 942 α.
1982 924 2024 949 ¹4-
2060 915 2087 943 in
2108 924 2163 951 quo
2185 915 2263 949 iocus
2282 916 2319 944 est
2335 916 2368 945 ah
2391 917 2461 948 urbe

1352 944 1443 974 Clufio
1452 968 1460 979 ,
1482 947 1530 976 ubi
1541 958 1598 977 non
1609 949 1763 979 admodum
1774 951 1882 987 egregia
1893 959 1971 979 erant
1982 953 2089 981 lortaile
2103 963 2204 990 pecora
2214 975 2222 987 ,
2245 955 2269 982 8(
2280 964 2314 982 eir
2326 955 2462 991 ambigui-

1350 987 1408 1012 tate
1419 983 1604 1015 acludendo:
1629 986 1797 1016 clauduntur
1805 989 1881 1017 enim
1894 989 2077 1019 meretricula:
2092 1000 2152 1027 quie
2164 990 2234 1020 clam
2256 992 2393 1021 hahentur
2404 1015 2411 1027 ,
2435 995 2461 1022 δῖ

1350 1030 1454 1058 pecora
1468 1024 1603 1053 morbida.
1643 1025 1709 1054 Non
1719 1025 1817 1054 desunt
1828 1027 1874 1062 qui
1887 1026 2033 1056 Clurinuin
2052 1028 2146 1064 legant
2156 1051 2163 1060 .
2187 1028 2231 1057 alii
2247 1029 2373 1058 Larinum
2383 1053 2390 1063 ,
2415 1031 2461 1059 alii

1351 1057 1510 1090 AElurinum
1520 1083 1528 1097 ,
1550 1062 1578 1090 id
1590 1062 1628 1091 est
1639 1063 1757 1092 felinum
1769 1073 1855 1100 pecus
1869 1086 1877 1095 .
1898 1073 1913 1092 a
1923 1064 2021 1094 felium
2032 1067 2225 1103 turpitudine:
2249 1069 2332 1096 etiam
2344 1069 2462 1104 quidam

1353 1095 1485 1127 Lurinum
1497 1121 1504 1133 ,
1526 1100 1555 1128 id
1565 1100 1603 1129 est
1613 1101 1782 1131 coriaccum.
1814 1101 1855 1130 Ex
1864 1101 2008 1133 Turnebo.

1333 1133 1399 1163 Uva:
1411 1135 1536 1166 Clusinae.
1562 1138 1630 1168 Plin.
1651 1149 1692 1170 14.
1713 1148 1738 1174 3.

1294 1170 1319 1200 C
1328 1183 1344 1199 L
1354 1182 1372 1200 u
1382 1182 1393 1201 s
1402 1184 1411 1201 1
1420 1184 1437 1202 v
1446 1185 1455 1203 i
1467 1184 1505 1204 us
1521 1175 1613 1205 dit‘tus
1623 1177 1661 1206 est
1669 1176 1754 1212 janus
1764 1199 1772 1212 ,
1795 1177 1871 1215 quod
1881 1178 1910 1207 in
1922 1188 2001 1215 pace.
2023 1178 2122 1216 templi
2131 1180 2191 1215 ejus
2202 1186 2287 1217 portae
2297 1181 2463 1211 clauderen-

1334 1216 1386 1240 tur.
1418 1211 1450 1241 V.
1474 1213 1598 1243 Macrob.
1623 1215 1732 1244 Saturn.
1748 1225 1769 1244 i.
1782 1226 1807 1251 9.
1832 1217 1858 1245 ἀ
1876 1216 1949 1246 Serv.
1966 1217 2072 1246 Daniel.
2091 1218 2118 1246 in
2138 1227 2162 1254 7.
2181 1219 2318 1248 AEn.610.
2342 1221 2416 1250 unde
2436 1222 2464 1251 «Sc

1333 1249 1506 1323 ῗξὲξῖῗέίά.
1520 1261 1544 1281 1.
1559 1252 1627 1282 Fast.
1640 1262 1701 1289 ¹30·
1724 1252 1852 1284 Clusvius
1866 1264 1917 1292 pro
1928 1254 2033 1285 Clusius
2048 1255 2201 1292 legendum
2215 1256 2257 1286 lll.
2277 1257 2404 1288 Heinsius
2422 1258 2465 1290 su-

1295 1322 1318 1353 C
1329 1334 1345 1351 i.
1356 1334 1375 1353 u
1384 1334 1396 1354 s
1408 1336 1443 1354 ru
1455 1336 1485 1361 s,
1506 1326 1538 1356 V.
1561 1327 1629 1357 dist.
1641 1328 1761 1366 praeced.

1336 1361 1442 1393 Clusios
1461 1364 1533 1394 Galli
1551 1367 1701 1396 nominant
1716 1367 1864 1396 Da‘mones
1885 1366 2041 1434 {juosdamz
2062 1378 2132 1406 quos
2152 1369 2282 1398 nonnulli
2308 1370 2466 1402 existimant

1895 1416 1902 1434 l

1295 1436 1318 1466 C
1352 1401 1462 1438 spiritus
1473 1402 1527 1469 esi}
1538 1403 1679 1434 elemento
1692 1406 1766 1434 aerio
1778 1415 1881 1443 compo
1905 1407 2063 1436 tos.Perott.
2077 1406 2119 1437 Al.
2132 1406 2239 1438 Dusios.
2256 1408 2284 1438 V.
2298 1418 2463 1441 traiani-rs.

1327 1448 1465 1476 Lusus,
1525 1452 1628 1471 .CLU
1642 1453 1697 1472 1³0.

1296 1474 1563 1508 Cr.USTUM1NA
1582 1479 1703 1515 Tribus,
1735 1480 1767 1510 V.
1790 1490 1939 1511 Tarsus.

1297 1512 1320 1542 C
1331 1524 1346 1541 1.
1359 1525 1376 1543 u
1387 1525 1399 1544 s
1409 1526 1426 1544 u
1435 1526 1451 1544 r.
1461 1527 1469 1545 i
1479 1527 1503 1545 At
1514 1538 1522 1552 ‚
1543 1517 1588 1548 vel
1608 1518 1631 1547 C
1641 1529 1656 1547 t
1666 1529 1684 1547 u
1695 1528 1706 1548 s
1717 1528 1735 1547 υ
1744 1528 1760 1547 R
1770 1530 1794 1548 ,ιη
1806 1541 1815 1555 ,
1835 1529 1924 1550 arum.
1943 1520 1963 1550 f.
1981 1521 2159 1558 appellantur
2172 1521 2205 1550 ab
2215 1521 2307 1559 lmpp.
2329 1521 2467 1554 Custodiae

1333 1551 1476 1587 limitum,
1497 1556 1542 1590 Sc,
1564 1561 1596 1585 ut
1610 1556 1709 1586 Suidas
1726 1557 1924 1593 interpretatur
1937 1580 1945 1591 ,
1978 1558 2132 1594 ὀχυράιμτω
2154 1560 2200 1585 πζῖν
2224 1555 2370 1595 ΆῘφ-ῗιὶσεων.
2407 1561 2423 1590 l.
2437 1571 2465 1591 2.

1333 1593 1354 1630 §.
1374 1592 1403 1620 in
1415 1592 1558 1622 Sardiniae.
1581 1593 1613 1624 C.
1627 1594 1663 1623 de
1673 1594 1722 1624 off.
1736 1596 1812 1632 prfef.
1833 1601 1911 1632 praet.
1929 1595 1981 1626 Afr.
2005 1596 2021 1626 l.
2039 1608 2065 1631 4.
2085 1596 2117 1626 C.
2135 1596 2170 1625 de
2182 1596 2255 1626 offic.
2275 1608 2347 1635 mag.
2367 1598 2417 1629 off.
2440 1600 2469 1630 Sc

1332 1631 1350 1660 l.
1364 1629 1414 1659 ult.
1438 1630 1469 1660 C.
1486 1631 1522 1661 de
1532 1630 1581 1661 off.
1595 1641 1667 1669 mag.
1679 1632 1761 1662 milit.
1784 1633 1816 1663 In
1826 1632 1989 1671 quibusdam
2000 1634 2101 1672 legitur
2114 1634 2314 1671 Claufurarum.

1296 1669 1372 1699 Ctu
1383 1678 1445 1698 vu
1455 1690 1464 1705 ,
1485 1679 1516 1697 Ξ.
1541 1669 1561 1699 f.
1585 1669 1742 1700 Praelidium
1754 1670 1835 1702 Rom.
1849 1672 1879 1700 in
1889 1672 2014 1702 Samnio.
2050 1672 2081 1703 V.
2103 1672 2163 1702 Liv.
2176 1683 2201 1709 9.
2214 1682 2258 1710 31.

1749 1728 1779 1762 C
1875 1727 1903 1761 L
1997 1725 2031 1760 Y

1297 1777 1321 1806 C
1330 1788 1346 1805 L
1355 1786 1374 1805 Y
1383 1787 1398 1805 s
1411 1785 1429 1805 A
1438 1785 1473 1805 '1¹1
1481 1785 1504 1812 s,
1515 1775 1581 1807 idis.
1594 1776 1614 1806 f.
1627 1775 1720 1806 Herba
1728 1775 1885 1812 perdicalis.
1900 1774 1980 1812 Apul.
1993 1774 2028 1803 de
2042 1773 2126 1804 Herb.
2144 1783 2175 1803 ca
2199 1797 2205 1802 .
2221 1778 2267 1817 8¹·
2280 1773 2372 1804 Diosc.
2383 1784 2407 1808 4.
2420 1777 2466 1808 86.

1297 1815 1320 1845 C
1330 1826 1345 1843 L
1354 1815 1371 1843 ἱ*
1382 1826 1403 1843 M
1415 1816 1430 1843 Ξ
1440 1824 1461 1843 Ν
1470 1823 1485 1843 s
1494 1836 1502 1849 ,
1525 1810 1681 1850 [Κλυκὶὶῄη]
1703 1814 1811 1843 Oceani
1830 1815 1856 1843 St
1867 1813 1993 1850 Thetyos
2004 1812 2059 1841 filia
2069 1834 2077 1848 ,
2100 1812 2166 1841 teste
2208 1812 2302 1842 eliodo
2325 1814 2356 1841 in
2375 1812 2470 1842 Theo.

1335 1853 1420 1890 gonia
1436 1862 1461 1881 ν.
1475 1861 1506 1888 35
1516 1862 1537 1881 i.
1555 1853 1590 1881 de
1604 1862 1658 1889 qua
1669 1851 1741 1889 Virg.
1756 1862 1782 1886 4.
1800 1851 1899 1889 Georg.
1913 1860 1980 1895 μς.

1417 1890 1492 1919 lnter
1501 1900 1568 1926 quas
1582 1889 1718 1927 Clymene
1727 1899 1821 1919 curam
1838 1889 1963 1918 narrabat
1973 1897 2094 1917 inanem.

1335 1928 1455 1965 Fuitque
1465 1937 1552 1958 mater
1561 1921 1758 1963 Phaethoritis,
1779 1934 1810 1957 ut
1818 1927 1911 1957 scribit
1923 1926 2008 1956 Ovid.
2030 1936 2052 1954 ι.
2074 1925 2144 1955 Met.
2158 1928 2222 1962 765.

1335 1966 1426 1996 Altera
1436 1967 1621 1996 suitministra
1633 1966 1766 2001 Helenae,
1789 1966 1898 1995 decoris
1915 1964 2004 1994 oculis
2016 1965 2133 2002 praedita
2145 1986 2152 1999 ‚
2175 1970 2207 1993 ut
2224 1963 2261 1993 est
2273 1964 2348 2002 apud
2365 1964 2471 1995 Home-

1357 2014 1419 2033 rum
1431 2004 1509 2034 Iliad.
1542 2027 1548 2033 .

1299 2042 1322 2073 C
1331 2052 1374 2071 ω(
1385 2054 1405 2071 M
1415 2052 1428 2070 a
1437 2052 1454 2071 N
1463 2045 1479 2071 Ξ
1488 2053 1495 2070 i
1505 2013 1537 2076 s}
1556 2042 1620 2071 rdis.
1642 2038 1825 2077 [Κλυμῖμηὶτ]
1847 2047 2009 2084 ρειῑτοηγιῃ..
2400 2077 2405 2083 ·

1336 2080 1535 2117 Clymeneides
1546 2102 1553 2114 ,
1575 2085 1709 2109 vocantur
1719 2080 1832 2110 Sorores
1842 2078 2035 2113 Phaethontis,
2057 2088 2072 2107 a
2087 2083 2174 2107 matre
2185 2077 2322 2115 Clymene
2333 2078 2367 2107 lic
2378 2077 2469 2108 diftae.

1354 2118 1441 2149 Ovid.
1457 2118 1492 2146 ad
1509 2117 1569 2147 Liv.
1588 2127 1650 2147 ιιι.

1417 2156 1464 2186 Sic
1475 2156 1554 2185 flevit
1563 2156 1699 2193 Clymene
1712 2177 1720 2189 ‚
1742 2155 1778 2184 fic
1789 2156 1814 2185 ἂ
1831 2154 2030 2187 Clvmeneides
2040 2153 2103 2183 altae
2113 2176 2121 2189 ,
2143 2155 2196 2183 διε.

1358 2194 1423 2232 quia
1437 2194 1466 2222 in
1480 2194 1600 2232 populos
1613 2194 1724 2223 arbores
1736 2200 1848 2222 mutatae
1861 2193 1983 2223 fuerunt.

1299 2232 1324 2264 C
1335 2243 1409 2261 LYM
1419 2242 1432 2261 r.
1442 2235 1486 2261 ΝΞ
1496 2242 1532 2261 us
1543 2254 1552 2267 ,
1574 2232 1635 2268 Adj.
1657 2227 1865 2267 [KAwSlaeietQQ
1887 2238 1935 2266 ut,
1957 2230 2088 2260 Germina
2109 2229 2271 2267 Clymenea.
2304 2230 2322 2258 i.
2335 2239 2360 2258 e.
2382 2229 2472 2268 Popu-

1337 2270 1430 2300 lorum
1442 2270 1575 2307 germina.
1597 2269 1665 2300 Stat.
1683 2279 1707 2299 1.
1720 2269 1785 2299 Silv.
1799 2279 1825 2299 2.
1841 2278 1902 2304 123.
1961 2284 1999 2288 —-
2009 2269 2195 2305 queriturjam
2204 2268 2282 2298 Seras
2293 2277 2391 2297 avaros

1433 2308 1585 2346 Augustum
1597 2307 1715 2346 spoliare
1730 2317 1838 2337 nemus.
1883 2306 2093 2344 Clymeneaque
2103 2306 2195 2335 deesse

1433 2346 1566 2377 Germina
1575 2368 1583 2383 ,
1606 2355 1659 2375 nec
1675 2346 1776 2375 virides
1788 2345 1850 2374 satis
1860 2345 2036 2382 illacrymare
2045 2344 2162 2374 sorores.

1299 2384 1323 2416 G
1334 2393 1407 2414 LYM
1417 2394 1431 2413 Ε
1441 2385 1552 2414 Νῑῑῖυε
1563 2406 1572 2420 ,
1596 2384 1655 2420 Adj.
1677 2383 1755 2412 aliud
1768 2405 1776 2418 ,
1799 2379 2007 2419 [Κλυμῖμνιέιῷ]
2029 2390 2079 2418 ut,
2101 2381 2194 2412 Proles
2212 2380 2393 2418 Clymeneia,
2414 2382 2434 2413 i.
2445 2392 2471 2412 e.

1337 2422 1493 2452 Phaethon.
1516 2422 1602 2452 Ovid.
1615 2432 1641 2452 2.
1656 2422 1724 2451 Met.
1744 2431 1786 2456 ¹9-

1300 2460 1323 2491 C
1334 2472 1350 2489 L
1360 2470 1409 2489 YM
1419 2462 1435 2490 Ξ
1446 2470 1464 2489 N
1474 2470 1513 2490 os
1528 2482 1536 2495 ,
1558 2461 1612 2490 live
1632 2460 1653 2489 C
1663 2469 1705 2488 ιγ
1716 2470 1735 2488 M
1747 2459 1761 2488 ἔ
1771 2467 1791 2488 Ν
1801 2468 1819 2487 u
1830 2469 1852 2487 M
1863 2479 1872 2493 ,
1892 2456 2054 2494 [κλόμῖμον]
2075 2457 2168 2487 Herba
2179 2457 2218 2486 est
2228 2457 2300 2486 fabae
2311 2457 2419 2486 caulem
2432 2458 2472 2487 fe.

1338 2508 1419 2535 rens,
1441 2499 1616 2535 quadratum,
1638 2497 1706 2526 folia
1717 2496 1895 2535 plantaginis,
1918 2496 2050 2525 folliculis
2059 2495 2139 2533 supra
2149 2495 2258 2525 caulem
2269 2495 2299 2524 in
2311 2495 2337 2524 se
2349 2496 2470 2532 inflexis,

1337 2537 1410 2566 utin
1420 2537 1590 2574 polyporum
1602 2536 1716 2566 cirrhis:
1739 2535 1777 2563 ita
1788 2534 1864 2564 dicta
1879 2544 1895 2563 a
1916 2534 2053 2572 Clymeno
2074 2544 2157 2571 rege,
2177 2534 2245 2563 teste
2264 2534 2330 2563 l’lin.
2354 2534 2403 2562 lib.
2423 2545 2471 2569 25.

1339 2584 1392 2612 cap
1423 2584 1449 2612 7.
1509 2574 1616 2612 Vulgus
1636 2574 1722 2603 hodie
1742 2573 1845 2611 partim
1863 2574 1981 2609 Cypriam
1993 2594 2001 2608 ‚
2037 2573 2140 2610 partim
2170 2573 2313 2608 Saponalem
2339 2571 2472 2610 appellat.

1340 2612 1432 2642 Diosc.
1466 2635 1472 2641 .
1487 2621 1498 2641 1
1526 2634 1532 2642 .

1300 2650 1323 2680 C
1332 2662 1347 2679 L
1356 2660 1375 2680 Y
1385 2662 1406 2679 M
1418 2622 1488 2679 ago
1497 2623 1527 2684 54,
1550 2645 1728 2686 [Κλύμῖμθ]
1751 2649 1877 2678 Plutonis
1898 2654 2121 2685 cognomentum
2142 2647 2180 2677 est
2191 2670 2199 2682 ,
2223 2648 2286 2684 quia
2306 2647 2338 2677 fit
2356 2647 2434 2676 causa
2452 2643 2476 2675 Ξ

1339 2690 1428 2716 κλύειν.
1453 2689 1523 2717 ἱξὶιις
1534 2688 1611 2717 enim
1620 2697 1665 2716 aer
1675 2697 1731 2716 vox
1741 2688 1787 2716 est.
1827 2688 1877 2716 Aer
1898 2693 1993 2716 autern
2008 2687 2055 2723 qui
2070 2687 2178 2716 animas
2194 2687 2317 2724 excipit,
2340 2682 2397 2713 ἀδὶκ
2417 2681 2474 2721 213)

1338 2729 1366 2753 τὸ
1382 2722 1459 2752 ἀειδὲς
1468 2748 1475 2760 ,
1498 2735 1533 2756 ex
1546 2725 1720 2754 obscuritatis
1732 2726 1840 2754 ratione
1850 2725 1885 2754 ab
1898 2723 2037 2760 aliquibus
2048 2724 2139 2754 dit‘tus
2149 2724 2196 2753 est.
2238 2724 2340 2753 Auctor
2350 2723 2474 2753 Phurnu.

1338 2771 1392 2794 tus.
1434 2763 1515 2793 Lasus
1524 2763 1734 2794 Hermionenfis
1749 2770 1834 2802 poeta
1848 2763 1877 2792 in
1888 2762 2029 2801 principio
2050 2763 2168 2800 hymni,
2188 2771 2271 2799 quem
2294 2762 2324 2790 in
2343 2761 2473 2792 Cererem

1340 2802 1550 2875 compggptiiitigao
1559 2838 1663 2875 μέλπω,
1687 2836 1762 2875 219¹&ss
1779 2850 1804 2865 τε
1824 2833 1960 2873 κλυομῖμῖαω
1975 2837 2066 2874 ἄλοχον,
2162 2837 2190 2866 h.
2203 2846 2227 2866 e,
2251 2837 2379 2866 Cererem
2389 2846 2471 2873 cano,

1338 2878 1587 2916 Proserpinamque
1599 2877 1723 2907 Plutonis
1734 2877 1895 2914 conjugem.
1931 2876 2030 2912 [Extat
2043 2875 2118 2912 apud
2127 2875 2225 2905 Athen.
2238 2875 2473 2919 lib.10.Scrii>en.

1342 2917 1411 2946 dum
1422 2926 1504 2946 vero:
1543 2931 1580 2936 —-
1590 2915 1673 2950 Κῶρᾳν
1692 2916 1716 2941 τ’
1733 2914 1814 2952 ἄλοχον
1827 2915 1963 2948 Κλυμένειο.
2005 2914 2048 2943 Est
2058 2914 2132 2942 enim
2145 2923 2172 2942 v.
2188 2913 2358 2942 hexameter.
2370 2912 2471 2950 Miror,

1340 2954 1359 2983 fi
1370 2964 1427 2983 non
1436 2954 1587 2992 occupavit
1597 2953 1710 2983 Casaub.
1722 2954 1801 2989 cujus
1810 2953 1879 2982 edit.
1891 2962 1949 2981 non
1958 2952 2012 2982 fuit
2022 2952 2053 2982 in
2064 2951 2207 2990 praesentia
2214 2951 2249 2980 ad
2259 2960 2368 2980 manus.

1302 2992 1472 3027 mem,
1495 2990 1698 3028 [Kavm'ae]V.
1723 3001 1878 3020 eLUPuA.
2052 3024 2057 3033 Ἴ
2399 3026 2425 3032 .-

1301 3030 1474 3060 CLYrizus
1486 3052 1495 3065 ,
1516 3030 1534 3058 i.
1557 3039 1595 3059 m.
1615 3030 1642 3059 &
1663 3029 1842 3058 CLYpriUM
1854 3050 1861 3062 ,
1883 3028 1902 3058 i.
1926 3037 1953 3057 n.
1976 3028 2093 3064 [dcx-1⁷21]
2123 3026 2226 3056 dicitur
2248 3025 2282 3056 Id
2296 3035 2352 3063 quo
2366 3026 2472 3057 milites

1338 3074 1438 3107 tegunt
1452 3077 1554 3105 corpus
1564 3066 1692 3097 adversus
1702 3068 1782 3097 i6tus.
1805 3067 1914 3103 Virg.7.
1927 3066 1991 3096 AEn.
2004 3068 2065 3097 126.
2162 3101 2168 3107 .
2339 3101 2346 3108 ι

1433 3106 1494 3136 Nec
1510 3105 1622 3143 clypei,
1644 3105 1772 3135 currusve
1792 3104 1900 3134 sonant.
2014 3103 2070 3132 Ubi
2092 3102 2224 3147 Sentius-3
2247 3101 2365 3145 Clyper,
2385 3102 2471 3132 Scuta

1338 3145 1461 3181 majora:
1484 3144 1552 3173 dic‘ii
1572 3143 1606 3173 ab
1624 3153 1657 3173 eo
1698 3144 1754 3172 uod
1772 3143 1865 3172 celent
1885 3151 2002 3178 corpus,
2026 3141 2053 3170 id
2072 3141 2110 3169 est
2127 3145 2173 3166 >m
2194 3137 2214 3167 ff
2231 3146 2348 3168 xum-inv.
2390 3140 2471 3170 idem

1337 3183 1449 3251 {grvius
1470 3181 1525 3211 alio
1547 3181 1629 3218 loco,
1660 3154 1776 3220 clypei,
1797 3181 1927 3219 peditum
1949 3179 2030 3209 sunt:
2063 3179 2148 3208 Scuta
2158 3199 2167 3213 ‚
2188 3179 2324 3215 equitum.
2347 3178 2418 3215 Virg.
2438 3187 2466 3209 ².

1376 3224 1431 3250 n.6
1457 3229 1480 3250 ι.

1435 3229 1569 3288 {inientes
1586 3257 1701 3295 clypeos
1711 3263 1793 3294 atque
1806 3266 1854 3285 ora
1865 3255 1997 3285 micantia
2009 3264 2103 3283 cerno.

1338 3296 1479 3326 Scribit&
1488 3295 1618 3333 Virgilius
1630 3295 1766 3333 Clypeuin
1781 3296 1809 3323 in
1818 3300 1926 3323 neutro.
1949 3293 1996 3322 Sic
2008 3302 2034 3327 9.
2047 3292 2108 3321 [En.
2120 3300 2189 3334 709..

1533 3349 1570 3354 —
1582 3333 1915 3371 clypeumfuperintonat
1925 3331 2030 3367 ingens.
2115 3329 2150 3372 Εἰ
2161 3329 2217 3358 Liv.
2232 3337 2276 3365 35.
2291 3338 2335 3359 10.
2362 3329 2470 3368 Clypea

1359 3372 1492 3401 inaurata.
1514 3371 1593 3401 Idem
1612 3381 1653 3406 34.
1669 3381 1711 3406 52.
1734 3371 1839 3408 Clypea
1852 3369 1886 3398 de
1901 3368 2040 3398 columnis
2052 3367 2159 3396 demiit.
2182 3366 2255 3396 conf.
2275 3367 2347 3397 Non.
2365 3378 2446 3404 3.41.

1339 3410 1479 3448 Clypeum
1491 3432 1499 3444 ,
1522 3407 1566 3436 ὶὲιὲ
1587 3405 1612 3436 {5
1630 3413 1731 3441 γλυφαν
1740 3430 1747 3441 ,
1770 3409 1824 3436 hoc
1836 3407 1873 3436 est
1882 3406 2035 3443 sculpendo
2047 3428 2055 3440 ,
2075 3405 2257 3441 caelandoque
2269 3405 2387 3435 deducit
2397 3407 2467 3437 Plin.

1360 3449 1410 3478 li'o.
1424 3458 1468 3485 35.
1483 3458 1542 3486 cap.
1555 3456 1578 3483 3.
1603 3447 1695 3475 Scutis
1707 3447 1782 3475 enim
1804 3445 1936 3482 tiiiquit)
1957 3443 2083 3480 qualibus
2094 3443 2169 3480 apud
2180 3443 2295 3477 Troiam
2315 3452 2470 3481 pugnatum

1359 3487 1414 3520 est,
1436 3485 1655 3515 continebantur
1667 3485 1800 3520 imagines
1811 3505 1819 3517 ,
1841 3482 1916 3512 unde
1927 3483 2064 3511 &nomen
2073 3481 2194 3510 habuere
2203 3480 2388 3519 clypeorum:
2411 3493 2471 3512 non

1361 3525 1414 3560 (ut
1426 3522 1550 3561 perversa
1562 3523 1812 3551 Grammaticorum
1823 3519 1957 3548 subtilitas
1970 3520 2060 3548 voluit
2072 3520 2083 3554 )
2103 3529 2118 3549 a
2129 3519 2260 3548 cluendo.

1359 3561 1666 3592 Immo<hinc¹Scutum
1679 3560 1770 3596 potius
1782 3559 1921 3587 <liceretur
1933 3557 2003 3594 quafi
2014 3558 2214 3594 Scriptnm‚pro
2228 3556 2469 3594 Sculptum.H.St.

1340 3599 1416 3630 Inter
1428 3600 1564 3636 Clypeiim
1577 3600 1603 3627 ἃ
1618 3598 1742 3626 Scutum.
1784 3595 1906 3633 Clypeus
1920 3596 2058 3624 rotundus
2076 3603 2154 3629 erat,
2177 3601 2207 3623 ut
2223 3593 2341 3632 Virgilio
2357 3598 2470 3626 maerore

1361 3633 1479 3673 intelligi
1492 3636 1596 3674 potest,
1615 3635 1661 3670 qui
1674 3634 1864 3672 prr-'grandem
1881 3632 2013 3670 Cyclopis
2024 3633 2140 3662 oculum
2156 3640 2301 3671 comparat
2311 3633 2411 3672 clypeo
2425 3638 2471 3663 ilr-

1361 3677 1470 3714 golico:
1493 3673 1567 3702 oculi
1579 3679 1672 3701 autem
1684 3672 1769 3708 figura
1780 3671 1899 3700 rotunda
1909 3671 1962 3703 est.
1986 3680 2010 3704 3.
2028 3671 2087 3700 siin.
2100 3674 2166 3707 637.

1437 3710 1670 3747 Argoiiciclypei.
1693 3719 1740 3738 :itit
1752 3709 1883 3738 Piioebaeae
1894 3709 2029 3746 lampadis
2043 3709 2131 3737 instar.
2216 3708 2332 3739 Scutum
2344 3732 2351 3745 ‚
2372 3709 2470 3738 fornice

1361 3750 1508 3783 oblongi-e.
1530 3749 1672 3783 majusque
1693 3747 1803 3784 clypeo.
1847 3747 1962 3783 ltaque,
1985 3756 2014 3775 ut
2034 3746 2090 3775 Liv.
2105 3746 2154 3775 lib.
2170 3756 2192 3775 i.
2214 3756 2275 3784 cap.
2288 3758 2333 3783 ης.
2356 3749 2469 3783 inquit,

1361 3780 1477 3819 Scutiiin
1489 3796 1537 3823 pro
1548 3787 1650 3822 clypeo
1667 3784 1793 3813 secunde
1810 3783 1882 3813 clalli
1896 3786 1990 3812 datum
2004 3784 2049 3812 est.
2092 3784 2179 3821 ond
2194 3794 2298 3822 nempe
2318 3785 2373 3814 sine
2384 3786 2470 3813 lorica

1363 3826 1466 3859 esseut.
1489 3831 1519 3853 ut
1529 3823 1636 3852 scutum
1652 3824 1676 3851 S:
1691 3823 1784 3860 clypei
1795 3824 1820 3851 ἃ
1833 3821 1998 3851 loricaeloco
2013 3821 2079 3851 ellet
2091 3845 2099 3858 ,
2122 3824 2148 3852 Sl.
2162 3829 2254 3853 totum
2267 3833 2367 3860 ci'urpus
2380 3829 2471 3860 prote-

1362 3870 1447 3902 geret.
1470 3863 1542 3899 Virg.
1557 3867 1581 3893 8.
1599 3861 1656 3889 ffin.
1670 3865 1733 3889 662.
2405 3898 2410 3902 .

1538 3899 1665 3927 —scutis
1677 3898 1795 3935 proteffiti
1806 3907 1923 3934 corpora
1934 3895 2036 3935 longis.
2119 3897 2194 3928 Hinc
2205 3899 2272 3932 &Elui
2284 3902 2314 3922 [w
2325 3898 2410 3926 Graeci
2424 3906 2472 3926 vo-

1362 3943 1427 3968 carit
1438 3958 1445 3971 ‚
1467 3937 1542 3971 quod
1555 3937 1654 3965 reserat
1665 3936 1774 3965 similitu
1782 3936 1875 3964 dinem
1885 3935 1988 3964 forium
2002 3959 2009 3970 ,
2032 3946 2091 3973 quae
2103 3935 2243 3971 longiores
2262 3945 2345 3972 quam
2361 3935 2472 3964 latiores

1362 3976 1452 4005 solent
1460 3974 1522 4004 effe.
1536 3974 1593 4004 Liv.
1607 3974 1655 4004 lib.
1670 3981 1695 4009 8.
1705 3978 1797 4012 caps.
1810 3973 1922 4041 Cly1{is
1931 3982 2012 4003 antea
2025 3974 2145 4003 Romani
2157 3974 2193 4003 usi
2205 3974 2277 4009 sunt,
2289 3971 2472 4010 deindepost-

1908 4021 1923 4041 Ζ
1935 4021 1951 4041 z
1973 4022 1988 4042 2
2392 4019 2474 4047 quum

2140 310 2224 340 Nunc
2243 311 2326 347 vulgo
2343 319 2458 342 vocatur

2281 2152 2355 2183 Altas
2369 2159 2470 2189 vocat,
