2604 4222
201 49 265 89 176
624 44 651 78 A
747 45 786 79 M
883 42 919 77 O

235 128 330 156 Amare
343 125 412 154 nihil
425 124 498 154 aliud
512 125 558 161 est,
568 125 615 155 nisi
627 135 690 154 eum
702 125 790 162 ipsum
803 124 928 160 diligere.
940 129 1023 159 quem
1037 129 1122 155 (10103,
1132 118 1218 149 'nulla
1229 119 1357 158 indigen·-

255 165 310 197 113.
332 163 406 191 nulla
425 163 543 192 utilitate
556 164 674 200 quaesita.
698 165 756 192 Cic.
774 164 803 191 in
818 163 882 191 Lasl.
898 171 956 189 100.

256 203 352 232 ..Amare
361 201 423 238 plus
437 211 519 237 quam
528 201 648 238 Diligere
659 223 666 235 ,
683 209 714 230 ut
726 203 800 231 φιλὲἱν
812 200 874 237 plus
886 199 932 232 cst,
952 206 1033 233 quam
1045 196 1156 230 τὶραπςῖν.
1188 196 1219 225 V.
1234 196 1264 224 in
1273 195 1354 224 Thes.

259 240 352 268 locum
380 239 474 267 Dionis
490 248 495 267 Ξ
527 250 548 274 νς
566 242 696 270 {dubiove-n
716 235 784 264 ἀντ-ἓν
803 249 833 263 ως
851 234 968 270 ‘nur-229⁵,
988 239 1008 269 »ᾗ
1029 231 1169 267 ἦρα-ἰήνατε
1187 232 1215 259 ὡς
1233 231 1355 268 εωξγζτην,

261 278 295 306 (10
307 276 416 304 Caesare.
441 277 472 305 ll.
491 276 529 304 St.
571 278 585 312 [
602 277 743 305 [labentur
757 285 784 312 p.
800 284 860 310 175.
872 273 916 302 ed.
931 272 976 301 Gr.
992 270 1069 299 Paris.
1087 276 1166 306 1548.
1177 271 1206 299 in
1217 271 1257 300 M.
1275 272 1361 299 Anto-

265 315 304 343 nii
316 315 458 343 Oratione.
482 314 650 343 Haeceadem
661 313 775 343 fortallis
793 312 888 341 Graeco
898 308 1040 339 Thesauro
1054 307 1101 336 suo
1114 309 1253 337 adleverat
1265 330 1273 345 ,
1295 317 1360 337 nam

266 355 292 381 in
306 353 384 389 inipi.
402 362 457 380 000
467 351 604 388 leguntur.

249 391 343 420 Amare
354 399 387 417 ex
402 390 495 418 animo
503 390 630 426 aliquem.
654 388 711 416 Cic.
728 397 751 416 1.

267 437 298 456 ac
314 436 370 456 non
385 426 423 455 sui
435 428 575 455 commodi
585 426 663 455 causa
679 424 814 454 simulent.

250 467 345 495 Amare
356 465 380 493 se
391 465 445 493 sine
462 464 547 493 rivali.
570 464 628 493 Cic.
641 473 665 499 3.
688 463 723 499 Q
742 463 802 491 frat.
815 467 841 496 8.
873 460 899 490 O
912 459 973 496 dii,
995 469 1078 497 quam
1090 460 1216 497 ineptus,
1238 468 1320 496 quain
1335 457 1362 487 se

269 504 325 541 ipse
337 513 431 531 amans
444 504 498 530 line
515 502 610 530 rivali!

250 543 319 571 Amo
330 539 453 577 Phyllida
473 546 536 568 ante
550 539 624 567 alias.
646 538 718 574 Virg.
732 547 755 574 3.
774 536 869 575 Eclog.
884 541 929 572 78.

251 581 330 608 Amat.
342 588 391 607 nos
402 600 410 613 ,
430 578 580 612 charosque
592 577 675 605 habet
690 576 847 613 Pompeius.
879 575 938 603 Cic.
951 583 976 603 2.
990 573 1043 603 Att.
1056 582 1101 603 20.

252 617 390 653 Diligeris,
411 614 559 652 amplecti,
580 623 671 643 amare
692 613 823 651 aliquem.
846 612 905 641 Cic.
922 622 944 640 1.
966 614 1014 640 Att.
1027 617 1051 645 8.

251 655 375 685 Amin-i&
386 653 472 688 diligi.
495 652 552 680 Cic.
565 656 590 681 6.
610 652 682 681 verr.
698 663 741 688 51.
761 650 949 687 Archagathus
960 649 1046 678 homo
1062 648 1174 683 nobilis,
1195 647 1242 685 qui
1253 645 1365 676 asnis&

272 693 354 720 amari
372 692 396 720 ἃ
409 689 487 727 diligi
500 689 592 719 vellet.

252 730 348 768 Amare
357 728 441 757 corde
449 728 493 756 vel
505 728 610 762 animo,
620 738 670 765 pro
685 727 724 757 Ex
735 727 830 762 corde,
838 726 891 755 sive
901 725 940 755 Ex
948 725 1052 754 animo.
1062 724 1147 753 Plaut.
1163 724 1242 761 Capt.
1258 725 1363 759 2360.

252 770 330 795 Certa
341 766 402 794 lide.
433 766 516 795 Ovid.
530 775 554 802 3.
565 766 600 794 (10
610 769 671 795 Arte
683 768 740 795 Am.
752 777 814 802 544.

253 805 383 833 Certatim
394 803 521 840 aliquem.
544 803 602 833 Cic.
617 814 642 840 3.
656 804 775 842 Philipp.
789 809 830 837 18.
853 802 946 839 Quem
959 811 1010 838 ego
1025 801 1139 830 &frater
1150 808 1228 828 meus
1240 797 1366 827 certatim

270 851 393 870 amamus
407 851 412 870 :
436 841 565 870 omnibus
577 842 649 871 horis
660 842 688 870 in
699 841 789 871 oculis
798 863 806 876 ,
822 841 934 870 auribus
945 863 953 875 ,
967 838 1117 876 complexu
1129 844 1266 865 tenemus.

253 879 361 908 minuis
375 880 486 908 animis.
509 879 610 909 Catuli.
627 880 662 909 (10
675 881 756 909 Acme
766 882 792 909 Sc
803 880 880 916 Sept.
893 882 936 913 46-
947 888 992 907 20.

253 919 382 946 Amorem
400 924 499 952 tuum,
519 928 570 955 pro
586 918 700 947 Gratum
720 918 830 946 habere.
862 917 919 945 Cic.
931 926 956 951 9.
976 915 1051 944 Fam.
1065 916 1107 942 16.
1137 911 1315 941 Delectarunt
1323 919 1368 939 me

272 962 325 984 tuat
345 955 428 984 {iterae
441 977 448 989 ,
478 956 508 984 in
522 956 622 992 quibus
638 957 759 993 primum
777 955 865 984 amavi
881 963 1005 982 amorem
1020 959 1109 981 tuum.

253 994 351 1023 Amare
367 1003 469 1022 amore.
491 993 549 1023 Cic.
568 1003 609 1030 15.
632 995 707 1024 Fam.
718 1004 762 1023 20.
785 993 856 1022 Cura
865 998 897 1021 ut
905 991 1011 1025 valeas,
1035 998 1136 1026 meque
1148 996 1223 1017 ames
1233 996 1325 1015 amore
1337 985 1369 1014 il-

271 1030 298 1059 lo
310 1039 359 1060 tuo
372 1031 505 1069 singulari.

253 1070 334 1099 Amat
344 1079 442 1098 nemus
453 1091 461 1104 ‚
478 1069 643 1106 scriptorum
653 1069 768 1100 chorus.
790 1069 815 1097 δι
828 1065 898 1104 fugit
907 1065 998 1095 urbes.
1019 1064 1086 1094 Hor.
1101 1072 1126 1092 2.
1148 1062 1230 1101 Epist.
1245 1071 1271 1092 2.
1284 1071 1328 1099 77.

253 1106 409 1144 Quippiam
420 1107 482 1144 plus
494 1107 548 1136 suis
559 1106 657 1137 oculis.
679 1106 779 1136 Catuli.
794 1114 818 1142 3.
832 1116 858 1141 4.
881 1104 979 1134 &Ten
995 1102 1073 1132 Adel.
1093 1112 1117 1137 5.
1129 1110 1155 1138 7.
1170 1111 1195 1137 5.

253 1145 328 1174 Otia.
351 1145 421 1182 Virg.
437 1156 460 1181 ς.
474 1145 531 1174 Εο1,
548 1149 592 1175 61.
651 1149 655 1154 ”

253 1184 350 1212 Amare
364 1182 459 1219 sylvas.
484 1182 569 1212 Ovid.
585 1193 610 1212 2.
631 1182 698 1212 Met.
716 1187 778 1217 819.

253 1220 293 1250 113
308 1231 352 1249 010
364 1222 402 1250 dii
414 1228 516 1250 ament.
538 1220 666 1250 Forniula
676 1217 922 1253 confirmantis,vel
930 1216 1100 1246 obtestantis.
1112 1214 1176 1244 Ter.
1188 1213 1367 1249 Eun›.3.2.21⁴³

253 1261 350 1288 Amare
360 1265 390 1288 ut
400 1267 464 1288 cum
475 1259 605 1287 maxime.
634 1258 697 1287 Ter.
720 1258 789 1287 Hec.
805 1268 827 1285 1.
838 1266 864 1285 2.
877 1266 923 1291 40.
954 1254 1121 1284 Bacchidem
1134 1252 1243 1281 amabat
1261 1259 1291 1280 ut
1305 1260 1371 1279 cum

271 1297 390 1325 maxime
402 1297 448 1340 ..1.
467 1306 492 1326 0.
515 1302 545 1325 ut
559 1296 663 1326 barbari
681 1296 799 1330 dicunt,
818 1295 896 1324 Sicut
914 1302 1046 1330 unquam.
1087 1290 1228 1325 Latinius,
1250 1289 1287 1318 Ut
1305 1298 1371 1318 cum

270 1345 332 1364 eain
349 1344 469 1363 maxime
478 1341 589 1363 amaret.

252 1373 348 1402 Amare
360 1373 388 1401 in
399 1372 614 1401 matrimonium.
649 1370 767 1408 Quintil.
783 1369 832 1399 lib.
848 1379 890 1398 11.
905 1379 966 1406 cap.
982 1379 1004 1397 r.
1033 1367 1111 1396 Pater
1121 1374 1155 1395 ex
1170 1365 1314 1395 meretrice
1323 1374 1371 1393 nae

271 1418 331 1439 tum
341 1433 349 1445 ,
371 1411 445 1447 quod
456 1417 529 1439 simet
537 1410 712 1438 meretricem
722 1410 751 1437 in
759 1408 969 1437 matrimonium
980 1429 987 1441 ‚
1009 1404 1129 1434 abdicat.

252 1449 365 1481 Amare.
387 1448 560 1477 absolutum:
592 1457 643 1485 pro
662 1448 761 1476 Amore
778 1452 892 1483 captum
906 1467 914 1479 ‚
935 1444 979 1473 vel
996 1444 1092 1482 potius
1112 1441 1199 1470 amori
1214 1440 1371 1470 meretricio

271 1485 438 1524 implicitum
451 1486 513 1515 esse.
545 1485 609 1514 Ter.
627 1485 695 1513 And.
719 1494 741 1513 1.
755 1493 781 1513 2.
793 1493 838 1512 20.
878 1483 986 1512 Omnes
1001 1482 1170 1519 (1111301301,
1193 1478 1309 1516 graviter
1319 1478 1371 1507 sibi

271 1524 330 1553 dari
346 1533 460 1553 uxorem
475 1524 575 1552 ferunt.
614 1522 685 1552 ibid.
710 1532 733 1551 1.
743 1531 768 1551 2.
781 1531 822 1557 14.
862 1520 962 1550 Meum
977 1526 1091 1557 gnatum
1105 1527 1199 1547 rumor
1214 1517 1252 1546 est
1269 1525 1369 1546 amare.

270 1562 301 1591 V.
324 1562 399 1591 Cort.
420 1562 455 1590 ad
468 1561 531 1590 Sall.
545 1559 623 1590 Catil.
645 1571 685 1589 11.
699 1564 723 1589 6.

253 1601 352 1630 Amare
367 1622 375 1634 ‚
396 1609 446 1637 pro
458 1599 518 1629 Frui
529 1609 630 1628 amore.
652 1599 715 1628 Ter.
726 1594 798 1627 Eun.
809 1607 835 1633 4.
847 1606 872 1626 2.
887 1605 930 1625 12.
971 1595 1052 1625 Certe
1067 1602 1191 1623 extrema
1209 1591 1282 1621 linea
1297 1601 1371 1621 amaa-

273 1648 320 1672 re,
344 1638 418 1666 haud
438 1637 508 1666 nihil
521 1637 567 1666 est.
614 1636 667 1666 Ubi
684 1636 828 1669 Donatus,
857 1635 969 1669 Amare,
1000 1632 1086 1662 modo
1106 1632 1158 1661 frui
1177 1640 1270 1660 amore
1289 1631 1367 1659 dicit.

273 1675 422 1705 Turnebus
435 1685 501 1704 vero
520 1675 574 1709 sic,
602 1677 698 1704 Amare
718 1680 841 1703 extrema
863 1672 938 1701 linea
952 1694 960 1707 ,
987 1671 1026 1700 est
1044 1680 1134 1699 amare
1154 1667 1368 1706 impensiilime5

273 1714 356 1742 (10013
373 1713 550 1742 translatione
563 1723 578 1742 a
588 1711 733 1742 curriculis
744 1734 752 1746 ,
772 1709 817 1740 vel
827 1710 919 1739 stadiis
932 1732 939 1745 ‚
960 1710 990 1738 in
1009 1709 1109 1746 quibus
1121 1707 1211 1745 prima
1219 1706 1293 1735 linea
1309 1716 1371 1735 cur-

272 1751 315 1781 sus
326 1752 419 1780 eratin
430 1750 584 1780 carceri-bus
593 1772 601 1785 ,
627 1750 725 1779 ultima
734 1750 763 1778 in
775 1748 830 1777 fine
840 1771 848 1783 ‚
870 1757 930 1785 quae
941 1749 967 1778 81
980 1747 1042 1775 calx
1051 1746 1212 1779 dicebatur,
1234 1744 1309 1781 quod
1320 1744 1370 1772 sci-

272 1789 338 1818 licet
349 1789 424 1818 calce
437 1788 480 1818 vel
492 1795 564 1818 creta
573 1795 723 1817 notaretur.
762 1787 837 1815 Ultra
847 1793 940 1816 autem
954 1784 1060 1814 calcem
1075 1783 1145 1812 nihil
1156 1782 1291 1821 superest,
1313 1791 1369 1819 quo

273 1827 365 1856 cursus
379 1827 508 1856 tendatur
518 1849 526 1861 .‚
547 1827 687 1864 spatiaque
697 1824 879 1863 palaestrarum
899 1825 924 1853 81
935 1822 1137 1853 curriculorum
1147 1821 1229 1850 lineis
1240 1829 1318 1849 erant
1329 1820 1370 1848 ina

273 1864 355 1894 clusa.
378 1864 493 1894 Tertull.
507 1865 568 1893 adv.
581 1864 711 1901 Hermog.
732 1863 866 1898 Adjiciam
877 1863 902 1892 81
914 1871 966 1899 ego
974 1871 1025 1899 pro
1047 1867 1088 1889 ter
1099 1868 1157 1889 non
1171 1858 1368 1895 intelligentes,

273 1913 391 1939 quorum
409 1903 597 1939 Hermogenes
613 1908 737 1931 extrema
751 1900 825 1930 linea
843 1900 888 1929 est.
932 1899 999 1929 Haec
1018 1899 1025 1927 i
1040 1897 1074 1927 10.
1116 1897 1167 1926 Alii
1182 1897 1258 1925 hunc
1269 1897 1299 1924 in
1309 1905 1370 1924 mm

273 1942 349 1969 dum.
399 1941 532 1976 Quamvis
550 1940 633 1969 absim
657 1939 690 1969 ab
706 1939 796 1968 amica
818 1940 844 1967 Sc
863 1938 978 1967 videndi
998 1936 1188 1973 tangendique
1207 1934 1288 1972 copia
1309 1942 1368 1962 non

272 1979 321 2012 lit.
344 1985 436 2007 tamen
458 1988 492 2007 ex
511 1978 665 2015 longinquo
690 1977 774 2006 etiam
797 1986 888 2005 amare
905 1975 981 2004 haud
1009 1974 1079 2004 nihil
1095 1974 1154 2002 est:
1193 1972 1219 2001 h.
1237 1982 1262 2001 e.
1301 1971 1368 2000 Non

270 2023 348 2045 extra
362 2016 436 2053 spem
454 2016 582 2054 potiundi
598 2016 725 2054 positum.
762 2014 893 2044 Extrema
913 2014 989 2042 enim
1004 2012 1077 2041 linea
1088 2033 1097 2046 ‚
1117 2010 1193 2040 unde
1210 2009 1368 2039 institueba-

270 2060 315 2083 tur
333 2054 446 2083 Cursus:
468 2055 585 2091 primam
597 2063 688 2083 autem
709 2054 734 2082 Sc
746 2052 903 2090 principem
923 2050 1043 2080 habebat
1055 2049 1169 2078 alteram
1186 2048 1222 2077 ad
1243 2053 1366 2081 metam,

272 2103 287 2121 a
302 2102 354 2128 qua
365 2099 487 2120 extrema
497 2092 545 2121 1113
553 2091 707 2129 longillime
717 2090 840 2120 distabat.
881 2089 956 2119 Hinc
965 2110 973 2124 ,
994 2088 1124 2117 Extrema
1133 2087 1208 2115 linea
1219 2095 1319 2121 amare,
1329 2085 1368 2114 est

272 2130 313 2159 Ex
331 2129 491 2167 longinquo.

254 2168 350 2198 Amare
366 2167 431 2196 sein
449 2177 476 2196 re
489 2167 588 2204 aliqua.
629 2167 686 2196 Cic.
704 2178 729 2202 4.
750 2166 804 2195 Att.
818 2168 860 2195 16.
894 2164 979 2194 Dices
990 2170 1020 2193 tu
1033 2186 1041 2199 ,
1070 2162 1141 2201 Ergo
1155 2161 1216 2191 haee
1226 2160 1368 2199 quomodo

273 2206 326 2235 fers
340 2207 352 2233 ⁸?
374 2205 448 2234 h'clle
458 2215 501 2234 me
513 2203 606 2234 hercle
621 2227 628 2239 ,
650 2206 718 2234 &in
730 2214 764 2233 eo
774 2213 819 2233 me
830 2202 910 2232 vaide
919 2212 992 2232 amo.

254 2244 352 2273 Amare
371 2243 504 2280 scipsum:
528 2243 554 2271 h.
572 2252 596 2271 e.
629 2243 779 2277 Semirari,
801 2241 976 2278 sibiplsacere.
1000 2239 1058 2269 Cic.
1079 2238 1114 2268 de
1125 2236 1309 2275 Arusp.Resp.
1326 2246 1367 2272 19.

274 2282 366 2318 Quam
383 2280 511 2309 volumus
529 2281 595 2309 licet
613 2291 635 2310 P.
656 2291 681 2310 c.
703 2280 752 2318 ipsi
771 2289 823 2308 nos
839 2288 981 2311 amemus,
1002 2284 1096 2306 tumen
1117 2286 1170 2305 nec
1188 2284 1304 2304 numero
1320 2274 1371 2303 Hi-

271 2319 370 2357 spanos
381 2341 388 2353 ‚
406 2328 458 2347 nec
479 2318 577 2347 robore
593 2318 704 2354 Gallos,
726 2327 780 2347 nec
797 2315 949 2346 calliditate
971 2316 1072 2345 Poenos
1083 2335 1092 2350 ‚
1112 2323 1165 2343 nec
1183 2312 1287 2342 artibus
1297 2312 1371 2342 Grae*-

274 2367 322 2387 cos
338 2356 507 2394 superamus.

255 2394 346 2424 Credo
361 2396 444 2430 igitur
457 2395 532 2424 hunc
542 2403 652 2423 menon
671 2401 762 2422 amare
773 2415 781 2428 ‚
802 2398 830 2422 at
840 2402 892 2430 ego
901 2401 945 2421 me
955 2391 1044 2420 amavi
1053 2412 1061 2426 ‚
1083 2388 1158 2427 quod
1173 2387 1243 2418 mihi
1259 2388 1373 2425 jampri.

275 2434 338 2462 deni
356 2433 404 2461 usu
420 2442 477 2461 non
494 2433 577 2461 venit.
604 2432 661 2461 Cic.
681 2442 707 2467 9.
727 2433 780 2460 Att.
795 2440 840 2460 21.
864 2431 891 2460 h.
910 2440 934 2459 0.
957 2429 1020 2458 Feci
1035 2428 1111 2465 quod
1127 2427 1215 2469 magis
1233 2435 1269 2455 01(
1277 2428 1371 2455 animo

275 2481 338 2500 meo
349 2470 409 2499 fuit.
432 2470 507 2508 quod
519 2470 685 2507 jampridem
698 2479 756 2498 non
771 2469 907 2498 feceram:
928 2468 992 2505 quia
998 2465 1161 2504 potentibus
1179 2474 1209 2493 m
1217 2463 1373 2502 Republica

275 2510 334 2546 post
345 2508 421 2537 exilu
437 2515 562 2546 tempora
572 2508 709 2537 inservivi.

257 2547 336 2576 Amas
347 2554 373 2575 te
384 2546 476 2584 quod.
497 2556 547 2583 pro
559 2546 650 2575 Places
668 2544 720 2574 tibi
736 2544 821 2581 quod.
849 2543 916 2573 Hor.
930 2552 957 2573 2.
972 2542 1059 2572 Serm.
1071 2550 1096 2578 7.
1111 2549 1155 2577 31.

415 2598 453 2604 --
472 2583 512 2613 113
524 2590 552 2613 te
569 2584 679 2613 felicem
699 2582 787 2616 ducis,
799 2591 938 2619 aurasque,

338 2622 424 2658 Quod
443 2631 578 2658 nusquam
595 2621 645 2650 tibi
665 2620 697 2649 sit
715 2620 880 2658 potandum.

258 2661 328 2690 Amo
339 2667 366 2688 te
376 2669 419 2688 ex.
440 2658 508 2689 Plin.
526 2658 572 2688 lib.
588 2669 610 2695 3.
624 2658 706 2696 Epist.
719 2669 744 2693 9.
769 2657 862 2693 Quem
872 2667 923 2691 ego
933 2665 1018 2693 quum
1031 2653 1099 2684 olim
1111 2659 1208 2684 mutuo
1218 2648 1374 2692 diligerem,

277 2708 312 2727 ex
324 2698 374 2726 hac
387 2697 472 2726 officii
482 2696 611 2726 societate
621 2706 710 2725 amare
728 2695 868 2724 ardentius
876 2695 960 2731 coepi.

258 2737 328 2765 Amo
340 2743 368 2764 te
381 2736 464 2772 quod.
493 2734 551 2763 Cic.
567 2745 589 2764 1.
605 2735 656 2763 Att.
669 2744 694 2762 2.
716 2732 887 2763 Te‘multum
899 2740 1022 2760 amamus
1035 2752 1043 2765 ‚
1064 2731 1139 2768 quod
1153 2740 1185 2759 ea
1200 2729 1248 2759 abs
1266 2735 1293 2758 te
1311 2728 1376 2757 dili⁴

278 2782 373 2811 genter
382 2782 521 2811 parvoque
538 2780 629 2802 curata
647 2772 716 2800 sunt.

259 2812 329 2841 Anio
340 2818 367 2840 te
380 2811 413 2839 de
425 2811 477 2839 hac
490 2819 536 2845 re,
557 2821 607 2848 pro
624 2820 658 2839 eo
670 2809 744 2847 quod
758 2808 796 2837 est
807 2830 815 2843 .
847 2807 893 2837 Ob
914 2807 986 2835 hauc
1005 2815 1062 2835 rem
1076 2805 1165 2834 habeo
1183 2805 1233 2834 tibi
1249 2804 1372 2842 gratiam.

234 2857 235 2860 ’
277 2849 341 2878 Ter.
364 2848 432 2878 Eun.
449 2857 472 2885 3.
494 2857 520 2877 2.
539 2857 562 2883 3.
598 2847 703 2885 Ecquid
721 2856 772 2875 nos
787 2855 860 2875 amas
873 2845 908 2874 de
920 2844 1033 2873 fidicina
1043 2845 1115 2873 hac‘?
1137 2843 1209 2872 ibid.
1233 2853 1292 2872 1.2.
1310 2845 1371 2870 106.

279 2887 337 2916 Cic.
352 2896 377 2918 7.
395 2887 447 2915 Att.
460 2895 485 2915 2.
509 2885 550 2914 Dc
560 2883 735 2914 Rauduscuio
744 2883 914 2912 Numeriano
929 2882 1047 2911 multum
1057 2890 1085 2911 te
1093 2891 1165 2910 amo.

259 2926 327 2954 Amo
339 2932 375 2959 te,
387 2922 528 2953 Generalis
537 2924 574 2952 est
585 2923 672 2952 forma
681 2932 734 2959 qua
744 2922 783 2950 uti
796 2921 884 2949 solent
895 2921 1028 2953 auctores.
1040 2929 1103 2948 cum
1120 2919 1245 2957 &gratiae
1260 2917 1374 2954 agendae

278 2963 339 2991 sunt
351 2985 359 2995 .
384 2962 677 2999 quodimpetraviuius
690 2966 816 2997 optatum
826 2981 834 2991 ,
854 2960 879 2988 δε
897 2957 1100 2986 ostendendum
1114 2957 1151 2986 est
1166 2957 1195 2985 id
1212 2955 1301 2984 multo
1316 2965 1375 2991 gra-

277 3000 409 3029 tilsimum
422 3001 448 3029 Sc
464 2999 689 3034 iucundiiliinum
702 2997 783 3025 nobis
800 2995 854 3025 effe
863 3018 871 3031 ,
893 3005 978 3032 eaque
988 2995 1022 3023 de
1033 3004 1061 3023 re
1072 2995 1107 3023 ad
1125 2994 1220 3023 onmia
1235 2995 1336 3022 amoris
1347 2994 1374 3022 &c

278 3037 480 3067 benevolentiae
488 3037 577 3066 officia
589 3046 639 3065 nos
649 3035 702 3064 0110
711 3034 854 3063 obstrictos
869 3055 878 3068 ‚
898 3040 930 3062 ut
940 3032 1004 3063 Ter.
1017 3032 1115 3061 110301.
1131 3042 1156 3061 2.
1166 3041 1192 3061 2.
1212 3042 1271 3067 119.
1292 3030 1371 3060 Adel.

281 3087 305 3109 ς.
325 3082 349 3110 8.
366 3085 410 3109 23.
433 3077 457 3105 S<
470 3074 566 3113 saepius
578 3074 685 3103 locutus
697 3073 742 3101 est.
773 3073 799 3101 &
811 3072 896 3100 Plaut.
912 3070 1000 3100 Mero.
1009 3081 1035 3106 4.
1049 3075 1074 3103 8.
1094 3080 1136 3104 52·
1156 3070 1231 3099 Poen.
1253 3081 1274 3098 i.
1287 3079 1311 3098 2.
1327 3078 1372 3104 41.

279 3115 325 3142 Sic
344 3113 400 3143 Cic.
417 3124 439 3147 ς.
456 3113 530 3142 Fam.
543 3122 588 3142 21.
640 3111 671 3140 V.
693 3109 806 3139 Casaub.
827 3109 862 3138 ad
873 3109 930 3138 Cic.
948 3119 970 3136 1.
994 3118 1016 3136 1.
1035 3108 1052 3137 f.
1075 3108 1149 3145 apud
1170 3106 1288 3144 Quintil.
1303 3111 1328 3135 6.
1349 3116 1372 3141 3.

279 3151 362 3186 Jocu's
378 3151 459 3180 Dom.
474 3151 527 3179 Afri
542 3150 642 3187 legitur
655 3149 700 3186 qui
712 3149 766 3177 huc
777 3147 905 3185 pertinet.
944 3145 1016 3175 Nam
1031 3146 1128 3174 cumis
1144 3155 1226 3182 quem
1234 3145 1316 3174 Dom.
1329 3144 1376 3172 de«

280 3189 420 3221 fenderat.
442 3187 689 3226 conspectumcjus
699 3186 814 3217 vitasset,
833 3184 879 3213 ubi
892 3184 985 3221 postea
994 3185 1129 3211 convenit
1139 3205 1146 3217 ‚
1168 3185 1257 3216 Amas,
1275 3183 1375 3218 inquit,

282 3236 327 3255 nie
339 3248 346 3259 .
368 3227 441 3263 quod
451 3233 477 3254 te
487 3237 543 3255 non
559 3226 626 3254 vidi.
657 3226 673 3253 i.
692 3234 714 3253 e.
739 3222 937 3253 Gratiammihi
948 3221 1041 3250 habes.
1069 3221 1300 3257 Sicinpraeterito
1313 3220 1373 3248 Cic.

284 3273 324 3298 13.
341 3263 412 3292 Fam.
427 3268 470 3293 62.
486 3275 528 3301 pr.
550 3264 602 3293 Etsi
615 3264 643 3292 in
653 3262 727 3292 Atilii
738 3261 850 3299 negotio
863 3267 890 3288 te
902 3259 1000 3298 amavi.

264 3304 361 3330 Amant
380 3301 539 3331 consociari.
572 3302 638 3330 Hor.
658 3311 684 3330 2.
709 3299 797 3329 Carm.
822 3307 845 3334 3.
860 3308 885 3334 9.
914 3298 932 3326 i.
960 3306 983 3325 e.
1016 3295 1164 3332 Coniungi.
1205 3294 1336 3324 Similiter
1350 3303 1374 3332 3.

282 3341 370 3367 Carni.
389 3343 430 3367 16.
445 3349 470 3374 9.

266 3377 460 3411 Ainaintjacere
469 3378 539 3406 inter
551 3376 684 3414 pulvillos
694 3375 801 3405 sericos.
823 3373 890 3404 HOY.
907 3371 994 3409 Epod-
1010 3377 1035 3405 8·
1050 3373 1091 3399 1⁶·

266 3417 344 3442 Amat
356 3414 448 3442 bibere
459 3421 519 3443 toto
529 3424 602 3443 anno
613 3414 711 3451 palma.
737 3414 804 3442 l'lin.
816 3411 862 3440 lib.
880 3421 921 3445 15.
937 3419 996 3447 cap.
1010 3422 1036 3445 4.

266 3453 364 3509 Amare}
378 3452 478 3486 nimis,
500 3462 550 3489 pro
575 3452 729 3489 indulgere.
760 3451 819 3480 Cic.
847 3459 872 3485 5.
893 3450 946 3478 Att.
964 3453 989 3481 8.
1033 3447 1121 3476 Nimis
1139 3446 1168 3475 in
1190 3446 1239 3475 isto
1263 3446 1378 3476 Brutum

284 3490 386 3518 amasi.

264 3527 344 3557 ‚Amat
355 3548 362 3559 .
375 3536 425 3563 pro
433 3526 518 3555 Solet.
538 3526 627 3556 Tacit.
637 3537 662 3563 4.
678 3525 746 3554 Anii.
759 3536 785 3561 9.
800 3534 822 3561 3.
847 3523 991 3553 Memoriae
1002 3521 1077 3551 Druli
1089 3521 1187 3550 eadem
1199 3531 1258 3557 quae
1274 3521 1302 3549 in
1313 3521 1379 3549 Ger-

286 3565 425 3592 mimicum
435 3564 620 3593 decernuntur
631 3586 638 3598 ‚
660 3563 798 3601 plerisque
811 3562 912 3592 additis
923 3583 931 3596 ,
952 3567 982 3590 ut
991 3561 1075 3589 ferme
1085 3566 1157 3588 amat
1171 3559 1304 3596 posterior
1312 3559 1380 3588 :idu-

283 3601 358 3631 lzitio.
380 3601 511 3629 'frictum
526 3611 540 3630 a
560 3602 674 3634 Graecis,
697 3602 743 3637 qui
759 3602 823 3630 φιλᾶ
838 3600 934 3634 primax,
955 3599 981 3627 h.
1001 3608 1025 3627 e.
1048 3599 1125 3626 Amat
1142 3596 1199 3625 sieri
1212 3619 1219 3630 ,
1238 3606 1289 3634 pro
1303 3596 1380 3626 Solet

774 387 809 423 Q.
821 386 880 415 frat.
896 394 919 413 1.
941 384 1089 413 Te‘autem
1098 389 1194 412 ament
1204 393 1239 413 011
1256 382 1360 419 animm

285 3639 341 3667 fieri
354 3660 361 3673 ‚
381 3638 519 3675 usurpant.
561 3639 648 3672 liuius
661 3638 811 3667 locutionis
823 3637 951 3666 meminit
965 3635 1084 3672 Quintil.
1098 3634 1144 3664 lib.
1160 3645 1184 3669 9.
1195 3644 1253 3672 cap.
1268 3643 1291 3669 3.
1324 3635 1382 3663 Sal-

287 3676 344 3705 lust.
358 3675 419 3712 Jug.
432 3686 455 3704 c.
473 3685 514 3710 34.
536 3676 669 3704 Terrebat
683 3685 745 3704 euni
758 3675 888 3709 clamore.
909 3675 997 3707 vultu.
1017 3673 1087 3711 saepe
1095 3673 1211 3710 imperii,
1223 3680 1303 3709 atque
1318 3670 1380 3701 aliis

287 3713 417 3741 omnibus
428 3735 436 3747 .
458 3723 517 3750 quae
530 3714 566 3742 iru
579 3713 632 3742 lieri
644 3720 724 3741 amat.
749 3713 799 3741 Ubi
810 3715 884 3741 Cort.
898 3712 928 3742 V.
950 3714 976 3742 δι
986 3711 1120 3740 vechner.
1138 3710 1248 3740 Hellen.
1259 3717 1284 3739 2.
1296 3718 1324 3738 2-

268 3752 354 3780 Caute
365 3760 437 3779 ziincr
449 3760 558 3787 pauper.
581 3750 665 3779 ovid.
681 3760 705 3778 2.
720 3751 755 3778 de
771 3752 832 3779 Arte
846 3752 901 3779 Am.
920 3754 979 3785 167.

268 3788 414 3818 Crudelius
428 3789 536 3816 amavit.
559 3788 643 3817 Ovid.
657 3797 678 3820 3.
694 3788 759 3816 Alet.
772 3797 835 3822 442.

265 3825 371 3856 Invitus
382 3826 488 3854 amabo.
510 3826 592 3854 Ovid.
612 3834 635 3860 3.
656 3826 744 3853 Amor.
762 3835 802 3853 11.
818 3834 860 3859 3<-

264 3865 384 3894 00011110
399 3870 480 3892 amet.
509 3863 592 3891 Ovid.
608 3871 631 3899 3.
651 3862 732 3891 'L'rillz
750 3874 775 3897 4.
789 3871 832 3897 72.

1830 38 1856 73 A
1954 36 1993 71 M
2093 36 2127 72 O

1450 117 1589 149 Patienter
1605 127 1703 149 amare.
1737 118 1820 149 Ovid.
1838 125 1878 152 13.
1892 118 1976 156 Epist.
1991 128 2017 153 4.
2579 142 2580 151 ¹

1451 158 1606 194 Sapienter.
1629 158 1713 186 Ovid.
1731 167 1776 186 21.
1794 157 1875 194 Epist.
1891 165 1932 193 57.
2577 164 2580 170 1

1451 195 1537 224 Tuto.
1561 195 1644 224 Ovid.
1657 205 1681 224 2.
1697 196 1786 224 Amor.
1800 205 1825 224 2.
1837 198 1881 229 65.
2536 199 2539 201 ’
2577 176 2581 219 i

1453 233 1553 275 Valde.
1572 234 1630 261 Cic.
1643 236 1668 261 6.
1680 234 1733 262 Att.
1748 241 1774 261 2.
1796 233 1869 262 Mihi
1885 231 1993 260 videtur
2004 235 2119 259 matrem
2131 227 2220 264 vaide,
2238 234 2269 258 ut
2276 227 2477 264 debitumve,
2488 222 2582 268 tequ'c*i

1473 274 1598 299 mirifice.

1455 308 1544 337 Unice
1556 317 1646 336 amare
1657 307 1772 344 patriam
1783 309 1808 336 ὃς
1818 307 1890 336 cives
1902 306 1971 335 suos.
1992 305 2050 334 Cic.
2064 313 2088 339 3.
2106 304 2134 332 in
2145 303 2224 332 Catil.
2237 313 2277 333 11.
2578 323 2581 333 ,

1455 346 1538 375 Sitne
1550 355 1632 374 311133.
1648 346 1736 374 Cic.2.
1753 345 1787 381 Q.
1802 345 1861 374 frat.
1879 354 1919 372 10.
1930 351 1997 372 extr.
2015 342 2118 372 Amabo
2127 348 2165 375 te7
2184 341 2301 370 advola:
2323 334 2582 378 00111“013130110,ᾰἰ

1476 393 1588 411 omnem
1604 382 1762 419 abstergebo
1772 381 1913 411 dolorem:
1936 381 2065 415 &adduc‚
2081 379 2152 408 sime
2161 389 2245 414 amas,
2256 379 2394 409 Marium:
2417 379 2464 409 sed
2473 374 2567 418 approa
2578 369 2584 420 1

1496 429 1577 449 erate.
2578 423 2582 443 τ»

1420 431 1537 488 11013135
1547 468 1584 486 aa
1596 468 1626 492 1,,
1650 457 1783 487 Futurum
1800 456 1928 486 infinitivi
1942 455 2020 484 modi
2036 455 2164 484 usitatum
2196 454 2270 483 riscis
2284 476 2292 489 ‚
2315 454 2395 483 nobis
2421 444 2583 493 insolitum,;:·

1458 505 1509 533 pro
1528 498 1688 524 Amaturum
1703 495 1765 524 effe.
1805 496 1850 524 Sic
1869 492 2072 531 Expugnaffere
2084 515 2092 527 ,
2114 502 2165 530 pro
2205 498 2410 530 xpugnaturum
2427 491 2490 520 ess'e.
2513 495 2583 532 quae}

1458 543 1493 562 00
1508 533 1601 570 putavi
1623 533 1761 568 notanda,
1783 532 1883 570 quoda
1901 531 2092 561 Grammaticis
2112 531 2250 568 praeterita
2275 529 2454 567 neglerstaque
2475 530 2582 562 inteffl.3

1460 580 1531 608 gam.
1571 570 1727 600 Turnebus.
1768 570 1799 600 V.
1826 581 1840 599 a
1849 580 1867 598 x
1875 580 1889 598 1²
1901 580 1918 598 o·
1927 579 1945 597 G
1955 578 1975 597 N
1985 578 2012 597 o.
2582 583 2583 587 =

1422 608 1568 641 Amano,
1598 610 1613 643 [
1629 609 1685 639 πὸς
1704 609 1757 641 θεῶν
1772 609 1787 643 ]
1808 608 1900 643 Interj.
1922 605 2092 636 blandientis
2113 607 2139 635 81
2157 605 2284 634 amantis.
2318 604 2376 634 Cic.
2395 613 2420 641 7.
2442 604 2515 634 Fam.
2530 600 2583 641 32..Ἰ

1459 646 1627 675 Urbanitatis
1636 645 1840 683 possessionem.
1858 645 1967 679 amabo,
1982 643 2122 681 quibusvis
2134 643 2287 672 interdictis
2297 643 2489 672 defendamus.
2509 643 2584 674 Ter..

1460 684 1531 724 Fun.
1545 694 1570 718 4.
1585 695 1611 719 4.
1627 691 1652 720 7.
1674 683 1801 713 Habesne
1810 684 1954 712 hominem
1969 704 1977 717 ‚
1998 681 2096 710 amabo
2108 682 2122 709 ἰ)
2151 681 2230 710 Idem
2246 691 2268 709 1.
2287 689 2314 710 2.
2327 691 2369 716 50.
2393 682 2472 717 &70.
2581 677 2583 682 ⁴

1460 721 1565 750 Amabo
1576 728 1602 750 te
1619 744 1626 755 ³
1648 723 1674 750 i&
1684 723 1752 750 Ama
1761 731 1821 756 me,
1842 722 1871 750 in
1882 721 1981 750 eadem
1993 719 2200 756 significatione.
2222 718 2281 747 Cic.
2297 729 2320 754 5.
2332 719 2385 747 Att.
2399 728 2440 754 17.
2472 718 2570 750 Amabo

1478 765 1526 791 te..
1547 759 1678 788 incumbe
1686 759 1714 788 in
1722 769 1783 788 eam
1793 769 1860 794 rem,
1877 760 1903 788 ἃ
1918 759 1953 787 ad
1964 767 2008 786 me
2019 756 2114 786 scribe.
2136 756 2214 786 idem
2224 756 2259 785 ad
2268 756 2352 785 eund.
2363 755 2411 785 lib.
2424 759 2450 784 6.
2461 757 2536 793 epist.
2547 767 2568 788 1.

1480 797 1548 826 Ama
1560 806 1604 825 me
1613 819 1621 830 ,
1643 806 1700 826 non
1711 797 1829 826 libenter
1836 797 1893 826 vidi
1903 806 1909 825 :
1932 796 1978 825 sed
1987 795 2072 823 modo
2081 794 2230 829 succenset,
2240 795 2325 822 modo
2333 794 2430 831 gratias
2441 795 2503 831 agit.
2517 794 2535 824 i.
2546 802 2569 826 0.

1480 832 1554 864 Mihi
1573 835 1672 869 crede,
1692 834 1736 863 vel
1745 841 1828 864 certe.
1870 834 1936 863 Haec
1956 842 2009 861 vox
2023 832 2126 861 Amabo
2141 832 2206 861 licet
2222 831 2371 869 aliquando
2388 831 2443 860 fine
2458 831 2518 861 casu
2526 831 2586 870 pon'

1480 873 1555 901 nitur
1567 893 1575 907 ‚
1596 871 1703 910 semper
1713 879 1806 901 tamen
1818 872 1855 901 est
1866 873 1989 907 verbum,
2005 872 2031 900 ἃ.
2046 879 2080 899 ex
2090 870 2289 899 Adverbiorum
2299 879 2416 898 numero
2425 891 2433 904 ‚
2453 869 2482 898 in
2493 879 2571 906 quem

1480 909 1563 947 vulgo
1573 910 1687 939 refertur
1697 932 1704 945 ‚
1726 910 1952 947 expungendum.
1994 908 2056 937 Hoc
2071 908 2147 937 enim
2164 908 2247 936 verbo
2262 909 2350 943 major
2367 907 2468 936 amoris
2481 916 2574 937 cumus

1479 946 1523 976 lus
1543 948 1742 984 promittiturfi
1765 948 1794 976 id
1813 948 1889 985 quod
1899 948 2018 984 petitum
2035 946 2073 975 est
2088 946 2259 983 impetretur.
2281 945 2345 974 Ter.
2367 944 2451 974 Plaut.
2474 946 2501 974 &
2517 944 2571 976 Cic.
2590 951 2592 958 ⁸

1481 985 1586 1022 paffim.
1624 985 1655 1014 V.
1678 985 1751 1014 Vols.
1773 986 1808 1015 de
1822 985 1932 1022 Analog.
1943 985 1960 1013 l.
1975 993 2033 1013 1.C.
2046 994 2072 1013 2.
2093 983 2155 1019 ε13111
2165 982 2262 1012 Dousae
2274 982 2356 1012 Plaut.
2369 982 2571 1020 Expl.l.3.c.6.

1423 1022 1475 1053 AM
1484 1033 1503 1051 A
1514 1033 1534 1052 N
1544 1034 1561 1052 o
1571 1033 1590 1052 υ
1599 1033 1611 1052 s
1621 1045 1629 1057 ‚
1650 1033 1680 1058 3,
1702 1032 1759 1052 um.
1787 1023 1853 1053 Ter.
1871 1023 1988 1060 Adelph.
2000 1033 2027 1057 4.
2043 1033 2066 1058 ς.
2078 1030 2123 1058 75.
2144 1021 2198 1050 Hic
2208 1030 2267 1049 non
2278 1021 2432 1050 amandus?
2456 1020 2537 1050 Ovid.
2549 1030 2572 1051 1.

1461 1061 1498 1090 de
1508 1063 1570 1090 Arte
1580 1062 1639 1090 Am.
1653 1065 1717 1096 615.
1835 1077 1873 1082 —-
1893 1061 1941 1089 sibi
1957 1069 2072 1097 quaeque
2089 1059 2202 1089 videtur
2221 1058 2347 1087 amanda.
2588 1070 2589 1073 ¹

1462 1099 1587 1128 Amanda
1596 1108 1659 1128 vox.
1683 1099 1750 1128 Hor.
1764 1109 1790 1134 4.
1808 1098 1898 1128 Carm.
1914 1109 1924 1127 1
1934 1109 1956 1127 1.
1970 1107 2011 1134 34.

1462 1137 1582 1166 Amandi
1597 1143 1759 1175 praeceptor.
1782 1136 1866 1166 Ovid.
1879 1146 1905 1165 2.
1924 1137 1958 1165 de
1968 1137 2030 1165 Arte
2041 1136 2100 1164 Am.
2117 1138 2179 1164 161.
2302 1137 2309 1144 ⁵
2542 1142 2548 1159 ¹

1462 1175 1588 1203 Amando
1605 1175 1730 1213 perdere.
1752 1174 1820 1204 Hor.
1832 1185 1855 1204 1.
1882 1174 1971 1203 Carm.
1983 1179 2008 1208 8.
2023 1183 2048 1202 2.

1464 1213 1591 1241 Amantio
1609 1212 1735 1250 superare
1746 1212 1875 1249 aliquem.
1898 1212 1981 1241 Ovid.
2000 1222 2041 1247 14.
2053 1211 2123 1241 Met.
2140 1214 2203 1246 641.
2592 1226 2593 1230 =

1425 1249 1476 1280 AM
1486 1260 1533 1279 AN
1543 1260 1555 1279 s
1565 1272 1573 1286 ‚
1594 1250 1689 1280 Partic.
1710 1252 1726 1286 [
1738 1251 1790 1287 ἐρῶν
1802 1250 1817 1285 ]
1838 1250 1895 1287 Qui
1905 1249 1949 1279 vel
1959 1250 2028 1286 Quae
2042 1257 2115 1278 amat
2128 1271 2136 1284 ‚
2157 1249 2202 1278 seu
2211 1248 2334 1286 pudice,
2360 1247 2414 1278 sive
2426 1246 2576 1285 impudice.¹

1466 1288 1538 1326 Virg.
1553 1298 1576 1325 3.
1597 1288 1696 1326 Georg.
1716 1298 1777 1325 μς.
1891 1304 1929 1309 —-
1948 1295 2071 1316 amantes
2090 1288 2175 1316 ardua
2197 1290 2306 1316 dumos.
2591 1287 2594 1291 ’

1464 1328 1594 1356 Amantes
1613 1326 1707 1355 1111013
1724 1332 1836 1363 myrtos.
1858 1326 1930 1364 Virg.
1942 1337 1968 1361 4.
1979 1327 2078 1363 Georg.
2093 1335 2153 1360 124.
2184 1342 2188 1347 »
2568 1350 2570 1353 ,

1425 1360 1557 1394 Amans
1568 1387 1576 1400 ‚
1610 1366 1625 1401 [
1640 1367 1722 1400 ερμςὴς
1738 1365 1752 1399 ]
1773 1364 1886 1393 Nomen
1903 1374 1937 1393 ex
1948 1365 2044 1402 partic.
2071 1363 2156 1393 Plaut.
2172 1362 2240 1392 Asin.
2252 1373 2275 1399 5.
2286 1371 2311 1391 2.
2323 1371 2348 1399 7.
2371 1360 2564 1395 Continentein

1464 1409 1606 1446 amantem
1620 1403 1713 1432 uxoris
1731 1403 1861 1431 maxime.
1895 1402 1955 1431 Cic.
1975 1413 2000 1438 9.
2020 1400 2075 1430 Ati.
2093 1401 2169 1439 epist.
2188 1400 2237 1429 ult.
2269 1400 2340 1430 Boni
2360 1400 2435 1428 cives
2459 1405 2568 1434 amant*

1486 1449 1568 1470 atrise.
2567 1436 2573 1444 ¹

1462 1450 1606 1508 studiosus
1618 1500 1626 1513 ,
1648 1487 1742 1508 amans
1753 1500 1761 1513 ‚
1782 1477 1936 1507 observans.
1960 1477 2018 1506 Cic.
2033 1486 2083 1515 pro
2093 1476 2187 1506 Rabir.
2199 1476 2287 1505 Posth.
2297 1483 2343 1513 43.
2374 1474 2502 1503 Veterem
2513 1483 2527 1504 a
2556 1474 2563 1481 ”

1482 1527 1548 1546 cum
1565 1516 1642 1545 suum
1653 1538 1661 1551 ,
1683 1515 1831 1546 studiosum
1843 1538 1851 1552 ,
1872 1523 2030 1549 amantem,
2051 1515 2240 1544 observantem
2259 1513 2300 1542 sui
2311 1536 2319 1548 ‚
2348 1512 2488 1542 labentem
2501 1521 2576 1543 exce·

1480 1556 1539 1592 pit,
1561 1564 1687 1584 corruere
1699 1564 1757 1583 non
1772 1554 1832 1583 sivit
1846 1576 1854 1589 ,
1878 1553 1950 1583 fulfit
1964 1552 2143 1588 &iustinuit,
2162 1562 2192 1582 re
2206 1574 2214 1588 ,
2233 1552 2345 1582 fortuna
2355 1573 2363 1587 ‚
2384 1550 2448 1580 fide.

1462 1593 1564 1622 Amans
1579 1594 1693 1621 cruoris.
1716 1592 1799 1621 Ovid.
1812 1602 1839 1621 2.
1856 1592 1891 1620 (10
1901 1593 1989 1621 Ponto
2000 1613 2009 1626 ‚
2030 1601 2057 1627 9.
2069 1594 2114 1626 46.

1462 1632 1592 1660 Amantes
1602 1631 1714 1659 doloris.
1744 1629 1802 1659 Cic.
1814 1640 1840 1659 2.
1862 1629 1943 1659 Tusc.
1958 1633 2000 1664 36.
2034 1629 2129 1665 Itaque
2140 1627 2287 1657 industrios
2301 1626 2447 1661 homines,
2473 1625 2515 1655 illi
2552 1630 2553 1633 ’

1482 1669 1574 1698 diosos
1586 1691 1594 1703 ‚
1614 1668 1659 1697 vel
1667 1668 1761 1706 potius
1771 1674 1893 1697 amantes
1904 1667 2009 1696 doloris
2026 1666 2167 1704 appellant
2182 1676 2188 1695 ι
2210 1675 2268 1694 non
2277 1666 2371 1703 potius
2380 1663 2540 1695 laboriosos.

1461 1707 1660 1737 ,Amantiortui
1683 1706 1745 1735 Cic.
1759 1715 1783 1735 x.
1796 1706 1870 1735 Fam.
1887 1717 1910 1742 5.
1950 1705 2020 1734 ltem
2033 1726 2041 1740 ‚
2062 1705 2205 1733 Amantior
2222 1704 2330 1732 domini
2348 1702 2475 1731 famulus.
2498 1700 2548 1731 Col

1482 1744 1547 1773 mel.
1561 1744 1608 1773 Iib.
1623 1753 1649 1781 7.
1659 1754 1719 1782 cap.
1734 1753 1776 1773 12.

1462 1781 1666 1812 Amantiffimus
1676 1783 1727 1811 tui.
1749 1781 1808 1811 Cic.
1825 1784 1866 1810 16.
1886 1781 1961 1811 Fam.
1972 1789 1997 1817 7.

1462 1818 1538 1850 Uxor
1557 1819 1748 1849 amantissima.
1769 1819 1860 1849 Tacit.
1883 1819 1937 1848 Vit.
1949 1818 2036 1856 Agric.
2050 1828 2095 1854 45.
2108 1823 2133 1852 8.
2156 1817 2243 1854 Quod
2262 1822 2354 1846 autem
2374 1813 2543 1845 Amantiffim

1482 1859 1649 1895 quandoque
1665 1858 1742 1887 idem
1753 1857 1783 1886 fit
1806 1867 1838 1886 30
1858 1857 1959 1887 Intime
1981 1862 2104 1892 amatus,
2134 1862 2231 1885 contra
2250 1855 2373 1884 Vossium
2390 1853 2509 1882 ostendit
2530 1852 2577 1882 01.
2594 1879 2595 1882 ,

1484 1896 1606 1926 Borrich.
1620 1896 1710 1933 Cogit.
1726 1896 1761 1924 de
1770 1894 1800 1925 L.
1810 1894 1838 1924 L.
1854 1904 1882 1932 p.
1896 1905 1940 1931 45.

1463 1934 1585 1969 Amans.
1607 1944 1657 1972 pro
1674 1936 1801 1963 Amatore
1812 1955 1821 1968 ‚
1840 1933 1904 1963 Ter.
1925 1932 1995 1962 And.
2013 1942 2035 1962 1.
2057 1942 2079 1961 1.
2098 1942 2144 1968 49.
2167 1931 2222 1961 Sed
2236 1930 2380 1969 postquam
2390 1926 2578 1958 301303300οβ

1483 1972 1533 2007 sit,
1563 1973 1684 2009 pretium
1705 1970 1862 2009 pollicens,
1882 1981 1954 2000 unus
1979 1972 2005 2000 ἃ
2032 1971 2099 1999 11001
2123 1969 2198 1998 31101.
2240 1969 2324 1998 Ovid.
2345 1978 2367 1997 1.
2390 1969 2480 1997 Amor.
2503 1976 2528 2002 9.
2551 1975 2590 2010 1.⁸

1544 2010 1647 2039 Militat
1665 2010 1756 2038 omnis
1774 2019 1876 2038 amans.
1977 2008 2035 2037 Cic.
2051 2015 2145 2037 tamen
2160 2018 2186 2042 4.
2208 2006 2290 2036 Tusc.
2301 2016 2346 2043 27.
2368 2005 2451 2035 Aliud
2462 2004 2500 2033 est
2517 2003 2586 2038 (ind

1481 2048 1564 2085 quit)
1584 2055 1736 2077 amatorem
1750 2046 1813 2082 effe,
1830 2046 1905 2076 aliud
1921 2053 2068 2075 amantem.
2091 2045 2167 2082 [Ubi
2177 2046 2335 2074 Amatorem
2343 2040 2380 2070 ⁷13»
2390 2039 2540 2080 senuerint

1482 2086 1553 2123 figit,
1572 2087 1718 2115 Amantem
1738 2082 1776 2111 miv
1796 2085 1894 2121 ἐςιῧνπι.
1935 2084 1966 2113 V.
1989 2093 2155 2113 AMATOR.

1463 2124 1613 2154 Amantum
1623 2124 1712 2152 ardor.
1734 2122 1842 2152 Lucret.
1855 2122 1904 2151 lib.
1918 2133 1944 2157 4.
1961 2127 2041 2158 1070.

1545 2161 1670 2191 Fluctuat
1684 2162 1796 2192 incertis
1812 2160 1947 2190 erroribus
1961 2160 2041 2188 ardor
2057 2165 2208 2189 amantum.

1463 2199 1589 2229 Amantis
1608 2206 1699 2229 nutus.
1721 2198 1828 2229 Tibull.
1838 2198 1886 2227 lib.
1906 2207 1929 2226 1.
1947 2203 1972 2232 8.
1988 2207 2012 2227 1.

1464 2238 1590 2276 Cupidus
1601 2247 1704 2267 amans.
1725 2236 1810 2267 Ovid.
1823 2246 1847 2273 3.
1869 2236 1950 2274 Epist.
1963 2240 2007 2265 26.

1544 2275 1661 2304 Firmius
1679 2276 1696 2304 ὁ
1715 2275 1811 2312 cupidi
1823 2275 1937 2303 tandem
1954 2282 2084 2302 coeamus
2104 2277 2236 2302 amantes.

1464 2313 1565 2344 Fictus.
1589 2314 1671 2342 Ovid.
1692 2313 1727 2342 de
1741 2313 1819 2342 Rem.
1833 2313 1923 2341 Amor.
1937 2320 2001 2348 755.

1464 2351 1639 2389 Imprudens.
1662 2351 1782 2388 Propert.
1805 2350 1852 2379 lib.
1869 2359 1891 2379 1.
1906 2359 1949 2378 20.
1964 2356 1988 2385 3.
2047 2383 2050 2385 ,

1545 2389 1623 2427 saepe
1639 2389 1810 2426 imprudenti
1822 2389 1932 2417 fortuna
1947 2386 2066 2416 occurrit
2084 2387 2196 2416 amanti.

1464 2425 1612 2457 incautum
1622 2433 1761 2456 amantem
1773 2427 1847 2464 cepit
1857 2425 2007 2454 dementia.
2027 2425 2100 2462 Virg.
2111 2436 2138 2459 4.
2151 2424 2249 2461 Georg.
2266 2425 2329 2460 488.

1464 2464 1610 2495 Insornnis.
1634 2464 1721 2494 Valet.
1738 2474 1763 2501 7.
1786 2465 1884 2501 Argon.
1902 2472 1946 2499 23.

1465 2502 1557 2532 Miser.
1580 2502 1663 2532 Ovid.
1680 2513 1702 2531 1.
1715 2505 1804 2531 Amor.
1816 2512 1840 2537 9.
1854 2506 1898 2534 28-
1922 2502 1947 2530 ἃ
1960 2500 2033 2538 Virg.
2045 2511 2071 2536 4.
2089 2500 2151 2530 AEn.
2168 2508 2233 2535 429.

1466 2540 1625 2577 Neglectus.
1654 2540 1738 2570 Ovid.
1756 2549 1779 2576 3.
1804 2541 1895 2568 Amor.
1911 2544 1936 2572 8.
1953 2542 1997 2573 ⁶5·

1467 2578 1578 2608 Oblitos
1588 2585 1710 2607 amantes
1720 2577 1841 2607 melioris
1851 2577 1938 2605 famae.
1962 2576 2032 2613 Virg.
2046 2586 2071 2611 4.
2084 2575 2144 2605 AEn.
2157 2584 2220 2604 221.

1466 2616 1569 2646 Palleat
1583 2617 1673 2646 omnis
1682 2625 1786 2645 amans.
1808 2615 1891 2644 Ovid.
1906 2624 1928 2642 1.
1940 2614 1975 2643 de
1986 2615 2047 2643 Arte
2058 2615 2117 2643 Am.
2132 2622 2196 2650 731.

1466 2653 1588 2684 Pallidus
1598 2654 1761 2692 coloraptus
1771 2653 1882 2682 amanti.
1904 2652 1987 2681 Ovid.
2008 2661 2031 2680 1.
2054 2652 2090 2680 de
2100 2655 2162 2680 Arte
2173 2651 2231 2679 Am.
2246 2655 2310 2687 729.

1467 2692 1556 2722 Pallor
1565 2693 1718 2720 amantium
1728 2689 1801 2720 viola
1809 2691 1919 2719 tinctus.
1941 2690 2008 2719 Hor.
2022 2699 2045 2725 3.
2058 2690 2148 2718 Carni.
2164 2699 2205 2717 10.
2222 2698 2264 2723 14.

1467 2729 1569 2765 Pei-juri
1580 2738 1711 2759 amantes.
1739 2730 1860 2766 Propert.
1875 2728 1922 2757 lib.
1939 2737 1964 2756 2.
1982 2731 2022 2756 16.
2037 2737 2080 2764 47.

1466 2767 1588 2803 Periuria
1606 2775 1747 2797 amantum
1761 2767 1833 2796 ridet
1847 2766 1983 2803 Juppiter.
2005 2764 2098 2795 Tibul.
2108 2764 2155 2794 lib.
2170 2773 2193 2799 3.
2208 2770 2233 2801 7.
2252 2770 2294 2799 1¹7.

1466 2805 1570 2835 Teneri
1585 2812 1716 2835 amantes.
1737 2804 1831 2834 Tibul.
1846 2804 1893 2832 lib.
1911 2813 1933 2832 1.
1947 2813 1972 2832 2.
1987 2813 2032 2839 29.

1465 2844 1625 2873 Amantium
1638 2844 1691 2873 irae.
1722 2842 1830 2872 Dicitur
1841 2841 1889 2870 ubi
1909 2841 1954 2878 qui
1966 2851 2023 2870 non
2042 2851 2075 2870 ex
2085 2835 2512 2876 animoindignanturinvicem:
2532 2841 2567 2871 au

1486 2882 1521 2911 de
1532 2882 1677 2910 iracundia
1688 2882 1848 2918 neutiquam
1863 2879 1998 2908 duratura.
2032 2880 2096 2909 Ter.
2109 2878 2177 2907 And.
2197 2885 2220 2912 3.
2235 2886 2258 2913 3.
2271 2885 2315 2911 23.
2350 2873 2574 2906 Amantiumirae.

1485 2920 1586 2948 amoris
1604 2919 1799 2955 redintegratio
1817 2917 1862 2946 est.
2508 2915 2511 2917 ’

1467 2958 1551 2986 Ardet
1564 2966 1666 2986 amans
1691 2957 1761 2993 Virg.
1776 2967 1802 2989 a.
1819 2955 1884 2992 ffin.
1899 2963 1959 2983 101.
1998 2954 2081 2982 Ardet
2096 2962 2190 2983 amans
2207 2951 2291 2981 Dido.

1466 2994 1606 3025 Deludere
1619 3001 1766 3024 amantem.
1789 2993 1872 3022 Ovid.
1885 3002 1910 3021 2.
1928 2992 2020 3021 Amor.
2033 3001 2074 3026 19.
2088 3000 2131 3028 32.

1465 3032 1604 3062 Deserere.
1627 3033 1710 3061 Ovid.
1724 3042 1748 3067 3.
1762 3031 1831 3061 Met.
1844 3035 1907 3067 478.

1465 3070 1628 3100 Excludere.
1652 3070 1736 3099 Ovid.
1752 3079 1773 3098 1.
1794 3071 1884 3097 Amor.
1896 3072 1921 3096 6.
1936 3076 1979 3104 31.

1464 3109 1577 3138 Fallere.
1602 3108 1670 3144 Virg.
1685 3118 1710 3142 4.
1725 3107 1785 3136 AEn.
1797 3109 1859 3141 296.
1973 3120 2011 3126 —-
2031 3105 2091 3142 quis
2108 3103 2203 3133 fallere
2224 3099 2306 3142 possit
2326 3100 2488 3132 amantem?

1465 3146 1588 3176 Flectere
1606 3152 1752 3174 amantem.
1776 3144 1859 3173 Ovid.
1876 3153 1917 3172 11.
1931 3143 1999 3172 Met.
2015 3153 2079 3178 450.

1465 3185 1600 3214 Fraudare
1616 3183 1671 3220 spe.
1694 3182 1777 3212 Ovid.
1794 3192 1836 3217 14.
1856 3181 1923 3211 Met.
1936 3191 1998 3217 715.

1466 3222 1574 3251 Ludere
1590 3228 1660 3250 vana
1671 3220 1725 3258 spe.
1748 3220 1820 3257 Virg.
1832 3229 1854 3248 1.
1869 3220 1929 3249 JEii.
1947 3227 2009 3253 332.

1464 3260 1657 3290 meminerunt
1667 3266 1790 3287 amantes
1800 3257 1902 3286 omnia.
1925 3256 2010 3285 Ovid.
2025 3265 2035 3284 1
2044 3265 2067 3290 ς.
2080 3254 2161 3293 Epist.
2173 3263 2219 3291 43.

1465 3298 1582 3327 Perdere
1597 3303 1744 3326 amantem.
1767 3295 1851 3324 Ovid.
1866 3305 1891 3330 9.
1911 3294 1979 3324 Met.
1997 3297 2057 3329 546.

1466 3336 1631 3365 Przecurrere
1644 3341 1767 3363 amantes
1778 3341 1874 3361 omnes
1887 3342 1941 3361 una
1950 3332 2009 3360 dies
2025 3331 2123 3368 potuit.
2146 3329 2266 3367 properi.
2282 3327 2330 3358 lib.
2347 3338 2370 3357 1.
2386 3334 2427 3364 13.
2444 3335 2488 3362 25.

1466 3373 1607 3403 Recedere
1622 3372 1656 3401 ab
1672 3379 1790 3400 amante.
1813 3369 1897 3399 Ovid.
1918 3370 1953 3398 de
1967 3369 2046 3398 Rem.
2059 3370 2150 3397 Amor.
2169 3372 2231 3401 619.

1466 3412 1561 3441 Solvat
1575 3420 1609 3439 eo
1631 3416 1776 3439 amantem.
1809 3408 1827 3437 i.
1848 3417 1872 3436 e.
1904 3406 1944 3437 Ab
1963 3416 2006 3436 eo.
2037 3406 2078 3435 De
2096 3406 2182 3435 AEnea
2203 3404 2323 3441 loquitur

1486 3450 1547 3478 sEii.
1622 3470 1627 3476 .

1466 3458 1645 3517 Somniii7sibi
1666 3485 1773 3522 fingunt
1792 3489 1925 3513 amantes.
1966 3482 2097 3518 Sumptus
2117 3490 2151 3509 ex
2163 3479 2234 3516 Virg.
2246 3478 2274 3507 iii
2290 3477 2427 3507 Pharmac.
2471 3474 2575 3506 Servius

1485 3523 1618 3553 admonet
1632 3522 1837 3560 proverbialiter
1850 3521 1955 3549 dietum
1966 3530 1980 3548 a
1990 3522 2080 3557 poeta.
2120 3518 2191 3547 Nam
2204 3517 2279 3553 quod
2293 3516 2407 3553 quisque
2418 3515 2504 3552 sperat
2513 3535 2521 3548 ,
2541 3512 2578 3542 fa·

1485 3563 1539 3591 cile
1558 3561 1654 3590 credit.
1748 3573 1786 3581 ·—
1805 3560 1831 3588 8(
1850 3558 1926 3587 tarde
1940 3579 1947 3591 ‚
1970 3566 2029 3594 quae
2050 3556 2154 3585 credita
2173 3555 2296 3591 laedunt,

1547 3599 1701 3628 Credimus.
1754 3604 1784 3627 ut
1795 3598 1832 3626 311
1842 3595 1924 3626 Ovid.
1939 3603 1964 3624 2.
1979 3595 2062 3632 Epist.
2077 3604 2102 3629 9.
2586 3602 2593 3630 i¹

1466 3636 1583 3667 Lumina
1599 3637 1726 3665 amantia.
1749 3635 1888 3669 Ovid-19.
1908 3633 1988 3670 Epist.
2001 3641 2045 3667 25.
2444 3632 2455 3641 Χ
2602 3627 2604 3632 “

1466 3675 1578 3704 Nomen
1596 3674 1731 3703 amantius
1753 3671 2004 3709 indulgentiusque.
2027 3669 2085 3699 Cic.
2104 3677 2155 3705 pro
2174 3666 2283 3697 Cluent.
2304 3673 2346 3695 12.
2367 3665 2434 3702 Quo
2452 3663 2526 3693 enim
2538 3657 2576 3705 011

1484 3712 1573 3749 ipsum
1592 3721 1695 3740 nomen
1712 3711 1848 3739 amantius
1866 3708 2108 3746 indulgentiusque
2124 3706 2301 3734 maternum:
2324 3704 2377 3732 hoc
2399 3702 2473 3731 illius
2487 3706 2576 3743 matris

1485 3759 1544 3786 qua·
1559 3748 1659 3777 inultos
1670 3750 1724 3784 jani
1739 3744 2215 3781 3000501100]10101100111010111111.
2236 3740 2369 3779 singulare
2379 3739 2464 3770 scelus
2476 3744 2580 3774 majore*

1484 3787 1551 3815 odio
1568 3787 1683 3822 dignum
1694 3786 1747 3815 ess'e
1764 3785 1879 3813 ducetis.
2602 3796 2604 3815 ;

1427 3826 1536 3857 ΑΜΑΝ
1548 3833 1566 3851 Τ
1577 3834 1610 3851 ¹131<
1623 3845 1630 3855 ,
1671 3824 1711 3852 ius
1724 3845 1732 3858 ‚
1761 3822 1856 3851 iffime⁴
1886 3822 1901 3855 [
1916 3821 2019 3848 Φιλικιῗς
2036 3820 2048 3855 ]
2078 3817 2145 3852 MV.
2167 3816 2239 3854 011131.
2262 3817 2279 3845 i.
2297 3826 2321 3845 Ε.
2355 3816 2448 3845 Amice
2468 3815 2495 3844 ἃ
2514 3819 2574 3842 cum
2587 3817 2604 3846 1

1466 3870 1568 3892 amore.
1609 3861 1667 3890 Cic.
1699 3871 1741 3890 12.
1770 3860 1843 3889 Fani.
1886 3858 1941 3887 Sed
1967 3866 2057 3894 neque
2085 3856 2264 3885 vehementer
2290 3856 2316 3884 81
2342 3860 2474 3883 amanter.
2508 3849 2576 3879 Plin.
2587 3850 2599 3876 l<

2498 3879 2604 3953 »11

2550 1778 2556 1796 i
2592 1786 2594 1791 .

2584 2418 2592 2651 .πτετ<-.“->.<;
2584 2299 2595 2413 ςφκη...
2584 2266 2591 2290 -ι
2583 2191 2592 2260 m

2596 2715 2604 2807 -5-.-
2600 2705 2604 2710 .
2599 2618 2604 2700 -——
2599 2565 2604 2610 --.-
2593 2129 2604 2558 Q

2347 3402 2430 3432 Dido,
2460 3398 2531 3438 Virg.
2548 3385 2589 3461 4.1
2602 3423 2604 3426 .

2589 3513 2592 3522 i

2590 3544 2593 3557 l

2591 3651 2604 3686 b.

2591 3688 2604 3702 <.

2596 3706 2604 3729 ἴ1

2596 3733 2604 3766 i
