2604 4222
199 112 270 152 462
348 78 351 81 Ι
597 106 626 141 C
725 106 752 140 A
845 104 878 139 U

241 186 339 216 Vivere
354 189 383 217 in
401 198 536 226 caupona.
559 188 626 217 Hor.
649 197 672 216 r.
691 184 774 224 Epist.
789 194 830 215 rr.
847 194 888 214 12.
921 183 1013 212 Festus
1029 182 1146 219 Copona
1168 178 1281 213 scribit,
1302 178 1354 207 &a

263 224 358 262 Copiis
367 226 468 255 dictam
481 227 565 259 dicit.
586 224 689 255 inscite.
732 224 760 252 V.
784 223 879 252 Dacer.
895 224 950 249 not.
1129 255 1134 260 ¹
1197 254 1202 260 Ι
1260 253 1265 258 ι
1299 253 1305 258 ⁵

244 261 378 299 caupona
387 265 453 292 item
466 270 515 301 pro
527 262 655 300 Hospita,
675 271 690 290 a
699 260 793 298 Caupo
802 282 809 294 ⁷
832 268 875 292 ut.
897 269 911 286 a
922 258 976 286 Leo
989 256 1087 285 Leaena
1098 276 1106 291 ,
1127 260 1217 292 inquit
1226 251 1353 282 Pnscian.

265 304 289 328 6.
308 310 334 337 p.
349 304 412 334 ⁶84-
437 300 469 329 Et
485 300 570 330 Lucil.
585 309 607 334 ³·
621 299 674 328 Sat.
691 308 717 326 n.
737 307 779 334 33.
802 306 851 334 per
864 295 982 325 Dousarn
993 315 1002 329 ‚

325 337 457 374 Caupona
466 338 610 367 hictamen
622 336 747 372 unaSyra
758 356 765 369 ‚
786 336 854 377 &c⁸
952 368 957 374 ²
1081 367 1086 372 ι
1102 366 1108 373 ·
1294 364 1299 371 ι
1336 364 1342 370 .

210 373 232 403 C
240 383 260 402 A
270 384 289 402 υ
297 383 312 402 Ρ
320 385 336 403 o
346 385 365 403 N
374 378 391 404 ῠ
400 386 416 403 L
426 385 446 403 A
456 397 464 410 ‚
485 385 514 404 ae.
536 375 556 404 f.
578 372 767 410 [wmza'dlov]
788 372 885 400 dimin.
926 368 985 398 Cic.
998 377 1024 397 2.
1038 366 1158 410 Phili-pp.
1172 375 1216 403 77.
1238 364 1357 394 Delituit

210 445 233 477 C
248 411 275 440 in
288 413 406 448 quadam
416 411 605 477 cauponulan:d
611 418 694 482 atque
705 403 1356 480 ibilseofffiigtjitnsffoezeqpptagitfflssegpgikqfflio

243 458 287 514 2*le
296 459 579 523 {pgguqqssgi}.lgggis'
600 458 752 521 ghafiregtrlner
760 458 936 525 &sup-onius?
955 466 1077 517 ,Iustinus
1086 465 1134 509 lib.
1153 489 1210 522 ¹2⁷·
1221 488 1258 506 ¹2.
1275 475 1356 521 ,Juffi-

247 525 458 590 ittissssssssfflissi
468 520 1031 599 §.sgittisf‘eiffissfiffiflffi.{³233}
1043 515 1357 585 οιῗῖἓῖἓὲῗὲῗῗὲὰὶῗέι

247 598 523 672 sglilgrnlesgzigponia.
564 633 627 671 Ulp.
641 632 659 662 1.
673 641 717 668 43.
732 641 774 670 pr.
790 631 825 661 D.
840 631 875 661 de
891 631 945 660 ritu
959 637 1039 668 nupt.
1055 631 1082 660 δε
1094 629 1168 660 Paul.
1184 628 1201 658 l.
1219 637 1260 665 ¹3·
1275 627 1306 656 D.
1320 626 1357 655 de

266 672 385 702 instruet.
401 672 443 701 vel
455 672 576 701 instrum.
616 671 690 700 cons.
713 679 755 699 co
765 679 778 698 P
788 680 805 698 o
816 679 836 699 N
844 681 853 698 1
862 679 880 698 u
888 679 910 698 s.

210 708 233 738 C
242 719 260 737 A
271 719 289 737 u
299 719 312 738 Ρ
322 719 338 738 0
347 719 367 738 N
377 721 386 738 t
397 720 413 739 υ
423 720 444 739 Μ
457 731 464 744 ‚
486 710 503 738 i.
526 717 553 738 n.
584 708 667 737 Gloss.
690 708 735 737 Gr.
754 707 811 737 Lat.
828 708 955 738 «ςιπηλεῖον
966 728 975 741 ,
1003 705 1190 744 Cauponium.
1218 703 1355 740 Pompon.

245 746 304 782 JCt.
322 746 353 775 D.
371 747 388 775 l.
402 757 442 782 ¹5-
456 747 491 776 de
499 746 575 776 lnstr.
587 746 630 775 vel
639 745 763 775 [nstrum.
803 745 835 775 In
849 744 988 782 cauponio
998 744 1143 773 institores.
1337 776 1343 782 ·

208 781 231 813 C
240 794 258 812 A
269 794 309 827 unp
318 788 335 813 ὅ
344 794 362 812 N
372 794 388 813 o
399 795 428 827 ῃ,
450 784 626 820 [wanheim]
645 784 694 813 ari.
715 783 753 812 est
766 783 847 813 Lucri
857 782 937 812 causa
945 803 953 818 ‚
975 791 1026 812 ceu
1035 790 1175 819 caupones
1188 779 1287 813 solent,
1309 776 1358 806 ali-

244 822 532 902 gqssssgffgaiifferfihm'
550 867 600 895 per
612 849 819 896 metaphoram,
840 856 921 887 Lucri
938 855 1027 886 caussa
1038 855 1145 886 bellum
1160 863 1261 892 gerere.
1304 852 1357 882 En-

263 905 325 925 mus
335 895 593 972 {selbdcgtltpoiianotfgs
603 901 707 963 {gnum
717 956 726 970 ,
746 932 792 963 sed
803 932 1004 970 belligerantes.
1099 930 1130 961 V.
1152 929 1290 967 Belligero
1301 949 1309 963 ‚
1327 928 1358 956 in

259 980 275 998 r.
286 980 300 999 s
309 981 324 999 L
333 982 349 999 ι
359 981 377 1000 u
388 981 418 1001 iu.

205 1005 254 1037 ca
263 1017 304 1036 151³
314 1018 330 1037 o
340 1018 358 1036 Ν
370 1019 412 1037 Aa
425 1020 434 1037 r
444 1019 462 1038 A
477 1031 485 1045 ,
506 1019 536 1039 τε.
556 1009 722 1046 [mannans]
742 1009 789 1038 Ars
800 1007 985 1046 cauponandi.
1004 1005 1147 1036 Onomast.
1164 1005 1266 1035 Vetus:
1286 1003 1357 1033 Cau-

243 1055 374 1082 ponana,
397 1048 525 1078 ιιςιπηλική,

205 1081 227 1112 C
238 1093 256 1111 A
266 1093 284 1112 u
296 1093 309 1112 Ρ
317 1094 334 1113 0
345 1093 392 1114 NA
404 1094 419 1113 n
428 1095 437 1113 1
447 1094 464 1113 u
474 1094 496 1120 s,
515 1085 533 1114 i.
553 1093 591 1114 m.
613 1084 692 1114 Idem
703 1094 735 1113 ac
744 1082 944 1121 Caupo.G10ff.
956 1081 1068 1120 Cyrilli:
1090 1080 1291 1119 Cauponarius,
1311 1079 1356 1105 καί-

240 1126 335 1150 πηλῶν.

204 1156 228 1187 C
236 1167 257 1187 A
266 1169 283 1188 υ
293 1169 307 1188 P
316 1161 333 1188 ὔ
342 1171 358 1188 1.
366 1169 384 1188 υ
392 1169 414 1194 s,
425 1160 443 1189 i.
457 1160 611 1198 m.Cymbae
622 1169 716 1197 genus.
724 1157 1053 1194 Gell.1o.25.Caupolum
1063 1156 1267 1185 vocatllidorus
1281 1163 1353 1188 19.1.

205 1195 228 1225 C
238 1206 256 1224 A
265 1206 366 1232 unio,
387 1199 436 1227 i‘re.
458 1197 579 1227 Verbum
594 1196 772 1236 pantheribus
782 1197 935 1234 proprium,
947 1202 978 1224 ut
992 1195 1097 1231 Latrare
1112 1194 1238 1228 canibus,
1251 1200 1281 1222 ut
1293 1191 1353 1221 vult

242 1234 265 1263 is
276 1235 322 1271 qui
333 1234 492 1273 conscripsit
502 1236 603 1265 librum
616 1233 772 1264 Philomelae
784 1255 792 1268 ‚
814 1234 861 1269 qui
871 1232 955 1269 vulgo
970 1232 1055 1263 Ovid.
1072 1232 1219 1267 tribuitur,
1232 1241 1256 1260 v.
1273 1240 1316 1266 51.

321 1272 439 1302 Panther
453 1274 541 1303 caurit
554 1283 666 1308 amans,
688 1272 789 1310 pardus
799 1270 903 1300 hiando
917 1270 985 1300 felit.
1203 1306 1209 1312 Ι
1309 1305 1315 1311 ι

202 1308 226 1338 C
235 1319 255 1338 A
264 1319 283 1338 u
293 1319 309 1338 R
320 1321 329 1338 1
341 1320 387 1340 tm
397 1333 404 1346 ‚
421 1311 438 1340 i.
455 1321 482 1340 n.
505 1312 520 1347 [
532 1311 659 1346 Kadasa]
679 1309 824 1340 Lusstaniae
837 1309 976 1347 oppidum
988 1306 1154 1338 Ptolemaeo:
1174 1306 1229 1336 alio
1239 1313 1355 1335 nomine

241 1346 338 1378 Caura.
379 1348 467 1386 Vulgo
486 1352 574 1378 Corra.

201 1383 254 1414 CA
264 1394 282 1414 u
293 1395 308 1413 a
319 1395 336 1414 o
345 1396 357 1415 s
368 1408 376 1421 ‚
396 1387 414 1416 i.
437 1396 473 1415 m.
497 1388 512 1422 [
520 1384 644 1421 κκύςίῷι]
664 1383 753 1414 Insula
772 1390 829 1414 erat
841 1405 850 1420 ,
871 1393 932 1421 quae
951 1383 1044 1421 postea
1068 1383 1142 1412 dicta
1168 1382 1206 1412 est
1226 1381 1333 1411 Andros
1344 1401 1353 1417 ‚

240 1422 344 1453 deinde
358 1424 521 1453 Antandros.
543 1423 611 1453 Plin.
623 1422 670 1452 lib.
685 1433 710 1458 ⁴·
726 1432 787 1460 cap.
802 1432 844 1452 12.
867 1422 957 1459 Vulgo
974 1421 1072 1450 Andro.

203 1459 617 1506 CAuaus‚CAuRrNus3
650 1460 679 1489 V.
705 1469 828 1489 coaus.
1232 1495 1239 1501 ·

202 1496 225 1527 C
235 1505 254 1525 A
265 1508 282 1527 υ
291 1508 329 1528 SA
338 1520 348 1535 ,
369 1509 399 1529 ae.
421 1499 440 1528 f.
461 1496 553 1535 [od-ria
563 1520 572 1534 ‚
592 1497 660 1525 ac'noi
670 1519 679 1532 ‚
699 1494 751 1527 δίκη
762 1520 771 1533 ,
788 1497 874 1532 λάζη]
895 1496 948 1527 five
964 1495 986 1526 C
995 1505 1061 1525 Aus
1071 1504 1111 1525 sA
1132 1495 1177 1532 (ut
1189 1493 1355 1533 scripserunt

239 1535 334 1574 Virgil.
346 1538 372 1567 Sc
382 1537 480 1567 Cicero
490 1559 499 1572 ,
519 1536 586 1566 teste
597 1535 797 1573 Quintiliano)
816 1536 918 1565 dicitur
934 1535 966 1564 Id
983 1543 1018 1563 ex
1036 1544 1091 1570 quo
1104 1556 1112 1567 ‚
1132 1533 1177 1562 vel
1194 1543 1243 1571 per
1257 1533 1331 1570 quod
1343 1553 1353 1567 ‚

237 1573 284 1603 vel
294 1584 308 1603 a
318 1584 373 1612 quo
385 1597 394 1610 ‚
414 1574 459 1604 vel
474 1581 586 1612 propter
601 1573 676 1611 quod
690 1573 795 1610 aliquid
806 1573 844 1603 fit.
884 1573 1008 1609 Quidam
1028 1571 1142 1600 Causam
1163 1581 1179 1600 a
1197 1571 1288 1614 Chaos
1306 1570 1354 1613 de-

237 1613 323 1642 tracta
332 1612 498 1650 aspiratione
509 1613 610 1641 distam
621 1611 675 1640 effe
686 1612 843 1641 existimant
856 1620 863 1640 ε
885 1611 961 1648 quod
972 1609 1084 1639 confusa
1100 1609 1147 1638 illa
1167 1615 1282 1638 materia
1297 1617 1352 1645 pri-

236 1658 284 1679 ma
292 1652 418 1679 omnium
433 1659 520 1679 rerum
532 1649 611 1679 causa
622 1649 712 1678 fuerit.
751 1649 802 1678 Alii
813 1659 828 1678 a
840 1649 936 1678 Graeco
951 1649 1032 1674 καῦσπ
1043 1669 1051 1682 ,
1072 1647 1148 1684 quod
1158 1647 1286 1675 ardorem
1297 1645 1354 1674 five

236 1687 402 1717 incendium
414 1688 562 1724 fignificat:
586 1687 660 1724 quod
672 1686 751 1717 causa
765 1687 796 1716 sit
811 1696 872 1724 quae
885 1695 935 1715 nos
953 1686 1082 1715 accendit
1097 1691 1179 1721 atque
1198 1684 1352 1726 inflammat

237 1725 272 1754 ad
283 1725 389 1762 aliquid
397 1726 545 1763 agendum.
582 1724 718 1755 Nonnulli
730 1735 744 1754 a
755 1723 903 1754 Cavendo:
925 1723 1001 1760 quod
1015 1732 1047 1752 ea
1058 1723 1090 1751 sit
1100 1732 1160 1760 quae
1172 1729 1251 1752 cavet
1260 1720 1353 1764 utali-

236 1763 303 1801 quid
316 1771 409 1801 agatur
421 1785 429 1799 ‚
451 1769 565 1793 autnon
576 1769 678 1800 agatur.
718 1762 841 1799 Quidam
861 1771 877 1791 a
894 1761 961 1791 Casu
977 1771 984 1790 :
1007 1761 1082 1798 quod
1099 1761 1180 1790 initia
1190 1762 1216 1790 ἃ
1230 1760 1352 1797 origines

236 1810 328 1830 rerum
344 1811 403 1838 quae
414 1801 498 1830 eausae
507 1801 570 1830 sunt
581 1823 589 1836 ‚
610 1800 672 1830 casu
684 1801 822 1829 eveniant.
1290 1835 1296 1840 .

237 1838 322 1868 Causa
331 1848 362 1868 ea
372 1839 410 1868 est
421 1861 430 1873 ‚
453 1849 511 1876 quae
522 1839 550 1868 id
559 1838 645 1868 efficit
654 1839 733 1874 cujus
742 1838 780 1867 est
794 1837 890 1868 causa:
911 1843 943 1868 ut
952 1837 1063 1873 vulnus,
1083 1836 1198 1866 mortis:
1218 1835 1350 1871 cruditas,

255 1876 346 1905 morbi
358 1886 364 1906 :
387 1877 458 1920 ignis
470 1899 478 1913 ‚
498 1877 609 1906 ardoris.
633 1876 691 1906 Cic.
705 1877 740 1905 de
749 1876 816 1905 Fato
837 1886 879 1911 34.

234 1913 316 1944 Nihil
326 1914 384 1944 fieri
395 1916 451 1944 line
460 1914 539 1945 causa
549 1914 646 1953 potest.
670 1914 727 1944 Cic.
741 1923 767 1944 2.
780 1914 816 1943 de
825 1914 917 1943 Divin.
928 1916 974 1942 61.

236 1950 357 1996 Causa&
367 1953 448 1997 ratio.
486 1952 544 2019 CicI:i
559 1962 582 1982 r.
595 1951 651 1982 Off.
666 1956 711 1989 67.
732 1950 817 1981 Causa
826 1959 918 1982 autem
930 1973 940 1987 ,
961 1952 988 1980 &
1005 1949 1076 1980 ratio
1092 1949 1216 1980 efficiens
1232 1957 1352 1987 magnos

253 1999 327 2020 viros
338 2011 346 2025 ‚
367 2000 395 2020 in
428 1999 497 2019 rlore
507 2000 521 2019 e
547 2013 553 2019 .
812 2007 823 2019 ⁸

233 2027 335 2058 Semen
352 2029 378 2058 &
391 2001 469 2058 ciiusa
484 2028 629 2057 bellorum.
666 2027 725 2057 Cic.
735 2037 760 2057 2.
775 2026 832 2057 Off.
846 2036 891 2062 29.
921 2026 982 2056 Nec
999 2035 1064 2055 vero
1073 2035 1195 2062 unquam
1208 2023 1349 2054 bellorum

253 2065 378 2095 civilium
386 2065 478 2095 semen
489 2067 515 2096 ἃ
527 2065 606 2096 causa
616 2065 712 2094 deerit.
750 2065 823 2094 conf.
856 2064 993 2094 Arborum
1008 2063 1087 2093 causa
1096 2065 1135 2093 est
1144 2063 1174 2092 in
1182 2062 1309 2092 seminib.

235 2102 389 2139 Causam‚id
400 2104 438 2133 est
445 2104 615 2142 principium
624 2102 806 2141 philosophiae
816 2102 870 2132 effe
881 2100 1316 2132 scientiam.Cic.1.deNat.Deor.
1324 2109 1348 2129 1.

235 2142 276 2171 Ad
286 2151 347 2170 eam
358 2141 467 2171 causam
477 2141 576 2179 scripta
586 2141 767 2179 interpretari.
808 2140 867 2170 Cic.
882 2151 904 2169 1.
921 2140 1075 2169 deInvent.
1091 2149 1133 2169 1¹.
1155 2139 1349 2175 Quamobrem

253 2180 336 2217 igitur
345 2179 417 2217 leges
433 2179 666 2217 servarioportet‚
688 2179 723 2208 ad
741 2188 801 2207 eam
816 2178 923 2207 causam
937 2177 1035 2215 scripta
1054 2177 1229 2215 interpretari
1248 2185 1348 2206 conve-

254 2218 314 2252 nit,
333 2219 384 2246 διο.
406 2217 434 2247 h.
450 2227 475 2247 e.
497 2217 639 2254 Quoniam
652 2215 771 2254 Reipub.
784 2215 932 2245 servimus:
955 2225 990 2244 ex
1005 2215 1126 2252 Reipub.
1140 2215 1292 2244 commodo
1310 2221 1349 2243 at-

253 2264 307 2292 que
316 2254 436 2284 utilitate
445 2254 520 2292 leges
531 2255 752 2292 interpretamur.
1276 2289 1282 2294 ⁵

234 2292 320 2323 Causa
333 2293 371 2322 est
380 2292 499 2322 faciendi
510 2299 558 2322 aut
568 2302 623 2321 non
635 2292 764 2321 faciendi.
787 2290 907 2327 Quintil·
916 2290 964 2319 lib.
979 2299 1002 2326 3.
1013 2300 1074 2328 cap.
1087 2295 1112 2323 8.
1124 2300 1152 2327 p.
1165 2293 1229 2326 276.
1251 2288 1308 2319 Cic.
1322 2297 1346 2319 ῐ.

253 2331 289 2360 de
306 2330 399 2368 Arusp.
413 2330 493 2368 Resp.
507 2340 548 2360 10.
568 2329 651 2359 Nulla
662 2330 738 2359 enim
749 2329 839 2366 potest
848 2329 978 2366 cuiquam
987 2328 1060 2358 male
1071 2329 1106 2357 de
1118 2327 1228 2366 Repub.
1241 2336 1349 2356 meren.

253 2369 282 2398 di
291 2368 359 2405 justa
369 2368 423 2398 esse
432 2368 518 2398 causa.
557 2367 602 2397 Sic
620 2367 693 2404 Virg.
710 2377 730 2396 1.
748 2366 804 2396 Ecl.
818 2376 864 2403 27.

314 2406 347 2435 Et
360 2416 419 2443 quae
426 2412 501 2434 tanta
511 2405 563 2434 fuit
576 2405 691 2435 Romam
707 2405 757 2433 tibi
768 2404 847 2433 causa
855 2403 993 2432 videndi?
1075 2402 1133 2432 Cic.
1149 2412 1171 2431 ι.
1186 2402 1221 2431 de
1229 2402 1288 2432 Fin.
1302 2404 1345 2432 16.

250 2443 413 2512 ¹Voluptatieg
429 2444 592 2473 omittantur
601 2465 610 2479 ‚
641 2443 778 2479 maiorum
802 2440 978 2480 voluptatum
995 2440 1236 2479 adipiscendarum
1256 2440 1345 2471 causa.

272 2487 358 2512 ucret.
385 2482 391 2509 i
416 2503 421 2510 .
433 2491 459 2517 4.
473 2486 537 2517 840.

313 2519 393 2548 Haud
403 2519 486 2556 igitur
499 2525 614 2556 potuere
621 2517 719 2548 utendi
731 2516 851 2547 crescere
860 2516 947 2546 causa.

232 2556 318 2586 Causa
329 2556 367 2585 est
383 2566 439 2586 cur.
480 2556 537 2586 Cic.
552 2567 577 2592 4·
589 2556 623 2585 de
634 2556 693 2585 Fin.
708 2566 733 2590 9.
765 2555 828 2591 Qua
840 2555 962 2591 exposita
973 2575 982 2590 ‚
1011 2552 1078 2584 scire
1094 2553 1180 2592 cupio
1194 2563 1254 2591 quae
1267 2553 1346 2583 causa

250 2594 284 2623 sit
294 2616 302 2629 ‚
323 2602 372 2623 cur
381 2594 461 2624 Zeno
473 2595 507 2623 ab
519 2595 630 2630 antiqua
641 2593 812 2622 institutione
827 2592 980 2621 desciverit.

230 2631 287 2662 Erit
303 2631 381 2661 causa
393 2641 445 2668 qua
458 2653 466 2664 ,
486 2641 536 2668 pro
548 2631 621 2666 Cur,
641 2631 684 2660 vel
697 2631 886 2667 quamobrem.
927 2630 985 2658 Cic.
1001 2639 1050 2665 pro
1063 2628 1155 2658 Domo
1167 2638 1192 2658 2.
1214 2628 1273 2658 Erit
1283 2636 1346 2657 cau·

249 2668 277 2699 sa
287 2691 296 2705 ‚
317 2679 369 2707 qua
379 2668 523 2698 consilium
540 2669 676 2704 majorum
686 2668 715 2696 in
725 2667 895 2705 amplissimis
908 2668 972 2696 viris
980 2668 1015 2696 ad
1027 2666 1177 2697 sacerdotia
1187 2666 1346 2705 deligendis

250 2708 310 2743 jure
321 2716 352 2736 ac
362 2708 461 2736 merito
471 2706 583 2736 laudare
594 2706 732 2744 poffimus.
775 2705 839 2740 Cur,
860 2706 889 2734 in
903 2705 986 2734 codd.
998 2705 1111 2735 emend.

231 2743 317 2775 Causa
327 2744 436 2782 aliqua,
456 2744 642 2782 quamobrem.
664 2743 728 2772 Ter.
741 2742 809 2772 Eun.
826 2754 849 2778 ς.
862 2746 888 2772 6.
904 2752 946 2778 30.

323 2782 395 2812 Nam
406 2783 462 2818 jam
474 2782 522 2811 diu
532 2781 651 2819 aliquam
662 2780 770 2810 causam
784 2781 922 2817 quaerebat
932 2780 1015 2809 senex
1026 2801 1034 2815 ‚

323 2819 512 2856 Quamobrem
522 2819 624 2854 insigne
635 2818 740 2856 aliquid
750 2818 852 2847 faceret
862 2819 903 2847 iis.
987 2818 1019 2846 Et
1029 2816 1098 2847 [bid.
1111 2826 1134 2847 1.
1148 2824 1172 2848 2·
1183 2818 1228 2854 65.

323 2857 421 2887 Multae
432 2857 493 2886 sunt
504 2856 589 2886 causae
597 2879 604 2891 ,
625 2855 805 2893 quamobrem
817 2856 901 2893 cupio
913 2855 1058 2885 abducere.

231 2893 319 2926 Causa
329 2895 366 2925 est
378 2905 443 2932 quo.
467 2895 550 2925 Plaut.
564 2894 653 2924 Aulul.
668 2904 690 2923 1.
702 2903 727 2923 2.
744 2903 787 2927 14.

324 2932 460 2962 Ne-causae
471 2933 537 2970 quid
545 2932 576 2961 sit
586 2954 594 2968 ,
615 2941 671 2969 quo
680 2937 708 2961 te
716 2931 858 2968 quisquam
870 2930 1002 2967 quaeritet.

248 2970 392 3000 novissime
406 2971 496 3000 editis.

230 3008 298 3038 Haec
312 3009 455 3043 causaest,
476 3007 552 3044 quod
562 3006 597 3036 fic
605 3006 692 3036 statuo
703 3027 713 3041 ‚
734 3007 784 3036 &a
808 3004 866 3034 Cic.
879 3005 914 3034 de
922 3004 1014 3042 Arusp.
1027 3003 1108 3042 Resp.
1123 3008 1166 3040 36.

229 3046 261 3076 ld
272 3047 323 3076 erit
336 3046 421 3076 causae
434 3046 518 3083 quod.
559 3045 616 3074 Cic.
632 3055 655 3073 1.
670 3044 743 3074 Fam.
755 3052 781 3078 7.
803 3043 1008 3079 Quodsirarius
1025 3042 1089 3077 fiet,
1111 3052 1193 3080 quam
1209 3047 1239 3071 tu
1258 3051 1345 3079 expe-

247 3084 334 3114 dabis
346 3106 353 3119 ‚
373 3085 402 3113 id
410 3085 461 3113 erit
473 3081 575 3117 causae,
596 3081 672 3119 quod
687 3090 745 3111 non
755 3082 814 3117 ejus
828 3081 936 3118 generis
953 3090 1023 3109 meae
1042 3080 1128 3110 literae
1145 3079 1223 3116 sunt,
1244 3087 1275 3109 ut
1295 3088 1342 3109 eas

247 3122 363 3151 audeam
372 3129 475 3151 temere
488 3120 671 3150 committere.

229 3158 268 3188 Ea
277 3159 366 3188 causa.
386 3159 447 3188 Ter.
463 3159 533 3188 Hec.
547 3167 571 3194 3.
582 3167 607 3187 2.
624 3167 665 3193 13-

307 3197 367 3232 Jam
378 3206 410 3226 ea
419 3203 446 3226 te
455 3196 533 3226 causa
543 3196 664 3226 maxime
676 3193 731 3223 huc
744 3202 821 3222 nunc
832 3192 946 3222 introire
955 3190 1032 3221 nolo.

230 3232 267 3298 Εἰς
278 3234 356 3263 causa
364 3235 401 3264 est
410 3256 418 3270 ,
435 3242 474 3263 ut.
497 3234 555 3264 Cic.
567 3239 593 3267 8.
606 3235 660 3263 Att.
676 3236 718 3261 16.
741 3231 831 3267 Hujus
842 3238 936 3261 autem
945 3229 1067 3269 epistoiae
1074 3238 1132 3259 non
1141 3228 1230 3259 solum
1237 3239 1269 3260 ea
1279 3239 1342 3260 cau.

260 3281 274 3299 a
285 3272 340 3306 est,
361 3280 391 3300 ut
402 3294 411 3306 ‚
432 3273 484 3301 διε.
698 3290 701 3291 ⁷

230 3307 281 3337 His
291 3310 324 3338 de
336 3309 419 3338 caufis
430 3309 549 3339 credere.
571 3307 630 3338 Cic.
641 3312 667 3338 6.
681 3308 734 3338 Att.
752 3316 775 3337 r.
1065 3342 1071 3347 ⁵
1108 3342 1113 3348 ι
1160 3341 1165 3348 .

231 3344 262 3373 In
270 3345 537 3376 causadamnationis
547 3346 636 3376 fuisti:
658 3346 760 3375 multos
770 3343 935 3377 offenderas,
945 3343 997 3372 διο.
1015 3341 1134 3385 Quintil.
1147 3341 1195 3371 hb.
1208 3351 1233 3378 7.
1246 3352 1337 3380 capa.

230 3381 294 3411 Non
305 3384 341 3412 est
348 3384 424 3413 causa
435 3406 442 3417 ,
464 3394 521 3413 cur.
561 3384 618 3413 Cic.
630 3393 681 3421 pro
693 3383 771 3413 Rosc.
785 3385 871 3412 Amer.
901 3381 988 3424 Quod
999 3380 1016 3408 si
1030 3380 1083 3409 tibi
1093 3379 1171 3408 causa
1189 3380 1265 3409 nulla
1280 3381 1318 3410 est
1329 3402 1338 3416 ‚

249 3429 297 3448 cur
308 3420 381 3449 hunc
395 3421 521 3450 miserum
529 3427 605 3451 tanta
614 3421 771 3451 calamitate
785 3420 856 3449 affici
868 3419 951 3453 velis,
965 3419 1018 3447 ἃς.

230 3456 294 3486 Non
306 3457 360 3486 sine
371 3459 448 3487 causa
460 3460 611 3495 exquirere.
651 3459 710 3488 Cic.
729 3468 772 3494 η.
786 3460 837 3487 Att.
851 3466 896 3486 22.
919 3456 961 3485 De
971 3455 1095 3485 Varrone
1109 3463 1167 3483 non
1184 3453 1239 3484 sine
1260 3455 1338 3485 causa

248 3495 315 3530 quid
326 3494 376 3524 tibi
391 3496 497 3532 placeat
508 3517 517 3531 ‚
538 3503 595 3526 tam
606 3496 753 3532 diligenter
761 3495 886 3532 exquiro.

229 3530 312 3561 Nulla
322 3532 398 3561 causa
410 3555 418 3566 ‚
440 3533 483 3562 vel
495 3534 628 3571 Nunquid
643 3534 727 3563 causae
737 3556 744 3568 ,
767 3535 850 3570 quin,
867 3534 918 3562 διο.
948 3528 1037 3560 Plaut.
1050 3528 1110 3558 Mil.
1132 3528 1266 3564 Nunquid
1275 3538 1339 3558 cau.

248 3568 281 3598 sae
292 3568 329 3597 est
338 3590 346 3602 ‚
366 3570 431 3598 ilico
442 3571 506 3608 quin
519 3578 546 3600 te
556 3571 584 3600 in
594 3572 736 3608 pistrinum
747 3571 870 3600 dedam‘?
900 3570 918 3599 i.
940 3578 965 3597 e.
987 3565 1137 3596 Recusasne
1148 3588 1157 3600 ‚
1178 3575 1224 3594 aut
1237 3567 1338 3595 renuis.

249 3607 306 3634 ne‘?
330 3606 414 3641 [Non
427 3609 515 3645 reperi
528 3609 605 3643 loc.]
627 3610 685 3637 Cic.
695 3619 721 3637 2.
735 3610 770 3637 de
781 3609 857 3638 Orat.
872 3613 917 3642 89.
936 3606 979 3635 De
998 3615 1042 3647 me
1061 3611 1152 3633 autern
1168 3603 1246 3646 causa
1262 3605 1338 3634 nulla

247 3644 286 3672 est
295 3665 303 3675 .
325 3653 371 3672 cur
384 3645 455 3681 apud
468 3645 594 3675 homines
604 3646 831 3683 prudentillimos
840 3653 922 3682 atque
932 3643 1108 3673 amicillimos
1127 3649 1251 3669 mentiar.
1290 3644 1336 3671 Sic

229 3680 306 3711 Nihil
318 3680 417 3715 causte,
440 3682 482 3710 vel
504 3683 566 3712 Non
579 3683 686 3712 causam
704 3685 787 3717 dico,
808 3684 886 3721 quin.
927 3683 1047 3718 Cicpm
1062 3681 1159 3716 Quint.
1173 3689 1215 3714 57.
1248 3678 1338 3709 Nonis

247 3718 325 3749 Febr.
343 3718 361 3746 si
374 3718 466 3748 Romzc
478 3720 548 3755 fuit,
569 3721 653 3750 causae
670 3721 739 3749 nihil
753 3722 871 3750 dicimus
883 3743 891 3755 ‚
911 3721 978 3757 quin
991 3719 1042 3747 tibi
1057 3717 1252 3746 vadimonium
1273 3727 1336 3754 pro-

247 3755 357 3785 miserit.
386 3756 403 3783 i.
421 3765 445 3784 e.
468 3756 531 3785 Non
542 3767 680 3794 negamus.
702 3759 766 3787 Ter.
782 3760 888 3787 Phorm.
908 3768 930 3786 ι.
944 3771 969 3791 5-
982 3767 1025 3789 ⁴2-
1048 3756 1076 3784 si
1087 3755 1141 3789 cst.
1163 3762 1270 3791 patrue,
1284 3759 1335 3783 &C-

309 3793 372 3821 Non
383 3792 489 3821 causzuu
501 3795 566 3822 dico
577 3816 585 3828 ,
603 3796 668 3831 quin
680 3796 754 3830 quod
766 3798 878 3825 meritus
888 3795 920 3824 sit
930 3817 938 3829 ,
959 3795 1036 3822 ferat.
1131 3793 1337 3828 [Tantundem

246 3830 285 3860 est
296 3852 303 3864 ,
327 3831 362 3858 Ac
376 3829 393 3858 li
405 3830 507 3858 diceret
520 3831 582 3859 Non
594 3832 687 3861 recuso
697 3854 705 3866 .,
727 3834 790 3861 Non
803 3843 889 3862 renuo
900 3855 907 3866 ,
922 3833 998 3869 quin.
1020 3830 1065 3859 vel
1080 3830 1158 3859 Nihil
1170 3830 1224 3858 dici
1237 3830 1335 3865 potest,

247 3869 313 3905 quin
326 3869 377 3896 dcc.
398 3866 427 3896 V.
452 3867 521 3895 (iell.
541 3877 580 3897 ιο.
593 3879 615 3905 5.
627 3876 695 3898 extr.
747 3871 819 3898 conf.
842 3870 918 3906 Quid
926 3869 1010 3898 causae
1021 3870 1074 3902 est,
1096 3870 1172 3904 quin.

229 3906 274 3935 Ob
287 3914 347 3935 eam
362 3903 447 3941 ipsam
458 3904 572 3934 causam.
609 3906 667 3935 Cic.
685 3906 720 3936 de
730 3906 801 3936 Clar.
812 3908 889 3937 Orat..
901 3917 947 3944 27.
977 3907 1101 3936 Grandes
1125 3909 1205 3934 erant
1225 3904 1335 3940 verbis,

1087 2928 1198 2967 Legitur
1207 2928 1293 2966 Quod
1312 2929 1346 2958 in

1871 91 1901 126 C
1995 92 2022 126 A
2112 93 2145 128 U

1469 172 1712 240 prgbrgssententiis
1725 195 1734 208 ,
1756 173 1960 212 compreffione
1971 182 2063 203 rerum
2074 172 2188 210 breves,
2207 174 2235 204 ἀ
2245 173 2281 203 ob
2293 183 2353 204 eam
2365 174 2449 213 ipsam
2462 176 2566 210 causam
2594 184 2596 221 J

1482 222 1497 241 u
1521 221 1536 239 o
1570 221 1636 239 curi.

1448 248 1500 279 Per
1511 248 1617 277 causam
1628 248 1745 285 inopum
1756 254 1837 285 atque
1850 247 2053 286 imperitorum.
2085 245 2143 277 Cic.
2156 258 2207 286 pro
2218 244 2311 277 Domo
2327 258 2367 282 η.
2397 248 2488 286 Quum
2499 255 2528 281 tii
2537 253 2565 283 in
2594 271 2595 274 =

1469 296 1586 316 annonae
1599 287 1720 318 caritate,
1732 286 1760 314 in
1771 285 1913 320 Consules,
1926 286 1954 314 in
1964 285 2097 315 Senatum
2107 307 2115 317 .
2138 287 2166 314 in
2179 286 2252 315 bona
2262 286 2436 324 fortunasque
2448 283 2566 327 locuple-
2592 288 2595 315 Ῐ

1471 330 1530 353 tum
1543 345 1551 357 ,
1574 332 1623 360 per
1637 323 1746 352 causam
1757 324 1875 361 inopum
1886 329 1969 360 atque
1981 323 2174 361 imperitorum
2185 324 2349 361 repentinos
2362 325 2481 362 impetus
2495 336 2568 358 com·
2592 347 2593 353 .

1491 370 1586 390 arares.

1449 373 1500 429 ppo
1510 397 1597 427 causa.
1638 397 1704 427 Caes.
1723 406 1748 434 7.
1764 395 1832 428 Bell.
1847 394 1917 428 Gall.
1931 409 1955 433 9.
1967 408 2007 435 pr.
2038 398 2070 427 At
2087 397 2174 427 Caesar
2191 395 2308 427 biduum
2323 398 2359 434 vin
2371 399 2403 428 iis
2413 398 2481 429 locis
2492 410 2567 432 com-

1469 445 1610 470 moratus,
1631 445 1681 472 pro
1701 435 1779 464 causa
1794 435 1999 473 supplementi,
2021 435 2056 465 ab
2076 436 2199 465 exercitu
2224 436 2350 466 discedit.
2391 431 2503 472 [immo
2519 438 2566 470 Per

1469 474 1578 503 causam
1594 495 1602 507 ,
1624 480 1654 501 ut
1671 473 1700 501 in
1716 474 1798 502 codd.
1811 476 1926 503 correct.
1957 475 1975 503 i.
1988 483 2012 503 e.
2037 473 2097 502 Hoc
2108 480 2251 508 praetexto.

1450 511 1501 541 Pro
1513 511 1619 547 magnis
1635 511 1728 540 causis.
1770 510 1828 540 Cic.
1839 521 1890 548 pro
1899 511 1966 541 Sull.
1981 520 2024 546 ²3-
2046 511 2101 540 Sed
2122 517 2214 540 tamen
2235 518 2264 540 te
2280 521 2295 540 a
2310 521 2372 547 me,
2394 520 2444 549 pro
2462 513 2564 551 magnis

1468 549 1552 579 caulis
1562 549 1657 577 nostrae
1664 548 1871 578 necessitudinis
1879 571 1887 583 ,
1909 547 2082 578 monendum
2097 548 2152 577 effe
2173 550 2256 578 etiam
2266 555 2348 586 atque
2359 550 2443 579 etiam
2453 556 2530 588 puto.

1451 587 1514 623 Qua
1525 587 1559 614 de
1569 586 1648 615 causa
1660 587 1720 622 quis
1733 588 1799 623 quid
1812 586 1918 616 sentiat.
1941 586 1999 616 Cic.
2015 597 2036 615 1.
2055 585 2113 615 Off.
2131 596 2191 622 147.
2567 614 2569 616 .
2588 594 2590 623 l

1451 625 1595 661 Quidnam
1605 624 1708 658 causae,
1730 633 1786 653 cur.
1829 624 1887 654 Cic.
1901 634 1926 660 3.
1945 623 2028 653 Tusc.
2045 633 2069 653 1.
2092 623 2236 660 Quidnam
2246 623 2300 654 ess'e
2308 623 2400 661 Brute,
2421 624 2506 656 causae
2515 626 2568 665 piu>
2587 625 2589 638 ⁴

1470 670 1526 691 tem
1539 683 1548 696 ‚
1569 671 1617 690 cur
1628 671 1713 698 quum
1723 662 1880 691 constemus
1890 684 1898 697 ‚
1912 663 1964 692 &c.
2098 689 2105 694 „

1452 699 1529 736 Quid
1538 698 1624 727 causae
1634 699 1671 727 est
1682 721 1690 733 ,
1715 700 1790 736 quin.
1813 699 1879 729 Hor.
1897 710 1918 729 1.
1935 700 2021 728 Serm.
2038 708 2063 728 1.
2076 708 2121 728 20.

1544 736 1622 773 Quid
1632 736 1717 766 causae
1728 738 1766 766 est
1774 759 1782 772 ,
1806 738 1906 767 merito
1922 736 1988 774 quin
1999 737 2052 766 illis
2063 736 2191 775 Juppiter
2200 736 2296 767 ambas

1542 774 1629 803 Iratus
1642 775 1742 804 buccas
1753 775 1853 804 inflet‘?
1955 775 1992 804 Ut
2005 775 2083 804 Nihil
2097 775 2183 804 causae
2195 797 2202 809 ,
2225 775 2302 812 quin.
2324 773 2355 803 V.
2376 772 2465 813 supra.
2585 768 2590 798 l*

2596 684 2604 720 i

1449 811 1520 842 Satis
1530 811 1623 841 causae.
1665 812 1722 842 Cic.
1733 822 1758 842 2.
1774 813 1809 841 de
1821 813 1930 843 invent.
1949 816 1993 842 60.
2015 812 2175 848 Judicatio,
2197 812 2333 842 Atrocitas
2349 812 2509 848 injuriarum
2526 809 2568 862 ⁵¹?
2582 799 2589 847 i

2584 853 2588 898 l

1468 847 1537 878 tisne
1546 849 1632 879 causae
1645 849 1676 878 sit
1686 872 1694 884 ,
1717 860 1800 888 quare
1814 851 1882 880 dum
1897 872 1904 885 ,
1924 851 1975 880 διο.
2531 873 2535 879 ·

1449 887 1515 917 Sine
1526 888 1613 916 causa.
1655 888 1713 917 Cic.
1726 898 1775 926 pro
1791 888 1869 917 Rosc.
1885 890 1975 917 Amer.
1994 896 2039 923 73.
2063 887 2120 925 Qui
2131 886 2293 926 intelligunt
2307 888 2451 918 neminem
2466 898 2503 920 ne
2514 888 2563 920 mi-

1468 926 1575 953 nimum
1588 926 1702 962 quidem
1712 925 1881 955 maleficium
1892 926 1946 956 fine
1957 925 2035 955 causa
2044 926 2201 955 admittere.

1448 962 1515 992 Sine
1528 963 1639 998 multis,
1660 964 1786 1001 magnis,
1809 963 1981 998 necessariis,
2006 964 2099 993 causis.
2122 964 2179 993 Cic.
2192 973 2243 1001 pro
2253 962 2331 993 Rosc.
2349 963 2438 993 Amer.
2449 973 2494 998 40.
2513 963 2536 994 V

1470 1000 1582 1066 rifims'se
1591 1011 1654 1045 *non
1664 1002 1702 1031 est
1714 1002 1780 1031 odio
1789 1001 1868 1032 fuiffe
1878 1002 1987 1040 parenti
1996 1001 2084 1031 filium
2091 1001 2148 1032 fine
2159 1000 2244 1031 causis
2266 1001 2362 1031 multis
2379 1003 2405 1031 ἃ
2425 1000 2557 1042 magnis&

1466 1047 1535 1067 nece
1561 1048 1632 1068 ariis.
2531 1043 2542 1050 ''
2555 1064 2558 1070 .
2591 1040 2593 1048 ⁴

1448 1076 1585 1106 Arborum
1596 1076 1676 1106 causa
1686 1077 1763 1107 estin
1774 1076 1934 1107 seminibus.
1974 1077 2034 1107 Cic.
2044 1085 2070 1106 2.
2090 1076 2181 1115 Philip
2204 1086 2266 1111 .ςς.
2299 1075 2337 1105 Ut
2355 1076 2437 1113 igitur
2448 1075 2506 1105 ins
2589 1064 2604 1112 l

1467 1114 1549 1157 nibus
1560 1115 1638 1144 causa
1647 1115 1685 1144 est
1694 1115 1822 1145 arborum
1833 1117 1859 1145 &
1872 1115 1994 1153 stirpium
2007 1124 2014 1145 :
2036 1114 2072 1144 fic
2083 1114 2166 1150 hujus
2184 1087 2371 1144 fuctuofiffimi
2390 1113 2455 1144 belli
2471 1113 2534 1146 sem'
2562 1138 2567 1154 3
2596 1115 2604 1150 Ji

1469 1157 1500 1180 tu
1512 1153 1594 1181 suisti.
1634 1154 1708 1182 conf.
1730 1154 1869 1183 Semen&
1880 1152 1958 1183 causa
1967 1152 2056 1190 supra.
2533 1151 2560 1178 ⁷«
2591 1156 2604 1180 ’ἱ

1449 1189 1594 1219 Brevitatis
1604 1190 1691 1220 causa.
1731 1191 1788 1220 Cic.
1803 1196 1828 1225 8.
1845 1192 1895 1220 Att.
1907 1201 1952 1220 21.
1984 1190 2174 1229 Lippitudinis
2188 1199 2257 1220 meae
2267 1189 2373 1228 iignum
2385 1186 2562 1239 tibisitlibip.

1468 1228 1501 1256 rii
1515 1237 1614 1257 manus
1625 1250 1631 1261 ,
1655 1230 1681 1258 ἃ
1691 1230 1791 1258 eadem
1801 1228 1880 1258 causa
1893 1229 2041 1259 brevitatis.
2538 1243 2541 1250 ’

1448 1264 1634 1295 Contumeliae
1646 1265 1734 1296 causa.
1772 1267 1829 1296 Cic.
1839 1267 1870 1296 in
1884 1267 1968 1296 Pison.
1979 1272 2023 1301 68.
2045 1266 2111 1296 Non
2121 1276 2166 1296 me
2176 1265 2290 1295 hercule
2299 1264 2476 1295 contumeliae
2489 1274 2518 1295 ca

1468 1303 1621 1371 describsam
1640 1314 1797 1342 quenquam
1806 1316 1822 1340 ‚¹
1844 1305 1993 1343 praesertim
2014 1304 2189 1343 ingeniosum
2206 1304 2353 1333 hominem
2372 1309 2455 1341 atque
2475 1312 2522 1334 eru
2562 1327 2566 1334 .
2587 1320 2596 1339 ·;

1467 1347 1526 1370 tum
1536 1363 1544 1375 .,
1593 1351 1616 1371 c.

1448 1378 1564 1408 Decoris
1580 1378 1669 1408 causa.
2530 1400 2537 1413 ,·
2559 1400 2565 1413 x

1447 1416 1572 1446 Honoris
1583 1417 1663 1446 causa
1672 1417 1770 1446 faeere.
1808 1418 1865 1448 Cic.
1878 1418 1913 1447 de
1930 1418 2001 1448 Clar.
2016 1419 2094 1448 Orat.
2105 1421 2151 1453 86.
2172 1417 2208 1448 Se
2219 1439 2228 1454 ‚
2249 1427 2310 1455 quae
2330 1416 2436 1447 fecisset
2453 1415 2565 1454 honoffim
2584 1419 2594 1448 ,·“

1468 1464 1565 1484 eorum
1576 1454 1655 1484 causa
1664 1477 1672 1489 ,
1693 1455 1811 1485 studiose
1822 1464 2006 1493 accurateque
2014 1456 2117 1486 fecisse.

2519 1256 2569 1352 ff

1692 1378 1812 1416 Quintil.
1827 1379 1875 1409 lib.
1889 1389 1914 1415 3.
1927 1389 1987 1417 cap.
2000 1386 2027 1415 8.

1447 1491 1591 1522 Libertatis
1600 1492 1679 1522 causa
1689 1492 1742 1522 fuit
1755 1494 1870 1524 civitati.
1911 1494 1969 1524 Cic.
1982 1504 2006 1523 2.
2019 1495 2053 1524 de
2065 1494 2124 1524 Fin.
2155 1494 2209 1524 Hic
2217 1492 2300 1523 dolor
2307 1492 2375 1531 Pop.
2386 1492 2469 1524 Rom.
2491 1492 2561 1533 duce

1467 1532 1493 1560 δι
1503 1533 1614 1560 auctore
1623 1531 1707 1560 Bruto
1719 1553 1727 1566 ,
1752 1532 1831 1561 causa
1841 1532 1947 1562 civitati
1959 1532 2091 1562 libertatis
2105 1532 2166 1562 fuit.
2548 1531 2549 1535 ¹

1445 1567 1588 1598 Malorum
1600 1568 1677 1598 causa
1687 1569 1739 1598 fuit
1750 1570 1929 1599 adolescenti.
1950 1570 2009 1599 Cic.
2020 1580 2071 1608 pro
2087 1570 2157 1600 Coel.
2171 1575 2214 1604 18.

1446 1606 1512 1636 Mea
1522 1607 1600 1636 causa
1610 1629 1618 1639 .
1640 1605 1726 1643 Quod
1737 1608 1772 1637 ad
1784 1617 1829 1637 me
1837 1609 1946 1638 attinet.
1967 1607 2053 1637 Plaut.
2066 1607 2139 1638 Rud.
2156 1618 2179 1638 1.
2191 1617 2218 1638 2.
2230 1616 2274 1644 51.

1539 1645 1604 1674 Mea
1615 1645 1732 1682 quidem
1742 1645 1836 1675 hercle
1852 1645 1932 1676 causa
1940 1645 2028 1675 salvos
2039 1646 2070 1675 sis
2078 1646 2153 1676 licet.
2588 1618 2604 1943 ¹

1445 1681 1530 1718 Mea,
1551 1682 1647 1719 causa,
1669 1690 1716 1712 tua
1727 1683 1824 1720 causa,
1845 1684 1930 1714 vestra
1942 1683 2040 1720 causa,
2061 1684 2138 1721 quod
2151 1681 2220 1713 Gall.
2234 1682 2333 1720 vulgus
2350 1682 2420 1713 dicit
2433 1704 2442 1719 ‚
2463 1682 2557 1722 Amore

1465 1721 1539 1756 mei,
1561 1722 1619 1756 tui,
1640 1721 1728 1751 vestri.
1769 1721 1833 1751 Ter.
1843 1721 1873 1751 in
1888 1721 1959 1760 prol.
1975 1722 2041 1752 Hec.
2053 1728 2098 1756 28.
2121 1722 2187 1751 Mea
2200 1721 2278 1751 causa
2289 1731 2367 1758 aequo
2377 1722 2469 1750 animo
2477 1728 2559 1752 atten-

1464 1758 1533 1787 dite.
1575 1758 1633 1788 Cic.
1652 1768 1694 1789 11.
1712 1761 1765 1788 Att.
1777 1765 1803 1794 8.
1824 1760 1873 1789 Sin
1883 1759 1988 1789 vellent
1999 1760 2088 1789 nostra
2097 1759 2193 1794 causa,
2214 1758 2285 1788 nihil
2326 1759 2381 1788 offe
2395 1758 2449 1789 illis
2458 1759 2554 1790 invitis.

1464 1796 1544 1826 Idem
1555 1796 1590 1826 de
1602 1797 1708 1826 Amicit.
1720 1806 1764 1833 97.
1786 1797 1879 1834 Quam
1890 1797 1977 1827 multa
1986 1798 2062 1827 enirn
2071 1807 2131 1835 quae
2145 1797 2237 1827 nostra
2245 1807 2295 1827 cau
2310 1806 2474 1835 anunquam
2490 1797 2558 1828 sace-

1466 1843 1558 1863 remus
1568 1856 1576 1869 ‚
1597 1834 1714 1864 facimus
1724 1835 1804 1865 causa
1812 1836 1975 1865 amicorum.
2547 1856 2553 1857 ff
2570 1836 2575 1874 l

1445 1870 1511 1901 Mea
1522 1872 1601 1901 causa
1610 1872 1701 1902 abeffe
1711 1879 1739 1902 te
1752 1873 1865 1903 moleste
1876 1873 1937 1903 fero
1948 1895 1956 1909 ‚
1976 1879 2023 1903 tua
2033 1873 2150 1911 gaudeo.
2174 1873 2233 1903 Cic.
2250 1882 2261 1901 r
2269 1883 2293 1908 ς.
2309 1871 2384 1902 Fam.
2398 1877 2441 1907 18.
2524 1875 2529 1881 '
2569 1880 2575 1901 τ

1445 1909 1504 1939 Mei
1518 1910 1597 1939 causa
1606 1911 1680 1940 dare.
1721 1909 1830 1948 Ulpian.
1842 1911 1871 1940 in
1883 1910 1902 1941 l.
1923 1912 1952 1941 Si
1962 1913 2117 1949 gratuitam.
2140 1912 2162 1949 §.
2185 1911 2350 1949 Papinianus
2361 1910 2409 1940 lib.
2429 1915 2454 1944 8.
2475 1908 2507 1939 D.
2523 1908 2574 1941 dem

1463 1947 1612 1986 Praescript.
1625 1949 1701 1978 verb.
1724 1948 1753 1977 Si
1764 1959 1829 1978 vero
1838 1949 1894 1979 mei
1904 1949 2038 1979 duntaxat
2048 1949 2128 1979 causa
2145 1950 2242 1979 datum
2261 1949 2318 1984 est,
2339 1947 2436 1978 dolum
2454 1947 2554 1983 solum:
2566 1948 2573 1990 »τ
2586 1949 2604 1986 ij

1467 1986 1531 2022 quia
1541 1996 1628 2024 prope
1639 1985 1797 2020 depolitum
1805 1987 1859 2016 hoc
1871 1987 1991 2017 accedit.
2567 1998 2571 2026 A
2590 2002 2600 2018 Α

1443 2022 1632 2054 Nummorum
1642 2023 1732 2059 causa,
1743 2024 1822 2054 causa
1831 2026 1974 2063 temporis.
1996 2024 2083 2054 Plaut.
2097 2024 2208 2054 Mosta.
2221 2033 2245 2054 1.
2257 2033 2299 2053 10.
2318 2023 2375 2061 Qui
2387 2024 2469 2053 trium
2480 2027 2571 2052 num-:²
2588 2033 2604 2063 ¹3

1463 2071 1573 2090 morum
1583 2062 1661 2092 causa
1672 2062 1790 2092 subeunt
1799 2061 1847 2092 sub
1857 2063 1932 2093 falas.
1963 2063 2021 2094 Cic.
2037 2062 2073 2092 de
2085 2063 2192 2092 Amicit.
2203 2066 2247 2091 26.
2271 2062 2341 2091 Nam
2353 2061 2485 2090 utilitates
2499 2059 2555 2098 qu'i-

1463 2099 1528 2128 dem
1539 2100 1621 2128 etiam
1630 2100 1664 2129 ab
1674 2101 1706 2129 iis
1714 2100 1908 2138 percipiuntur
1918 2100 1987 2139 saepe
1997 2123 2005 2136 ‚
2028 2102 2074 2138 qui
2090 2100 2262 2129 simulatione
2272 2100 2400 2129 amicitiae
2414 2098 2561 2134 coluntur.

1465 2138 1491 2166 ἂ
1502 2137 1679 2167 observantur
1687 2138 1765 2168 causa
1775 2139 1917 2176 temporis.
1937 2139 1985 2168 Pro
1992 2138 2048 2168 hoc
2057 2138 2122 2168 alibi
2132 2138 2207 2167 idem
2216 2138 2294 2172 dicit,
2305 2137 2340 2167 Ut
2351 2143 2382 2167 ut
2390 2144 2501 2175 tempus
2509 2135 2555 2166 est.

1443 2173 1542 2204 Ruinae
1552 2176 1630 2204 causa
1642 2176 1717 2205 notai.
1741 2175 1824 2205 Ovid.
1837 2188 1864 2212 4.
1877 2176 1955 2206 Trist.
1975 2187 2015 2205 io.
2028 2187 2071 2211 99.
2082 2177 2118 2205 de
2131 2176 2218 2213 seipso
2227 2175 2354 2211 loquens.

1445 2212 1547 2241 Salutis
1561 2214 1686 2242 omnium
1697 2214 1776 2243 causa
1786 2214 1932 2244 decedere.
1955 2214 2013 2244 Cic.
2031 2216 2126 2251 Anteq.
2141 2214 2192 2244 iret
2201 2216 2230 2242 in
2242 2212 2306 2242 exil.
2320 2222 2364 2243 20.

1440 2250 1495 2280 Sua
1504 2251 1675 2289 autReipub.
1688 2252 1776 2282 causa.
1816 2251 1874 2282 Cio.
1885 2258 1911 2287 8.
1924 2254 1978 2282 Att.
1991 2261 2035 2282 11.
2064 2252 2093 2282 Si
2103 2261 2148 2281 me
2162 2251 2246 2281 vellet
2256 2250 2301 2280 sua
2310 2249 2481 2288 autReipub.
2492 2257 2553 2280 cau-

1459 2288 1486 2317 sa
1502 2289 1642 2318 Luceriam
1658 2290 1761 2320 venire.
2579 2307 2581 2311 v
2599 2311 2603 2320 .

1440 2325 1490 2355 Sui
1503 2327 1581 2356 causa
1592 2328 1726 2371 accipere.
1768 2326 1903 2364 Ulpianus
1919 2326 1982 2357 inl.
2006 2327 2076 2357 Eum
2091 2320 2147 2364 qui.
2169 2327 2191 2364 §.
2214 2325 2269 2356 Sed
2288 2327 2313 2355 Gr
2325 2326 2352 2355 li.
2374 2324 2406 2354 D.
2428 2303 2603 2431 Commo-{H

1460 2364 1517 2393 dati
1527 2386 1535 2399 ‚
1561 2365 1587 2394 Si
1602 2375 1665 2394 vero
1676 2365 1732 2403 ipse
1745 2365 1886 2395 cuivoluit
1896 2365 2032 2395 commisit
2042 2387 2050 2402 ‚
2071 2375 2148 2402 aeque
2159 2364 2228 2394 mihi
2245 2364 2356 2402 culpam
2365 2359 2551 2402 praestabit‚'fi

1459 2401 1498 2431 sui
1511 2402 1589 2432 causa
1605 2405 1725 2441 accepit.
2580 2399 2601 2435 '‘z-

1438 2438 1562 2469 Timoris
1575 2441 1646 2470 inter
1656 2441 1748 2470 causas
1758 2440 1860 2471 dicitur
1871 2440 1925 2470 ess'e
1936 2441 2089 2479 quippiam.
2110 2439 2142 2469 V·
2163 2450 2174 2468 1
2183 2449 2204 2469 Ν
2212 2448 2232 2468 τ
2242 2450 2256 2468 s
2267 2449 2292 2469 R.
2558 2437 2563 2468 l
2578 2429 2601 2469 s‘l

1439 2477 1501 2507 Tua
1511 2476 1589 2507 causa
1600 2479 1674 2508 volo.
1712 2478 1770 2508 Cic.
1785 2488 1809 2514 3.
1825 2479 1899 2508 Fam.
1911 2482 1937 2508 6.
1968 2479 1997 2509 Si
2013 2485 2110 2508 natura
2121 2487 2150 2508 es
2163 2474 2296 2511 Qfflffl'n&
2307 2498 2318 2515 ,
2338 2475 2409 2506 illud
2426 2484 2484 2506 non
2495 2472 2564 2513 1²⁸⁶*
2578 2477 2604 2515 ,Ὁ

1460 2514 1537 2544 ficies
1550 2537 1558 2549 .
1580 2526 1635 2553 quo
1646 2517 1737 2545 minus
1747 2523 1794 2546 tua
1803 2516 1881 2546 causa
1890 2517 1983 2546 velim.
2485 2551 2492 2557 ⁵
2557 2504 2560 2526 ¹
2579 2518 2600 2554 (ὁ

1440 2552 1521 2582 Verbi
1533 2554 1619 2584 causa.
1661 2554 1719 2584 Cic.
1740 2555 1775 2583 de
1787 2554 1851 2584 Fato
1863 2564 1905 2583 12.
1941 2555 1969 2583 Si
1983 2554 2061 2592 quis,
2081 2553 2158 2583 verbi
2178 2552 2274 2588 causa,
2295 2552 2404 2582 oriente
2426 2531 2561 2619 Camoni-l
2576 2553 2604 2608 ff:

1459 2599 1539 2620 natus
1550 2592 1588 2620 est
1597 2614 1605 2627 ‚
1626 2592 1648 2621 is
1660 2593 1687 2620 in
1698 2593 1766 2621 mari
1777 2602 1835 2621 non
1849 2592 1990 2622 morietur.
2010 2593 2030 2623 i.
2043 2602 2067 2622 e.
2089 2591 2219 2629 Exempli
2228 2591 2322 2628 gratia.
2576 2590 2604 2637 fl:

1439 2627 1495 2658 Viae
1511 2629 1597 2658 causa.
1624 2630 1708 2659 Ovid.
1724 2639 1749 2659 2.
1765 2630 1833 2659 Met.
1848 2639 1892 2667 33.
2512 2636 2513 2639 ’
2554 2621 2560 2668 l
2578 2618 2604 2661 ιῖ-

1438 2665 1572 2696 Utilitatis
1584 2667 1669 2697 causa.
1693 2667 1799 2698 Lucret.
1810 2668 1860 2697 lib.
1879 2678 1903 2702 ς.
1917 2670 1981 2702 868.
2554 2665 2559 2714 j
2587 2664 2604 2698 ¹³.

1531 2705 1601 2741 Quae
1613 2705 1709 2734 damus
1720 2706 1846 2735 utilitatis
1856 2715 1953 2735 eorum
1964 2705 2077 2743 praemia
2094 2703 2184 2734 causa.
2216 2719 2221 2723 ³
2554 2717 2557 2727 ν
2579 2703 2604 2736 “iz

1438 2740 1548 2771 Abdita.
1590 2742 1621 2772 ln
1642 2753 1711 2771 aar>
1724 2753 1827 2772 rrum.
2413 2776 2419 2783 ¹
2553 2730 2559 2774 l
2594 2739 2604 2782 ³3.

1438 2779 1526 2808 Certis
1537 2780 1572 2809 de
1582 2780 1666 2810 causis
1676 2780 1756 2810 aliter
1765 2781 1928 2810 existimare.
1963 2779 2021 2809 Cic.
2038 2789 2061 2810 r.
2073 2779 2109 2810 de
2123 2779 2199 2810 Orat.
2211 2782 2256 2814 86.
2278 2777 2364 2816 Quod
2374 2776 2487 2815 quidem
2602 2809 2604 2813 ,

1456 2817 1490 2846 tis
1505 2817 1540 2846 de
1552 2818 1636 2847 caulis
1647 2828 1662 2847 a
1675 2819 1810 2856 plerisque
1822 2819 1900 2848 aliter
1916 2818 2093 2848 existimatur.

1438 2854 1583 2885 Consimili
1593 2855 1671 2885 causa
1683 2857 1797 2886 moveri.
1821 2856 1929 2886 Lucret.
1944 2855 1992 2885 lib.
2005 2867 2031 2892 4.
2044 2865 2111 2893 234.
2585 2875 2604 2897 {—

1437 2892 1546 2922 Dubiae.
1570 2894 1654 2923 Ovid.
1667 2899 1692 2923 ⁶.
1707 2894 1772 2923 Fast.
1788 2904 1812 2924 1.
2512 2905 2517 2921 -.
2574 2889 2604 2930 ’422

1518 2931 1571 2960 Hic
1582 2941 1693 2968 quoque
1702 2932 1801 2961 meniis
1814 2931 1897 2960 habet
1912 2930 2010 2961 dubias
2025 2931 2054 2960 in
2065 2929 2181 2960 nomine
2193 2927 2297 2959 causas.
2497 2924 2521 2969 *l¹
2583 2928 2604 2966 ἒ».

1437 2966 1571 2998 Fallaces.
1593 2969 1690 2999 Claud.
1710 2979 1730 2998 ι.
1749 2971 1778 2998 in
1790 2969 1891 3000 Ruffin.
1905 2974 1968 3003 238.
2492 2990 2543 3007 :su
2574 2978 2580 2992 ι
2594 2984 2604 3003 ς

1435 3004 1565 3035 Fortuita.
1609 3007 1718 3044 Ulpian.
1743 3008 1771 3036 in
1789 3007 1806 3037 l.
1824 3017 1847 3036 1.
1869 3008 1890 3043 ἦ.
1914 3007 2025 3036 Merito.
2051 3005 2085 3035 D.
2105 3004 2252 3041 Deposui,
2275 3002 2378 3033 Merito
2392 3002 2442 3032 has
2461 3009 2491 3032 ca
2509 3038 2516 3046 .
2569 2974 2604 3075 ἑὲ

1455 3043 1617 3086 deponendi
1627 3044 1759 3082 separavit
1772 3045 1869 3074 l'raetor
1879 3067 1886 3079 ‚
1908 3054 1968 3081 quae
1981 3044 2128 3074 continent
2137 3043 2279 3071 fortuitam
2289 3040 2395 3070 causam
2405 3038 2496 3078 depoli
2572 3055 2604 3110 -ὃῗ

1454 3090 1496 3110 nis
1506 3091 1541 3110 ex
1551 3082 1710 3113 necestitate
1720 3083 1936 3112 descendentem
1945 3104 1953 3114 ,
1974 3091 2032 3110 non
2043 3090 2077 3110 ex
2090 3080 2232 3109 voluntate
2243 3077 2469 3116 proficiscentem.
2510 3086 2512 3090 ·
2591 3101 2604 3109 n

1435 3117 1515 3148 Gravi
1528 3119 1658 3149 decausa.
1699 3121 1758 3150 Cic.
1771 3129 1797 3155 7.
1815 3121 1866 3149 Att.
1878 3130 1902 3155 7.
1925 3119 2011 3156 Quod
2029 3118 2122 3148 scribis
2136 3118 2165 3146 in
2179 3117 2280 3147 urbem
2295 3115 2434 3152 introisse,
2454 3121 2528 3144 vem
2576 3124 2579 3131 ¹
2598 3141 2604 3158 Δ,

1454 3157 1520 3193 quid
1532 3157 1562 3186 lit
1576 3168 1584 3193 3
1605 3168 1668 3187 nam
1679 3158 1706 3187 id
1721 3157 1768 3188 nisi
1781 3158 1853 3192 gravi
1864 3158 1900 3187 de
1909 3157 1988 3187 causa
1999 3166 2055 3185 non
2064 3155 2177 3185 fecisset.
2580 3166 2604 3191 ...Δ

1433 3192 1548 3224 Incertae
1559 3196 1654 3225 causae.
1695 3191 1791 3225 Tacit?
1798 3205 1820 3225 ι.
1832 3195 1899 3225 Hist.
1909 3199 1954 3232 63.
1972 3194 2029 3225 Sed
2039 3194 2130 3224 surore
2141 3194 2167 3223 St
2178 3192 2254 3222 rabie
2267 3213 2276 3228 ,
2296 3192 2323 3222 ἀ
2333 3182 2530 3235 caufisinccz&
2577 3191 2602 3234 a.

1453 3240 1542 3268 eoque
1552 3233 1754 3263 difficilioribus
1765 3233 1907 3263 remediis.
2548 3252 2549 3258 .

1433 3268 1538 3306 Inepta.
1580 3271 1608 3300 V.
1634 3282 1641 3299 1
1655 3281 1673 3299 N
1686 3281 1698 3300 r.
1707 3281 1721 3300 P
1730 3281 1749 3299 τ
1759 3281 1776 3300 υ
1786 3280 1807 3300 s.

1431 3306 1578 3337 Invidiosa.
1601 3308 1686 3338 Ovid.
1698 3318 1724 3339 2.
1736 3309 1819 3346 Epist.
1833 3317 1894 3343 ¹45·
1916 3306 1963 3336 ubi
1974 3304 2098 3344 persona:
2106 3305 2243 3335 tribuitur.
2382 3340 2389 3347 ⁸
2448 3338 2455 3346 .
2507 3310 2514 3344 g
2545 3324 2546 3328 ,
2578 3318 2604 3349 Q

1431 3341 1446 3379 J
1451 3346 1508 3411 Usts'
1512 3345 1594 3411 ¹pali-isa
1607 3346 1683 3376 nulla
1693 3347 1822 3384 cuiquam
1832 3344 1885 3375 effe
1894 3345 1983 3382 potest
1993 3351 2091 3374 contra
2108 3345 2226 3382 patriam
2238 3350 2311 3372 arma
2327 3339 2464 3380 eaprendi.
2484 3334 2547 3387 mr
2563 3342 2604 3389 ‘'²qu

1450 3392 1476 3411 2.
1531 3393 1609 3421 iipp.
1630 3393 1671 3419 53.
2540 3390 2544 3468 ›·
2580 3397 2587 3423 ,¹

2529 3119 2542 3141 Π

1429 3418 1512 3454 Justis
1523 3421 1558 3449 de
1570 3422 1654 3451 causis
1666 3422 1785 3450 rationes
1795 3420 1908 3450 deferre.
1928 3418 1988 3448 Cic.
2004 3428 2028 3453 ς.
2043 3418 2118 3449 Fam.
2129 3426 2175 3448 20.
2596 3407 2604 3425 ἢ

1430 3457 1529 3488 Latens
1540 3459 1637 3494 causa,
1662 3460 1767 3496 ignota.
1790 3458 1931 3487 Ovid.21.
1952 3457 2032 3494 Epist.
2046 3466 2107 3492 194.

1522 3495 1594 3525 Nam
1608 3494 1735 3534 lacrymae
1746 3495 1824 3526 causa
1839 3494 1908 3533 saepe
1918 3495 2022 3524 latente
2032 3494 2145 3524 cadunt.

1429 3530 1518 3562 Levis.
1560 3534 1589 3562 ln
1612 3546 1627 3562 ι,
1639 3544 1726 3563 izvis.

1429 3570 1579 3600 Levillimae
1594 3573 1617 3600 δι
1629 3571 1815 3600 infirmiffimae
1824 3569 1919 3599 causae.
1959 3568 1990 3599 ln
2012 3577 2051 3597 ιΝ
2062 3577 2202 3598 nanus.

1429 3608 1509 3637 Levis
1522 3609 1599 3637 causa
1614 3609 1725 3646 impulit
1745 3618 1799 3637 me.
1827 3608 1891 3637 Ter.
1906 3607 1972 3636 Hec.
1989 3615 2013 3641 3.
2025 3616 2052 3640 4.
2066 3615 2106 3634 12.
2537 3627 2540 3639 ,

1429 3646 1539 3682 Magna.
1559 3655 1599 3679 ut.
1613 3647 1749 3676 Intemelii
1758 3647 1786 3674 in
1798 3645 1880 3675 armis
1892 3644 1963 3677 sunt,
1975 3652 2066 3680 neque
2079 3643 2114 3672 de
2124 3650 2222 3680 magna
2229 3640 2314 3670 causa.
2327 3636 2539 3674 Cic.8.Fam·13*¹
2571 3633 2604 3685 9³22}

1427 3681 1605 3713 memorabili
1624 3684 1704 3714 causa
1714 3706 1722 3719 ‚
1743 3682 1790 3712 sed
1802 3689 1903 3712 eventu
1918 3682 2024 3711 misero.
2053 3680 2085 3709 ln
2106 3691 2127 3709 M
2138 3690 2179 3709 su
2189 3689 2206 3708 ο
2216 3689 2241 3708 a.
2536 3703 2537 3728 7

1427 3720 1613 3751 Mutabilibus
1628 3722 1713 3752 causis
1728 3721 1811 3751 hostis
1819 3730 1875 3749 non
1887 3720 1925 3749 est
1936 3742 1944 3754 ‚
1965 3719 2011 3748 sed
2024 3724 2129 3748 natura.
2170 3718 2202 3747 ln
2222 3727 2242 3745 M
2252 3724 2298 3745 UT
2308 3725 2335 3744 0.
2470 3723 2475 3734 ¹
2535 3735 2537 3779 7
2575 3746 2604 3775 Γῆ

2592 3455 2604 3465 ιι.

2599 3523 2604 3531 ι

1427 3756 1572 3787 Naturales
1585 3758 1678 3789 caus-az.
1701 3758 1820 3796 Quintil.
1833 3758 1949 3787 Prooem.
1960 3756 2008 3787 lib.
2021 3766 2044 3786 1.
2060 3766 2088 3794 p.
2101 3765 2127 3793 9.
2147 3754 2222 3785 conf.
2243 3753 2353 3784 Habere
2363 3755 2419 3782 nat.
2429 3757 2460 3781 ca
2600 3794 2604 3797 .

1427 3795 1542 3824 Nocens
1553 3796 1649 3826 cladis.
1671 3797 1757 3827 Ovid.
1767 3806 1792 3830 7.
1805 3796 1872 3825 Met.
1886 3800 1948 3829 526.
2535 3808 2536 3817 π
2588 3792 2604 3842 a]

1428 3833 1555 3862 occultae
1567 3844 1667 3863 rerum.
1690 3835 1755 3864 Stat.
1770 3839 1794 3863 6.
1807 3832 1898 3863 Theb.
1908 3840 1970 3869 935.
2534 3837 2535 3853 ³

1427 3871 1553 3908 Optima.
1580 3870 1663 3901 Ovid.
1677 3882 1721 3900 20.
1736 3871 1816 3909 Epist.
1830 3879 1874 3905 92.
2533 3894 2535 3911 3
2584 3859 2604 3911 n}

1425 3907 1552 3939 Parvula.
1574 3908 1684 3940 Lucret.
1697 3910 1745 3940 lib.
1758 3921 1785 3945 ⁴·
1800 3918 1861 3945 194.
2532 3920 2534 3939 l
2584 3908 2604 3957 ξ]

2403 3938 2534 3970 Pmoun-³
2585 3972 2603 3989 Μ
