2667 4145
169 86 248 137 40

624 56 1249 118 INDICULUS
1325 52 2104 115 AUCTORUM,&0.

176 246 1066 348 INDICULUS
1168 241 2575 369 CHRONOLOGICUS

439 365 2315 516 AUCTORUM.

1098 545 1271 592 Quorum
1294 544 1524 584 Testimoniis
1550 545 1661 582 utitur

628 619 1192 673 THESAURUS
1266 617 1663 671 LINGUAE
1728 616 2126 670 LATINAE.

323 741 410 772 Atales
429 741 526 775 Lingua
547 738 639 765 Latina
658 734 769 774 periodi
789 733 919 765 fuerunt:
949 734 1019 765 Ideo
1035 745 1051 765 a
1064 732 1177 764 curiosis
1202 732 1263 768 ejus
1281 733 1352 763 aesti.

339 779 488 809 matoribus
501 775 579 806 valor
592 775 768 812 Scriptorum
786 772 968 808 Latinorum,
989 783 1047 803 non
1071 772 1150 802 secus
1168 779 1201 800 ac
1219 780 1235 799 a
1256 772 1350 809 poetis

338 817 457 856 pretium
471 821 651 851 temporum,
673 813 699 842 ἅ
719 812 748 846 in
767 810 848 841 sacris
870 811 969 841 litteris
989 811 1075 841 statua
1090 809 1275 845 imperiorum
1299 809 1354 839 Da-

337 854 461 884 nielitica
476 852 511 881 ad
528 858 638 888 quatuor
656 847 753 884 diversi
766 850 860 877 metalli
884 856 966 876 atates
983 849 1076 878 referri
1099 847 1184 883 solet;
1210 856 1313 885 nempe
1328 847 1349 877 Ι.

337 892 372 921 ad
383 899 503 922 mireum,
525 889 558 919 ΙΙ.
573 889 610 919 ad
625 895 787 925 argenteam,
817 886 867 917 111.
893 886 930 917 ad
943 896 1045 923 aream,
1076 887 1102 916 δι
1121 885 1167 916 IV.
1190 884 1226 914 ad
1233 885 1353 923 ferream,

337 936 385 958 aut
415 929 505 956 Hilem.

220 969 241 998 Ι,
263 970 351 995 Aurea
362 928 417 994 αἱ
430 975 447 996 a
460 964 537 995 bello
549 963 656 994 Punico
668 972 695 993 2.
712 961 748 992 ad
759 967 900 992 extremos
919 961 1005 1000 usque
1022 960 1134 991 octavii
1147 961 1187 990 Au
1208 959 1258 989 usti
1276 959 1348 999 Imp.

180 1015 270 1037 annos
283 1005 449 1043 producitur
460 1025 468 1039 ‚
489 1002 519 1032 id
531 1002 586 1039 est,
605 1002 641 1032 ab
654 1010 729 1031 anno
742 1000 775 1030 U.
792 1000 824 1030 C.
840 1004 902 1036 53⁶·
917 1000 953 1030 ad
966 1009 1072 1030 annum
1088 1003 1161 1036 7⁶73
1195 1008 1238 1028 ive
1256 999 1292 1028 ab
1304 1007 1352 1028 an-

180 1054 219 1074 no
232 1051 297 1073 ante
307 1049 404 1072 natum
417 1041 555 1072 Christum
570 1049 634 1076 ²17·
655 1038 739 1076 usque
762 1038 798 1068 ad
812 1047 918 1067 annum
939 1037 1038 1067 Christi
1059 1047 1101 1073 ¹4-
1119 1037 1256 1073 duratque
1279 1036 1352 1066 adeo

180 1082 261 1112 annis
273 1080 385 1111 circiter
399 1088 463 1115 212.
503 1079 535 1108 ln
549 1077 819 1116 quibusdam'tamen
828 1076 911 1111 hujus
922 1076 1046 1105 ineuntis
1053 1075 1142 1105 aetatis
1151 1074 1351 1112 Scriptoribus‚

180 1119 297 1150 admista
309 1117 435 1148 obsoleta
446 1122 578 1147 notantur
588 1137 597 1152 ‚
617 1115 719 1152 quibus
739 1123 755 1144 a
774 1113 830 1143 sola
843 1113 1008 1151 antiquitate
1026 1113 1090 1151 plus
1104 1112 1294 1143 venerationis
1307 1121 1353 1142 ac-

181 1158 272 1188 cedit.
293 1166 376 1193 quam
386 1166 402 1186 a
411 1154 560 1185 nobilitate
571 1152 688 1184 metalli.
1153 1187 1160 1193 ·

215 1194 251 1226 11.
272 1197 400 1230 Argentea
416 1202 470 1225 gras
493 1193 528 1223 ab
543 1192 623 1222 obitu
648 1189 758 1228 Augusti
777 1188 863 1226 usque
881 1188 918 1218 ad
938 1187 1078 1218 excessum
1092 1186 1208 1223 Trajani
1224 1187 1295 1226 Imp.
1322 1187 1353 1217 id

181 1233 221 1263 est
231 1254 239 1268 ,
259 1232 296 1262 ab
311 1241 386 1262 anno
400 1230 501 1262 Christi
519 1240 562 1266 14.
577 1229 664 1264 usque
678 1228 714 1258 ad
724 1237 829 1257 annum
845 1235 905 1263 117.
921 1226 1049 1256 continet
1064 1235 1153 1256 annos
1171 1234 1231 1261 ¹03·
1248 1224 1351 1262 quibus

181 1269 388 1308 quamplurima
404 1268 501 1299 adhue
518 1267 602 1298 verba
614 1266 677 1296 satis
693 1265 835 1303 eleganter
854 1266 956 1295 &cum
970 1262 1099 1301 suffragio
1113 1263 1213 1302 populi
1232 1263 1353 1293 Romani

180 1308 246 1340 sunt
258 1308 395 1343 formata3
416 1315 586 1345 quamquam
598 1306 625 1335 &
636 1310 723 1338 tunc,
744 1303 856 1333 dicente
868 1303 975 1333 Seneca
995 1302 1130 1332 Controv.
1145 1311 1169 1331 1.
1191 1302 1295 1339 praefat.
1312 1301 1354 1331 in-

179 1347 266 1386 genia
278 1346 479 1381 decreverunt,
500 1345 526 1375 ἃ
537 1342 632 1374 nescio
643 1351 698 1380 qua
706 1340 853 1378 iniquitate
863 1347 965 1370 naturae
976 1339 1137 1377 eloquentia
1150 1338 1178 1369 se
1191 1345 1265 1369 retro
1276 1338 1351 1369 tulit.

221 1384 270 1415 111.
307 1387 382 1412 AEtas
403 1392 466 1411 anea
491 1392 540 1421 per
570 1390 660 1411 annos
680 1388 742 1416 303.
765 1388 781 1408 a
801 1378 915 1415 Traiani
938 1377 1035 1413 obitu,
1064 1377 1122 1407 hoc
1140 1377 1196 1412 est,
1221 1377 1256 1407 ab
1275 1386 1352 1407 anno

184 1422 284 1454 Christi
307 1430 368 1459 117.
388 1420 473 1459 usque
498 1420 533 1450 ad
554 1418 675 1449 Romam
697 1427 714 1447 a
727 1416 829 1447 Gothis
846 1422 976 1454 captam,
996 1415 1053 1445 sive
1073 1415 1110 1444 ad
1126 1415 1155 1444 A.
1166 1414 1200 1445 C.
1217 1424 1284 1451 410.
1305 1423 1354 1444 ex-

183 1461 319 1492 tenditur.
359 1459 436 1490 Inter
457 1458 610 1496 Scriptores
625 1462 694 1486 tunc
710 1455 836 1484 dictione
855 1453 1021 1484 audaciores
1042 1452 1084 1482 ilii
1107 1452 1222 1483 laudem
1245 1462 1355 1482 meren-

184 1504 229 1529 tur
249 1498 418 1537 praecipuam
429 1518 438 1533 ,
459 1496 506 1534 qui
519 1495 546 1526 se
556 1494 641 1533 genio
653 1491 739 1523 seculi
751 1492 826 1523 aurei
835 1501 920 1530 *quam
931 1490 1139 1522 familiarissime
1155 1491 1355 1521 accommoda-

218 1542 259 1566 nt.

183 1547 271 1605 ruIV.
296 1576 373 1602 ΛΞΜ
387 1573 470 1610 ferrea
485 1570 525 1601 est
536 1592 545 1607 ,
569 1569 624 1608 qua
638 1568 764 1599 Barbaris
781 1568 837 1605 jam
854 1566 960 1605 ubique
981 1564 1178 1604 grassantibus,
1198 1566 1289 1597 studia
1302 1565 1354 1596 hu-

183 1613 312 1643 maniora
322 1620 371 1650 per
381 1610 473 1641 secula
485 1618 590 1639 novem
601 1609 627 1637 δι
642 1606 762 1644 amplius
771 1627 780 1642 ,
799 1615 864 1636 cum
876 1605 1004 1635 sordibus
1017 1605 1044 1635 &
1059 1604 1184 1642 squalore
1195 1605 1355 1635 conflictata

183 1650 247 1680 sunt
258 1672 266 1685 ,
287 1650 379 1679 donec
391 1647 564 1687 postliminio
575 1645 647 1684 quasi
658 1644 705 1675 res
720 1644 789 1674 irare
804 1645 831 1674 &
843 1653 859 1673 e
870 1642 992 1674 tenebris
1013 1642 1069 1672 suis
1090 1644 1193 1673 iterum
1206 1648 1355 1681 coeperunt

185 1697 337 1724 emergere.
378 1684 694 1723 Longoitaqueinterva
718 1691 753 1718 ο,
776 1681 1056 1719 illustribusingeniis
1065 1680 1354 1717 velutintermortuis,

183 1726 268 1766 pauci
279 1725 433 1756 admodum
444 1723 543 1754 Latine
558 1723 585 1753 ἃ
595 1730 654 1751 non
667 1719 838 1758 ineleganter
847 1718 1022 1759 scripserunt.

293 1817 319 1858 1.
345 1815 550 1857 AUREAE
589 1813 816 1854 AETATIS
856 1790 1241 1852 SCRIPTORE&

388 1892 411 1929 S
421 1903 441 1929 r:
451 1904 471 1930 c
481 1903 505 1928 u
518 1903 539 1928 L
551 1901 575 1928 o
609 1902 679 1928 111.
708 1896 789 1927 ante
807 1887 992 1927 ‘Christum
1013 1893 1148 1924 natum.

185 1978 217 2009 A.
237 1982 303 2014 238.
327 1977 417 2006 Livius
441 1977 600 2005 Andronicus
616 1974 751 2012 Tragicos
771 1973 873 2003 floruit.
912 1972 1078 2010 Fragmenta
1099 1972 1160 2008 ejus
1179 1969 1357 2010 aliorumque

224 2015 339 2054 collegit
349 2014 421 2045 Petr.
432 2014 582 2044 Scriverius
593 2014 619 2043 δι
633 2012 744 2042 Theod.
758 2011 774 2048 J
777 2011 905 2041 ausonius
922 2011 957 2041 ab
966 2009 1158 2040 Almeloveen.

187 2054 218 2085 A.
239 2063 303 2084 202.
324 2057 355 2083 C.
368 2055 472 2080 Navius
490 2051 573 2082 Poeta
583 2051 663 2081 obiit.
704 2050 868 2088 Fragmenta
877 2048 997 2079 collecta
1007 2058 1023 2078 a
1034 2047 1157 2078 Roberto
1170 2047 1315 2087 Stephano
1329 2048 1357 2078 δι

225 2092 349 2123 Henrico
362 2090 400 2121 fil.
418 2089 473 2127 Jos.
486 2090 627 2128 Scaligero
644 2090 671 2119 ἃ
686 2086 720 2119 Τ.
732 2086 757 2124 J.
773 2087 808 2118 ab
820 2087 1010 2117 Almeloveen.

407 2163 429 2201 S
439 2176 458 2202 E
469 2175 489 2201 c
500 2174 523 2200 u
531 2174 552 2199 1.
563 2174 587 2199 o
615 2173 663 2199 11.
694 2167 774 2198 ante
799 2159 979 2199 Christum
999 2165 1134 2197 natum.

188 2229 220 2260 A.
244 2232 307 2262 ¹82-
330 2230 368 2255 M.
385 2230 476 2256 Accius
490 2228 611 2261 Plautus,
633 2226 764 2256 Comicus
775 2232 901 2256 mortuus
912 2225 959 2256 est.
1001 2224 1103 2254 Extant
1121 2221 1276 2254 Comoediae
1295 2230 1354 2252 xx.

225 2276 291 2296 cum
304 2265 476 2303 Fragmentis
485 2275 500 2295 a
510 2265 630 2302 Georgio
639 2263 767 2294 Fabricio
779 2264 913 2294 collectis.
1334 2297 1340 2303 1

188 2306 221 2335 Δ,
245 2313 304 2340 ¹77·
326 2307 392 2337 stat.
404 2303 533 2338 Cacilius,
553 2301 705 2338 Comicus,
724 2302 828 2333 floruit.
865 2301 1031 2339 Fragmenta
1041 2298 1160 2330 collecta
1180 2297 1357 2336 aStephanis

223 2343 249 2372 ἅ
264 2341 298 2371 T.
311 2340 335 2377 J.
349 2341 383 2370 ab
395 2341 582 2371 Almeloveen.

188 2381 218 2411 A.
244 2383 304 2417 167.
327 2379 363 2416 Q.
379 2381 474 2407 Ennius
491 2379 594 2414 Poeta,
615 2377 692 2407 obiit.
731 2376 897 2415 Fragmenta
909 2377 939 2405 i'n
956 2374 1048 2405 lucem
1060 2373 1195 2413 producta
1211 2383 1226 2402 a
1240 2372 1357 2410 Stepha-

226 2418 286 2452 nis,
305 2426 322 2446 a
338 2417 420 2447 Mart.
435 2416 567 2447 Delrione
578 2417 604 2447 δι
616 2416 672 2446 Pet.
689 2415 846 2451 Scriverio,
867 2415 944 2444 Hier.
961 2413 1098 2443 Columna
1109 2435 1118 2449 ,
1139 2411 1224 2441 Paulo
1234 2409 1356 2446 Merula,

226 2455 261 2485 T.
274 2455 299 2490 J.
314 2454 348 2484 ab
362 2454 543 2485 Almeloveen
557 2455 582 2484 δι
593 2454 732 2493 postremo
745 2462 760 2482 a
770 2453 865 2483 Frano.
879 2451 1011 2482 Hesselio.
1235 2487 1240 2493 Ι

189 2494 221 2525 A.
246 2502 309 2528 157.
331 2496 368 2519 Μ.
384 2495 515 2520 Terentius
537 2491 621 2528 Afer,
646 2491 799 2528 Comicus,
820 2490 900 2521 obiit.
938 2488 1091 2528 Supersunt
1110 2486 1266 2518 Comoediae
1288 2485 1356 2523 sex,

227 2540 294 2567 quas
304 2531 383 2560 multi
393 2531 466 2560 notis
477 2529 652 2560 illustrarunt.

188 2570 221 2601 A.
246 2578 307 2604 152.
345 2572 383 2596 Μ.
400 2570 541 2598 Pacuvius.
561 2567 715 2605 Tragicos,
736 2565 856 2602 claruit;
891 2564 1055 2603 Fragmenta
1073 2563 1134 2602 post
1148 2562 1306 2601 Stephanos
1327 2561 1356 2592 &

226 2606 267 2637 M.
279 2606 439 2636 Delrionem
451 2605 569 2635 collecta
582 2615 598 2635 a
610 2606 665 2635 Pet.
677 2604 813 2634 Scriverio
826 2606 852 2635 &
864 2601 921 2639 Jos.
930 2603 1078 2639 Scaligero.
1197 2638 1201 2645 Ι

187 2645 218 2677 A.
245 2653 307 2680 ¹47-
341 2649 378 2672 Μ.
394 2646 491 2671 Fortius
505 2646 569 2671 Cato
582 2665 590 2678 ,
611 2642 714 2673 Orator
729 2644 756 2673 ἃ
768 2643 921 2672 Historicus
933 2662 940 2674 .
962 2640 1041 2670 obiit.
1079 2639 1171 2669 Exstat
1184 2638 1256 2668 liber
1267 2637 1302 2666 de
1314 2637 1356 2667 Re

224 2683 332 2712 rustica.
371 2681 537 2719 Fragmenta
550 2690 587 2712 ex
598 2679 761 2719 Originibus
774 2681 801 2710 δι
811 2678 873 2710 aliis
893 2678 1001 2717 scriptis
1015 2677 1170 2716 deperditis
1182 2676 1301 2706 collecta
1321 2674 1356 2704 ab

225 2719 346 2750 Ausonio
359 2719 472 2757 Popma.

187 2758 218 2790 A.
243 2761 305 2793 13⁶.
333 2761 363 2786 L.
383 2759 474 2785 Atrius
492 2754 549 2791 sive
570 2757 678 2790 Accius,
699 2754 852 2793 Tragicus,
878 2753 987 2784 claruit.
1027 2752 1192 2791 Fragmenta
1209 2750 1321 2789 vulgata
1340 2760 1357 2780 a

224 2796 389 2834 Stephanis.
412 2794 468 2824 Pet.
481 2792 618 2827 Scriverio
634 2794 660 2823 δι
674 2791 708 2823 Τ.
724 2792 748 2828 J.
765 2793 799 2822 ab
811 2792 1000 2822 Almeloveen.

187 2835 219 2866 A.
245 2844 305 2868 [αφ.
330 2836 360 2861 C.
377 2833 506 2866 turilias,
528 2831 634 2869 primus
644 2830 800 2868 satyricus,
821 2830 904 2860 obiit.
940 2828 1105 2867 Fragmenta
1120 2827 1184 2866 post
1196 2826 1357 2865 Stephanos

226 2872 315 2901 edidit
324 2870 421 2901 Franc.
434 2868 535 2900 neusa.

189 2911 218 2943 A.
245 2920 305 2939 ¹01.
335 2913 401 2939 sext.
414 2908 561 2945 Turpidus,
579 2905 729 2942 Comicus,
746 2904 832 2935 obiit.
871 2904 1038 2943 Fragmenta
1053 2901 1172 2933 collecta
1186 2901 1221 2932 ab
1235 2906 1356 2941 utroque

224 2947 376 2987 Stephano.

418 3037 600 3077 Srcuao
625 3047 649 3072 1.
678 3041 759 3074 ante
778 3029 959 3074 Christum
980 3040 1115 3072 natum.

193 3121 222 3152 A.
245 3129 307 3150 ιοο.
339 3122 366 3148 z.
381 3119 526 3155 Afranius,
552 3117 701 3153 Comicus,
721 3115 825 3147 floruit.
866 3115 1030 3154 Fragmenta
1053 3125 1070 3147 a
1090 3115 1239 3154 stephanis
1256 3114 1283 3146 δι
1299 3112 1354 3153 jos.

229 3157 370 3194 Scaligero
381 3157 525 3194 congesta,
547 3157 573 3187 δι
587 3165 602 3185 a
623 3155 656 3185 T.
668 3155 690 3191 J.
706 3154 741 3185 ab
753 3153 943 3185 Almeloveen.

192 3196 223 3228 A.
245 3204 288 3232 79.
318 3197 346 3223 L.
359 3195 563 3230 Corn.31senna,
585 3193 755 3229 Historicus,
776 3192 885 3224 claruit.
925 3191 1132 3229 Fragmentaab
1144 3190 1204 3222 Aus.
1218 3190 1357 3229 Popma&

228 3233 288 3263 Ant.
302 3232 450 3269 Augustino
460 3232 588 3262 collecta.

194 3271 224 3302 A.
245 3274 291 3304 64.
316 3274 338 3297 Ρ.
355 3271 468 3304 Nigidius
490 3270 602 3305 Figulus,
623 3267 840 3298 Mathematicus
861 3267 888 3297 &
906 3266 1129 3303 Grammaticus,
1149 3265 1260 3296 claruit.
1297 3264 1358 3295 Fra-

230 3312 345 3346 gmenta
356 3306 436 3335 offert
449 3306 534 3341 Janus
545 3306 702 3345 Ru'tgeriius
718 3306 778 3335 Var.
796 3305 871 3334 Lect.
888 3313 912 3340 3.
925 3308 953 3334 6.

193 3346 223 3378 Α.
243 3347 289 3375 60.
320 3348 349 3372 C.
360 3346 450 3371 Decius
464 3344 597 3380 Laberius,
620 3343 845 3382 mimographus,
867 3341 977 3371 claruit.
1017 3341 1181 3379 Fragmenta
1201 3339 1322 3370 collecta
1341 3348 1359 3370 a

230 3381 379 3420 stephanis
391 3403 399 3415 ‚
419 3380 473 3416 Jos.
485 3381 624 3418 Scaligero
635 3383 662 3411 &
677 3381 710 3412 T.
723 3381 748 3417 J.
769 3381 804 3410 ab
820 3379 1009 3409 Almeloveen.

194 3421 225 3453 A.
247 3430 292 3455 ςο.
318 3423 346 3446 7·-
370 3420 496 3446 Lucretius
514 3421 613 3454 Carus,
648 3419 831 3457 Philosophus
852 3419 878 3448 ἃ
898 3417 982 3447 Poeta
1000 3416 1078 3445 obiit.
1120 3413 1243 3452 Reliquit
1258 3414 1306 3444 sex
1327 3414 1361 3445 li.

231 3458 299 3487 bro-s
311 3457 346 3486 de
353 3456 457 3485 Rerum
467 3455 582 3484 Natura.

194 3496 226 3527 Α,
246 3504 291 3530 ⁴7·
322 3497 351 3521 c.
371 3495 450 3521 later.
464 3494 596 3528 Catullus,
628 3491 792 3523 Veronensis
807 3515 816 3529 ,
846 3493 933 3522 Poeta
959 3490 1056 3529 passim
1091 3489 1256 3524 obscaenus‚
1278 3488 1360 3519 obiit.

232 3530 403 3563 Exstatliber
416 3530 463 3568 Epi
485 3538 649 3559 rammatum
663 3533 689 3560 ἀ
704 3532 865 3560 Carminum
878 3553 894 3565 ,
910 3530 1056 3560 Variorum
1069 3528 1144 3557 notis
1157 3527 1256 3557 editus.
1271 3564 1287 3570 ..

194 3571 224 3601 A.
247 3580 292 3605 4⁴-
320 3573 346 3596 Ρ.
361 3572 448 3605 Syrus,
501 3567 697 3605 imographus,
718 3569 824 3598 claruit.
865 3567 948 3599 Mimi
960 3567 1013 3596 sive
1029 3565 1173 3596 sententiae
1189 3575 1205 3595 a
1220 3573 1303 3594 variis
1315 3573 1359 3594 va-

230 3608 270 3637 rie
283 3605 362 3637 editi.

195 3646 225 3676 A.
248 3654 293 3678 ⁴²-
324 3647 353 3671 C.
367 3642 508 3679 qulcrzsar
525 3640 598 3680 Imp.
618 3642 725 3673 occisus
751 3643 798 3672 est.
837 3642 898 3673 Reli
920 3643 961 3671 uit
989 3642 1026 3671 de
1044 3640 1123 3670 Bello
1147 3638 1256 3669 Gallico
1276 3637 1362 3668 libros

230 3681 337 3719 septem
353 3690 368 3709 a
382 3680 408 3709 se
427 3680 615 3717 conscriptos,
637 3682 663 3709 &
682 3688 736 3709 tres
756 3681 791 3710 de
807 3680 885 3710 Bello
917 3679 995 3710 ‘ivili.
1035 3679 1110 3709 Inter
1125 3682 1362 3707 commentatores

226 3720 333 3748 eminet
345 3716 388 3752 Jo.
403 3716 538 3746 Davisius.

193 3757 225 3788 Α,
245 3766 291 3792 4²·
320 3760 353 3783 A.
371 3755 467 3781 Hirtius
481 3753 560 3791 Pansa
576 3754 691 3789 claruit,
721 3752 832 3783 Caesaris
855 3754 998 3784 familiaris
1021 3755 1048 3784 ἃ
1067 3753 1183 3791 scriptor
1203 3751 1362 3787 bellorum,

227 3803 287 3832 quae
299 3792 516 3822 Commentariis
528 3792 551 3826 J.
564 3791 676 3820 Caesaris
686 3791 799 3828 adjungi
811 3791 909 3820 solent.

192 3833 222 3863 A.
244 3842 289 3868 4²·
319 3830 448 3858 Cornelius
463 3832 541 3864 Nepos
553 3830 652 3858 claruit
667 3851 674 3863 ,
697 3830 813 3857 denatus
827 3836 956 3866 tempore
968 3829 1077 3865 Augusti
1088 3827 1158 3866 Imp.
1183 3827 1257 3857 Vitas
1266 3825 1365 3857 Excel-

228 3869 346 3900 lentium
358 3866 576 3903 imperatorum,
597 3875 663 3902 quas
675 3865 789 3903 scripsit,
809 3867 890 3894 multi
908 3868 982 3895 notis
994 3866 1177 3895 illustrarunt.
1215 3865 1366 3903 Fragmem

1446 737 1474 760 ta
1487 729 1521 760 ab
1532 731 1640 761 Andrea
1652 732 1769 762 Schotto
1779 733 1916 771 congesta.
1953 732 2009 763 Sed
2022 730 2109 761 versio
2128 730 2246 768 Dietyos
2266 730 2293 760 &
2315 728 2425 760 Daretis
2443 728 2479 760 de
2496 727 2577 760 Bello

1445 769 1570 805 Trojano
1583 770 1700 807 indigna
1712 771 1861 800 'aestimatur
1875 793 1884 807 ,
1905 775 1938 800 ut
1948 772 1973 800 ei
1982 770 2068 799 tribui
2079 774 2170 807 queat.

1405 808 1437 839 A.
1458 816 1503 843 41.
1537 811 1576 836 M.
1607 810 1700 836 Tullius
1728 811 1813 836 Cicero
1826 831 1834 843 ,
1875 809 2007 846 princeps
2032 806 2203 845 eloquentiae
2216 826 2225 841 ‚
2246 805 2338 842 periit.
2390 805 2483 843 Opera
2510 814 2578 836 cum

1442 844 1462 875 F
1465 845 1614 880 ragmentis
1627 855 1662 874 ex
1671 845 1749 876 libris
1760 846 1914 884 deperditis
1926 845 1989 876 sunt
1999 842 2137 875 notissima
2147 867 2155 879 ,
2176 844 2307 881 inprimis
2315 843 2392 873 notis
2400 842 2464 879 jani
2477 842 2576 873 Grute=

1443 883 1486 917 ri,
1506 882 1606 919 jacobi
1618 883 1752 913 Gronovii
1767 886 1792 914 &
1803 883 1847 919 Jo.
1861 884 1973 921 Georgii
1984 883 2086 913 Graevii
2097 882 2238 912 illustrata.

1406 921 1436 951 A.
1460 929 1503 957 33.
1526 924 1593 947 Sext.
1604 922 1691 949 Aurel.
1701 924 1843 957 Propertius
1853 921 1939 957 obiit,
1960 922 2007 958 qui
2019 921 2169 959 elegiarum
2179 919 2259 949 dedit
2271 918 2358 948 libros
2369 923 2497 955 quatuor.

1406 961 1436 989 Α,
1457 967 1500 995 33.
1520 961 1548 985 L.
1564 958 1726 995 Cornificius,
1747 959 1870 995 Rhet0r‚
1891 959 2000 989 claruit.
2043 960 2142 988 Auctor
2154 957 2208 987 effe
2218 956 2488 986 crediturlibrorum
2500 955 2575 986 Rhe-

1442 996 1597 1026 toricorum
1608 1002 1727 1033 quatuor
1736 997 1771 1026 ad
1783 997 1959 1027 Herennium
1969 1019 1977 1031 ,
1998 997 2122 1035 quicum
2131 996 2268 1026 Cicerone
2281 993 2438 1031 vulgantur.

1405 1034 1435 1064 A.
1460 1043 1503 1070 3²·
1527 1037 1557 1062 C.
1571 1034 1695 1070 Suffustius
1716 1034 1832 1071 Crispus.
1852 1034 2024 1071 Historicus,
2047 1034 2126 1064 obiit.
2167 1033 2292 1069 Reliquit
2312 1032 2422 1062 Bellum
2436 1031 2580 1070 ,Iugurthi-

1442 1065 1791 1108 num&06njura}ionem
1801 1072 2008 1108 Catilinariam,
2028 1082 2082 1102 nec
2103 1082 2162 1101 non
2177 1071 2330 1101 Orationes
2354 1070 2424 1100 duas
2445 1070 2482 1100 de
2503 1070 2576 1108 Rep.

1441 1109 1605 1139 ordinanda.
1647 1109 1811 1148 Fragmenta
1830 1120 1866 1140 ex
1887 1110 1934 1140 sex
1954 1111 2032 1140 libris
2046 1110 2147 1140 Histor.
2166 1119 2182 1139 a
2200 1109 2269 1139 Lud.
2292 1109 2424 1139 Carrione
2444 1107 2575 1139 collecta.

1441 1148 1587 1177 Editiones
1597 1147 1660 1177 sunt
1670 1150 1750 1178 variae
1763 1170 1770 1183 ‚
1791 1149 1876 1178 etiam
1890 1158 1955 1178 cum
1970 1149 2114 1178 Variorum
2125 1148 2209 1177 notis.

1405 1184 1436 1216 A.
1461 1195 1504 1221 ιο.
1526 1186 1552 1215 &
1565 1185 1637 1223 seqq.
1659 1187 1806 1225 QMatius
1818 1187 1941 1215 διανοίη,
2013 1189 2088 1215 Corn.
2103 1187 2253 1220 Maximus,
2274 1184 2382 1221 Alfenus
2396 1188 2475 1211 Varus
2486 1205 2496 1220 ‚
2521 1186 2578 1212 An-

1444 1223 1525 1258 tistius
1541 1223 1619 1251 Labeo
1630 1244 1637 1254 .
1665 1225 1747 1251 AElius
1762 1222 1864 1260 (ἐλᾶαι,
1894 1223 1957 1260 JCti
1976 1223 2151 1260 floruerunt,
2171 1225 2201 1253 in
2221 1222 2367 1253 Pandectis
2382 1223 2410 1253 &
2424 1221 2485 1252 aliis
2503 1220 2579 1258 Juris
2639 1206 2641 1212 Ι

1445 1260 1542 1291 Civilis
1551 1261 1630 1291 libris
1641 1261 1796 1291 memorati.

1406 1298 1437 1329 A.
1459 1302 1504 1328 26.
1527 1303 1564 1328 M.
1580 1300 1680 1327 Terent.
1693 1304 1769 1326 varro
1781 1321 1789 1335 ,
1810 1298 2004 1330 Romanorum
2015 1298 2186 1329 doffiffimus
2197 1320 2205 1334 ‚
2226 1297 2305 1327 obiit.
2343 1297 2385 1328 Ex
2398 1307 2463 1334 490.
2475 1297 2575 1333 libris,

1446 1346 1516 1373 quos
1530 1346 1545 1366 a
1558 1337 1584 1366 se
1599 1337 1715 1374 scriptos
1725 1337 1781 1375 ipse
1789 1337 1921 1371 affirmat,
1944 1337 2075 1376 superant
2081 1338 2164 1376 pauci
2174 1337 2210 1366 de
2218 1335 2324 1374 Lingua
2333 1335 2430 1365 Latina
2441 1337 2468 1365 ἅ
2480 1341 2535 1365 tres
2544 1336 2582 1366 de

1446 1375 1488 1442 {e
1490 1375 1607 1442 1ribilica.
1649 1375 1813 1414 Fragmenta
1825 1375 1943 1405 collecta
1959 1386 1975 1405 a
1993 1375 2066 1406 Rob.
2090 1374 2234 1413 Stephano
2247 1395 2256 1410 ‚
2280 1376 2342 1413 Ant.
2363 1373 2532 1404 Riccobono
2551 1374 2580 1404 ἃς

1470 1422 1487 1441 u
1503 1435 1508 1442 .
1542 1423 1558 1441 o
1581 1422 1634 1443 ma.
1650 1423 1656 1429 *

1409 1449 1440 1480 A.
1461 1459 1507 1486 ες.
1529 1423 1604 1480 συξη.
1616 1451 1718 1484 Gallus,
1736 1446 1938 1486 Poetaqobiit.
1975 1450 2031 1481 Sex
2042 1450 2091 1480 sub
2103 1451 2163 1487 ejus
2177 1450 2292 1479 nomine
2303 1448 2524 1488 Elegiaespuriae.

1409 1488 1440 1519 A.
1459 1493 1503 1523 18.
1518 1488 1606 1516 Albius
1615 1488 1731 1520 Tibuuus.
1741 1488 1969 1527 Elegiographus,
1980 1489 2060 1519 obiit.
2074 1488 2186 1518 Exstant
2198 1488 2359 1518 Carminum
2372 1487 2436 1516 libri
2447 1493 2578 1524 quatuor.

1408 1526 1439 1556 A.
1464 1534 1507 1563 17.
1530 1527 1647 1562 Virgilius
1659 1530 1751 1556 Maro,
1770 1527 1953 1561 Mantuanus,
1973 1525 2068 1563 Poeta,
2090 1526 2170 1556 obiit.
2210 1525 2296 1556 Dedit
2309 1525 2338 1554 in
2349 1524 2488 1555 Bucolicis
2498 1524 2591 1555 Eclo-'

1446 1574 1494 1602 gas
1503 1564 1620 1599 decem,
1640 1564 1670 1594 in
1681 1563 1825 1602 Georgicis
1838 1565 1924 1595 libros
1937 1571 2072 1602 quatuor,
2095 1566 2121 1594 δι
2145 1563 2175 1593 ir'i
2195 1563 2314 1594 IEneide
2335 1563 2494 1593 duodecim.
2536 1562 2581 1592 Ei-

1447 1602 1514 1632 dem
1524 1602 1630 1638 Culex‚
1652 1602 1740 1639 Ciris,
1761 1602 1859 1640 Copa,
1880 1603 2051 1633 &nonnulla
2062 1602 2115 1632 alia
2124 1601 2209 1631 dubia
2223 1602 2391 1632 tribuuntur.
2431 1600 2581 1631 Luculenti

1448 1640 1652 1708 {Omlnenta‘ii
1674 1640 1736 1670 sunt
1755 1639 2037 1677 Frid.Taubmanni,
2057 1640 2102 1677 Jo.
2120 1639 2256 1670 Ludovici
2269 1640 2305 1669 de
2319 1639 2346 1669 la
2358 1638 2467 1676 Cerda,
2487 1638 2581 1669 Caroli

1475 1688 1537 1708 uaei.

1412 1716 1443 1746 A.
1468 1726 1510 1751 14.
1532 1715 1649 1743 AEmile'us
1662 1718 1750 1743 Macer
1762 1733 1770 1745 ‚
1787 1716 1970 1751 versificator,
1991 1716 2071 1746 obiit.

1449 1754 1526 1783 mine
1538 1753 1624 1783 libros
1632 1754 1755 1791 quinque
1762 1754 1798 1785 de
1807 1754 1926 1785 Materia
1939 1754 2052 1784 Medica
2064 1762 2130 1784 cum
2143 1753 2217 1783 notis
2226 1753 2316 1783 edidit
2325 1775 2334 1787 ,
2355 1762 2425 1790 quos
2440 1753 2486 1783 alii
2506 1751 2582 1783 Mar-

1448 1792 1549 1821 bodaeo
1561 1791 1640 1821 Gallo
1650 1793 1680 1821 A.
1696 1801 1775 1828 ¹050·
1792 1798 1903 1822 mortuo
1913 1791 2061 1828 tribuunt;
2083 1800 2138 1822 nec
2147 1801 2236 1830 pauca
2246 1791 2287 1820 ibi
2296 1791 2352 1822 effe
2366 1790 2465 1822 Macro
2475 1790 2516 1821 illi
2526 1791 2581 1830 pri.

1448 1829 1495 1860 sco
1507 1829 1601 1859 debita
1610 1829 1704 1859 censet
1714 1830 1840 1860 Barthius
1854 1829 1963 1861 Advers.
1979 1839 2023 1860 12.
2035 1839 2081 1861 20.

1409 1869 1441 1899 A.
1465 1877 1509 1935 ῗρ.
1531 1867 1636 1934 Νὲψία
1648 1869 1779 1896 Corvinus
1789 1868 1903 1905 floruit,
1924 1868 2006 1904 cujus
2015 1868 2086 1899 liber
2098 1867 2134 1898 de
2149 1866 2283 1908 Progenie
2292 1866 2403 1905 Augusti
2418 1875 2484 1897 cum
2497 1865 2580 1898 Livio

1446 1915 1463 1935 o
1477 1915 1517 1936 im
1531 1914 1547 1935 e
1570 1911 1633 1934 itus.
2447 1920 2450 1921 ν

1411 1945 1444 1974 A.
1466 1954 1508 1974 ro.
1531 1947 1569 1972 M.
1584 1943 1717 1970 Vitruvius
1731 1943 1802 1971 PoHt‘o
1817 1943 2037 1975 Mathematicus
2049 1943 2170 1979 claruit,
2191 1943 2311 1973 denatus
2328 1938 2583 1981 imperanteTibe-

1448 1982 1500 2011 rio.
1542 1981 1646 2010 Extant
1656 1981 1693 2010 de
1704 1981 1893 2011 Architectura
1901 1981 1963 2011 libri
1972 1982 2079 2013 decem.
2112 1981 2255 2011 Variorum
2266 1987 2348 2011 notas
2361 1983 2388 2011 δε
2399 1979 2526 2010 Lexicon
2537 1979 2582 2011 vi-

1449 2019 1611 2050 truvianum
1622 2018 1785 2048 Bernardini
1798 2018 2027 2057 Baldimultaque
2037 2020 2090 2049 alia
2102 2018 2223 2049 contulit
2236 2018 2358 2055 Joannes
2367 2019 2402 2048 de
2412 2017 2489 2048 Laet.

1414 2058 1444 2088 A.
1466 2058 1619 2124 adewinus
1633 2056 1738 2094 Faliscus
1749 2078 1758 2093 ‚
1777 2057 1862 2088 Poeta
1873 2079 1882 2093 ,
1903 2057 2016 2094 floruit3
2039 2059 2135 2088 auotor
2146 2057 2309 2096 Cynegetici
2320 2057 2367 2087 seu
2381 2056 2512 2087 carminis
2523 2055 2582 2095 epi-

1450 2096 1478 2125 ci
1514 2105 1528 2124 e
1564 2095 1702 2124 enatione.

1413 2134 1444 2164 A.
1467 2137 1493 2163 6.
1515 2134 1686 2170 QJ-rorarius
1699 2132 1796 2160 Flaccus
1807 2151 1820 2164 ,r
1834 2132 1988 2163 Venusinus
1999 2155 2008 2169 ,
2030 2132 2192 2171 Lyricorum
2204 2132 2336 2172 princeps
2350 2154 2359 2168 ,
2379 2132 2460 2162 obiit.
2478 2131 2583 2162 Extant

1450 2171 1576 2201 Odarum
1593 2169 1655 2199 libri
1670 2177 1806 2207 quatuor,
1826 2170 1947 2209 Epodon
1964 2181 2035 2201 unus
2047 2193 2055 2205 ,
2077 2172 2245 2201 Sermonum
2269 2171 2324 2201 sive
2339 2170 2500 2209 Satyrarum
2517 2179 2582 2207 qua-

1450 2215 1532 2243 tuor,
1553 2207 1738 2252 Epistnolarum
1752 2208 1828 2246 duo,
1848 2210 1876 2240 δι
1893 2218 1966 2239 unus
1988 2209 2024 2239 de
2043 2212 2106 2239 Arte
2127 2209 2256 2245 Poetica,
2277 2218 2343 2239 cum
2364 2210 2446 2240 variis
2464 2208 2540 2238 notis
2553 2209 2582 2238 ἀ

1450 2254 1667 2277 commentariis.

1411 2285 1442 2316 A.
1464 2296 1490 2321 4.
1516 2286 1612 2311 Verrius
1632 2284 1729 2310 Flaccus
1750 2283 1951 2315 Grammaticus
1970 2285 2048 2314 obiit.
2089 2284 2172 2314 Extat
2193 2283 2389 2323 Fragmentum
2411 2281 2582 2321 praemiss'um

1450 2323 1521 2353 Festi
1532 2321 1743 2366 Pompeiilibris
1756 2344 1765 2358 ,
1786 2322 1886 2360 quibus
1897 2323 1946 2353 ille
1959 2323 2048 2353 Verrii
2063 2323 2100 2353 de
2112 2323 2261 2353 verborum
2279 2322 2479 2360 significatione
2498 2321 2581 2351 Com-

1449 2367 1600 2392 mentarios
1611 2361 1761 2391 contraxit.

1646 2414 1669 2453 S
1679 2427 1698 2453 a
1708 2428 1729 2454 c
1740 2426 1763 2453 u
1774 2427 1795 2453 1.
1807 2427 1831 2453 o
1858 2428 1881 2453 1.
1909 2416 1988 2465 post
2007 2416 2187 2455 Christum
2211 2404 2345 2454 natum.

1410 2477 1443 2508 A.
1466 2486 1489 2507 r.
1511 2478 1537 2507 δι
1559 2477 1630 2517 seqq.
1653 2484 1682 2510 T.
1700 2481 1807 2509 Phaedrus
1820 2481 1927 2518 Thrax,
1947 2481 2198 2518 Augustilibertus‚
2219 2481 2338 2512 celebris
2347 2479 2409 2510 fuit.
2447 2479 2579 2510 Iambicis

1449 2515 1665 2584 vlffibuscli'zros
1676 2519 1799 2557 quinque
1808 2518 1964 2551 fabularum
1982 2519 2172 2558 [Esopicarum
2183 2520 2313 2557 reliquit,
2335 2527 2405 2556 quos
2422 2527 2487 2549 cum
2505 2518 2581 2548 notis

1449 2563 1468 2591 p
1482 2564 1544 2584 ures
1558 2565 1573 2584 e
1597 2566 1604 2584 1
1628 2563 1718 2586 erunt.

1411 2591 1441 2621 A.
1463 2602 1490 2627 4.
1511 2596 1540 2635 ‚C-
1553 2592 1614 2630 Jul.
1631 2597 1758 2630 Hyginus,
1782 2594 1891 2632 Augusti
1909 2596 2009 2625 itidem
2033 2594 2167 2629 libertus,
2188 2595 2277 2629 vixit,
2299 2593 2348 2623 sub
2369 2594 2449 2629 cujus
2464 2593 2580 2623 nomine

1449 2629 1535 2659 hodie
1545 2631 1783 2667 prostantFabulae
1795 2634 1821 2663 ἃ
1835 2633 1939 2663 Poetici
1951 2634 2132 2663 Astronomici
2143 2633 2207 2662 libri
2220 2641 2338 2670 quatuor
2359 2641 2425 2661 cum
2445 2632 2520 2661 notis
2533 2631 2579 2667 Jo.

1445 2667 1580 2698 Schefferi
1591 2670 1616 2698 ἃ
1627 2670 1680 2699 Th.
1693 2670 1850 2700 Munekeri.

1411 2705 1442 2734 A.
1466 2715 1492 2740 9.
1514 2710 1540 2734 Ρ.
1555 2709 1665 2734 Ovidius
1678 2709 1762 2744 Naso,
1784 2707 1971 2738 Sulmonensis
1984 2730 1992 2743 ,
2015 2708 2117 2743 Poeta,
2138 2708 2172 2737 ab
2198 2708 2318 2745 Augusto
2337 2708 2366 2736 in
2384 2706 2503 2736 exilium
2518 2705 2581 2744 pul-

1447 2741 1491 2773 sus
1503 2762 1511 2774 ,
1533 2744 1561 2772 in
1574 2744 1675 2775 eodem
1688 2745 1758 2774 vixit
1774 2746 1858 2780 usque
1872 2747 1908 2776 ad
1922 2748 1949 2775 A.
1966 2746 1996 2775 C.
2014 2756 2056 2783 17·
2095 2745 2210 2776 Exstant
2230 2744 2496 2782 Metamorphoseon
2514 2743 2580 2774 libri

1447 2781 1630 2818 quindecim,
1654 2783 1794 2813 Fastorum
1806 2783 1868 2819 sex,
1889 2783 2021 2813 Tristium
2033 2783 2174 2821 quinque,
2197 2783 2380 2821 Epistularum
2402 2783 2580 2812 Ponticarum

1446 2818 1501 2848 sive
1514 2828 1547 2848 ex
1560 2820 1646 2850 Ponto
1659 2828 1776 2858 quatuor
1786 2843 1793 2856 ,
1815 2822 1947 2851 Amorum
1956 2828 2010 2850 tres
2022 2843 2030 2854 ,
2053 2823 2079 2851 &
2090 2822 2125 2851 de
2137 2821 2273 2852 Remedio
2281 2821 2380 2850 amoris
2398 2829 2487 2850 unus:
2511 2829 2579 2858 prae-

2110 1715 2196 1751 Janus
2211 1714 2359 1745 Cornarius
2374 1713 2423 1745 sub
2436 1714 2520 1751 hujus
2529 1723 2581 1744 no-

1449 2862 1523 2886 terea
1535 2857 1674 2888 Heroides
1685 2858 1737 2888 sive
1754 2859 1909 2888 Heroidum
1927 2859 2048 2897 epistolae
2062 2868 2079 2888 x
2091 2869 2108 2888 x
2119 2870 2136 2887 i.
2158 2859 2258 2896 quibus
2275 2870 2329 2887 111.
2357 2860 2420 2885 Auli
2436 2858 2520 2885 Sabini
2532 2857 2580 2886 ad·
2624 2866 2627 2873 .

1449 2894 1602 2932 §iciuntur3
1623 2897 1692 2926 item
1709 2895 1764 2926 Ibis
1782 2896 1837 2926 sive
1858 2897 1930 2927 Dirae
1949 2898 1978 2926 iii
2003 2897 2086 2933 ἰδίης
2108 2896 2308 2931 Halieuticon,
2330 2896 2526 2933 Fragmentum
2541 2895 2580 2924 de

1449 2931 1642 2976 Medicamine
1651 2934 1750 2970 faciei,
1771 2935 1798 2965 δι
1810 2934 1945 2964 nonnulla
1966 2934 2060 2964 dubia.
2100 2934 2163 2965 Nic.
2182 2933 2327 2970 Heinsius,
2350 2934 2419 2964 Dan.
2438 2933 2580 2972 Crispinus

1452 2971 1478 3000 ἃ
1493 2970 1539 3000 alii
1551 2972 1644 3009 plures
1652 2978 1730 3002 notas
1741 2971 1912 3008 adjecerunt.

1409 3006 1439 3038 A.
1463 3017 1505 3052 ro.
1536 3011 1647 3038 catullus
1663 3010 1762 3045 Poeta,
1783 3020 1842 3040 non
1852 3010 1900 3040 ille
1911 3009 2076 3040 Veronenfis
2088 3031 2096 3045 ,
2117 3009 2152 3039 de
2163 3019 2219 3047 quo
2230 3008 2325 3047 supra,
2346 3008 2393 3039 sed
2404 3009 2505 3039 Auctor
2519 3008 2579 3038 Per-

1444 3045 1532 3084 vigilii
1545 3047 1656 3079 Veneris
1668 3070 1676 3084 ,
1697 3048 1776 3078 vixit.

1410 3083 1441 3114 A.
1467 3094 1508 3114 12.
1531 3089 1571 3114 Μ.
1587 3087 1708 3114 Manilius
1722 3107 1728 3116 .
1758 3086 1860 3121 Poeta,
1887 3085 2004 3120 claruit,
2026 3086 2105 3119 cujus
2124 3084 2337 3114 Astronomicon
2355 3083 2434 3114 libris
2455 3083 2578 3122 quinque

1448 3123 1553 3152 constat
1568 3145 1575 3159 ,
1597 3133 1662 3154 cum
1677 3124 1750 3154 notis
1763 3124 1793 3154 F.
1805 3124 1880 3160 Junii
1892 3123 2020 3160 Biturigis
2031 3124 2057 3153 δι
2069 3121 2124 3158 Jos.
2137 3122 2276 3161 Scaligeri.

1408 3158 1438 3190 A.
1462 3166 1505 3195 18-
1534 3165 1564 3190 T.
1582 3164 1690 3196 Livius,
1713 3162 1867 3197 Patavinus,
1888 3161 2003 3198 scriptor
2016 3161 2149 3198 Augustaei
2163 3161 2399 3198 aevipostremus,
2420 3159 2510 3193 obiit,
2530 3168 2578 3188 cu-

1447 3198 1492 3234 jus
1507 3208 1542 3228 ex
1552 3198 1629 3229 libris
1649 3209 1666 3229 c
1676 3208 1694 3229 x
1705 3211 1721 3228 r.
1731 3210 1741 3228 r
1752 3210 1770 3229 ι.
1794 3199 1972 3229 Historiarum
1983 3199 2016 3228 ab
2032 3199 2099 3228 urbe
2110 3199 2224 3228 condita
2238 3199 2347 3229 exstant
2357 3206 2376 3227 x
2387 3207 2404 3227 x
2412 3207 2430 3227 x
2440 3207 2465 3227 v.
2483 3206 2498 3226 a
2507 3196 2577 3233 jano

1449 3235 1568 3266 Grutero
1580 3239 1607 3267 ει
1623 3237 1771 3268 Gronoviis
1782 3258 1790 3272 ,
1812 3243 1889 3275 patre
1903 3239 1929 3267 &
1941 3236 2000 3266 filio
2010 3258 2018 3272 ‚
2040 3236 2172 3266 illustrati.

1457 3289 1508 3329 II.
1538 3290 1869 3330 ARGENTEAE
1895 3289 2117 3330 AETATIS
2150 3288 2529 3331 SCRIPTORES.

1412 3338 1443 3369 A.
1466 3349 1511 3368 20.
1537 3344 1600 3368 Aur.
1613 3341 1709 3368 cornel.
1723 3340 1806 3376 Celsus
1819 3359 1826 3369 .
1848 3339 1979 3370 Medicus
1992 3361 2000 3375 ,
2025 3341 2132 3377 Augusti
2146 3341 2319 3378 temporibus
2338 3339 2502 3377 proximus,
2523 3338 2578 3368 cla-

1449 3378 1504 3406 ruit
1515 3377 1564 3406 sub
1575 3377 1690 3407 Tiberio
1700 3377 1772 3414 Imp.
1803 3377 1845 3407 De
1856 3376 1898 3406 Re
1911 3378 2019 3406 medica
2032 3377 2116 3407 libros
2126 3379 2189 3407 oc'to
2200 3379 2235 3408 ad
2247 3387 2297 3407 nos
2313 3376 2464 3406 transmisit.

1412 3414 1442 3443 A.
1467 3421 1512 3443 22.
1533 3415 1669 3442 Scribonius
1684 3420 1793 3451 Largus,
1816 3414 1945 3444 Medicus
1954 3415 2056 3445 floruit.
2079 3415 2190 3445 Exstant
2204 3418 2265 3452 ejus
2279 3413 2502 3452 compositiones
2517 3413 2577 3444 Me-

1449 3452 1518 3481 dicae
1530 3462 1594 3481 cum
1606 3452 1648 3487 Jo.
1658 3452 1760 3482 Rhodii
1770 3453 1843 3482 notis
1855 3454 1880 3482 δι
1893 3452 1997 3482 Lexico
2005 3453 2197 3483 Scriboniano.

1412 3488 1442 3519 A.
1465 3494 1510 3518 2⁶.
1540 3491 1650 3517 Valerius
1672 3492 1821 3521 Maximus.
1845 3490 2017 3524 Historicus,
2046 3491 2154 3520 claruit.
2194 3490 2307 3521 Exstant
2323 3489 2469 3519 Dictorum
2492 3489 2577 3519 facto-

1450 3536 1569 3594 Rumqffi
1580 3528 1806 3593 msemorabilium
1827 3527 1890 3557 libri
1904 3537 2006 3557 novem
2026 3537 2092 3558 cum
2110 3529 2250 3559 variorum
2273 3526 2513 3558 observationibus
2529 3535 2578 3564 per

1474 3573 1491 3592 n
1507 3585 1511 3591 .
1600 3575 1666 3595 iuni.

1412 3601 1441 3631 A.
1465 3610 1508 3636 πο.
1541 3574 1687 3631 RyVellrius
1704 3603 1865 3634 Paterculus,
1884 3602 2054 3637 Historicus,
2076 3602 2176 3633 claruit
2195 3603 2244 3633 snb
2264 3602 2349 3632 finem
2374 3601 2481 3631 Tiberii
2505 3601 2576 3639 Imp.

1450 3637 1563 3707 Exstasnt
1578 3639 1705 3670 Historiae
1727 3640 1792 3670 libri
1810 3639 1868 3669 duo
1889 3640 2014 3670 illustrati
2034 3641 2114 3670 Notis
2139 3640 2182 3676 J0.
2202 3641 2288 3671 Ilenr.
2306 3638 2444 3675 Boecleri‚
2465 3640 2492 3669 &
2512 3640 2576 3669 Nic.

1478 3686 1522 3705 em
1536 3687 1563 3706 ll·

1413 3714 1444 3743 A.
1468 3718 1511 3749 36.
1546 3718 1573 3741 l..
1593 3715 1733 3751 Fenestella,
1761 3713 1932 3749 Historicus‚
1961 3715 2040 3744 vixit.
2081 3714 2244 3752 Fragmenta
2263 3715 2298 3745 ab
2312 3715 2373 3744 Ant.
2390 3713 2538 3751 Augustino
2552 3715 2579 3743 G:

1451 3752 1512 3780 Ant.
1531 3752 1635 3789 Popma
1650 3752 1777 3782 collecta.
1815 3752 1871 3781 Sed
1886 3753 1953 3780 And.
1976 3756 2047 3780 Dom.
2063 3753 2139 3780 Flacci
2159 3753 2223 3783 libri
2240 3754 2297 3783 duo
2320 3754 2356 3782 de
2376 3751 2580 3789 Magistratibus

1452 3789 1532 3818 Rom.
1546 3790 1571 3817 ei
1581 3799 1726 3827 perperam
1735 3789 1904 3819 tribuuntur.

1413 3825 1444 3856 Λ.
1466 3836 1512 3861 42.
1543 3830 1571 3853 1..
1586 3827 1684 3863 Junius
1699 3828 1844 3854 Moderatus
1864 3827 2016 3862 Columella,
2053 3827 2275 3865 diligentissimus
2302 3827 2440 3865 angcola,
2474 3826 2579 3865 scrlpsit

1452 3863 1501 3893 sub
1513 3863 1631 3894 Claudio
1642 3864 1713 3903 lmp.
1727 3864 1810 3894 libros
1827 3873 1845 3893 x
1855 3875 1863 3893 ι
1874 3875 1893 3894 ι.
1904 3864 1939 3894 de
1952 3864 1992 3894 Re
2006 3864 2115 3894 Rustica
2125 3866 2150 3894 δι
2162 3876 2249 3896 unum
2262 3867 2297 3896 de
2307 3864 2465 3895 Arboribus.

2494 3902 2581 3939 &4³⁴
