2600 4177
418 166 574 213 »ΑῬ
674 179 704 213 T

45 285 49 290 ,
77 255 164 287 Animi
179 259 213 288 ad
223 259 435 298 percipiendum
453 260 519 297 apti.
543 260 662 296 Quintil.
681 259 733 289 lib.
748 270 770 289 1.
787 271 847 299 cap.
865 272 891 291 2.

79 296 170 325 Calcei
191 296 296 327 habiles
311 299 336 327 δι
349 298 404 334 apti
415 297 449 326 ad
461 298 571 334 pedem.
595 297 652 327 Cic.
671 308 692 327 1.
711 299 745 326 de
763 299 838 329 Orat.

77 334 169 362 Castra
181 342 258 363 erant
267 335 301 363 ad
311 335 415 364 bellum
424 334 584 363 ducendum
596 335 739 371 aptissima.
763 336 827 365 Cres.
843 346 866 365 2.
883 337 948 366 Bell.
965 338 1044 368 Civil.
1061 346 1103 376 37.

78 370 267 400 Conimiss'urae
278 378 348 408 aptae
359 371 392 400 ad
402 370 584 401 stabilitatem.
604 373 661 402 Cic.
677 383 702 402 2.
723 373 828 403 deNat.
846 374 930 404 Deor.
943 386 953 404 1
963 386 1005 411 19.

78 408 172 438 Homo
182 415 260 446 aptus
269 410 303 438 ad
313 409 473 440 dicendurm
495 409 553 438 Cic.
570 420 591 439 1.
606 410 688 440 Tusc.
704 421 726 444 ς.

58 471 59 474 ,
77 442 167 474 verba
178 453 240 482 apta
247 446 282 475 ad
292 447 410 475 nostram
420 446 660 477 consuetudinem.
683 447 741 476 Cic.
756 447 790 476 de
804 448 871 485 Opt.
887 449 955 478 Gen.
973 450 1050 479 Orat.
1076 459 1117 484 14.

76 482 269 548 Timmhides
284 490 364 513 natus
384 490 466 521 atque
489 491 569 522 aptus
588 487 624 515 ad
636 484 725 515 Verris
750 486 895 522 flagitiosas
912 488 1052 517 libidines.
1099 487 1157 517 Cic.
1170 497 1198 523 4.

121 530 170 549 err.
197 529 206 549 1
251 541 258 549 .

75 557 164 588 Etiam
173 524 440 596 cuiii4praepos1tione
450 559 482 588 In
493 581 500 593 ,
523 565 555 589 ut
567 582 575 594 ,
597 559 628 589 ln
639 559 743 597 aliquid
756 567 844 598 aptus.
866 560 923 591 Liv.
937 568 962 597 8.
985 562 1053 593 Bell.
1069 562 1180 592 Maced.

77 597 162 633 Aptus
172 604 236 624 cum
252 596 351 625 infinit.
367 596 431 634 pass.
455 597 538 626 Ovid.
557 607 577 626 1.
596 598 631 626 de
643 599 705 627 Arte
722 599 780 627 Am.
800 608 840 627 10.

156 632 210 661 Sed
228 643 298 670 puer
317 634 373 667 est,
396 641 459 663 tetus
480 634 590 668 mollis,
611 636 636 664 ἃ
657 642 720 673 apta
740 637 805 672 regi.

77 670 162 706 Aptus
173 669 235 699 1100.
258 670 328 700 Cels.
341 671 387 700 lib.
401 683 423 705 ς.
435 682 495 709 cap.
513 682 554 707 19.
577 673 700 702 Rubrum
709 682 819 710 quoque
831 674 1017 711 emplastrum,
1031 675 1106 713 quod
1123 675 1199 705 01110-

83 704 162 736 'sium
179 707 280 743 (Lind.
303 708 469 746 Ephesium)
490 717 620 744 vocatur,
641 711 696 739 huc
717 720 813 748 aptum
832 711 877 740 est.

76 745 178 782 Aptum
190 745 242 774 else
252 767 260 780 ,
283 747 427 776 &decere
470 747 528 777 Cic.
544 757 566 783 3.
579 749 613 777 de
623 747 699 777 Orat.
710 754 773 781 208-
796 748 879 778 Nunc
891 749 956 786 quid
965 757 1061 789 aptum
1076 751 1107 780 sit
1118 771 1126 786 ,
1147 751 1202 780 hoc

17 775 20 777 “
61 814 64 816 ,
98 782 136 811 est
147 783 214 818 quid
230 785 351 813 maxime
362 784 460 814 deceat
474 785 653 821 irroratione,
674 786 825 815 videamus.

78 820 255 850 Construitur'
269 821 428 859 frequenter
441 832 504 851 cum
520 823 630 858 dativo,
654 830 685 853 111
697 845 705 858 ,

77 857 158 894 AEger
168 859 302 888 curationi
314 868 403 897 aptus.
437 859 507 889 Cels.
519 861 566 889 lib.
578 871 674 899 2.cap.
693 869 734 890 12.

77 895 151 926 ffitas
164 897 221 924 haec
231 904 294 934 apta
306 898 374 926 meis
384 897 517 927 moribus.
547 898 630 928 Ovid.
646 908 669 935 3.
690 898 724 928 de
738 900 801 928 Arte
814 899 871 929 Am.
889 909 949 930 122.

77 933 149 962 Anni
161 933 271 963 lusibus.
306 934 389 964 Ovid.
407 945 433 965 2.
451 937 542 965 Amor.
556 945 580 972 3.
593 946 637 966 21.

77 972 97 1000 A
120 980 160 999 υἷε
173 972 299 1009 remigio.
323 973 407 1002 Ovid.
420 982 447 1002 2.
459 973 495 1002 de
506 974 568 1003 Arte
581 974 638 1003 Am.
653 977 713 1003 126.

54 1022 55 1026 ’
78 1008 110 1038 Ci
132 1018 161 1038 us
172 1009 329 1039 stomacho:
351 1011 396 1039 cui
410 1012 579 1041 contrarium
589 1012 648 1047 est,
677 1011 798 1042 Alienus.
830 1012 899 1042 Cels.
916 1012 934 1042 l.
946 1022 972 1043 2.
993 1023 1017 1043 c.
1030 1020 1074 1050 24.
1096 1013 1199 1052 Synon.

89 1045 217 1079 ,Idoneus
228 1046 297 1076 ibid.
325 1048 456 1085 jungitur.

78 1083 162 1113 Color
173 1084 292 1122 pallidus
302 1087 414 1115 amanti.
439 1084 523 1116 Ovid.
540 1095 561 1115 1.
581 1086 616 1116 de
629 1087 690 1116 Arte
713 1088 772 1116 Am.
785 1097 848 1122 729·

6 1123 12 1152 ,1
51 1155 55 1160 ,
77 1120 144 1151 Dies
154 1130 265 1158 quartus
282 1123 434 1160 aptissimus
447 1124 501 1153 esse
517 1125 661 1154 consuevit
673 1125 701 1153 in
720 1125 846 1163 plui-ilius
857 1125 891 1153 ad
910 1125 1021 1155 initium
1033 1126 1100 1155 cibi.
1139 1127 1156 1156 i.
1176 1135 1200 1156 e.

98 1158 188 1188 Plures
199 1161 262 1197 aegri
274 1161 320 1189 die
333 1168 430 1197 quarto
440 1164 513 1192 recte
524 1163 671 1191 comedere
684 1163 833 1200 incipiunt.
861 1162 928 1192 Cels.
946 1163 994 1193 lib.
1009 1173 1033 1200 3.
1045 1174 1106 1202 cap.
1118 1175 1145 1201 4.

77 1194 222 1234 Ingenium
231 1199 321 1235 aptius
335 1199 461 1229 flammis.
502 1201 519 1229 i.
537 1210 562 1229 e.
585 1200 740 1230 Amoribus.
762 1200 845 1230 Ovid.
861 1211 903 1237 14.
930 1201 1000 1231 Met.
1013 1211 1057 1237 25.

77 1233 167 1265 Locus
183 1244 262 1273 aptus
272 1237 358 1273 equis.
388 1237 455 1266 Hor.
473 1247 494 1266 1.
516 1237 598 1276 Epist.
612 1247 637 1274 7.
649 1249 694 1273 41.

76 1272 192 1309 Lycium
203 1273 370 1310 aptissimum
390 1275 538 1304 medicinae
554 1276 630 1313 quod
646 1276 684 1305 est
694 1275 862 1314 spumosum.
884 1277 953 1307 Plin.
968 1276 987 1307 l.
1001 1286 1044 1307 12.
1057 1286 1082 1307 c.
1096 1285 1120 1314 7.

75 1310 167 1341 Naves
179 1318 249 1348 aptae
262 1311 453 1350 instructaeque
472 1314 596 1351 remigio.
638 1313 670 1343 V.
693 1324 741 1343 NA
753 1324 769 1343 v
781 1326 788 1343 1
802 1324 823 1344 s.

76 1345 155 1378 Palus
169 1350 260 1378 remis.
283 1350 352 1379 Hor.
365 1351 394 1379 in
407 1352 469 1380 Arte
479 1351 552 1380 Poet.
571 1356 616 1387 65.

77 1385 170 1416 Puella
185 1387 281 1416 oculis.
304 1385 390 1418 ovid.
404 1399 427 1417 1.
439 1389 473 1417 de
487 1389 549 1418 Arte
567 1392 627 1419 Am.
639 1399 684 1424 44.

44 1447 50 1452 .
156 1424 314 1460 Quaerenda
336 1427 375 1455 est
393 1427 481 1456 oculis
500 1434 562 1465 apta
585 1427 678 1465 puella
700 1426 761 1457 tuis.

75 1459 196 1498 Papaver
215 1462 320 1493 somno.
343 1464 412 1493 Cels.
424 1464 472 1493 lib.
484 1475 579 1502 2.cap.
595 1475 636 1499 ³2·

74 1499 199 1537 Tempus
208 1501 345 1538 precibus.
367 1502 451 1532 Ovid.
464 1512 488 1532 2.
499 1504 534 1532 de
547 1504 623 1532 Pont.
637 1513 661 1532 2.
675 1507 719 1537 69.

75 1535 200 1575 Tempus
220 1538 326 1568 insidiis
347 1547 452 1577 aptum.
476 1541 568 1571 Tacit.
582 1551 606 1570 2.
623 1541 691 1570 Hist.
714 1544 756 1570 16.

75 1572 152 1604 Uber
173 1577 272 1614 aptius.
299 1577 372 1615 Virg.
389 1588 415 1607 2.
431 1579 532 1616 Georg.
552 1587 615 1615 234.

234 1627 272 1636 2—-
290 1616 440 1653 pecorique
459 1618 485 1647 &
503 1617 605 1646 vitibus
620 1616 700 1646 almis

154 1652 253 1689 Aptius
268 1654 336 1682 uber
352 1654 413 1683 erit.
499 1655 558 1693 Agri
579 1654 694 1684 scilicet.

75 1686 164 1719 Verba
175 1692 247 1726 joco.
270 1691 354 1721 Ovid.
372 1702 412 1727 ¹5-
427 1692 509 1730 Epist.
525 1699 570 1727 48.

73 1724 177 1756 Vinum
187 1728 319 1765 frigidum
330 1730 498 1767 aptissimum
510 1731 548 1759 est
559 1731 648 1769 potui.
672 1729 742 1760 Cels.
755 1729 802 1760 lib.
815 1742 840 1767 4.
862 1739 923 1769 cap.
940 1738 964 1767 ς.

75 1763 180 1795 Umbra
193 1767 347 1804 pastoribus
363 1775 434 1806 apta.
458 1769 542 1797 Ovid.
564 1779 586 1798 1.
612 1769 680 1798 Met.
695 1773 758 1803 681.

42 1820 44 1825 ν
75 1803 178 1840 Aptum
191 1826 198 1837 ,
222 1804 409 1835 Necessarium
422 1828 430 1841 ,
453 1806 557 1836 Nonio.
574 1816 628 1842 43.
651 1806 709 1835 Cic.
723 1807 758 1836 de
770 1806 878 1844 Repub.
894 1806 940 1835 lib.
955 1817 981 1842 4.
996 1814 1019 1842 3.
1041 1803 1202 1843 Eademque

66 1866 71 1869 .
94 1841 205 1876 objectu
217 1841 265 1871 suo
274 1843 401 1873 umbram
410 1846 579 1882 noctemque
591 1844 692 1874 efficiat
702 1867 709 1878 ,
734 1855 798 1874 cum
812 1845 847 1873 ad
860 1853 1008 1873 numerum
1019 1844 1128 1874 dierum
1139 1852 1203 1881 apte

92 1885 153 1908 tum
163 1880 197 1908 ad
209 1879 336 1910 laborum
345 1882 476 1918 quietem.
517 1884 531 1918 [
549 1883 593 1912 Sic
606 1882 758 1920 legendum
768 1882 879 1912 videtur
888 1892 953 1912 cum
961 1882 1049 1912 Mete.
1087 1882 1143 1912 Sed
1154 1891 1203 1911 cur

92 1916 281 1947 Necessarium
300 1927 363 1957 exp.
387 1920 497 1949 Nouius
508 1930 566 1949 non
581 1920 714 1958 assequor.

32 1970 35 1979 1
73 1954 178 1992 Aprum
191 1977 199 1990 ,
221 1956 419 1993 Conjunc'tum.
458 1957 531 1996 Virg.
544 1970 570 1994 4.
597 1958 657 1988 AEn.
676 1964 740 1994 482.

155 1994 242 2022 Axem
260 1994 377 2024 humero
394 2003 505 2035 torquet
522 1996 604 2026 stellis
624 1996 786 2026 ardentibus
797 2002 902 2034 aptum.
1003 1995 1058 2041 Ubi
1071 1995 1182 2038 Servius
1193 2016 1201 2031 ,

91 2029 161 2059 Satis
177 2033 267 2068 pei-ite
280 2031 411 2070 loquitur.
450 2034 522 2063 Nam
533 2036 632 2073 Aptum
648 2034 838 2071 Conjunclum
852 2034 937 2069 dicit,
959 2034 1009 2060 ἀπο
1026 2034 1058 2060 τέ
1077 2034 1201 2069 amasus,

93 2078 152 2097 non
167 2076 260 2098 autem
275 2071 356 2100 stellis
372 2071 539 2109 insignitum.
578 2073 640 2102 Axis
655 2074 731 2102 enim
739 2083 796 2101 non
807 2072 892 2101 habet
906 2071 994 2102 stellas
1007 2094 1015 2106 ,
1036 2073 1083 2109 qui
1096 2072 1133 2101 est
1143 2081 1203 2115 me-

94 2106 157 2135 dius
168 2107 240 2136 inter
248 2108 468 2146 Septentriones.
518 2110 596 2140 Idem
607 2111 716 2140 Servius
728 2111 758 2140 in
770 2114 795 2140 6.
823 2111 882 2140 ffin.
900 2111 954 2139 hoc
967 2110 1056 2148 ipsum
1069 2120 1120 2147 pro
1132 2109 1202 2138 Vici-

90 2153 129 2174 1³0
140 2143 343 2183 interpretatur.
397 2146 521 2185 idipsum
537 2158 648 2185 quoque
660 2149 785 2186 estquod
798 2149 907 2178 Nonius
923 2147 1073 2178 Marcellus
1089 2149 1200 2185 Aptum‚

92 2182 112 2211 i.
129 2191 153 2211 e.
186 2182 353 2214 connexum
373 2186 399 2215 ἃ
414 2185 575 2223 colligatum
597 2187 725 2224 exponit.
767 2187 885 2216 Budaeus
905 2192 997 2216 autem
1016 2185 1198 2221 Consertum‚

92 2228 335 2258 coagmentatum,
358 2224 384 2252 &
400 2226 587 2261 compactum.
611 2224 691 2254 Lucr.
709 2224 758 2253 lib.
773 2234 796 2260 3.
811 2230 874 2261 857·
954 2238 993 2245 —-
1011 2225 1201 2262 conjugioque

153 2258 286 2297 Corporis
308 2268 390 2298 atque
404 2262 503 2291 animae
518 2262 688 2292 consistimus
708 2263 800 2291 uniter
820 2263 886 2300 apti.

75 2295 174 2333 Aptum
196 2307 230 2326 ex
245 2297 335 2335 aliqua
350 2310 387 2328 re.
410 2299 468 2329 Cic.
487 2300 522 2329 de
534 2299 600 2330 Fato
612 2310 655 2337 34.
696 2300 783 2337 Quod
802 2300 819 2328 si
837 2300 1009 2329 concedatur
1029 2299 1098 2329 nihil
1124 2298 1200 2337 posse

48 2356 52 2359 .
91 2335 204 2364 evenire
218 2336 266 2365 nisi
279 2336 358 2366 causa
371 2338 573 2367 anoecedente:
596 2338 664 2377 quid
673 2339 835 2376 proficiatur
844 2338 861 2367 li
872 2348 903 2368 ea
913 2337 992 2368 causa
1003 2348 1062 2367 non
1076 2347 1111 2368 ex
1123 2344 1200 2367 0101-

9 2367 16 2371 “
55 2395 65 2410 ‚¹
97 2372 139 2400 nis
155 2373 240 2412 caulis
262 2381 325 2412 apta
343 2375 460 2405 ducatur
475 2377 488 2404 ‘?

15 2415 19 2422 ‘
73 2408 157 2446 Aptus
167 2420 201 2440 ex
211 2411 265 2440 sese
276 2414 298 2441 is
310 2413 428 2449 dicitur,
450 2414 507 2451 Qui
522 2413 626 2443 nullius
638 2424 692 2452 ope
704 2413 828 2451 indiget,
849 2414 897 2443 sed
914 2414 961 2451 qui
973 2414 1070 2443 omnia
1079 2412 1153 2451 apud
1174 2412 1200 2442 se

84 2447 182 2477 habet.
208 2448 266 2479 Cic.
287 2451 316 2479 in
326 2451 416 2481 Parad.
427 2461 452 2480 2.
490 2451 582 2481 Nemo
593 2452 682 2490 potest
698 2461 756 2481 non
771 2452 938 2482 beatissimus
958 2451 1028 2487 esse,
1051 2452 1098 2489 qui
1110 2452 1201 2481 01110-

91 2491 136 2514 tus
148 2494 227 2524 ¹aptus
242 2497 276 2517 ex
287 2488 358 2524 sese,
379 2490 481 2527 quique
503 2491 532 2519 in
547 2490 572 2519 se
585 2500 642 2519 uuo
654 2490 699 2519 sua
710 2490 793 2527 ponit
807 2491 908 2519 omnia.

73 2523 143 2560 Apta
163 2524 203 2553 illi
217 2527 312 2555 omnia
323 2537 358 2556 ex
373 2526 437 2557 sese.
474 2527 531 2557 Cic.
555 2540 578 2563 5.
598 2527 680 2557 Tusc.
695 2531 737 2564 36.
779 2528 852 2558 Nam
865 2527 911 2558 cui
921 2528 981 2557 viro
995 2537 1029 2557 ex
1040 2526 1126 2565 seipso
1137 2533 1200 2565 apta

90 2561 154 2590 sunt
169 2564 263 2592 omnia
275 2586 283 2598 ,
305 2575 365 2602 quae
381 2565 416 2605 ad
436 2565 516 2595 beate
528 2566 682 2595 vivendum
699 2566 801 2595 ferunt.
1020 2568 1026 2575 ⁸

73 2599 178 2637 Apta&
203 2600 337 2632 Dissoluta
355 2625 363 2638 ,
384 2605 532 2633 contraria.
563 2604 622 2633 Cic.
636 2614 659 2633 1.
677 2603 734 2633 Off.
750 2613 810 2639 129.
840 2603 901 2633 Nec
921 2613 986 2633 vero
997 2603 1196 2645 histrionibus,

92 2639 302 2676 oratoribusque
312 2641 526 2671 concedendum
538 2642 576 2671 est
586 2663 594 2675 ,
617 2642 699 2671 uthis
711 2642 770 2670 hzec
780 2649 844 2679 apta
855 2642 906 2670 sint
916 2664 924 2677 ,
946 2642 1026 2670 nobis
1042 2641 1178 2671 disloluta.

73 2675 144 2719 Apta
154 2674 300 2707 dissolvere
311 2680 337 2708 &
346 2679 479 2717 Dissipata
490 2681 657 2709 connectere
667 2702 675 2714 ,
696 2680 841 2709 contraria.
863 2679 920 2709 Cic.
937 2680 967 2708 in
975 2680 1052 2709 Orat.
1066 2689 1097 2716 23
1107 2689 1129 2715 5.
1151 2679 1200 2709 Fa-

93 2713 172 2743 cilius
188 2715 226 2744 est
242 2722 307 2753 apta
318 2716 463 2746 dissolvere
476 2740 482 2751 ,
504 2728 586 2755 quam
602 2717 727 2755 dissipata
742 2719 918 2747 connectere.

6 2760 21 2779 .’
73 2750 148 2781 Inter
156 2751 182 2781 se
194 2760 265 2791 apta.
289 2754 348 2784 Cic.
368 2764 394 2784 2.
412 2755 447 2784 de
456 2755 561 2785 invent.
574 2759 618 2791 46.
650 2756 712 2785 Hoc
719 2755 805 2784 modo
817 2756 834 2784 li
846 2755 997 2792 diligenter
1010 2754 1197 2790 attendamus,

6 2799 13 2811 r
65 2809 70 2811 Δ
91 2796 153 2827 apta
163 2790 235 2820 inter
247 2791 274 2821 se
284 2792 338 2822 effe
347 2792 528 2831 intelligimus
539 2794 598 2823 haec
608 2804 668 2831 quae
679 2794 808 2832 negotiis,
829 2795 855 2824 &
872 2793 918 2822 illa
930 2801 990 2831 quae
1002 2793 1125 2831 personis
1136 2791 1199 2822 sunt

91 2828 229 2858 attributa.

73 2864 286 2908 Connexainter
297 2867 324 2897 se
338 2869 364 2897 &
375 2876 448 2911 apta.
475 2869 534 2898 Cic.
548 2879 574 2898 2.
592 2869 700 2899 deNat.
715 2869 798 2899 Deor.
809 2879 853 2904 99.
895 2868 966 2905 Quis
976 2867 1052 2898 enim
1066 2868 1199 2897 1111110110-

91 2913 196 2933 minem
208 2905 311 2934 dixerit
323 2928 330 2941 ,
350 2916 397 2949 qui
411 2917 497 2944 quum
512 2914 568 2936 tam
586 2914 676 2937 certos
697 2907 761 2936 coeli
777 2915 887 2941 motus,
908 2913 964 2935 tam
984 2913 1056 2936 ratos
1066 2907 1200 2936 astrorum

4 2945 12 2957 ³
58 2962 63 2969 .
91 2938 219 2977 ordines,
241 2950 352 2981 tamque
371 2952 443 2974 mter
462 2945 488 2974 se
503 2946 598 2975 onmia
609 2954 738 2975 connexa
755 2947 781 2975 Sc
804 2951 867 2984 apta
881 2945 1000 2981 viderit,
1022 2951 1106 2982 neget
1126 2945 1199 2973 iniis

92 2978 177 3009 ullam
188 2981 274 3010 inesse
286 2982 423 3012 rationem
433 2984 446 3011 ⁶?
1177 3019 1183 3025 .

71 3016 174 3054 Aptum
182 3018 275 3056 aliquo
285 3019 407 3049 vinculo.
438 3021 495 3050 Cic.
512 3032 534 3055 ς.
552 3020 634 3050 Tusc.
648 3023 692 3050 62.
724 3020 890 3058 Fulgentem
898 3019 1021 3058 gladium
1032 3030 1047 3050 e
1060 3019 1194 3056 lacunari,

91 3055 146 3085 seta
155 3053 257 3094 equina
267 3064 364 3095 aptum
374 3058 484 3088 demitti
496 3058 580 3094 jussit.

0 3104 13 3119 :1
71 3092 156 3131 Aptus
168 3094 265 3124 validis
282 3097 382 3126 nervis.
403 3096 510 3126 Lucret.
531 3096 580 3126 lib.
606 3108 628 3132 5.
647 3100 710 3132 926.

1 3138 24 3167 ‘;·
71 3131 142 3169 Apta
151 3142 234 3162 arma.
257 3133 360 3163 Sallust.
380 3134 427 3163 lib.
446 3144 469 3170 3.
485 3135 551 3164 Hist.
577 3135 652 3172 apud
662 3135 788 3164 Nonium
801 3156 809 3168 ,
832 3133 918 3170 Quod
941 3132 988 3162 ubi
1005 3132 1102 3176 frustra
1111 3137 1200 3175 tentae

62 3172 65 3196 ἶ
90 3175 149 3198 tum
162 3171 217 3205 est‘,
237 3170 378 3207 socordius
388 3173 427 3202 ire
435 3173 514 3202 miles
530 3194 538 3207 ,
559 3172 694 3210 obrepere
704 3181 762 3201 non
772 3173 844 3209 aptis
852 3172 934 3200 armis
947 3193 954 3205 ,
977 3177 1046 3199 utin
1056 3179 1198 3213 principio

91 3206 330 3275 1111110ιέ33ῗί00.
371 3210 389 3240 i.
415 3220 439 3240 e.
462 3210 539 3240 Male
559 3211 717 3245 coniunctis
730 3233 738 3246 ,
758 3220 817 3239 non
838 3210 910 3239 bene
927 3208 1150 3243 cohaerentibus,
1172 3209 1199 3237 δι

92 3246 162 3282 quali
195 3247 201 3275 i
227 3257 244 3275 o
258 3247 320 3276 utis.

0 3265 14 3289 :³
57 3283 175 3322 JAptus,
197 3284 376 3320 Concinnus,
397 3286 519 3316 astriftus
533 3308 541 3321 ,
574 3286 731 3324 expeditus.
762 3285 819 3315 Cic.
837 3295 859 3314 1.
880 3284 963 3314 Acad.
977 3289 1002 3318 8.
1032 3283 1110 3313 Niliil
1133 3283 1200 3312 defi.

91 3321 189 3357 niunt,
215 3322 286 3352 nihil
304 3324 474 3360 partiuntur,
499 3324 573 3353 nihil
590 3333 653 3367 apta
673 3324 891 3366 interrog-atione
908 3322 1091 3351 concludunt.
1122 3321 1150 3350 h.
1172 3331 1196 3350 e.

14 3367 21 3371 “
52 3376 54 3379 ν
92 3359 271 3393 (enarratore
282 3361 439 3396 Turnebo)
460 3361 544 3392 Nulla
556 3363 671 3391 rationis
687 3361 866 3391 conclusione
885 3367 1000 3390 utuntur
1012 3381 1019 3395 ,
1040 3369 1100 3396 quae
1115 3360 1142 3388 in
1159 3360 1201 3388 di-

74 3425 76 3429 ,
91 3396 109 3426 s
124 3398 293 3428 mationibus
301 3399 520 3429 maledicorum
529 3400 746 3437 interrogatione
757 3399 874 3429 efficitur
887 3408 894 3427 :
918 3408 1004 3441 quam.
1017 3404 1120 3441 aptam,
1132 3397 1157 3441 ·i.·
1169 3407 1193 3426 e.

116 3436 264 3465 oucinnam
278 3437 331 3466 effe
342 3437 416 3467 vuit:
439 3438 468 3467 in
479 3447 533 3475 quo
552 3437 622 3467 inest
632 3439 716 3467 etiam
726 3437 851 3475 expediti
867 3438 893 3466 Sc
906 3436 1004 3465 astricti
1015 3435 1176 3471 significatio
1189 3444 1196 3464 z

66 3483 68 3485 ·
91 3479 123 3502 ut
140 3474 215 3511 apud
237 3474 365 3511 Livium,
393 3475 534 3505 Profectus
555 3484 620 3519 apto
640 3476 774 3505 exercitu.
819 3474 916 3504 Simile
935 3474 974 3503 est
991 3473 1063 3502 illud
1086 3473 1156 3502 Hor.
1173 3482 1197 3503 1.

93 3510 182 3540 Carm.
197 3522 237 3541 12.
250 3522 295 3549 43.
426 3529 465 3534 —-
485 3515 511 3543 &
529 3522 618 3543 avitus
635 3523 701 3551 apto

151 3549 224 3579 Cum
239 3550 294 3579 lare
314 3551 425 3580 fundus.
541 3551 575 3580 Et
596 3551 665 3581 illud
680 3550 779 3581 Catull.
803 3553 848 3579 26.
862 3559 888 3579 2.

190 3589 265 3626 Aptis
282 3588 421 3618 sarcinulis
444 3590 469 3618 81
493 3589 639 3626 expeditis.
737 3587 880 3626 Significat
899 3586 976 3616 enim
995 3586 1126 3616 Horatius
1139 3586 1200 3616 Para

91 3633 158 3654 vum
169 3626 375 3656 &concinnum
386 3626 491 3655 larem:
512 3625 636 3656 Catullus
653 3626 767 3656 Curtam
779 3627 804 3655 Sc
821 3626 957 3654 astrictam
973 3623 1115 3667 sarcinam.
1190 3658 1197 3669 ὁ

73 3661 157 3699 Aptus
167 3663 236 3693 mihi
244 3664 349 3699 homo,
370 3664 543 3694 Commodus
554 3687 561 3699 ,
586 3671 780 3702 opportunus,
797 3662 938 3699 jucundus
950 3684 958 3697 ,
980 3663 1006 3705 85
1026 3661 1130 3705 suavisf
1153 3671 1198 3691 cui

91 3701 242 3741 opponitur
256 3702 379 3740 [neptus.
397 3701 456 3731 Cic.
471 3701 506 3731 ad
519 3702 649 3732 Cornific.
672 3702 698 3731 O
709 3702 854 3731 hominem
866 3700 975 3738 semper
989 3699 1070 3728 11111111
1083 3700 1199 3736 quidem

84 3737 160 3767 'mihi
179 3744 275 3777 aptum
286 3762 293 3774 ,
314 3748 390 3769 nunc
401 3749 466 3769 vero
481 3739 566 3769 etiam
578 3740 689 3770 suavem
705 3741 710 3768 !
876 3775 882 3781 .
1125 3775 1130 3781 ·

50 3778 52 3781 ’
72 3774 178 3842 Aptusl,
208 3787 259 3815 pro
283 3778 405 3816 Adeptus
421 3777 496 3816 apud
512 3778 620 3808 Festum
642 3778 668 3807 &
687 3778 815 3807 Nonium
829 3775 946 3813 legitur,
976 3784 1011 3804 ex
1032 3774 1150 3804 Pacuvio
1170 3776 1198 3805 &

44 3839 47 3846 ,
112 3820 155 3842 1101
169 3823 206 3843 10.
259 3818 264 3823 '

64 3857 146 3886 PTE,
177 3849 343 3888 [ἐπιτηδῖε]
369 3853 483 3891 Aptius,
507 3852 658 3890 Aptiffime.
682 3853 746 3882 Adv.
769 3851 916 3894 qualitatis..
949 3849 1198 3894 Convenienterp&

71 3890 261 3920 accommode.
283 3890 341 3920 Cic.
357 3901 378 3920 1.
395 3892 430 3920 de
441 3891 500 3920 Fin.
513 3900 557 3925 29.
597 3891 694 3927 Quum
706 3890 836 3919 inciderit
853 3896 884 3917 ut
902 3888 934 3917 id
954 3894 1018 3926 apte
1037 3888 1196 3926 fieriposiit.

73 3923 138 3955 Plin.
156 3927 205 3956 lib.
227 3932 268 3956 16.
294 3938 354 3966 cap.
375 3939 420 3964 25.
456 3928 538 3957 Ratio
560 3929 652 3966 aptius
665 3928 796 3957 reddetur
814 3926 847 3956 ab
867 3927 922 3955 hoc
939 3927 1023 3956 tertio
1043 3926 1196 3962 volumine.

20 3975 21 3981 ¹
71 3962 148 3993 Idem
157 3964 203 3994 lib.
221 3976 261 4001 19.
282 3975 342 4003 cap.
359 3978 381 4001 ς.
416 3965 548 3995 Parilibus
563 3974 657 3996 tamen
675 3965 819 4004 aptiiiime.

64 3999 283 4072 ΙΟοῑ11711101111111131ῑο
293 4004 328 4033 ad
335 4004 440 4042 pedem
450 4004 610 4034 cothurnus.
641 4004 699 4034 Cic.
716 4013 740 4041 3.
758 4004 793 4033 de
805 4002 864 4033 fin.
881 4004 923 4039 3⁶·

138 4049 156 4068 o
165 4051 189 4070 L.
242 4063 248 4071 .

1722 189 1988 228 11Ρο
2343 211 2409 244 233

1294 267 1483 333 Dicere.sCic.
1507 279 1528 298 1.
1542 270 1599 300 Off.
1613 282 1638 307 4.
1680 272 1765 308 Quod
1776 272 1814 301 est
1829 274 1944 303 cratoris
1956 275 2099 312 proprium
2109 282 2171 313 apte
2182 299 2190 311 ,
2211 278 2355 315 distinete,
2377 290 2421 309 or-

1314 314 1376 333 n'dIC
1395 316 1405 333 ί
1418 315 1496 335 iCssl'L'.

1294 342 1363 378 Apte
1374 342 1470 371 dicere
1485 345 1516 372 ad
1530 351 1648 381 tempus.
1671 346 1728 376 Cic.
1742 347 1769 375 in
1780 347 1867 376 Partit.
1882 357 1924 384 30.
1965 348 2105 385 Siquando
2116 356 2225 388 tenipus
2237 352 2325 389 ipsum
2337 375 2343 385 ,
2373 361 2420 384 aut

1314 389 1357 407 res
1371 401 1378 413 ,
1403 389 1448 407 aur
1460 380 1535 410 locus
1546 383 1572 410 in
1587 385 1744 419 perorando
1759 385 1867 414 dederit
1886 385 2058 414 occasionem
2069 386 2149 416 nobis
2167 389 2285 426 aliquam
2305 396 2333 418 ut
2346 391 2419 420 dica-

1315 426 1375 444 mus
1388 417 1490 454 aliquid
1506 419 1539 447 ud
1550 426 1660 457 tempus
1672 429 1736 458 apte
1749 444 1756 456 ,
1785 431 1821 451 ne
1834 423 2067 459 derelinquamus.

1296 450 1413 482 Docere.
1436 456 1518 484 «hvid.
1534 467 1554 485 1.
1570 458 1658 487 Amor.
1677 465 1702 492 8.
1720 465 1764 491 535³.

1296 491 1366 531 Apte
1377 491 1432 531 sieri
1447 514 1454 525 ,
1481 494 1524 521 cui
1538 496 1691 531 opponitur
1704 496 1862 534 Discrepare
1871 497 1904 525 ab
1914 497 2016 526 officio.
2039 498 2096 527 Cic.
2111 508 2132 528 1.
2145 499 2201 528 Off.
2219 503 2279 535 146.
2320 501 2372 530 Sed
2382 502 2421 531 fa.

1296 527 1368 591 Acile
1376 530 1562 595 1101110301ἳ1115
1574 533 1641 568 quid
1650 543 1746 563 eorum
1755 542 1818 572 apte
1828 534 1998 572 nunquidab
2010 536 2102 565 officio
2113 544 2264 574 naturaque
2274 538 2419 576 discrepet.

1320 571 1365 599 pte
1394 575 1483 595 ocare.
1523 577 1565 596 .=v.
1576 581 1600 603 4.
1765 592 1768 595 .

1296 601 1382 637 Apte,
1415 603 1593 645 Con—iunctim
1607 615 1612 634 :
1647 608 1673 636 δε
1703 609 1713 642 (
1729 608 1746 636 si
1764 608 1829 638 licet
1845 610 1958 645 dicere)
1986 609 2129 640 Connexe.
2163 611 2220 640 Cic.
2244 613 2272 640 in
2292 612 2416 642 Hortensi

1315 639 1389 704 ἓρυά
1404 639 1528 669 Νο11111111
1540 664 1547 676 ,
1569 643 1659 673 Altera
1677 646 1715 673 est
1737 656 1808 676 nexa
1828 657 1890 676 cuin
1908 647 2064 685 superiore.
2088 650 2113 678 St
2130 649 2195 678 inde
2212 656 2330 687 apteque
2352 660 2422 688 pen-

1337 685 1394 704 ens.

1259 712 1303 741 Ap
1315 722 1432 756 11101)
1445 724 1478 747 0,
1499 716 1563 744 inis.
1592 717 1610 745 s.
1645 720 1660 753 [
1675 718 1803 753 ιφμψότης
1820 721 1834 755 ]
1856 722 1892 750 est
1901 722 2102 752 Convenientia
2115 745 2121 757 ,
2144 723 2323 761 pulchritudo
2335 746 2342 760 ,
2365 725 2421 754 ele-

1298 757 1397 786 gantia.
1421 752 1519 794 author
1533 753 1657 796 Calcpin.
1699 757 1839 794 Improbat
1852 759 1957 788 Vollius
1970 761 2004 789 de
2017 762 2062 790 vir.
2078 760 2143 790 1..1..
2161 771 2182 797 3.
2202 772 2222 790 1.

1259 787 1407 823 ΑΡ’10;[
1429 800 1528 830 ww»,
1549 791 1650 825 ἀεταω,
1672 794 1838 830 fflmgm'm,
1858 797 1960 832 ῥυθμιζω
1978 798 1992 831 ]
2013 801 2066 826 arc.
2104 800 2320 828 Acconiinodaie
2341 800 2422 837 signi-

1297 825 1369 892 ξιὲτιῖ.
1406 825 1530 855 Dicimus
1549 834 1641 857 autem
1662 831 1761 867 Aptare
1780 832 1862 861 alicui
1885 835 1939 869 rei,
1961 837 1986 864 ὁὶ
2009 836 2044 863 ad
2065 846 2121 864 reni
2141 836 2268 873 aliquam.
2309 838 2380 876 Virg.
2394 848 2417 875 3.

1297 889 1305 892 -
1333 873 1364 891 n.
1387 873 1450 899 472.

1377 899 1486 929 Interea
1502 901 1611 930 classem
1629 902 1698 931 velis
1718 912 1811 941 aptare
1830 906 1947 938 iubebat.
2041 909 2109 939 Cels.
2127 911 2172 939 lib.
2190 922 2211 940 1.
2226 922 2285 949 cap.
2303 923 2343 941 11.
2385 913 2416 942 Ei

1266 948 1267 952 ¹
1295 938 1335 966 rei
1348 938 1497 967 commode
1510 946 1626 976 aptatur.
1659 940 1717 969 Cic.
1731 951 1754 975 3.
1768 943 1802 971 de
1817 945 1892 973 Orat.
1910 950 1966 973 161.
2010 947 2070 976 Hoc
2082 951 2195 977 verbum
2208 952 2245 978 est
2259 950 2333 979 adid
2345 959 2421 988 apta-

1297 982 1357 1004 tum
1377 997 1385 1010 ,
1407 977 1482 1013 quod
1496 984 1567 1010 ,ante
1588 978 1705 1006 dixerat.
1746 979 1764 1007 i.
1784 990 1806 1008 e.
1831 982 1898 1018 Apte
1916 986 2165 1015 accommodatum.

1298 1013 1396 1042 Claves
1411 1020 1504 1051 aptare
1518 1014 1631 1044 foribus.
1655 1016 1774 1045 Martial.
1792 1017 1839 1046 lib.
1852 1029 1875 1052 9.
1887 1029 1931 1054 47.

1296 1051 1338 1079 Ad
1354 1051 1416 1079 fidei
1435 1052 1577 1081 commissa
1587 1063 1649 1082 eam
1659 1053 1864 1091 stipulationem
1875 1058 1963 1093 aptari
1978 1058 2087 1088 debere.
2131 1059 2237 1098 Ulpizin.
2251 1063 2279 1091 in
2289 1063 2305 1092 l.
2320 1073 2342 1092 1.
2357 1065 2377 1101 ς.
2393 1075 2427 1093 1.·

1319 1088 1351 1117 D.
1372 1089 1458 1118 Usufr.
1475 1091 1605 1126 quemad.
1628 1098 1733 1120 caveat.

1297 1126 1390 1164 Aptari
1401 1127 1556 1157 iirtutibus.
1580 1128 1636 1158 Cic.
1652 1141 1677 1165 4.
1695 1130 1730 1158 de
1740 1130 1798 1159 Fin.
1814 1141 1841 1165 4.

1296 1165 1368 1201 Apta
1384 1165 1509 1201 quaedam
1521 1166 1555 1194 ad
1565 1173 1690 1196 naturam
1708 1175 1810 1205 aptare.
1835 1168 1892 1197 Cic.
1909 1179 1934 1203 4.
1946 1170 1980 1198 de
1993 1170 2048 1199 fin.
2066 1176 2109 1205 46.

1297 1202 1423 1239 Aptanda
1434 1203 1467 1231 ad
1481 1204 1564 1232 vitam
1584 1204 1694 1234 fuerant
1710 1216 1769 1242 quae
1781 1206 1918 1234 dicuutur.
1948 1208 2066 1243 Quintil.
2081 1210 2127 1238 lib.
2146 1220 2169 1245 3.

1297 1240 1417 1277 Aptare,
1440 1240 1617 1278 Componere
1629 1264 1636 1277 ,
1659 1252 1751 1280 parare
1763 1265 1771 1278 ,
1793 1244 1858 1272 teste
1870 1244 1971 1273 Nonio.
2009 1246 2077 1284 Virg.
2100 1258 2138 1276 10.
2153 1249 2212 1279 Adri.
2227 1255 2288 1285 588.

1457 1295 1494 1299 —
1515 1281 1639 1316 proje«t0
1662 1281 1730 1310 dum
1749 1281 1822 1319 pede
1844 1281 1913 1311 laevo

1378 1316 1463 1354 Aptat
1483 1316 1509 1345 se
1530 1328 1637 1355 puignae.

1295 1353 1414 1390 Aptare,
1443 1364 1495 1392 pro
1508 1355 1610 1384 Parare.
1641 1355 1777 1393 pomposi.
1795 1357 1870 1395 apud
1887 1357 2026 1394 Nonium,
2050 1358 2125 1389 Heus
2138 1367 2228 1398 aptate
2248 1362 2324 1399 pueri
2338 1373 2421 1392 mun-

1315 1391 1350 1420 de
1362 1397 1443 1428 atque
1455 1393 1584 1430 ampliter
1602 1395 1771 1423 convivium.

1295 1424 1402 1458 idonea
1417 1437 1510 1467 aptare
1529 1430 1610 1460 bello.
1652 1432 1718 1461 Hor.
1732 1441 1757 1461 2.
1778 1432 1864 1462 Serm.
1888 1443 1914 1462 2.
1938 1443 1997 1463 111.

1295 1466 1453 1504 Quidpiam
1463 1476 1556 1505 aptare
1570 1470 1599 1497 in
1611 1479 1639 1498 re
1649 1469 1748 1506 aliqua.
1780 1470 1916 1500 Columel.
1930 1471 1975 1499 lib.
1990 1477 2013 1505 8.
2027 1481 2086 1509 cap.
2101 1482 2142 1502 10.
2182 1473 2236 1502 Sed
2254 1475 2282 1503 in
2295 1483 2422 1505 001111118-

1314 1505 1396 1534 versae
1410 1507 1523 1543 perticae
1537 1507 1682 1544 perforatis
1702 1508 1852 1545 parietibus
1864 1509 1980 1538 adversis
1991 1517 2128 1547 aptantur.

1295 1541 1396 1580 Aptare
1407 1565 1414 1577 ,
1439 1543 1562 1574 absolute
1585 1545 1712 1582 positum.
1752 1545 1888 1575 Columel.
1913 1547 1960 1576 lib.
1986 1556 2027 1576 12.
2054 1557 2114 1585 cap.
2137 1559 2180 1583 54.
2218 1549 2314 1586 Quum
2329 1558 2421 1581 autem

1312 1590 1376 1609 eam
1386 1580 1509 1611 tabulam
1522 1582 1556 1611 lic
1568 1583 1722 1620 aptaveris,
1745 1585 1835 1620 gravia
1848 1585 1972 1621 pondera
1987 1585 2177 1623 superponito.

1295 1620 1413 1656 Aptare,
1434 1620 1503 1658 Apte
1514 1620 1612 1650 locare.
1640 1621 1710 1658 Virg.
1726 1631 1767 1650 11.
1788 1622 1848 1651 [En.
1863 1628 1888 1655 S.

1456 1674 1493 1678 —
1512 1665 1588 1695 aptat
1605 1667 1727 1688 rorantes
1747 1658 1878 1696 sanguine
1896 1660 1997 1690 cristas.
2080 1661 2197 1690 Servius.

1296 1694 1395 1732 Aptare
1409 1702 1578 1733 opportune.
1601 1696 1720 1733 Quintil.
1734 1696 1781 1726 lib.
1794 1701 1819 1726 6.
1845 1706 1906 1735 cap.
1920 1707 1943 1733 3.

1259 1731 1358 1798 Apa?
1370 1742 1454 1768 Tus,
1476 1743 1490 1762 a
1502 1755 1510 1769 ,
1531 1744 1586 1764 um.
1610 1736 1625 1770 [
1641 1732 1776 1772 ἦξτημὶάῶι
1791 1736 1805 1770 ]
1825 1735 1951 1765 Plin.lib.
1964 1740 2009 1770 28.
2021 1745 2081 1774 cap.
2094 1745 2135 1772 13.
2172 1736 2287 1774 Sanguis
2297 1737 2420 1768 hircinus

1298 1779 1321 1799 ci
1345 1780 1362 1799 0
1379 1780 1392 1799 a
1416 1778 1496 1800 tatus.
2414 1791 2416 1794 ’

1297 1808 1339 1836 Ad
1351 1781 1546 1838 autlioritatem
1559 1810 1707 1839 oratoriam
1721 1816 1838 1847 aptatus.
1872 1811 1935 1840 Seri.
1947 1810 1994 1840 lib.
2013 1811 2184 1840 Controvers.
2199 1815 2224 1840 6.

1299 1846 1339 1874 Ad
1355 1846 1570 1876 delestationem
1584 1854 1702 1885 aptatus.
1726 1848 1846 1885 Quintil.
1862 1849 1908 1878 lib.
1924 1859 1949 1879 2.
1971 1850 2043 1879 Sunt
2052 1849 2112 1878 haec
2122 1850 2157 1879 ad
2170 1849 2336 1888 popularem
2346 1858 2422 1889 apta-

1317 1890 1344 1913 ta
1371 1884 1595 1914 delectationem.

1259 1920 1459 1957 Animus,
1481 1924 1521 1951 us.
1544 1933 1580 1951 m.

1258 1959 1456 1995 Aur-A'rio,
1479 1960 1550 1989 onis.
1569 1960 1587 1989 f.
1610 1959 1700 1991 Idem.
1724 1960 1808 1991 Gloff.
1822 1960 1916 1998 Cyrill.

1260 1997 1450 2032 APTATOR,
1473 1998 1537 2027 oris.
1560 2008 1596 2027 m.
1632 1999 1743 2029 Eaedem
1763 1998 1861 2037 glossae.

1259 2035 1472 2065 AP’rAsrLis
1487 2058 1494 2071 ,
1516 2046 1540 2065 e.
1561 2036 1627 2066 hinc

1260 2072 1544 2109 AP'rAsrmTER,
1575 2074 1642 2104 Adv.

1259 2111 1384 2140 APTAB
1395 2122 1403 2140 i
1414 2120 1527 2141 LITAS
1539 2134 1547 2147 ,
1569 2112 1628 2142 atis.
1651 2112 1670 2141 f.
1692 2112 1731 2142 usi
1747 2112 1809 2143 sunt
1819 2112 1999 2143 Ecclesiastici
2011 2113 2166 2152 scriptores.

1727 2191 1754 2223 A
1830 2190 1854 2224 P
1942 2189 1973 2224 U

1259 2256 1379 2294 apua,
1411 2259 1481 2290 Plin.
1504 2260 1551 2290 lib.
1577 2266 1619 2297 '3¹-
1642 2271 1703 2300 cap.
1721 2267 1746 2296 8.
1768 2261 1803 2291 de
1823 2271 1888 2299 garo
1906 2262 2024 2300 loquens
2042 2264 2078 2292 sic
2096 2263 2134 2292 ait
2149 2285 2154 2297 ,
2178 2262 2272 2301 Coepit
2289 2270 2382 2295 tamen
2398 2269 2424 2297 Sc

1297 2298 1427 2335 privatim
1452 2309 1487 2328 ex
1510 2299 1603 2328 inutili
1626 2298 1760 2337 pisciculo
1780 2300 1954 2336 minimoque
1976 2302 2097 2330 coni-ici:
2138 2304 2242 2339 Apuam
2263 2304 2345 2332 nostri
2373 2338 2376 2339 .
2395 2307 2425 2333 A-

1296 2336 1393 2373 phyen
1413 2336 1502 2366 Graeci
1520 2344 1623 2367 vocant
1640 2348 1646 2367 :
1678 2338 1809 2375 quoniam
1829 2339 1851 2367 is
1866 2338 2015 2376 pisciculus
2038 2350 2053 2369 e
2081 2339 2175 2377 pluvia
2189 2339 2316 2370 nascitur.
2355 2327 2426 2372 iside

1297 2383 1317 2402 A
1329 2384 1342 2402 p
1352 2384 1372 2403 H
1381 2384 1436 2404 YA.

1258 2411 1302 2440 Ap
1312 2421 1330 2440 u
1340 2421 1407 2441 AN1
1420 2435 1427 2447 ,
1451 2412 1533 2450 vulgo
1544 2412 1673 2448 Genevefi,
1684 2412 1795 2450 Ligures
1807 2413 1886 2448 sunt,
1908 2413 1973 2443 teste
1983 2413 2040 2443 Liv.
2056 2424 2096 2451 39.
2110 2424 2154 2450 32.
2174 2415 2353 2453 Sempronius
2363 2418 2374 2453 ζ
2384 2418 2426 2446 iri-

1296 2450 1377 2486 quit)
1396 2450 1485 2517 &fisis
1495 2450 1636 2488 profestus
1647 2452 1674 2480 in
1684 2453 1813 2489 Apuanos
1823 2451 1944 2489 Ligures,
1961 2453 2090 2482 vastando
2101 2463 2179 2490 agros
2188 2455 2239 2483 810.
2263 2455 2369 2491 aperuit
2378 2455 2426 2484 sal-

1295 2493 1349 2517 tus.
1373 2489 1393 2517 A
1437 2511 1443 2517 .
1475 2499 1501 2517 0.
1536 2499 1558 2518 1.

1257 2525 1377 2561 APUD,
1406 2527 1422 2562 [
1438 2500 1532 2562 ”2:3924,
1554 2524 1615 2556 ωέὶς
1627 2526 1653 2561 j.
1672 2526 1828 2565 Praepositi0
1842 2527 2012 2563 accusativa,
2048 2528 2160 2566 proprie
2183 2529 2265 2565 Juxta
2286 2529 2424 2567 significat.

1295 2563 1377 2593 Unde
1388 2564 1500 2593 Nonius
1518 2587 1525 2598 .
1547 2563 1628 2593 Error
1649 2564 1660 2599 (
1675 2565 1765 2602 inquit
1781 2567 1790 2599 )
1814 2565 2025 2595 consuetudinis
2037 2567 2116 2604 Apud
2130 2577 2182 2604 pro
2197 2567 2225 2595 ln
2241 2568 2334 2597 utitur.
2375 2569 2426 2598 lta-

1293 2611 1347 2638 que
1359 2601 1455 2630 vitiose
1465 2602 1584 2631 dicimus
1595 2612 1680 2638 quum
1693 2604 1722 2631 in
1736 2603 1798 2632 soro
1807 2613 1858 2632 nos
1868 2603 1945 2632 fuisse
1961 2614 1966 2632 :
1990 2604 2125 2640 dicamus,
2138 2605 2211 2642 apud
2224 2605 2313 2634 sorum
2326 2606 2402 2636 fuiffe
2416 2617 2423 2636 :

1294 2649 1380 2676 quum
1396 2640 1478 2677 Apud
1499 2640 1582 2675 juxta
1597 2639 1738 2677 significet.
1776 2641 1921 2679 Turpilius
1940 2641 2078 2671 Leucadia
2092 2665 2099 2678 ,
2129 2642 2241 2671 Utinam
2259 2654 2334 2672 nunc
2350 2645 2425 2682 apud

1293 2678 1388 2714 ignem
1408 2677 1530 2714 'aliquem
1550 2687 1681 2715 magnum
1698 2678 1820 2708 assidam.
1844 2679 1901 2708 Cic.
1915 2688 1938 2714 3.
1964 2680 1999 2709 de
2010 2679 2079 2718 Rep.
2114 2681 2130 2709 A
2155 2681 2191 2709 ud
2209 2681 2302 2710 focum
2314 2681 2419 2712 sedens.

1294 2714 1410 2745 11101112.
1435 2716 1469 2746 de
1480 2716 1556 2745 Orat.
1572 2725 1613 2744 12.
1655 2716 1751 2751 Quum
1762 2717 1845 2746 etiam
1862 2724 1922 2746 tum
1937 2718 1966 2746 in
1987 2715 2059 2748 10610
2072 2717 2123 2748 Cra
2145 2718 2177 2748 'us
2198 2718 2282 2755 esset,
2304 2721 2330 2749 St
2348 2720 2423 2758 apud

1292 2763 1359 2782 eum
1367 2752 1507 2791 Sulpicius
1521 2753 1635 2783 sederet.
1677 2754 1743 2783 Haec
1755 2765 1789 2784 ex
1806 2755 1910 2784 Nonio.

1292 2791 1374 2827 Apud
1394 2791 1550 2826 Mutinam,
1572 2801 1623 2829 pro
1641 2791 1690 2821 Ad.
1720 2792 1738 2821 i.
1756 2802 1780 2822 e.
1810 2793 1840 2822 In
1858 2793 2012 2823 obsidione.
2035 2794 2110 2824 Suet.
2127 2794 2156 2822 in
2175 2794 2281 2832 August.
2298 2804 2357 2832 cap.
2376 2804 2422 2833 77.

1313 2829 1445 2858 Meminit
1461 2831 1487 2859 Sc
1497 2830 1617 2859 Nonius.
1821 2864 1824 2865 .

1292 2867 1325 2897 In
1335 2868 1420 2896 veteri
1432 2867 1612 2904 inscriptione
1624 2866 1734 2897 Romae:
1773 2868 1829 2897 VT
1850 2869 1870 2898 E
1881 2868 1906 2899 T
1928 2868 1948 2898 E
1958 2868 1981 2898 G
1993 2869 2018 2898 O
2033 2868 2141 2904 ,POSS
2152 2870 2160 2899 1
2171 2867 2203 2898 M
2223 2869 2246 2898 D
2258 2868 2307 2898 VL
2318 2870 2338 2899 C
2349 2869 2359 2900 Ι
2370 2871 2419 2900 VS

1311 2905 1368 2934 ET
1389 2905 1610 2935 CELERIVS
1642 2906 1753 2936 APVD
1784 2906 1876 2937 EVM
1905 2906 2180 2943 PERVENIRE,
2202 2907 2249 2936 ubi
2267 2908 2345 2945 Apud
2361 2918 2418 2939 ma.

1313 2943 1410 2972 nifeste
1431 2952 1480 2981 pro
1503 2944 1544 2972 Ad
1565 2944 1686 2980 ponitur.

1292 2981 1394 3018 Apud,
1425 2991 1510 3010 unam
1538 2981 1621 3011 habet
1640 2981 1869 3019 fignificationem
1899 2983 1929 3011 iii
1955 2982 2037 3017 loco,
2074 2988 2104 3012 ut
2128 2982 2207 3020 Apud
2226 2982 2416 3014 Numantiam.

1311 3019 1479 3055 Adiungitur
1489 3027 1584 3048 tamen
1595 3020 1680 3049 etiam
1698 3019 1840 3057 personis:
1864 3028 1908 3055 ut,
1931 3020 2012 3057 Apud
2022 3021 2141 3049 amicum
2156 3042 2163 3054 ,
2184 3020 2258 3057 apud
2271 3020 2419 3051 Athenien.

1310 3057 1368 3092 ses,
1398 3058 1423 3086 tt
1442 3057 1575 3093 significat
1600 3053 1674 3093 περὶ
1694 3059 1820 3087 Graecum
1833 3081 1840 3093 ,
1870 3059 1981 3094 quando
1999 3057 2093 3087 locuni
2114 3057 2188 3094 apud
2214 3057 2277 3086 illos
2300 3059 2418 3089 demon-

1310 3095 1382 3123 strat.
1400 3094 1438 3123 Ea
1448 3101 1540 3124 autem
1552 3095 1710 3133 praepositio
1723 3097 1750 3124 in
1761 3097 1961 3133 compositione
1971 3105 2027 3124 non
2042 3097 2186 3138 invenitur.
2200 3093 2324 3125 Priscian.
2341 3096 2358 3126 1.
2368 3107 2414 3139 13.

1290 3133 1370 3169 Apud
1381 3154 1389 3167 ,
1412 3140 1536 3162 mutuam
1546 3133 1600 3162 loci
1613 3135 1639 3163 ἃ
1652 3133 1775 3170 personae
1796 3135 2025 3167 coniunctionem
2035 3134 2173 3170 significat.
2207 3142 2236 3161 ur
2250 3143 2336 3170 quum
2348 3135 2416 3164 dici-

1308 3175 1388 3204 mus,
1411 3170 1501 3199 Cteno
1523 3171 1597 3208 apud
1620 3172 1749 3201 amicum.
1796 3172 1900 3201 Autlior
1918 3172 2017 3201 Festus.
2347 3207 2354 3215 ι

1289 3208 1371 3245 Apud
1383 3218 1433 3245 pro
1446 3208 1494 3244 ln,
1517 3210 1599 3238 etiam
1614 3210 1720 3238 dicium
1732 3210 1889 3239 invenimus
1905 3231 1912 3243 ,
1937 3209 2037 3238 utTer.
2052 3208 2118 3250 And.
2134 3217 2158 3236 2.
2176 3216 2198 3235 1.
2211 3215 2236 3243 7.
2275 3208 2356 3251 Apud
2373 3211 2415 3240 so-

1308 3256 1368 3275 rum
1380 3246 1466 3274 niodo
1484 3256 1499 3275 e
1511 3246 1587 3275 Davo
1596 3248 1697 3276 audivi.
1738 3248 1849 3277 Marcus
1867 3247 1977 3276 Tullius
1988 3246 2022 3274 de
2033 3245 2111 3282 signis
2124 3267 2132 3279 ,
2142 3244 2269 3288 ‘Coenam
2280 3248 2320 3275 isti
2332 3247 2415 3278 dabat

1307 3284 1383 3320 apud
1398 3284 1493 3313 villam
1503 3285 1533 3313 in
1546 3284 1744 3322 Tyndaritano.
1789 3286 1864 3314 idem
1876 3289 1899 3313 6.
1919 3285 1994 3312 Verr.
2008 3292 2068 3318 149.
2092 3282 2148 3320 Qui
2164 3291 2240 3312 nunc
2252 3285 2326 3322 apud
2337 3295 2415 3315 exer-

1307 3322 1395 3350 citum
1410 3332 1474 3351 cum
1487 3322 1513 3350 L.
1534 3322 1649 3352 Lucullo
1662 3323 1711 3356 est,
1733 3333 1783 3360 pro
1803 3323 1832 3351 lii
1846 3323 1976 3351 exercitu.

1286 3359 1420 3397 Apudme
1431 3360 1525 3395 domi,
1548 3370 1638 3398 proco
1648 3359 1723 3397 quod
1739 3362 1791 3395 eit,
1815 3360 1895 3389 Domi
1916 3367 1992 3401 meae.
2013 3357 2077 3387 Ter.
2093 3354 2191 3388 Heaut.
2206 3369 2231 3395 3.
2248 3368 2325 3390 r.21.
2366 3361 2413 3391 Sic

1306 3399 1335 3426 in
1352 3397 1421 3427 Eun.
1437 3409 1459 3432 5.
1475 3408 1500 3427 2.
1518 3409 1539 3427 1.
1581 3398 1661 3435 Apud
1676 3398 1863 3435 Antiphonem
1879 3398 1964 3437 domi.

1286 3435 1368 3473 Apud
1378 3435 1410 3464 ‘se
1429 3437 1491 3465 ruri.
1516 3436 1573 3465 Cic.
1599 3447 1621 3464 1.
1649 3436 1685 3465 (10
1707 3436 1784 3465 Orat.
1806 3445 1869 3470 214·
1891 3435 1984 3471 Quem
1999 3442 2058 3462 non
2075 3432 2157 3471 longe
2172 3435 2229 3464 ruri
2245 3437 2321 3473 apud
2333 3434 2359 3466 se
2373 3437 2413 3467 es-

1309 3473 1336 3502 se
1357 3474 1450 3502 audio.
2094 3504 2098 3506 .

1285 3511 1384 3547 Apud,
1404 3512 1533 3547 junt‘lum
1553 3510 1707 3540 accusativo
1728 3509 1850 3547 persona:
1864 3530 1871 3543 ,
1907 3508 2075 3545 quandoque
2093 3508 2197 3539 Locum
2217 3509 2305 3540 solum
2323 3518 2409 3542 notat.

1305 3549 1364 3578 Cic.
1378 3560 1401 3584 ς.
1422 3552 1474 3578 Att.
1487 3559 1511 3586 7.
1544 3549 1601 3583 Ego
1619 3558 1704 3585 quum
1722 3548 1844 3576 triduum
1860 3555 1923 3574 cum
1942 3545 2090 3584 Pompeio,
2113 3548 2138 3576 81
2154 3548 2229 3585 apud
2247 3549 2412 3587 Pompeium

1304 3586 1431 3621 fuissem,
1453 3584 1644 3624 proficiscebar
1668 3584 1868 3618 Brundusium,
1890 3586 1942 3613 600.
1981 3585 1998 3612 i.
2017 3594 2040 3613 e.
2063 3584 2148 3613 Domi
2166 3586 2231 3622 ejus.
2273 3587 2320 3617 Sic
2334 3591 2410 3627 apud

1303 3625 1464 3662 quempiam
1487 3634 1615 3657 coenare,
1637 3630 1684 3651 aut
1698 3622 1751 3650 esse
1767 3622 1891 3659 possum,
1912 3630 1946 3649 eo
1958 3627 2051 3651 tamen
2063 3621 2180 3652 absente.

1285 3663 1368 3699 Apud
1382 3672 1427 3691 me
1444 3663 1472 3691 in
1490 3663 1544 3691 mei
1562 3661 1655 3698 generi
1677 3659 1840 3697 Crassipedis
1859 3659 1945 3687 hortis
1955 3660 2085 3689 coenavit.
2109 3660 2167 3689 Cic.
2184 3671 2206 3691 1.
2225 3662 2277 3692 Att.
2288 3674 2313 3698 9.

1285 3700 1394 3730 Tecum
1411 3700 1485 3737 apud
1507 3707 1541 3728 te.
1579 3700 1635 3727 Cic.
1650 3709 1674 3733 4.
1694 3699 1746 3725 Att.
1760 3708 1784 3732 9.
1821 3696 1984 3733 Tecumque
2007 3698 2081 3735 apud
2102 3705 2129 3726 te
2149 3699 2304 3737 ambulare,
2326 3712 2408 3739 quam

1302 3748 1371 3768 cum
1381 3748 1414 3767 eo
1425 3760 1432 3771 ,
1454 3746 1574 3774 quocum
1593 3736 1673 3764 video
1685 3734 1738 3763 esse
1749 3734 1948 3763 ambulandum
1961 3757 1968 3767 ,
1990 3735 2064 3764 malo
2081 3735 2194 3766 scilicet.
2239 3769 2242 3773 ⁸

1285 3776 1386 3806 Secum
1403 3776 1427 3805 Sc
1441 3775 1514 3811 apud
1534 3774 1567 3802 se.
1588 3773 1645 3801 Cic.
1661 3784 1683 3804 ς.
1704 3774 1755 3801 Att.
1772 3777 1797 3801 6.
1820 3772 1991 3810 Pomponius
2013 3783 2029 3802 a
2044 3783 2090 3802 ine
2108 3775 2244 3811 petierat,
2264 3783 2297 3805 ut
2314 3777 2406 3808 secum

1305 3815 1332 3843 ἃ
1352 3813 1426 3850 apud
1439 3811 1465 3840 se
1481 3811 1563 3840 essem
1582 3810 1714 3846 quotidie.

1284 3849 1386 3880 Rursus
1408 3849 1466 3877 haec
1483 3847 1639 3886 praepofitio
1661 3846 1815 3876 constructa
1832 3857 1896 3876 cum
1918 3846 2072 3885 accusativo
2092 3849 2214 3887 personae
2240 3851 2407 3888 saepenume-

1302 3898 1333 3917 ro
1347 3886 1438 3915 Solam
1453 3886 1597 3922 pei-sonam
1622 3885 1758 3921 significat.
1800 3884 1866 3914 Ter.
1890 3885 1958 3914 Eun.
1976 3896 1997 3913 1.
2017 3896 2041 3915 2.
2058 3896 2100 3917 10.
2123 3889 2174 3916 Aut
2186 3888 2249 3923 quia
2260 3889 2317 3918 sum
2332 3891 2407 3926 apud

1305 3934 1331 3953 te
1350 3924 1463 3960 primus.
1503 3924 1521 3951 i.
1547 3932 1571 3951 e.
1604 3922 1728 3956 Tecum,
1749 3922 1793 3951 vel
1814 3923 1844 3951 in
1861 3933 1953 3951 amore
1968 3930 2035 3957 tuo,
2057 3924 2099 3953 vel
2115 3925 2165 3954 tibi
2186 3926 2299 3962 primus.
2335 3927 2407 3957 Item

1301 3962 1369 3991 ibid.
1390 3971 1411 3989 1.
1435 3970 1461 3990 2.
1484 3970 1509 3998 7.
1550 3961 1615 3990 Sine
1632 3960 1712 3990 illum
1727 3961 1832 3998 priores
1856 3970 1947 3998 partes
1968 3961 2051 3991 hosce
2073 3962 2179 4000 aliquot
2197 3963 2256 3993 dies
2269 3965 2343 4002 apud
2361 3975 2407 3994 me

1302 3999 1414 4029 habere.
1996 4021 2015 4029 0

1855 4037 1878 4065 G
1895 4045 1912 4073 g
2270 4038 2409 4069 Nonnun-
