2641 4187
523 151 552 187 A
635 152 658 185 B
743 151 771 185 L

101 233 191 263 Verba
200 232 314 268 abiecta.
345 232 402 262 Cic.
422 232 449 260 in
460 232 553 261 Bruto,
569 241 628 266 125-
666 231 698 260 ln
716 231 756 260 M.
769 230 851 260 Crassi
864 232 989 261 ‹iratione
1004 231 1091 260 sermo
1105 231 1218 260 Latinus

120 282 177 301 erat
187 294 194 306 ,
216 271 296 300 verba
309 280 364 298 non
375 270 480 306 abjecta
488 292 496 303 ,
518 279 559 298 res
570 269 721 305 compolita
733 269 888 303 diligenter.

67 309 128 343 AB]
138 319 263 343 acrio,
294 307 417 336 Verbale.
440 306 588 342 [λ’πξολη]
614 313 644 335 ut
656 307 746 334 Animi
761 306 878 341 abjectio
888 329 896 341 ,
918 307 990 344 quasi
1004 306 1124 342 dejet‘tio
1139 312 1220 342 atquc

102 346 221 376 defectio
233 347 258 376 ἃ
268 355 340 383 pene
350 344 512 382 desperatio.
542 343 600 373 Cic.
619 344 647 372 in
662 343 749 372 Pison.

102 385 186 419 jec'iio
200 384 283 413 animi
297 383 346 411 tui.

67 422 89 452 A
97 432 128 455 B]
140 432 152 450 E
160 431 203 450 CT
212 431 226 449 ε
236 443 243 455 ,
265 421 332 449 Adv.
341 420 368 485 J
376 416 590 453 λ’πιζεῒληιιένως]
610 417 801 454 Contemptim
810 440 817 451 ,
839 420 864 447 ἃ
874 418 981 454 abjecto
992 419 1084 447 :inimo
1095 438 1102 451 ,
1124 415 1181 444 Cic.
1194 426 1218 444 2.

103 459 183 489 Tusc.
196 468 220 487 2.
236 467 278 493 23.
304 458 338 486 Sc
371 457 424 485 hoc
434 456 547 493 quidem
557 457 585 484 in
595 455 691 484 dolore
701 456 821 484 maxime
832 456 869 484 est
881 456 1084 492 providendum
1093 477 1100 487 ,
1117 454 1222 489 nequid

102 496 209 532 abjecte
218 518 225 530 ,
247 495 351 530 nequid
361 494 473 527 timide,
492 494 597 530 nequid
607 494 718 529 ignave,
740 494 844 529 nequid
856 493 984 522 serviliter
993 516 1000 525 ,
1017 491 1221 522 muliebriterve

102 535 243 563 faciamus.
270 533 347 562 ldem
360 541 383 568 3.
401 531 518 569 Philipp.
530 537 574 565 28.
612 531 672 560 Nec
687 530 810 564 abiecte.
835 540 886 559 nec
905 531 959 559 sine
974 531 1064 569 aliqua
1077 529 1220 566 dignitate,

103 571 195 601 casum
207 570 318 600 illorum
331 578 490 606 temporum
505 570 531 598 ἃ
545 569 671 598 dolorem
686 567 746 597 tuli.

67 609 88 639 A
97 620 111 638 Β
119 619 130 644 J
139 619 152 638 Ε
161 618 204 638 εἰ·
212 619 230 637 o
240 630 247 643 ,
265 618 302 637 as.
324 606 491 644 [λ’πυὲάλλω]
517 606 647 644 significat
660 606 828 642 Frequenter
839 605 948 638 abjicio.

68 647 111 677 AB
120 658 152 675 ri.
160 657 178 675 A
188 668 196 682 ,
216 648 230 682 [
241 643 342 680 ι’ῗζιλσι]
361 644 482 682 Lysaniae
491 645 659 681 cognomine
667 666 674 679 ,
695 646 806 673 auctore
817 642 884 672 Ptol.
897 643 980 672 hodie
995 643 1096 670 sellinas
1106 662 1112 674 ,
1132 640 1223 670 Coele-

103 684 178 722 syriae
192 683 329 722 oppidum
343 684 372 712 in
386 683 498 719 regione
512 681 718 720 Decapolitana.
754 681 822 710 Plin.
838 680 884 709 lib.
900 692 922 715 ς.
940 691 963 709 c.
980 687 1020 714 18.
1058 680 1133 710 Hine
1150 679 1224 707 Aizi-

105 731 172 752 LEN
181 732 194 751 ε
207 727 322 750 vocatur
335 720 495 754 tetrarchia,
517 719 552 749 de
565 730 617 757 qua
630 719 715 748 Lucas
727 730 750 748 c.
764 729 788 754 3.
804 729 829 747 v.
849 728 871 747 1.
898 721 924 747 St

67 760 89 790 A
96 769 174 827 1314}stss
185 769 206 788 N
215 769 252 825 uls
260 781 269 795 ,
291 759 381 788 dietus
391 757 539 795 Diogenes,
550 757 745 787 celeberrimus
755 757 860 786 Rhetor
870 766 886 785 a
895 756 981 785 Patria
989 755 1095 785 eadem.
1109 753 1221 784 V.Suid.

134 808 141 826 i
167 820 173 827 .
190 807 223 826 co
237 820 243 826 .
257 808 283 832 4.

69 835 198 870 Anna,
218 844 308 863 mons.
334 833 509 863 vanna.
892 858 896 862 .

68 873 129 903 Am
138 882 239 901 LATAE
250 895 258 907 ,
280 872 438 908 [Α’ἔιληνοὶ]
459 871 492 900 ab
505 870 573 901 urbe
587 870 665 900 Abila
674 893 682 905 ,
703 879 738 899 ex
751 869 901 908 Stephano.

67 911 112 941 Ais
130 919 405 944 ruminationis,
429 911 473 938 AB
487 918 654 938 1NEUNTE
672 917 817 943 AETATE,
841 909 885 937 Aa
904 915 1098 936 [NFANTrA.
1123 904 1155 933 V.
1173 913 1201 933 Α.

55 949 89 980 ‘A
98 958 158 977 BlN
167 970 175 983 ,
195 948 264 986 quid
278 947 426 985 significet,
447 946 482 976 sic
492 946 614 984 explicat
624 947 736 976 Hieron.
749 946 778 974 in
792 945 862 975 Prol.
876 945 982 981 Dialog.
997 943 1122 973 adversus
1134 941 1222 978 Pelag.

105 985 143 1015 Ut
154 993 313 1023 praeteream
323 1007 331 1021 ,
352 985 457 1022 inquit,
478 983 663 1014 Manichaeum
674 1006 681 1017 ,
702 983 899 1013 Priscillianum
908 1006 915 1018 ,
935 982 1080 1018 Evagrium
1089 1003 1096 1015 ,
1118 980 1227 1017 Hyper-

103 1023 236 1058 boritam,
251 1023 444 1059 Jovinianum,
460 1022 579 1052 &totius
587 1031 659 1059 pene
668 1022 751 1058 Syria:
761 1021 904 1050 haereticos
913 1043 920 1056 ‚
941 1029 1009 1057 quos
1024 1019 1148 1048 sermone
1160 1026 1226 1054 gen-

105 1061 147 1091 tili
156 1061 242 1097 Abin,
258 1064 284 1092 δι
295 1061 396 1090 Paanin
405 1081 413 1093 ,
429 1060 457 1089 id
468 1060 520 1094 est,
535 1060 690 1097 perversos,
707 1061 733 1089 Sc
743 1059 912 1089 Mallilianos
922 1064 1031 1087 vocant.

67 1099 112 1130 ΑΒ
127 1109 240 1129 INTEG
250 1109 291 1128 Ro
301 1121 309 1134 ‚
331 1099 385 1135 [obe
399 1095 514 1134 >eu-riga]
535 1097 602 1126 Λᾶν.
619 1097 744 1126 iterandi.
761 1107 811 1135 pro
821 1119 828 1131 ,
850 1096 967 1131 Denuo,
983 1094 1099 1125 authore
1108 1092 1223 1123 Servio:

106 1137 179 1176 quasi
191 1148 233 1167 res
244 1137 364 1175 perfecta
377 1135 466 1164 rursus
478 1134 633 1166 inchoetur.
655 1135 727 1172 Virg.
740 1146 765 1171 4.
782 1134 840 1164 Ecl.
852 1144 876 1164 v.
893 1145 916 1170 5.

180 1175 229 1205 Ma
249 1185 300 1204 nus
313 1174 346 1203 ab
359 1174 466 1210 integro
480 1172 616 1202 seclorum
630 1173 749 1202 nascitur
762 1173 840 1202 ordo.
1139 1194 1145 1198 .

107 1212 166 1243 Cic.
181 1222 204 1250 3.
218 1185 291 1242 Iserr.
306 1222 366 1248 104.
388 1210 488 1240 Utrum
498 1210 656 1240 existimatis
666 1211 758 1240 minus
770 1211 861 1248 operis
873 1208 926 1238 else
937 1231 944 1244 ,
965 1217 1049 1237 unam
1064 1206 1226 1236 columnam

124 1250 233 1280 efficere
242 1250 275 1279 ab
287 1251 394 1286 integro
406 1258 507 1278 novam
515 1270 523 1284 ,
544 1248 623 1278 nullo
636 1248 729 1287 lapide
740 1249 863 1278 redivivo
873 1269 881 1282 ,
902 1256 937 1276 an
949 1254 1065 1283 quatuor
1076 1244 1136 1274 illas
1147 1252 1227 1281 repo-

124 1289 212 1318 nere?
235 1288 277 1318 De
288 1287 343 1316 hoc
355 1286 445 1324 &seq
468 1286 498 1315 V.
512 1296 539 1315 A.
562 1288 588 1317 Sc
608 1296 788 1321 iN'rEGER,
812 1293 1058 1314 in’riss'rarus.

58 1326 113 1357 AB
121 1337 130 1355 1
138 1336 157 1355 N
166 1335 185 1354 Τ
194 1335 280 1355 asa-A
288 1335 307 1354 T
315 1335 333 1354 o
342 1347 350 1360 ,
371 1324 564 1354 adverbialiter
573 1325 679 1354 dietum
700 1320 871 1360 [Miacffissmx.
891 1323 924 1357 μὴ
939 1317 1104 1356 ὢαῢέμῧμῶυ]
1127 1328 1178 1357 pro
1191 1327 1226 1347 eo

106 1364 182 1401 quod
191 1363 230 1392 est
240 1362 296 1392 fine
307 1363 480 1392 testamento.
520 1363 593 1392 Nam
604 1369 651 1392 aut
660 1372 694 1391 ex
708 1362 872 1391 testamento
882 1382 890 1394 ,
913 1368 961 1389 aut
970 1359 986 1388 si
997 1368 1054 1387 non
1064 1358 1101 1387 est
1110 1379 1118 1392 ,
1137 1355 1181 1386 vel
1194 1357 1228 1384 ir-

104 1402 189 1431 ritum
199 1401 250 1437 est,
264 1401 479 1439 propinquitatis
488 1400 547 1436 jure
558 1401 680 1430 haeredes
689 1399 760 1429 fiunt
769 1422 777 1435 ‚
798 1399 888 1428 Afran.
901 1397 948 1427 lib.
960 1407 1003 1432 29.
1017 1395 1117 1433 Digest.
1158 1394 1229 1430 Qui-

105 1449 216 1477 cunque
228 1441 304 1468 enim
317 1438 479 1468 abintestato
490 1438 647 1468 successerit
656 1460 664 1474 ‚
684 1438 779 1467 locum
794 1437 897 1466 habent
908 1434 1029 1464 codicilli
1041 1444 1049 1469 ·‚
1078 1441 1144 1462 nam
1154 1440 1227 1461 unus

105 1478 181 1507 casus
191 1477 246 1513 est,
267 1487 320 1507 nec
329 1477 441 1506 interest
467 1477 496 1505 ui
508 1475 654 1511 succedat,
676 1476 744 1505 dum
754 1474 916 1504 abintestato
925 1473 1062 1502 succedat.

69 1515 244 1550 amaros,
271 1515 428 1552 [ἀξίω-τῶι]
483 1514 548 1543 erba
558 1515 613 1550 est,
634 1523 695 1552 quae
709 1514 811 1543 notiori
825 1512 939 1541 nomine
955 1511 1051 1539 Cicuta
1065 1507 1227 1546 appellatur.

105 1553 219 1620 1Npmen
227 1553 299 1621 Iipdp
314 1553 430 1584 ductum
442 1552 572 1589 videtur,
603 1552 680 1590 quod
694 1552 785 1590 capite
806 1550 943 1580 damnatis
965 1558 1029 1578 cum
1042 1547 1108 1577 vino
1122 1545 1230 1575 misceri

117 1601 133 1620 o
146 1598 199 1621 eat.
255 1601 281 1621 io
294 1601 318 1620 c.

68 1628 168 1697 AnAilsl,
188 1629 289 1661 fluvius
302 1630 332 1658 in
343 1628 506 1659 Danubium
519 1629 657 1659 influens:
687 1628 734 1657 hic
747 1628 832 1657 etiam
845 1627 866 1656 A
875 1636 889 1655 r>
898 1636 910 1655 s
919 1635 958 1655 us
973 1624 1083 1654 dicitur.
1124 1621 1230 1652 Author

140 1674 151 1696 t
160 1677 289 1697 iamerus.

69 1706 152 1735 Ais1s
161 1715 251 1741 ΑΜΑ,
281 1702 448 1742 [Α’ἷίιπκκςι]
476 1705 594 1734 civitatis
607 1714 712 1733 nomen
722 1726 736 1740 ,μ
760 1712 821 1741 quae
835 1712 851 1732 a
866 1700 1015 1731 Ptolemaeo
1034 1698 1187 1729 collocatur
1200 1697 1232 1727 in

78 1751 84 1756 ⁴
109 1753 141 1772 ea
148 1743 251 1773 Arabiae
262 1749 354 1781 parte,
375 1752 435 1780 quae
445 1743 541 1772 Arabia
552 1742 619 1772 felix
632 1743 742 1771 dicitur.

70 1780 239 1817 Amsaai,
259 1780 324 1810 alias
338 1781 513 1816 Biasaiu,
534 1781 611 1818 regio
621 1780 658 1810 est
668 1780 773 1815 Indiae,
798 1777 873 1816 apud
888 1776 974 1806 Strab.
992 1776 1039 1805 lib.
1054 1784 1095 1811 15.

70 1818 176 1849 Asiso
186 1828 274 1848 NTEs
283 1841 292 1854 ,
312 1818 405 1848 aPlin.
418 1819 490 1848 inter
499 1818 613 1857 Alpinos
624 1817 745 1857 populos
757 1822 945 1846 numerantur.
965 1814 1012 1844 lib.
1027 1823 1051 1850 3.
1067 1822 1127 1851 cap.
1140 1820 1166 1841 2.

69 1857 217 1892 ΑΒΗ-ιο,
238 1857 383 1886 AsslTUS.
410 1856 441 1887 V.
458 1867 559 1886 Asseo.

69 1895 273 1930 AssJunrco,
300 1892 479 1931 [λ’πιῶυὶζω]
507 1905 561 1925 are.
594 1893 707 1930 Judicio
724 1892 847 1922 auferre:
877 1901 909 1920 ea
922 1891 1010 1920 forma
1024 1889 1149 1922 dictum,
1178 1894 1234 1923 qua

106 1932 244 1969 abjurare:
261 1934 299 1968 &,
308 1933 333 1961 ei
343 1933 512 1962 contrarium
522 1933 560 1962 est
567 1932 743 1968 adjudicare:
755 1937 795 1966 ut,
807 1929 969 1964 Abiudicare
979 1936 1075 1965 agrum
1085 1925 1118 1955 ab
1127 1924 1230 1967 aliquo.

107 1970 166 2037 (Σίἓἶ
183 1971 218 2000 de
228 1970 291 2008 Leg.
304 1971 325 2000 A
358 1994 385 2038 ,Π
393 1970 535 2006 Judicabit
543 1969 737 2000 Alexandriam
746 1969 817 2007 regis
828 1967 881 1997 effe
892 1978 900 2004 3
923 1977 938 1996 a
948 1966 1015 2004 Pop.
1027 1965 1109 1995 Rom.
1126 1962 1234 1998 abjudi-

107 2018 140 2037 ca
159 2015 189 2038 lt.
211 2015 308 2038 contra
345 2019 362 2038 u
388 2032 393 2038 .
405 2018 451 2045 42.

105 2046 271 2082 Abjudicare
282 2046 315 2077 ab
325 2047 423 2076 ordine
432 2046 568 2076 senatorio
579 2046 716 2075 rationem
724 2044 854 2075 veritatis.
878 2043 935 2073 Cic.
951 2051 974 2078 3.
992 2040 1067 2069 Verr.
1078 2050 1105 2076 4.
1132 2038 1233 2075 Neque

125 2091 202 2114 tanta
213 2085 332 2115 fortunis
346 2085 473 2114 omniurn
492 2085 629 2123 pernicies
643 2083 732 2121 potest
746 2083 871 2112 accidere
882 2104 889 2117 ,
919 2090 1001 2118 quam
1015 2078 1150 2116 opinione
1164 2076 1232 2119 Pop.

125 2122 360 2190 Rkpmdrationem
369 2123 490 2153 veritatis
499 2145 508 2159 ‚
536 2122 702 2160 integritatis
712 2143 720 2158 ,
750 2121 816 2151 fidei
828 2143 836 2156 ,
864 2118 1005 2157 religionis
1019 2117 1053 2146 ab
1066 2116 1122 2145 hoc
1136 2114 1234 2143 ordine

125 2171 142 2190 a
172 2171 190 2190 u
212 2171 286 2190 icari.

106 2171 271 2235 Abjiidicare
281 2221 297 2234 „
309 2198 444 2235 Rejicere.
475 2198 534 2228 Cic.
550 2198 627 2228 Orat.
641 2197 691 2227 lib.
705 2207 731 2227 2.
747 2206 809 2226 102.
850 2195 903 2225 Ubi
936 2195 978 2223 lus
993 2192 1060 2223 mali
1087 2189 1235 2233 uam-boni

125 2237 234 2276 reperio
244 2259 253 2273 ,
273 2237 303 2266 id
312 2243 404 2266 totum
415 2236 546 2272 abiudico
555 2259 563 2272 ,
584 2242 666 2274 atque
679 2235 784 2272 rejicio,
820 2205 1016 2271 Metaplloram
1026 2230 1078 2260 dec
1090 2234 1175 2259 aravit
1186 2237 1235 2266 per

125 2275 242 2305 verbum
252 2275 338 2312 magis
349 2275 494 2313 proprium
503 2297 510 2311 ,
532 2274 556 2304 R
565 2284 579 2303 r.
586 2284 597 2309 J
606 2285 615 2303 i
623 2284 658 2303 cr
666 2283 693 2302 o.
724 2273 843 2303 Budaeus
854 2272 934 2309 legit,
953 2270 1063 2299 abdico.

108 2313 273 2350 Abjudicare
281 2313 386 2350 aliquid
399 2313 433 2342 ab
444 2312 546 2351 aliquo.
576 2311 633 2342 Cic.
646 2321 672 2341 2.
682 2311 760 2341 *Verr.
776 2320 817 2347 13.
852 2309 936 2339 Nulla
944 2317 986 2337 res
1000 2307 1165 2342 cujusquam
1179 2309 1236 2332 tam

148 2352 214 2381 atria
224 2358 306 2390 atque
316 2352 388 2380 avita
397 2351 451 2381 fuit
459 2373 467 2386 ,
489 2360 550 2388 quae
560 2360 618 2379 non
629 2349 663 2379 ab
675 2359 709 2379 eo
720 2372 728 2385 ,
751 2349 868 2386 imperio
881 2348 955 2376 istius
967 2344 1179 2388 abjudicaretur.
1214 2379 1219 2384 Π

107 2391 130 2421 A
149 2390 273 2427 judicare
287 2389 336 2419 sibi
349 2389 514 2418 libertatem.
556 2388 614 2418 Cic.
654 2397 685 2417 ro
706 2387 802 2416 Cecin.
820 2397 864 2423 99.
904 2384 966 2415 Hoc
979 2383 1086 2419 judicat
1097 2403 1105 2416 ‚
1133 2389 1199 2409 cum
1212 2388 1235 2407 is

127 2429 214 2466 quiin
225 2428 354 2457 servitute
367 2428 438 2464 justa
447 2427 547 2462 fuerit,
577 2436 630 2455 cen
644 2437 661 2455 u
671 2425 819 2455 Hberefflr:
850 2433 915 2453 eum
931 2423 977 2460 qui
990 2430 1056 2450 cum
1069 2418 1139 2448 liber
1152 2416 1234 2451 esset,

127 2465 377 2535 {gpserinossupriss
405 2464 496 2504 ipsum
507 2465 555 2494 fibi
564 2464 721 2494 libertatem
739 2461 913 2499 abjudicaffe.
953 2460 1068 2490 Dativus
1081 2458 1165 2494 {Sim
1184 2464 1235 2493 pro

174 2510 247 2534 ativo
262 2514 277 2534 a
320 2514 345 2533 e.
795 2508 803 2517 ·
1160 2517 1168 2526 .

107 2542 281 2578 ‘Abiudicabo
294 2551 340 2571 me
354 2551 370 2571 a
382 2542 447 2571 vita.
482 2541 569 2571 Plaut.
586 2542 616 2570 in
629 2541 729 2571 Asinar.
749 2548 774 2575 3.
792 2548 815 2575 3.
837 2546 878 2574 17.
910 2536 973 2567 satis
987 2536 1056 2565 dure
1069 2533 1157 2568 dixit,
1184 2540 1236 2570 pro

129 2591 163 2611 eo
173 2580 249 2619 quod
258 2580 312 2615 est,
332 2580 418 2611 vitam
428 2579 498 2609 mihi
512 2579 633 2608 adimam
643 2601 651 2614 ,
672 2589 717 2608 me
727 2579 783 2608 vita
794 2576 915 2614 privabo.
1182 2609 1187 2614 ι

75 2620 354 2654 AssJunrcATUs,
383 2618 443 2654 adj.
459 2627 495 2647 ex
509 2617 606 2647 Partic.
628 2616 686 2646 Liv.
702 2628 728 2653 4.
752 2615 786 2645 ab
800 2614 831 2644 U.
847 2613 879 2643 C.
895 2623 917 2643 1.
958 2612 1025 2643 Laeti
1040 2620 1105 2648 ergo
1124 2609 1237 2640 audlere

110 2657 201 2688 Patres
211 2679 219 2692 ,
238 2656 399 2686 Ardeatium
408 2655 548 2694 populum
559 2655 595 2685 ob
607 2656 738 2691 injuriam
747 2653 803 2691 agri
813 2652 961 2687 abjudicati
973 2649 1109 2680 defeciss'e.

75 2696 232 2731 ABJUGO‚
263 2692 456 2732 [λ’πτζενγιύω]
475 2704 527 2723 are.
571 2693 656 2730 Quasi
669 2703 685 2723 a
697 2693 764 2730 jugo
778 2699 940 2720 removere:
968 2694 1016 2724 ut,
1046 2687 1175 2724 abjugare
1189 2684 1238 2714 bo-

111 2742 191 2768 vem,
211 2733 266 2762 hoc
280 2731 335 2768 est,
356 2741 372 2761 a
383 2732 443 2770 pari
457 2732 623 2769 disiungere.

113 2771 264 2808 Abiugare,
283 2779 332 2807 per
341 2770 550 2800 translationem
560 2792 568 2804 ,
590 2779 640 2807 pro
651 2791 659 2805 ,
680 2768 810 2807 Separare
822 2789 830 2801 ,
852 2765 986 2799 alienare,
1004 2764 1177 2801 disiungere,
1192 2761 1239 2791 ab·

132 2810 255 2846 Jungere.
275 2808 410 2838 Pacuvius
419 2808 507 2838 Medo
517 2817 523 2837 :
550 2807 620 2844 Quae
629 2817 671 2837 res
682 2814 710 2836 te
720 2807 753 2836 ab
765 2804 875 2836 stabulis
886 2803 997 2839 abiugat
1006 2825 1014 2837 ,
1034 2808 1141 2831 certum
1152 2800 1189 2830 est
1199 2799 1239 2830 lo-

133 2847 190 2885 qui.
213 2846 331 2876 Nonius.
347 2847 500 2884 Antiquum
510 2845 548 2875 est
556 2845 672 2875 verbum
680 2868 688 2880 ,
707 2855 758 2883 pro
769 2853 824 2881 quo
834 2842 982 2880 abjungere
993 2840 1094 2869 dicitur
1104 2839 1235 2869 usitatius.

76 2885 196 2920 ABJUN
204 2893 265 2919 (30,
284 2885 313 2913 xi
322 2907 331 2921 ,
352 2885 428 2915 erum
438 2906 446 2920 ,
471 2883 652 2920 [ἀπεχωξιζα]
673 2885 728 2913 ete.
761 2882 927 2918 Disjungere
936 2902 944 2914 ‚
964 2878 1095 2917 separare.
1124 2877 1197 2914 Virg.
1211 2885 1233 2913 3.

114 2923 216 2959 Georg.
231 2927 292 2959 518.
431 2922 508 2954 -it
520 2921 601 2950 tristis
613 2927 704 2951 arator

190 2959 360 2990 Moerentem
372 2959 526 2998 abjungens
539 2959 659 2989 fraterna
672 2959 749 2989 caede
761 2958 920 2994 juvencum.

111 2998 200 3029 Plaut.
217 2997 278 3028 Mil.
292 3008 336 3028 20.
367 2998 479 3037 quando
493 2997 595 3036 aspicio
609 2997 703 3031 hunc,
732 2996 886 3034 lacrymor,
914 2993 960 3031 qui
975 2991 1142 3029 abiungitur.
1177 2989 1235 3019 Cic.

131 3038 185 3104 Akt't.
200 3036 248 3065 lib.
261 3045 287 3079 ²:
306 3039 348 3066 16.
389 3036 477 3074 Quod
489 3035 516 3066 se
529 3035 563 3066 ab
577 3035 632 3065 hoc
654 3033 839 3067 refradariolo
859 3030 984 3069 Judiciali
1005 3029 1119 3059 dicendi
1138 3036 1240 3066 genere

131 3085 148 3105 a
169 3080 298 3111 junxerit.

790 344 868 381 Qiid
879 345 1052 379 debilitatio,
1081 351 1161 380 atque
1177 342 1222 371 ab-

75 3115 140 3148 AB]
146 3117 232 3147 &1³0³
260 3108 430 3148 [ain-Aponon»,
452 3112 608 3148 ἒξᾶμννμ-οα]
632 3121 686 3143 are.
707 3121 767 3141 rem
781 3110 915 3140 creditam
930 3115 1029 3144 negare
1041 3105 1181 3143 perjurio,
1201 3102 1240 3132 ait

72 3161 76 3164 ⁴
113 3151 189 3181 Serv.
203 3150 291 3179 Plaut.
306 3149 371 3180 Cur.
377 3161 409 3186 4.
421 3159 447 3181 2.
461 3160 504 3188 ιο.
533 3150 592 3187 Qui
604 3150 732 3185 abiurant
742 3148 831 3187 siquid
841 3146 978 3177 creditum
990 3144 1035 3173 est.

112 3188 265 3219 Pecuniam
275 3189 304 3217 in
314 3188 383 3224 jure.
405 3187 493 3218 Plaut.
503 3189 534 3217 in
544 3188 618 3218 Rud.
631 3183 739 3219 Prol.'v.
757 3197 799 3223 14.
824 3186 936 3223 Quique
948 3183 1045 3224 injur?
1055 3180 1241 3222 abjurantpe-

132 3227 254 3257 cuniam.
274 3226 308 3256 Id
316 3226 354 3255 est
361 3248 369 3262 ,
383 3226 541 3268 juramento
549 3227 625 3264 apud
634 3232 781 3264 praetorem
791 3231 893 3262 negant
902 3222 927 3251 se
937 3230 988 3259 pec
995 3229 1086 3249 :imam
1095 3216 1238 3255 accepisse.

112 3265 244 3301 abjurare
255 3264 409 3300 creditum,
429 3263 535 3294 Sallust.
546 3265 576 3293 in
587 3264 667 3294 Catil.
683 3264 725 3293 De
735 3262 907 3301 Sempronia.
924 3270 947 3289 c.
960 3268 1004 3292 25.
1133 3294 1138 3299 Π

114 3303 246 3340 Abjurare
256 3324 264 3338 ,
289 3312 341 3340 pro
355 3301 515 3340 simpliciter
525 3311 625 3340 negare
640 3304 666 3332 δι
680 3302 813 3337 inficiari,
842 3299 933 3336 inquit
949 3296 1073 3326 ssudzeus.
1107 3293 1166 3322 Cic.
1182 3291 1238 3335 Att.

132 3341 181 3371 lib.
196 3351 219 3372 1.
234 3346 259 3375 8.
298 3339 423 3370 Tulliola
439 3340 547 3376 nostra,
568 3341 676 3370 deliciae
690 3340 803 3374 nostrae,
824 3345 905 3367 tuum
920 3331 1116 3364 munusculum
1127 3331 1242 3367 flagitat,

134 3381 220 3447 <{eme
229 3378 392 3446 tli'ponsorem
405 3377 547 3416 appellat:
587 3378 657 3408 mihi
678 3384 773 3407 autem
793 3376 917 3412 abjurare
939 3371 1039 3402 certius
1061 3369 1099 3399 est
1113 3391 1121 3405 ‚
1158 3377 1242 3405 quam

155 3427 170 3447 e
191 3427 227 3447 en
249 3426 304 3446 ere.

80 3427 287 3490 AsJulimsso
296 3476 303 3490 ,
325 3463 377 3492 pro
386 3476 394 3490 ,
415 3454 527 3490 Abjuro.
549 3453 636 3484 Plaut.
648 3453 716 3484 Pers.
728 3465 755 3490 4.
770 3462 794 3489 3.
807 3462 833 3489 9.
865 3448 927 3480 Nec
937 3453 1032 3477 metuo
1042 3468 1050 3481 ,
1071 3444 1172 3488 quibus
1185 3453 1244 3487 cre-

118 3492 176 3523 didi
193 3492 278 3522 hodie
287 3514 296 3528 ,
324 3501 361 3521 ne
383 3493 444 3559 qpis
465 3492 604 3528 abJuraffit
626 3492 705 3522 mihi.
744 3491 895 3528 [Syncope
910 3487 947 3516 est
959 3486 1035 3515 Praet.
1057 3483 1242 3519 Subiunfflw,

117 3540 168 3570 pro
177 3530 357 3567 Abiuraverit.
411 3553 418 3560 .
432 3529 504 3559 Voss.
521 3530 556 3559 de
567 3529 680 3567 Analog.
696 3529 714 3558 l.
728 3538 753 3566 3.
770 3528 801 3558 C.
813 3537 858 3563 42.
874 3532 945 3556 extr.
1220 3557 1225 3562 ¹

80 3568 292 3604 Arnum-arus
302 3590 311 3604 ,
339 3567 568 3604 [ἀπωμγυμένεῷι]
597 3568 692 3597 Partic,
709 3577 725 3597 a
740 3565 844 3606 passivo
859 3565 1015 3600 abjuratur:
1045 3565 1077 3590 ut
1087 3581 1096 3595 ,
1123 3566 1244 3596 pecunia

119 3606 248 3642 abjurata.
276 3605 310 3635 Id
321 3606 376 3640 est,
397 3605 517 3643 perjuria
527 3605 610 3635 alicui
625 3606 767 3643 abnegata.

118 3644 263 3681 Abjuratus
272 3666 281 3679 ,
300 3644 331 3672 in
341 3643 394 3673 alia
404 3643 610 3681 significatione.
642 3643 713 3681 Virg.
725 3648 751 3677 8.
767 3641 829 3672 AEn.
842 3643 906 3676 263.

195 3681 394 3719 Abstraetaeque
407 3681 492 3711 boves
502 3704 510 3717 ‚
530 3681 715 3719 abiurataeque
726 3681 828 3718 rapinae
987 3713 993 3718 ⁴
1087 3711 1093 3717 ,

196 3718 277 3749 Coelo
288 3719 479 3749 ostenduntur.
510 3719 573 3749 Hoc
584 3720 622 3749 est
632 3742 640 3755 ,
660 3725 758 3748 contra
767 3719 810 3754 jus
820 3720 933 3745 retentae
941 3735 948 3748 ,
969 3719 1008 3743 ait
1018 3711 1136 3741 Servius.

83 3757 316 3801 Aajuaa'rio,
335 3757 406 3800 jonis.
432 3757 556 3786 Verbale.
580 3756 749 3793 [ἱξωμοσίοι]
781 3755 825 3785 Est
839 3754 878 3783 rei
893 3751 1005 3781 creditae
1018 3748 1164 3786 abnegatio
1179 3755 1245 3776 cum

83 3805 255 3862 Alpfflrgrssod
265 3795 648 3869 ’utaugdoifiiijubiiffljgffie
664 3833 686 3862 A
699 3816 770 3861 laete
788 3837 919 3860 removeo
932 3836 938 3856 z
967 3835 1018 3864 pro
1031 3834 1087 3862 quo
1101 3823 1185 3852 VarrO
1196 3845 1203 3856 a
1230 3832 1247 3851 a

83 3905 87 3914 1
120 3880 242 3900 mamma
255 3871 394 3908 disjungo.
423 3870 497 3908 Virg.
508 3870 602 3900 alaete
612 3869 724 3909 depello
733 3892 741 3905 ,
763 3869 842 3898 dixit.
864 3864 923 3895 Ecl.
936 3874 959 3893 1.
973 3873 1018 3894 22.
1052 3861 1175 3891 Verbum
1183 3860 1222 3889 est
1231 3869 1246 3889 a

119 3915 213 3938 vetere
226 3908 381 3938 Bibliorum
392 3908 543 3946 interprete
557 3908 620 3938 usur
641 3915 726 3937 atum.
948 3930 957 3942 ‚

33 3981 34 3984 Ἴ
85 3946 129 3976 AB
137 3958 153 3975 L
161 3957 180 3976 A
188 3956 206 3976 c
214 3957 232 3975 U
240 3956 253 3976 s
263 3968 271 3982 ‚
293 3948 309 3983 [
321 3946 459 3980 Α’(ξλαν-ὸς]
486 3946 599 3976 Fluvius
639 3946 774 3975 anubium
787 3942 954 3980 ingrediens,
988 3938 1170 3980 Altharnerus.

83 3986 233 4052 Διειῒῖαυ
242 3993 282 4054 εἳ
293 4006 303 4020 ,
323 3983 482 4021 [ῥιξοπμῡ]
507 3994 562 4014 ate.
582 3984 694 4022 proprie
708 3983 744 4013 ad
757 3982 827 4012 vites
841 3982 868 4012 &
878 3979 988 4010 arbores
1004 3980 1142 4016 pertinet:
1170 3972 1247 4011 quod

196 4032 249 4051 οι.
284 4045 291 4051 .

1675 153 1926 189 ΑΒΜ
2377 173 2415 198 1,

1306 231 1335 261 fit
1348 242 1410 276 cum
1422 234 1526 276 circum
1538 232 1596 272 illas
1606 240 1675 262 terra
1689 233 1811 268 foditur,
1833 235 1857 263 ἃ
1870 234 1973 264 radices
1991 235 2141 273 superiores
2157 239 2333 269 reciduntur:
2363 243 2420 271 vul-

1308 279 1342 334 ἷξο
1355 271 1517 300 dilcalciare.
1554 270 1663 300 Colum.
1686 271 1732 299 lib.
1747 283 1772 306 4.
1790 281 1849 308 cap.
1862 281 1905 305 29.
1946 273 2000 301 Sed
2013 275 2227 310 antiqui¹limum
2241 277 2278 305 est
2288 299 2295 310 ,
2318 280 2343 306 Sc
2357 288 2419 307 ante

1330 317 1367 335 tec
1388 308 1538 344 ablaqueari
1560 310 1644 337 vitem
1659 331 1667 341 ,
1703 309 1806 338 radices
1829 319 1860 337 ue
1876 309 1991 338 summas
2014 311 2055 339 vel
2078 312 2183 341 soboles
2203 315 2336 350 amputari
2393 320 2420 345 Sc

1310 345 1427 389 posthac
1442 346 1554 374 adobrui
1569 354 1705 375 truncum.
1746 346 1787 375 De
1802 346 2009 383 ailaqueatione
2026 348 2055 377 V.
2080 349 2158 386 plura
2176 351 2287 380 ibidem.
2315 338 2373 390 cap.
2391 360 2407 387 8

1310 383 1336 408 ὸε
1348 384 1424 410 Cato.
1441 384 1474 411 de
1488 383 1518 411 R.
1531 383 1562 411 R.
1579 394 1637 420 cap.
1653 394 1675 418 ς.
2318 397 2321 401 r
2411 376 2416 382 ⁵

1275 416 1294 444 Α
1305 427 1317 443 κ
1327 429 1341 444 ι,
1351 429 1420 453 aqu
1430 429 1468 448 iss
1479 430 1493 447 R
1503 431 1509 447 i
1521 442 1528 453 ,
1550 421 1613 456 pais.
1630 421 1656 449 in
1669 422 1754 450 tertiis
1767 421 1903 458 personis:
1927 422 2000 450 unde
2118 447 2120 449 ,

1275 454 1294 482 A
1305 464 1367 483 ΜΛ
1378 466 1420 489 Qu
1431 467 1443 483 rt
1454 467 1497 484 Αἰ·
1508 467 1523 485 t·
1534 467 1545 485 s
1556 479 1563 491 ,
1585 467 1614 486 ut
1630 459 1695 486 Vitis
1707 459 1873 495 ablaqueata.
1901 458 1966 487 l’lin.
1984 459 2029 488 lib.
2043 464 2067 489 6.
2085 472 2143 499 cap.
2158 472 2200 491 ν’.
2217 466 2233 492 6

1275 491 1556 534 AELAQUEATIO,
1583 496 1651 523 onis.
1679 496 1840 532 [ῥιζοπμια]
1874 496 1931 533 lpse
1946 500 2020 526 actus
2037 493 2223 535 abliqueaiidi.
2258 501 2368 532 Colum.
2387 504 2422 534 de

1312 528 1536 572 arboribus-cap.
1555 541 1577 565 5.
1612 532 1657 574 l'er
1672 533 1810 567 brumam,
1833 534 1916 562 vitem
1931 544 1965 562 nc
1976 534 2079 564 colito:
2113 537 2159 564 iiiii
2174 538 2188 565 li
2205 538 2278 566 volt-s
2293 550 2336 568 eas
2354 543 2422 570 radi-

1311 576 1376 600 ces,
1395 577 1456 603 quie
1468 577 1495 595 in
1507 567 1711 611 ablaqueatione
1724 571 1910 607 apparebunt,
1931 572 2061 610 persequi.
2098 573 2164 602 l’lin.
2182 575 2227 603 lib.
2246 585 2285 604 12.
2303 585 2353 605 ci)
2379 590 2406 607 i·

1284 640 1291 652 ς
1313 603 1425 640 Myrrha
1439 604 1539 640 gaudet
1553 606 1637 634 rastris
1652 608 1677 635 δε
1691 607 1943 644 ablaqueationibus
1956 619 1998 646 27.
2016 614 2041 638 6.
2336 591 2342 614 ¹
2357 602 2361 607 ⁵
2396 597 2419 614 Ἣ

1277 648 1296 669 ii
1308 651 1320 666 ιι
1331 652 1346 667 ι,
1360 645 1445 669 Ατῑν
1456 652 1510 676 us,
1541 642 1623 670 casus.
1649 644 1812 688 ,[ιὶΦαιςῃ-,κη
1823 647 1930 687 bitume]
1960 648 2149 676 Grammaticis
2164 650 2263 679 (licitur
2308 653 2352 688 qui
2368 653 2423 682 sei<v

1314 685 1357 720 tus
1371 678 1408 706 est
1422 678 1496 707 casus
1510 679 1583 715 apud
1599 679 1724 720 Latinos,
1755 684 1779 709 ὁ(
1795 682 1847 709 alio
1863 685 1974 712 nomine
1996 688 2003 713 (
2018 685 2082 713 teste
2099 685 2252 723 l’ri'sciaiio)
2273 674 2425 726 'Compffie

1313 723 1386 757 tivus
1399 715 1567 758 appellatur:
1597 724 1625 744 ut
1640 721 1732 758 antero
1747 718 1779 746 ab
1795 719 1909 749 Hectore
1920 743 1926 753 ,
1949 726 1973 750 ἃ
1989 722 2083 751 sortior
2099 723 2222 753 llectorc,
2257 725 2406 756 Diomede,

1314 752 1361 781 lib.
1380 763 1402 781 1.
1428 753 1595 795 ‘Ablativum
1610 756 1694 782 (iineci
1711 764 1765 782 non
1782 756 1899 786 liabent:
1928 759 2000 787 hunc
2015 768 2104 788 tamen
2120 761 2199 789 Vario
2213 763 2349 792 interdum
2361 751 2425 794 Sex:

1314 797 1375 833 tum
1387 813 1394 825 ,
1427 791 1571 835 interduni
1587 791 1713 819 Latinum
1735 792 1854 834 appellat
1868 816 1875 826 ,
1910 797 1971 830 quia
1996 797 2094 825 Latinae
2115 797 2214 833 linquae
2230 811 2278 837 pro
2291 789 2405 831 ›mist-ii

1314 837 1393 862 euius
1407 837 1447 868 vis
1462 828 1535 865 apud
1550 828 1658 871 (trraecos
1673 838 1720 864 pei·
1734 837 1882 864 genitivum
1898 833 2055 868 explicatur.
2093 835 2241 866 Priscianus
2263 838 2277 865 li
2291 849 2298 865 >
2324 850 2334 869 ς
2363 825 2423 868 cr),

1315 866 1350 908 de
1364 865 1473 894 calibus.
1512 866 1609 908 Qui-nt.
1628 865 1673 893 lib.
1692 876 1713 894 1.
1738 876 1797 902 cap.
1813 878 1837 901 4.
1878 868 1987 903 Qua-rat
2008 873 2107 905 eriam,
2141 874 2206 903 sitne
2229 851 2426 906 arnulli-nris&

1314 912 1355 931 vis
1370 903 1492 939 quaedam
1507 902 1573 946 sexti
1590 902 1682 936 casus,
1717 906 1742 932 ἃ
1757 904 1830 940 apud
1846 914 1894 932 nos·
1915 916 2022 943 quoque
2045 910 2149 946 les-rimi
2165 921 2171 939 z
2207 909 2268 941 nam
2285 924 2347 942 tum
2363 916 2427 943 dito

1315 940 1388 969 hasta
1401 942 1518 978 perculli
1530 963 1538 975 ,
1572 951 1628 969 non
1645 949 1706 969 utor
1726 940 1840 969 Ablativi
1863 950 1956 972 natura
1970 966 1977 977 ,
2012 955 2061 973 nee
2085 950 2100 974 ii
2117 950 2188 977 idem
2204 951 2297 979 (irvce
2320 962 2351 976 τω
2368 949 2393 978 b·
2410 965 2415 978 ι

1316 978 1346 1007 V.
1364 989 1381 1007 e
1390 989 1407 1006 A
1416 989 1428 1007 s
1438 989 1454 1007 υ
1464 989 1475 1007 s
1485 1001 1492 1013 ,
1514 988 1549 1007 eo
1561 978 1708 1015 significato
1719 988 1772 1015 quo
1788 987 1901 1007 utuntur
1915 982 2087 1011 Grammatiti
2098 1006 2105 1019 ‚
2129 986 2156 1014 in
2171 997 2186 1014 e
2196 997 2211 1014 A
2222 998 2239 1015 o
2248 975 2264 1015 o
2340 982 2343 986 ’
2394 963 2407 989 e
2419 972 2425 978 ¹

1278 1015 1459 1045 Amaras.
1487 1016 1677 1045 V.AUF13RO.
2268 1011 2273 1016 '

1278 1055 1395 1082 Aktizc
1408 1063 1452 1082 1·AE
1478 1054 1568 1096 aed-cs.¹
1591 1049 1764 1089 [ἀπόλεκτῶι
1786 1053 1872 1088 οἰκία]
1906 1053 1938 1082 ld
1952 1054 2005 1089 est,
2034 1057 2126 1085 nitida·
2141 1061 2165 1087 ἃ
2185 1060 2320 1092 elevantes
2368 1070 2432 1100 quae

1316 1098 1455 1128 emptores
1470 1091 1548 1120 facile
1562 1091 1688 1132 invitent.
1722 1090 1807 1120 Plaut.
1825 1091 1930 1120 Mostel.
1950 1101 1973 1125 3.
1993 1102 2016 1126 3.
2035 1103 2057 1127 3.
2093 1095 2166 1129 [Sed
2188 1097 2216 1126 x,
2240 1110 2255 1126 x
2267 1111 2278 1126 ,v
2290 1112 2294 1125 ,
2307 1112 2317 1127 1-
2328 1085 2344 1129 ζ
2354 1111 2371 1128 Τ
2382 1111 2396 1129 L
2408 1112 2419 1130 3

1279 1131 1323 1161 AB
1333 1132 1440 1171 tiso,
1469 1125 1802 1171 [ae-nuntffimaa'zmqs'nm]
1831 1138 1884 1157 are.
1926 1129 1968 1159 Est
1982 1132 2090 1169 proprie
2105 1135 2259 1170 quempiam
2274 1125 2325 1165 alio
2340 1122 2430 1166 mitte:

1318 1176 1346 1194 re
1357 1188 1365 1200 ,
1387 1176 1432 1209 qui
1448 1166 1528 1195 nobis
1542 1166 1579 1194 est
1592 1166 1674 1194 tzedio
1686 1188 1694 1200 ,
1716 1173 1762 1194 aut
1776 1166 1986 1203 impedimento.
2026 1168 2134 1197 Dictum
2149 1181 2163 1199 a
2175 1171 2266 1206 leuatis
2304 1176 2349 1212 qui
2363 1186 2428 1204 eum

1316 1203 1501 1241 legationibus
1516 1204 1670 1233 mittuntur.
1700 1203 1817 1233 Nonius.
1835 1214 1856 1233 1.
1877 1213 1937 1241 133.
1953 1204 2037 1234 Plaut.
2056 1205 2115 1235 mil.
2131 1216 2153 1243 3.
2171 1202 2252 1245 2-‘55-
2276 1196 2283 1208 ’

1315 1252 1317 1255 ·
1398 1261 1442 1266 --
1451 1241 1526 1270 hunc
1539 1241 1730 1270 subcustodem
1744 1241 1823 1270 suum

1356 1279 1438 1309 Foras
1453 1279 1604 1316 ablegavit,
1626 1280 1693 1308 dum
1707 1279 1784 1317 eapse
1796 1278 1905 1308 transire
1921 1279 1975 1308 huc
1988 1279 2087 1317 placet.

1319 1316 1449 1354 Ablegare
1463 1317 1563 1354 aliquo.
1589 1316 1652 1346 Ter.
1670 1316 1738 1346 Hec.
1753 1326 1774 1352 3.
1793 1326 1816 1351 3.
1834 1328 1879 1352 45.
1908 1316 2000 1354 aliquo
2014 1318 2081 1347 mihi
2096 1318 2133 1348 est

1358 1355 1432 1385 Hinc
1446 1354 1614 1392 ablegandus
1624 1377 1632 1389 ,
1654 1355 1721 1383 dum
1736 1355 1806 1392 parit
1820 1354 1989 1384 Philumena.

1319 1393 1472 1423 Removete
1487 1395 1513 1422 ἃ
1527 1392 1651 1435 ablegare
1671 1392 1798 1458 aliquem.
1837 1392 1894 1421 Cic.
1912 1402 1936 1429 7.
1962 1392 2034 1422 Verr.
2052 1398 2096 1425 8¹·
2136 1393 2194 1431 Ipse
2218 1402 2308 1424 autern
2328 1387 2433 1426 ffinioto

1338 1438 1420 1468 atque
1436 1430 1560 1468 ablegato
1574 1440 1631 1459 vrso
1646 1440 1701 1458 non
1729 1429 1829 1459 iberius
1841 1439 1923 1468 quam
1937 1436 1999 1459 ante
2012 1453 2019 1466 ,
2049 1429 2095 1459 sed
2106 1431 2189 1469 paulo
2202 1432 2329 1462 solutiore
2344 1444 2434 1464 tamen

1338 1469 1432 1498 animo
1446 1468 1539 1497 secum
1553 1467 1627 1496 illam
1641 1467 1762 1496 haberet.

1319 1506 1467 1537 Dimittere
1481 1508 1506 1536 ἃ
1520 1505 1645 1543 ablegare
1660 1504 1812 1534 consilium.
1845 1505 1903 1534 Cic.
1920 1514 1945 1534 2.
1964 1505 2037 1534 Verr.
2053 1515 2095 1542 30.
2135 1506 2248 1536 Causam
2262 1508 2314 1538 sese
2330 1510 2435 1539 dimill'o

1340 1551 1422 1582 atque
1437 1543 1561 1582 ablegato
1575 1542 1688 1572 conlilio
1703 1542 1879 1572 defensurum
1893 1544 2009 1580 negavit.

1321 1582 1452 1649 Alblegare
1467 1592 1531 1612 cum
1544 1582 1635 1620 priore
1649 1580 1755 1618 supino.
1786 1579 1842 1610 Liv.
1858 1591 1881 1610 1.
1900 1590 1942 1618 35.
1973 1582 2006 1611 ab
2021 1582 2087 1612 urbe
2099 1605 2106 1618 ‚
2136 1582 2236 1612 Pueros
2250 1590 2380 1613 venatum
2394 1585 2438 1613 ab·

1352 1627 1449 1657 egavit.

1321 1658 1453 1695 Ablegare
1468 1657 1573 1686 dicium
1591 1657 1625 1685 de
1639 1656 1795 1694 pecoribus.
1829 1657 1903 1687 Varr.
1919 1667 1941 1686 1.
1958 1657 1993 1686 de
2006 1657 2038 1687 R.
2056 1657 2087 1687 R.
2104 1667 2162 1696 cap.
2178 1668 2223 1695 47.
2265 1658 2341 1695 Quin
2356 1660 2381 1688 ἃ
2395 1669 2440 1697 pe-

1341 1705 1390 1725 cus
1405 1706 1420 1724 a
1433 1702 1511 1733 prato
1525 1694 1717 1731 ablegandum.
1750 1693 1859 1724 Colum.
1874 1699 1899 1724 6.
1917 1706 1940 1730 ς.

1322 1733 1456 1771 Ablegare
1470 1733 1628 1770 {impliciter
1641 1742 1691 1769 pro
1706 1742 1855 1761 removere.
1885 1732 1934 1762 Cic
1948 1732 1983 1761 ad
1997 1733 2049 1762 Att.
2067 1732 2114 1762 lib.
2128 1743 2152 1762 2.
2171 1732 2252 1770 Epist.
2270 1738 2310 1767 ¹8.
2351 1734 2370 1762 A
2385 1734 2441 1763 Ca*-

1342 1771 1398 1801 sare
1412 1771 1491 1800 valde
1505 1769 1652 1799 liberaliter
1666 1770 1766 1799 ‘invitor
1785 1770 1814 1798 in
1837 1770 2002 1808 legationem
2018 1770 2093 1799 illam
2104 1792 2112 1805 ,
2149 1770 2196 1799 sibi
2213 1778 2242 1799 ut
2257 1770 2303 1799 ΙΞἯ
2318 1770 2419 1806 legatus
2432 1782 2438 1800 :

1342 1809 1390 1839 sed
1404 1809 1462 1838 haec
1477 1820 1491 1838 a
1504 1808 1592 1837 fratris
1603 1807 1724 1837 adventu
1738 1817 1783 1836 me
1797 1807 1913 1845 ablegat.
1954 1808 2015 1838 Hoc
2030 1808 2085 1844 est,
2109 1818 2154 1838 me
2168 1808 2234 1837 hine
2248 1818 2369 1837 removet
2379 1831 2386 1844 ,
2413 1816 2444 1838 ut

1343 1848 1373 1876 in
1387 1847 1474 1876 fratris
1488 1847 1609 1875 adventu
1623 1844 1712 1874 adesse
1727 1855 1785 1874 non
1798 1846 1904 1891 pollim.

1288 1887 1518 1920 Antaoa'rio,
1548 1884 1617 1913 onis.
1648 1884 1832 1918 [ἀππμπη]
1860 1883 1918 1921 Ipse
1932 1884 2007 1913 acius
2021 1882 2174 1920 ablegandi.
2202 1883 2259 1912 Liv.
2273 1886 2298 1912 6.
2318 1893 2359 1921 39.
2391 1883 2442 1913 Ab·

1326 1923 1464 1960 legatione
1478 1922 1629 1958 juventutis
1643 1921 1677 1949 ad
1688 1920 1860 1951 Veliternum
1874 1921 1986 1950 bellum.
2018 1920 2075 1950 Cic.
2093 1931 2114 1950 1.
2131 1922 2166 1951 de
2179 1921 2231 1958 leg.
2249 1931 2292 1957 14.
2331 1920 2443 1959 Ablega-

1327 1962 1434 1990 tionem
1448 1960 1568 1997 aliquam
1581 1959 1713 1988 nimirum
1727 1958 1775 1987 ista
1789 1959 1875 1989 oratio
1890 1959 2016 1997 postulat.

1289 2000 1311 2030 A
1320 2010 1358 2028 BL
1367 2009 1406 2028 tc
1416 2010 1436 2028 M
1446 2009 1455 2027 ι
1464 2008 1483 2027 N
1492 2008 1511 2026 A
1521 2020 1528 2033 ,
1580 2003 1649 2026 artes
1662 2002 1740 2025 erant
1752 2006 1880 2026 extorum
1892 2019 1900 2031 ,
1953 2007 1994 2026 uae
2008 1997 2060 2026 diis
2078 1995 2300 2026 immolabantur.
2341 1996 2441 2027 Festus.

1327 2037 1416 2074 Vulgo
1430 2036 1530 2074 legitur
1543 2035 1564 2064 A
1577 2034 1713 2071 begmina.
1748 2033 1936 2072 Scaligerumi
1958 2034 2007 2064 iV.

1289 2077 1421 2107 ABLEPS
1432 2085 1467 2103 lA
1477 2096 1484 2109 ,
1506 2083 1535 2102 ae.
1562 2070 1722 2109 [ἀίῖλεψιά]
1749 2072 1839 2102 Animi
1854 2073 1961 2102 caecitas
1971 2095 1979 2108 ,
2007 2072 2244 2102 inconsiderantia.
2279 2071 2392 2102 Sueton.
2409 2071 2444 2101 de

1328 2113 1425 2143 Claud.
1443 2111 1508 2141 Caes.
1525 2121 1585 2149 cap.
1602 2119 1643 2148 39.
1683 2108 1759 2138 Inter
1772 2117 1869 2140 caetera
1879 2133 1887 2145 ,
1920 2111 1949 2139 in
1963 2120 1996 2139 eo
2011 2111 2100 2139 mirati
2120 2110 2183 2139 sunt
2196 2111 2323 2139 homines
2337 2112 2362 2140 Sc
2377 2109 2446 2138 obli-

1326 2152 1440 2180 vionem
1452 2152 1478 2180 &⁷
1488 2148 1747 2178 inconsiderantiam
1757 2170 1765 2183 ,
1785 2148 1829 2177 vel
1842 2156 1872 2177 ut
1883 2149 1976 2178 Graece
1990 2148 2081 2177 dicam
2090 2170 2098 2182 ,
2119 2147 2260 2182 ..mmm
2272 2154 2292 2181 »q
2307 2147 2349 2174 ιζ)
2358 2146 2443 2179 edam.

1329 2188 1442 2218 Casaub.
1461 2193 1555 2222 notat,
1578 2196 1604 2224 p.
1621 2195 1684 2222 470.
1715 2195 1815 2216 vocem
1829 2185 1912 2215 latine
1928 2185 2062 2223 usurpass'e
2077 2186 2201 2215 Servium
2214 2186 2243 2215 in
2256 2185 2328 2222 Virg.
2344 2184 2405 2214 AEn.
2418 2194 2444 2221 7.

1329 2231 1393 2263 647.
1425 2228 1451 2256 ἅτ
1466 2227 1538 2254 recte
1552 2224 1591 2253 ibi
1604 2223 1692 2262 legit:
1729 2222 1849 2254 Scienda
1862 2224 1900 2254 est
1919 2223 2010 2253 Poetae
2031 2222 2177 2253 affectatio.
2216 2223 2288 2254 Nam
2302 2222 2447 2260 ablepsiam

1328 2265 1405 2294 nefas
1418 2264 1456 2295 est
1471 2263 1571 2292 dicere.

1291 2303 1336 2333 AB
1344 2304 1384 2332 Li}
1392 2312 1412 2331 ‘r
1420 2313 1429 2330 1
1440 2324 1448 2337 ,
1470 2312 1530 2368 pop)
1549 2300 1568 2330 li
1578 2300 1641 2330 sunt
1649 2310 1706 2329 non
1717 2298 1815 2338 procul
1826 2309 1841 2329 a
1852 2299 2000 2337 Pergamo,
2015 2298 2063 2336 qui
2073 2304 2172 2336 parent
2182 2297 2264 2336 Mysis
2275 2321 2283 2334 ‚
2304 2304 2334 2328 ut
2344 2297 2447 2328 Author

1329 2342 1368 2371 est
1381 2340 1478 2370 Strabo
1493 2339 1511 2368 li
1535 2363 1539 2368 .
1558 2349 1598 2375 13.

1291 2380 1517 2413 Antrcfissio,
1546 2377 1601 2412 ivi,
1631 2377 1720 2410 itum,
1756 2374 1968 2411 [ψψλιχνεόω]
2004 2374 2050 2403 ire.
2107 2372 2274 2410 Liguriendo
2297 2373 2445 2402 absumere.

1327 2417 1393 2447 Ter.
1407 2416 1476 2446 Eun.
1490 2425 1515 2445 2.
1533 2425 1558 2444 2.
1575 2426 1601 2451 4.
1642 2414 1744 2444 Itidem
1756 2413 1844 2451 'patria
1857 2413 1903 2451 qui
1918 2412 2093 2449 abligurierat
2106 2410 2187 2440 bona.
2222 2410 2253 2440 V.
2278 2420 2447 2445 ticonio.

1330 2457 1356 2485 ἃ
1371 2465 1387 2484 o
1397 2465 1411 2483 s
1421 2465 1436 2483 L
1444 2465 1453 2482 1
1462 2464 1480 2483 G
1489 2463 1508 2482 u
1517 2463 1532 2482 R
1541 2464 1549 2481 1
1558 2463 1584 2482 o.

1291 2494 1314 2523 A
1323 2504 1338 2523 B
1348 2505 1363 2522 L
1372 2503 1388 2522 o
1397 2502 1414 2521 c
1423 2502 1440 2521 o
1450 2514 1458 2527 ,
1480 2489 1665 2528 [ἀπομιθόω]
1682 2499 1736 2518 are.
1758 2489 1834 2518 idem
1844 2487 1919 2526 quod
1929 2487 2019 2516 locare
2029 2509 2036 2522 ,
2053 2485 2169 2516 verbum
2181 2485 2350 2515 rarissimum.
2371 2486 2446 2516 Suet.

1328 2532 1358 2561 in
1373 2529 1454 2560 Vitel.
1470 2539 1529 2567 cap.
1542 2538 1568 2566 7.
1587 2538 1611 2565 3.
1632 2534 1664 2557 ut
1674 2527 1791 2556 domum
1801 2527 1830 2555 in
1845 2525 1977 2563 reliquam
1991 2532 2097 2562 partem
2108 2525 2173 2553 anni
2187 2523 2333 2553 ablocaret.

1291 2570 1457 2603 Asstuno,
1487 2566 1637 2604 [ἀπονεύω]
1665 2565 1684 2594 si
1695 2588 1703 2599 ,
1734 2564 1810 2599 sum,
1840 2574 1894 2593 ere.
1933 2562 1984 2591 Cui
2000 2562 2152 2600 opponitur
2166 2561 2303 2591 Alludere.
2338 2561 2404 2591 Hor.
2421 2570 2444 2590 2.

1328 2608 1385 2637 Ser.
1401 2606 1448 2638 sat.
1463 2615 1486 2641 3.
1503 2614 1566 2641 320.
1644 2602 1751 2632 —Haec
1765 2612 1780 2631 a
1793 2609 1820 2631 te
1832 2611 1890 2630 non
1904 2600 2024 2630 inultum
2038 2599 2145 2629 abludit
2160 2600 2258 2635 imago.

1330 2646 1363 2676 Id
1375 2645 1430 2680 est,
1452 2643 1506 2673 hoc
1520 2641 1680 2680 exemplum
1694 2651 1751 2682 non
1766 2639 1886 2669 multum
1897 2638 2024 2668 dillimile
2038 2638 2076 2667 est
2090 2638 2144 2667 tuis
2159 2636 2290 2667 moribus.
2330 2635 2378 2665 Vel
2389 2658 2396 2671 ,
2418 2643 2448 2665 ut

1331 2683 1448 2713 Budaeus
1458 2704 1466 2717 ,
1487 2680 1588 2710 absona
1602 2680 1640 2709 est
1655 2681 1680 2709 ἃ
1692 2678 1829 2707 abiimiiis.

1294 2722 1415 2752 ABLuo
1425 2743 1433 2755 ‚
1464 2720 1511 2754 ui,
1540 2722 1620 2748 situm
1633 2740 1641 2752 ,
1670 2727 1723 2747 ere.
1760 2714 1901 2752 [ἀπονίπἹω
1913 2732 1920 2742 ,
1948 2712 2102 2748 ἀπεικάζω]
2136 2712 2265 2741 Lavando
2289 2711 2445 2747 abstergere.

1330 2759 1399 2789 Plin.
1416 2757 1464 2788 lib.
1480 2767 1521 2787 12.
1539 2766 1599 2795 cap.
1616 2765 1656 2785 12.
1672 2767 1699 2792 4.
1740 2753 1878 2784 Gallicum
1894 2751 2012 2781 nardum
2025 2760 2090 2780 cum
2104 2750 2196 2780 radice
2210 2749 2335 2784 vellitur,
2362 2747 2448 2778 ablui-

1329 2804 1430 2834 turque
1443 2797 1517 2825 vino.

1330 2835 1467 2869 Abluere,
1488 2843 1538 2872 pro
1550 2832 1740 2866 madefacere,
1761 2835 1809 2859 aut
1819 2830 1913 2865 rigare.
1944 2826 2054 2856 Colum.
2070 2825 2118 2855 lib.
2134 2835 2158 2861 3.
2183 2832 2253 2854 terra
2266 2834 2325 2862 qua?
2339 2824 2366 2852 in
2383 2832 2446 2852 eum

1350 2873 1478 2910 congesta
1490 2871 1527 2900 est
1537 2893 1544 2902 .
1560 2870 1661 2909 pluviis
1672 2879 1729 2898 non
1742 2867 1872 2897 abluitur.
1903 2865 1960 2895 Cic.
1972 2875 2022 2903 pro
2032 2864 2111 2894 Rosc.
2127 2865 2214 2893 Amer.
2228 2872 2269 2898 72.
2293 2862 2327 2890 de
2340 2861 2448 2899 patrici-

1350 2912 1448 2940 darum
1463 2908 1615 2947 supplicio:
1638 2909 1675 2937 ita
1688 2907 1823 2943 jaiftantur
1837 2903 1967 2934 fluctibus
1981 2910 2012 2932 ut
2025 2911 2168 2939 nunquam
2181 2900 2332 2930 abluantur.

1332 2948 1450 2980 Abluere
1461 2970 1468 2983 ,
1490 2957 1541 2985 pro
1551 2947 1662 2984 expiare
1672 2968 1680 2979 ,
1702 2947 1728 2974 ὅ(
1740 2943 1811 2981 quasi
1824 2941 1976 2981 purificare.
2007 2940 2079 2977 Virg.
2094 2949 2119 2983 2..
2134 2939 2269 2975 ffin..719.

1408 2987 1458 3017 Me
1472 2984 1546 3014 bello
1561 2994 1596 3014 ex
1609 2990 1687 3013 tanto
1702 2981 1865 3019 digress‘um,
1886 2981 1911 3009 S.-
1922 2979 1997 3008 caede
2011 2984 2115 3007 recenti

1409 3024 1558 3054 Attret‘tare
1572 3022 1664 3051 nefas:
1687 3021 1778 3050 donec
1792 3029 1836 3048 nie
1850 3018 1966 3047 flumine
1977 3017 2041 3045 vivo

1408 3061 1538 3092 Abluero.
1703 3058 1735 3087 V.
1751 3056 1876 3087 Macrob.
1892 3056 1999 3084 Saturn.
2016 3053 2063 3082 lib.
2078 3062 2101 3088 3.
2117 3062 2175 3089 cap.
2193 3060 2214 3093 ι..

1333 3101 1468 3133 Abluere.
1498 3097 1660 3128 translatum
1675 3096 1710 3125 ad
1723 3096 1856 3125 animum.
1890 3092 1957 3122 Pliii.
1974 3091 2037 3128 Jun.
2054 3090 2101 3119 lib.
2118 3099 2140 3126 3.
2159 3087 2236 3126 Epist.
2255 3095 2280 3122 7.
2309 3085 2447 3114 maculam

1351 3139 1450 3169 veteris
1461 3137 1599 3166 industriae
1609 3133 1742 3164 laudabili
1753 3134 1811 3162 otio
1821 3131 1952 3162 abluerat.
1984 3129 2045 3160 Hoc
2054 3128 2091 3158 est
2100 3150 2108 3163 ,
2128 3125 2280 3159 deleverat,
2297 3123 2446 3157 sustulerat,

1333 3182 1560 3251 Αἳῗζέῗέῗέἓεε.
1592 3210 1650 3240 cic.
1664 3208 1788 3253 ...Tusa
1800 3211 1845 3245 4⁶.

1333 3253 1439 3284 Perfida
1451 3250 1550 3285 verba,
1571 3248 1649 3278 Idem
1662 3248 1777 3276 ibidem.
2296 3275 2302 3280 ι
2367 3274 2372 3278 .
2410 3274 2414 3279 .

1333 3291 1494 3325 Periurium.
1517 3287 1600 3318 Ovid.
1614 3286 1680 3316 fast.
1693 3285 1739 3315 lib.
1752 3296 1774 3320 5.
1790 3287 1852 3317 681.
1884 3281 1946 3312 Hoc
1957 3279 2008 3313 est,
2023 3285 2173 3315 expurgare
2184 3275 2217 3305 ab
2227 3284 2302 3304 omni
2315 3283 2444 3313 perjurio.

1334 3330 1392 3360 Sibi
1404 3327 1522 3358 umbras.
1551 3324 1660 3354 Lucret.
1676 3323 1722 3352 lib.
1735 3334 1760 3359 4
1776 3331 1837 3359 379.
1869 3319 1900 3349 Id
1911 3319 1965 3353 est,
1986 3316 2098 3358 auferre.

1296 3369 1462 3400 Antuoa,
1484 3365 1545 3393 eris.
1566 3362 1630 3400 paff.
1654 3369 1684 3391 ut
1698 3361 1824 3391 Abluirur
1839 3358 1901 3387 sitis.
1930 3356 2036 3385 Lucret.
2052 3352 2100 3382 lib.
2111 3363 2137 3388 4.
2153 3361 2217 3389 474.

1410 3405 1455 3434 Sic
1468 3403 1550 3439 igitur
1564 3400 1663 3430 anhela
1675 3400 1730 3428 litis
1745 3399 1779 3427 de
1792 3404 1907 3433 corpore
1920 3393 2010 3422 nostro

1411 3440 1546 3471 Abluitur.
1587 3438 1619 3467 ld
1633 3438 1671 3467 est
1684 3435 1863 3473 restinguitur.

1299 3482 1419 3512 ΑΒιῦτ
1429 3489 1466 3508 us
1476 3501 1483 3512 ,
1510 3477 1605 3507 Partic.
1634 3473 1824 3512 [ammam]
1854 3469 1926 3498 Varr.
1939 3477 1962 3503 3.
1979 3467 2013 3496 de
2027 3465 2060 3495 R.
2075 3465 2107 3495 R.
2126 3474 2185 3502 cap.
2200 3474 2226 3500 9.
2255 3471 2342 3500 eaque
2356 3460 2448 3490 abluta

1337 3517 1465 3548 condunt
1478 3517 1507 3545 in
1520 3515 1644 3544 fiirfures.
1681 3512 1714 3542 Id
1728 3511 1780 3545 est,
1802 3509 1866 3538 lota.
1981 3543 1986 3548 Π
2263 3539 2274 3545 .,
2374 3538 2378 3542 ι

1299 3559 1465 3588 AssLumo
1505 3553 1575 3582 onis,
1598 3546 1759 3587 [animis]
1787 3546 1844 3584 Ipse
1856 3543 1988 3573 abluendi
2001 3544 2086 3572 acius.
2117 3539 2242 3570 Macrob.
2258 3541 2344 3567 batur.
2362 3537 2408 3565 lib.
2423 3545 2446 3579 3.

1338 3604 1399 3632 cap.
1415 3603 1425 3621 1
1437 3615 1445 3627 ,
1473 3576 1585 3620 'Constat
1596 3589 1647 3618 diis
1663 3587 1764 3624 superis
1776 3584 1846 3613 saera
1857 3581 2009 3614 facturum,
2031 3579 2153 3616 corporis
2168 3576 2309 3618 ablutione
2324 3583 2446 3611 purgari:

1339 3641 1425 3670 quum
1434 3640 1499 3659 vero
1510 3628 1601 3657 inferis
1616 3626 1749 3654 litandum
1763 3622 1800 3650 est
1810 3643 1818 3655 ,
1839 3620 1900 3649 satis
1912 3620 2003 3648 acrum
2015 3618 2123 3646 videtur
2133 3638 2140 3650 ,
2162 3615 2180 3644 si
2194 3616 2307 3651 aiperlio
2316 3612 2372 3641 sola
2383 3621 2448 3640 con-

1337 3670 1428 3707 tingit.
1451 3667 1519 3697 Plin.
1537 3675 1577 3700 13.
1599 3674 1638 3692 12.
1677 3662 1745 3698 Quae
1759 3659 1901 3688 ablutione
1916 3656 2025 3699 Augusti
2040 3663 2142 3696 nomen
2156 3652 2279 3689 accepit,
2307 3650 2340 3679 al.
2357 3649 2450 3678 adula-

1337 3709 1424 3737 tione.
1455 3705 1534 3734 Addo
1548 3700 1653 3732 Tertul.
1669 3700 1703 3728 de
1715 3695 1813 3735 Baptis.
1829 3695 1846 3725 l.
1863 3707 1885 3731 5.
1909 3696 1935 3724 Sc
1950 3693 2073 3729 bulgent.
2091 3691 2171 3728 lupist.
2189 3689 2223 3718 ad
2239 3689 2352 3730 Venant.
2421 3724 2428 3730 ἱ

1300 3748 1464 3777 Assruviu
1474 3753 1493 3771 M
1511 3750 1561 3778 pro
1576 3738 1679 3768 diluvio
1700 3732 1876 3772 [ἁπένιμμψ]
1908 3731 2036 3762 Laberius
2050 3730 2131 3759 nimis
2146 3728 2260 3757 licenter
2275 3727 2364 3759 dixit,
2385 3726 2450 3754 teste

1339 3782 1429 3814 Gellio
1443 3780 1490 3809 lib.
1505 3782 1545 3807 16.
1562 3786 1621 3814 cap.
1636 3785 1661 3817 7.
1972 3808 1977 3812 ¹
2099 3805 2103 3809 ·
2257 3802 2262 3805 Ι
2401 3802 2404 3806 .
2423 3799 2428 3803 .

1301 3818 1550 3853 ARMATeer-:a
1560 3825 1577 3843 A
1587 3836 1595 3848 ‚
1626 3810 1775 3848 [aorosia-2]
1803 3809 1886 3839 Soror
1901 3807 2011 3837 abavlae.
2041 3804 2124 3838 Instit.
2140 3803 2175 3831 de
2189 3800 2292 3839 gradib.
2306 3809 2365 3836 cog.
2387 3800 2411 3828 ἃ
2422 3807 2450 3826 in

1339 3859 1374 3888 D.
1388 3858 1430 3886 tit.
1444 3854 1506 3884 eod.
1522 3853 1540 3881 l.
1555 3848 1744 3887 jurisconsult.
1851 3881 1854 3886 ¹
2092 3875 2097 3879 η
2173 3878 2178 3882 η

1301 3898 1491 3928 ΑΒΜιττο,
1513 3890 1530 3919 si
1541 3912 1549 3924 ,
1570 3888 1656 3922 ffum,
1677 3896 1731 3916 ere.
1754 3883 1935 3922 [oin-omum]
1960 3881 2038 3911 Idem
2074 3878 2131 3908 uod
2143 3884 2265 3920 mittere:
2288 3874 2401 3915 verbum
2413 3881 2452 3914 ra-

1339 3932 1481 3963 tissimum.
1516 3927 1601 3957 Plaut.
1617 3925 1701 3955 Truc.
1718 3934 1744 3954 2.
1761 3933 1786 3960 7.
1804 3932 1846 3960 33.
1883 3921 1932 3950 ubi
1945 3926 2040 3950 tamen
2063 3925 2222 3951 ,amerarius
2236 3923 2286 3952 pro
2301 3910 2450 3942 abmiserit,

1338 3971 1422 4009 legit,
1443 3968 1479 3998 ad
1491 3975 1536 3996 me
1549 3964 1659 3995 miserit.
1835 3997 1856 4029 B
1891 4005 1908 4027 2
2305 3986 2326 4014 A
2334 3995 2348 4013 Β
2358 3993 2379 4013 N
2387 3986 2428 4013 h
2437 3992 2453 4012 ο
