2641 4187
637 99 1225 156 PRAEFATIO

78 208 137 242 mr
159 202 283 252 aliquis
306 203 381 240 haec
401 213 477 238 non
494 199 638 237 resecari
656 228 666 242 ‚
702 203 789 239 illud
811 204 1019 250 sperandum
1040 234 1050 247 ‚
1074 206 1235 249 dicimus,

35 260 37 263 '
78 264 156 291 non
177 253 380 289 audendum
403 257 483 286 erat.

77 301 273 339 ‘morandus
288 300 415 337 Lestor
439 298 622 345 plurimus.

78 360 159 387 rum
174 348 322 387 consilio
341 347 563 384 scribendum
590 353 671 384 erat.
723 347 767 385 Et
792 361 835 384 ne
858 353 987 397 periret
1008 352 1123 399 aliqua
1146 354 1240 389 utili-

76 404 131 435 tas
161 410 265 447 quam
294 395 452 434 studiosis
475 396 631 443 praestare
665 396 868 439 voluimus,
908 402 1140 448 exprimenda
1168 409 1241 438 erat

78 445 325 495 Lugdunensis
349 443 468 484 Editio
484 472 493 486 ,
534 444 654 480 Deliciae
677 447 796 479 Domini
818 446 939 495 Vulgi.
995 447 1157 497 jacuisset
1181 451 1241 486 ali-

77 502 136 533 ter
159 496 214 532 vel
239 496 391 532 omnino
410 495 550 542 penitus
569 493 681 530 ablata
703 494 815 531 suisset
838 499 956 532 omnis
994 501 1067 545 lpes
1104 500 1241 542 T›.·es‹'mri

79 544 285 583 recudendi.
336 542 384 582 Ea
412 542 542 579 scilicet
567 541 728 590 Nepotes
761 544 899 580 nostros
933 556 1052 582 manet
1078 548 1241 589 felicitas,

80 596 174 631 utin
194 589 374 630 Thesauro
402 591 600 630 Latinitatis
624 591 713 628 nihil
739 591 881 629 aliunde
907 594 1101 632 arcessitum
1123 596 1244 642 exspe-
1302 604 1326 616 ‘⁸

80 642 184 679 dent.
235 640 380 680 Ridebit
403 640 579 678 Saeculum
593 652 669 677 non
689 640 806 678 multo
825 643 903 689 post
923 644 1076 680 futurum
1089 672 1097 685 ‚
1122 644 1144 680 fi
1158 655 1245 680 vana

78 703 157 731 non
175 689 215 727 fit
236 691 312 739 spes
325 690 457 737 nostra,
488 690 666 733 Thesbarum
682 692 802 736 Linguae
815 693 926 724 Latinae
941 694 976 727 in
999 692 1180 730 craffitiem
1197 700 1246 728 at..

78 752 151 790 que
180 740 252 776 fere
273 742 310 777 in
339 737 528 777 confilium
553 737 727 776 Luxmr
762 737 1009 777 UniveRsA
1022 755 1042 778 r.
1055 754 1084 779 1s
1118 742 1248 778 abeun-

81 797 177 827 tem:
229 788 285 828 Illi
303 816 314 831 .
341 788 471 829 credo,
507 787 554 824 sat
576 789 643 824 erit
658 788 763 824 verba
787 788 934 825 forensia
959 791 992 826 ὃς
1023 790 1179 839 juridica
1202 802 1246 827 ex

79 838 236 885 Briffmio,
250 839 401 877 Cal-vinu
427 835 604 875 Historica
620 848 666 873 ex
691 836 867 880 Glandorpio
887 839 922 874 &
940 838 1169 876 Distionarijs
1184 838 1248 876 Hi-

81 887 219 926 storicis
240 889 274 921 C.
287 886 424 932 Stephani
441 886 498 922 vel
516 888 587 921 Nic.
606 885 728 930 Loydii5
753 884 995 935 Philologiam
1012 901 1056 925 ex
1075 893 1244 927 Martiam,-

79 935 335 984 Philosophica
360 947 405 973 ex
431 935 591 975 Goclenio,
613 934 778 973 Micraelio‚
805 935 841 971 &
873 937 1046 982 Chauvim3
1087 936 1249 984 Geogra-

81 1009 83 1011 -
110 986 190 1023 hica
213 997 258 1022 ex
276 985 400 1025 ortelm
440 982 579 1021 Gloss'as
609 995 654 1020 ex
688 981 896 1029 Glossariis3
924 985 1178 1033 Mythologica
1202 996 1248 1023 ex

112 1034 389 1084 lythologorum
402 1045 413 1078 3
431 1032 563 1081 Adagia
575 1044 620 1069 ex
629 1031 849 1080 Adagiorum
861 1045 871 1078 3
881 1033 1063 1072 Technica
1075 1048 1118 1071 ex
1130 1034 1248 1072 Tech-

81 1085 250 1122 nicorum
273 1082 450 1127 officini53
476 1082 712 1130 Antiquitates
730 1093 775 1118 ex
798 1085 923 1116 Danetio
936 1092 996 1120 aut
1013 1086 1134 1128 feast-03
1161 1082 1248 1120 Pro-

81 1135 160 1181 pria
180 1134 216 1170 &
237 1132 484 1182 patronymica
506 1142 551 1166 ex
579 1131 775 1179 iis,quibus
809 1131 845 1167 id
868 1134 1006 1180 negotii
1028 1131 1247 1180 potissimum

81 1181 212 1228 datur3
238 1181 360 1219 Graeca
379 1179 533 1228 denique
554 1179 747 1231 vocabula,
774 1179 798 1216 fi
817 1179 927 1217 Musis
941 1181 1079 1229 placet,
1106 1194 1180 1218 non
1203 1193 1248 1218 ex

22 1266 23 1269 ,
81 1230 263 1269 Thesauro
287 1229 436 1277 Linguae
454 1227 606 1270 Latinae,
631 1228 689 1265 sed
704 1240 749 1265 ex
765 1230 860 1264 Suida
873 1256 882 1270 ‚
909 1231 1010 1278 quod
1031 1233 1153 1279 potius
1172 1242 1243 1268 mo.

80 1292 177 1322 neo,
197 1286 256 1316 aut
274 1278 416 1325 Hesychia
429 1277 574 1325 quando
594 1288 686 1325 opus
705 1279 787 1319 erit,
804 1277 995 1317 desumere.

157 1329 232 1374 Qui
250 1327 352 1377 plura
370 1326 416 1364 de
436 1326 663 1366 Roaen‘ro
681 1326 938 1366 STEPHANO
963 1328 1142 1371 desiderat,
1161 1339 1249 1376 prae-

79 1383 138 1416 ter
153 1380 263 1414 vitam
284 1378 322 1413 in
353 1378 481 1422 Historia
507 1377 716 1420 Stephanorum
744 1379 997 1415 concinnatam
1011 1406 1020 1421 ,
1049 1379 1150 1416 adeat
1171 1379 1251 1414 lco-

81 1440 145 1466 nas
165 1425 303 1461 Theodori
323 1428 404 1463 Bezae
429 1424 494 1472 [a]‚
522 1425 691 1467 Thuanum,
705 1426 872 1473 Teifferium
885 1453 895 1469 ,
908 1428 1095 1469 Colomefium
1114 1430 1151 1464 in
1166 1426 1250 1464 Gal-

81 1477 130 1516 lia
149 1474 345 1517 Orientali,
372 1475 555 1519 Gesnerum,
578 1473 778 1522 Scriptores
799 1486 819 1511 a
840 1478 872 1510 T.
892 1479 962 1520 Pope
982 1478 1088 1511 Blount
1101 1479 1137 1513 in
1158 1475 1252 1514 Cen-

81 1527 158 1564 sura
176 1525 371 1564 Austorum
391 1523 572 1565 laudatos,
599 1527 766 1558 Morerium
789 1525 825 1560 in
844 1522 981 1562 Lexico
995 1554 1003 1568 ,
1030 1529 1195 1560 Henricum
1212 1524 1252 1561 fi-

81 1575 173 1613 lium
197 1574 241 1612 de
257 1574 358 1611 Statu
384 1572 450 1610 suae
471 1571 738 1622 Typographiae
769 1573 805 1610 ὃς
831 1575 867 1610 in
887 1573 1041 1622 Epistola
1061 1575 1106 1612 ad
1123 1574 1251 1609 Paulum

81 1624 199 1663 filium
219 1624 330 1671 Agellio
347 1629 451 1669 1558.
476 1621 646 1670 praemiffa
672 1621 741 1668 [b],
767 1624 1027 1658 Sammarthanum
1054 1623 1118 1670 [c],
1151 1623 1251 1656 Barlle-

83 1683 179 1716 tum,
206 1673 244 1710 δε
272 1674 408 1718 Menagii
437 1670 760 1713 Anti-Bailletum‚
793 1673 859 1715 Jac.
885 1673 1020 1719 Sylvium
1049 1672 1185 1720 Isagog.
1214 1673 1251 1708 in

83 1722 173 1771 ling.
201 1721 328 1760 Gallie.
358 1719 486 1755 Paulum
506 1724 684 1755 Mamurium
714 1720 757 1757 ad
776 1718 947 1768 Epistolas
977 1724 1131 1763 Ciceronis,
1150 1721 1251 1765 Joach.

82 1776 238 1807 Camerar.
270 1772 307 1807 in
337 1767 364 1808 E
392 1769 501 1807 istolis
525 1780 559 1817 p.
579 1775 662 1815 468.
697 1769 846 1803 Caillaeum
865 1770 995 1808 Histor.
1016 1769 1251 1820 Typograph.

81 1833 121 1870 p.
141 1833 199 1866 95.
222 1819 287 1866 Joh.
305 1821 427 1854 Frizum
446 1819 484 1855 in
505 1819 633 1866 praefat.
651 1818 695 1855 ad
705 1817 903 1856 Difflonar.
929 1819 1059 1857 Latino
1073 1843 1090 1850 -
1104 1819 1254 1856 Germa-

81 1872 227 1912 nicum,
255 1867 427 1903 Corderium
445 1869 483 1904 in
505 1866 787 1916 Colloquiorum
808 1869 1015 1916 praefatione
1042 1868 1114 1916 [d],
1151 1876 1253 1905 caete-

82 1921 212 1969 rosque
230 1929 322 1967 quos
344 1928 464 1966 operae
483 1917 501 1961 †
519 1917 612 1954 foret
628 1916 818 1954 recensere.

156 1970 198 2007 ln
216 1969 338 2005 animo
360 1966 483 2003 habuit
510 1968 564 2003 vir
592 1965 638 2003 de
667 1966 777 2003 literis
809 1967 949 2014 optime
979 1968 1126 2004 meritus
1154 1966 1253 2003 suum

76 2017 269 2062 *ffbefizurum
295 2016 340 2053 ad
362 2015 531 2054 incudem
558 2027 747 2057 revocare,
774 2023 813 2052 ut
845 2016 959 2064 liquet
980 2028 1025 2053 ex
1049 2019 1254 2064 praelatione

85 2069 161 2115 ejus
175 2066 222 2104 ad
250 2066 380 2110 calepini
402 2063 689 2107 Distionarium,
715 2065 816 2114 quod
842 2066 881 2103 A.
916 2077 1021 2110 1553.
1047 2065 1253 2113 publicavit.

84 2120 110 2136 “
133 2115 190 2156 Ne
222 2113 392 2153 cessarent
432 2114 590 2160 (amici)
628 2114 714 2151 fesso
744 2114 915 2151 humeros
942 2113 1183 2162 supponentes
1212 2115 1254 2150 ab
1311 2121 1333 2135 “

83 2169 110 2185 “
134 2164 362 2203 emendando
379 2162 509 2202 Latino
531 2164 603 2211 ejus
623 2162 805 2201 Thesauro
831 2165 866 2200 &
894 2165 1080 2211 augendo,
1110 2163 1256 2201 Graecis-

85 2218 110 2235 '¹‘
135 2216 205 2263 qu'e
234 2213 448 2251 diffitionibus
466 2212 658 2261 formisque
683 2213 890 2260 adjiciendis
905 2240 915 2255 ,
940 2220 978 2249 ut
998 2225 1103 2261 quam
1123 2212 1256 2260 paucis-

86 2268 112 2284 “
135 2264 220 2302 sima
237 2262 383 2311 posthac
401 2264 437 2299 in
457 2274 502 2299 eo
524 2261 710 2299 desiderari
742 2261 892 2310 poffmt3
920 2262 955 2298 &
977 2263 1015 2298 in
1034 2260 1256 2300 novo*Grae-

86 2318 111 2334 “
135 2326 184 2351 cae
193 2313 340 2360 Linguae
356 2310 537 2349 Thesauro
559 2312 778 2349 absolvendo
807 2311 868 2358 [e],
894 2314 929 2347 in
943 2323 1016 2359 quo
1036 2312 1161 2348 eadem
1179 2322 1256 2359 quae

86 2367 111 2382 “
135 2365 173 2400 in
198 2360 350 2403 Latino,
378 2363 468 2398 ratio
490 2360 706 2398 observanda
725 2367 817 2403 erat,
845 2372 889 2397 ex
908 2363 1056 2407 optimis
1075 2360 1256 2398 delecliili-

85 2416 110 2432 “
135 2411 269 2461 misque
296 2409 506 2449 Graecorum
532 2408 802 2451 Grammaticis,
836 2409 977 2452 Poetis,
1014 2410 1255 2452 Rhetoribus,

85 2463 112 2482 “
135 2460 372 2502 Oratoribus,
396 2458 703 2509 Historiographis
727 2460 763 2497 &
780 2461 953 2496 variarum
973 2471 1092 2496 rerum
1109 2459 1258 2508 scripto-

87 2515 113 2531 “
137 2512 242 2549 ribus.
255 2513 274 2527 '³

511 2557 626 2605 Quod
657 2570 740 2595 curn
769 2557 1026 2595 STEPHANO
1044 2558 1149 2606 egere
1176 2560 1257 2604 Lug-

461 2606 601 2650 dunenses
632 2606 814 2655 suppresfis
841 2615 978 2643 tantum
1015 2606 1118 2655 ipsius
1139 2607 1258 2654 praefa-

462 2658 642 2698 tionibus,
680 2658 741 2693 ubi
765 2658 801 2693 δε
823 2657 946 2694 auxilii
970 2657 1006 2693 δε
1037 2656 1176 2693 confilii
1200 2663 1257 2692 to-

459 2708 528 2742 tius
547 2707 638 2742 ratio
658 2713 824 2754 apparet,
849 2706 946 2743 idem
966 2718 1058 2754 pene
1083 2708 1156 2754 egit
1177 2705 1257 2743 Cn:-

90 2768 193 2796 uus
224 2756 473 2794 SECUNDUS
509 2755 662 2793 Curuo
683 2755 862 2804 suppresso
875 2758 979 2793 etiam
997 2756 1073 2803 ipso
1085 2757 1254 2791 nomine:

88 2807 154 2844 nisi
172 2805 271 2855 quod
304 2811 479 2842 auxerunt
497 2804 568 2847 illi,
594 2805 655 2841 hic
677 2806 714 2840 in
734 2806 836 2842 frusta
856 2807 1058 2842 minutatim
1082 2804 1253 2841 concidit.

88 2856 319 2904 Negligentia
348 2855 557 2902 neutiquam
584 2854 845 2896 condonanda,
874 2855 911 2890 in
932 2856 1054 2890 animo
1077 2854 1256 2890 instituere

87 2906 386 2944 STEPHANUM
419 2903 635 2945 exscribere,
662 2903 887 2952 plurimaque
916 2905 1049 2940 interea
1081 2902 1256 2939 vocabula

88 2955 233 2993 summae
255 2952 468 2990 austeritatis
484 2953 521 2989 in
542 2952 666 2989 medio
691 2953 902 3001 relinquere.
948 2952 1036 2991 Non
1048 2951 1258 2999 placuitho-

89 3005 180 3042 mini
214 3000 407 3040 delicatulo
432 3000 619 3050 Inscriptio
641 3003 774 3038 caeteris
802 3002 982 3051 usurpata,
1013 3001 1169 3046 Thefhurus
1197 3001 1257 3037 vel

89 3053 303 3090 Dic‘iionarium
328 3053 352 3069 “
369 3062 486 3099 neque
517 3052 613 3087 enirn
643 3051 786 3088 videbat
811 3063 880 3100 qua
902 3052 1040 3088 ratione
1063 3050 1107 3086 de
1133 3049 1255 3098 lingua

90 3106 116 3121 “
139 3100 265 3142 Latina
301 3101 549 3150 praecipientes
579 3111 670 3138 voce
697 3113 774 3138 non
802 3099 927 3139 Latina
956 3101 1007 3137 uti
1022 3099 1213 3137 voluerint.
1237 3101 1256 3115 ”

87 2593 221 2625 Fortun
241 2592 442 2623 Romnum

88 2632 210 2661 Ciani
230 2632 404 2661 Saeuum

87 2670 297 2700 Cononis.

127 3222 176 3259 [a]
197 3221 218 3237 “
235 3220 302 3252 Tibi
322 3219 448 3259 linguam
467 3219 613 3251 Hebraeam
632 3228 805 3259 magnopere
829 3218 1006 3254 illustratam,
1027 3219 1079 3250 tibi
1096 3219 1256 3251 Graecorum

89 3261 112 3276 “
131 3261 323 3291 characterum
341 3259 475 3290 summam
493 3259 677 3296 elegantiam:
711 3260 761 3288 tibi
790 3261 890 3298 partim
915 3260 943 3287 in
970 3258 1061 3287 lucem
1091 3266 1256 3295 revocatos,

89 3299 111 3314 “
130 3299 234 3337 partim
252 3297 407 3327 felicissirne
430 3297 570 3326 restitutos
583 3318 592 3333 ‚
612 3301 673 3326 tum
692 3296 803 3327 Graecos
820 3305 881 3327 tum
900 3296 1010 3326 Latinos
1028 3295 1174 3334 scriptores
1195 3297 1256 3333 plu.

88 3337 110 3352 “
130 3338 232 3367 rimus:
253 3336 305 3366 tibi
322 3335 443 3373 denique
455 3334 565 3364 infinita
583 3335 704 3371 quadam
727 3335 862 3366 industria
882 3337 907 3365 δε
926 3334 1094 3364 inexhaustis
1113 3333 1255 3363 laboribus

90 3375 112 3390 “
132 3383 168 3405 ex
188 3375 318 3404 omnium
335 3373 518 3403 Classicorum
531 3371 688 3403 Authorum
704 3383 780 3412 penu
801 3374 1002 3412 depromptum
1025 3370 1127 3402 Latinae
1145 3371 1259 3410 Linguae

89 3412 112 3428 '⁶
130 3412 302 3443 Thesaurum
316 3411 464 3441 debemus.
474 3410 492 3422 ”
531 3411 619 3440 Verba
633 3411 696 3441 {unt
716 3415 799 3450 Beza„

129 3450 175 3487 [h]
208 3451 228 3465 “
244 3450 307 3480 Fuit
324 3458 437 3487 tempus
463 3458 528 3478 cum
557 3449 629 3478 Avus
657 3455 721 3479 tuus
737 3448 810 3479 Rob.
832 3448 1006 3485 Stephanus,
1030 3447 1256 3477 Decemviratum

91 3488 114 3504 “
133 3488 274 3526 quendam
289 3487 442 3517 literarium
464 3487 542 3516 dorni
562 3486 697 3522 haberet,
717 3496 838 3524 eumque
853 3493 883 3515 ut
897 3486 1025 3514 ormnem-3
1041 3486 1078 3515 ita
1097 3486 1182 3514 etiam
1197 3483 1260 3515 mis:

91 3525 115 3542 “
135 3533 252 3559 γλωω-ιν.
275 3534 340 3554 nam
357 3532 390 3554 ut
406 3533 441 3554 ex
458 3524 592 3554 omnibus
611 3525 772 3554 nationibus
795 3524 948 3557 conflatus,
970 3524 1006 3552 ita
1025 3524 1107 3552 etiam
1130 3523 1257 3552 omnium

90 3564 114 3579 ‘⁸
132 3564 290 3602 linguarum
310 3568 377 3592 erat.
418 3562 526 3592 Decem
543 3561 574 3591 hi
592 3563 694 3600 partim
717 3562 837 3597 literati,
867 3562 967 3599 partim
989 3559 1161 3590 literatissimi
1183 3560 1234 3589 viri
1248 3581 1257 3594 ,

91 3601 115 3618 “
134 3611 252 3637 quorum
269 3600 384 3638 quidam
405 3600 576 3629 correctorio
592 3609 709 3629 munere
727 3600 914 3638 fungebantur
934 3599 1033 3636 (iique
1049 3598 1198 3636 praesertim
1210 3599 1258 3635 qui

91 3640 113 3655 ‘²
131 3639 336 3677 Epigrammata
353 3638 498 3676 postremae
524 3638 584 3673 ejus
601 3637 725 3667 Editioni
745 3637 877 3667 Thesauri
899 3635 1096 3674 praefixerunt)
1118 3645 1203 3672 quum
1228 3636 1260 3664 si.

91 3678 114 3693 “
134 3683 181 3706 cut
197 3685 232 3706 ex
248 3675 360 3705 diversis
378 3676 492 3705 oriundi
511 3681 591 3705 erant
634 3675 764 3711 entibus,
786 3675 822 3704 fic
840 3675 924 3704 etiam
942 3674 1080 3703 diversum
1100 3672 1258 3703 sermonem

92 3716 116 3732 ‘⁶
135 3714 315 3744 vernaculum
336 3713 484 3748 haberent,
507 3685 723 3750 LinguagLatina
739 3720 871 3749 tanquam
886 3713 1031 3741 communi
1051 3713 1203 3748 interprete
1217 3711 1257 3739 in.

127 3780 146 3815 †
169 3779 247 3808 Deest
262 3779 310 3808 hic
320 3779 366 3807 vel
379 3779 443 3807 Non
455 3799 464 3812 ,
484 3778 530 3807 vel
542 3777 678 3813 Infinitae,
700 3778 744 3808 vel
755 3778 849 3808 similis
869 3786 925 3806 vox
939 3776 993 3805 alia
1007 3798 1016 3811 ‚
1039 3783 1069 3805 ut
1082 3775 1190 3805 constet
1200 3774 1260 3816 sen-

87 3817 186 3847 tentia.
226 3816 356 3845 Ceterum
368 3817 468 3844 merito
479 3817 595 3845 miretur
609 3816 753 3853 quispiam,
766 3826 815 3846 cur
826 3814 924 3845 omiffa
934 3814 966 3843 szt
978 3815 1023 3843 hic
1040 3814 1147 3843 mentio
1160 3812 1260 3842 doctis-

89 3855 165 3885 fimae
177 3854 307 3884 diatribes
322 3853 433 3883 Theod.
444 3853 581 3889 Janss'onii
598 3854 633 3883 ab
648 3854 826 3883 Almeloveen
837 3853 879 3883 De
892 3854 957 3882 vitis
970 3852 1186 3889 Stephanorurn‚
1200 3860 1260 3887 quae

89 3892 196 3933 prodiit
209 3890 357 3921 Amstelod.
375 3895 454 3927 1683.
467 3890 496 3920 in
508 3896 572 3925 8v0.

127 3931 164 3968 ᾗ
183 3929 284 3960 Nullus
293 3928 380 3959 exstat
388 3927 533 3958 hoctitulo
544 3927 629 3965 hujus
636 3929 741 3959 autoris
753 3928 824 3959 libet
835 3949 845 3965 ,
865 3927 914 3957 sed
935 3926 1032 3957 Turco
1045 3945 1056 3953 ·
1066 3925 1181 3956 Graeciae
1197 3924 1262 3955 libri

544 250 620 287 Suis
649 249 825 287 illecebris
850 252 1072 291 deliniendos
1104 265 1176 292 erat
1201 259 1237 293 &
1294 264 1317 278 “

674 299 762 337 Non
785 312 829 336 ex
848 302 968 338 nostro
983 304 1038 339 sed
1065 305 1238 350 plurimo-
1296 312 1318 326 ‘⁶

1294 107 1416 161 Edit.
1447 110 1642 165 Londin.
1673 127 1743 182 17
1756 128 1783 181 3
1798 128 1841 183 ς,
2392 138 2451 190 ις

1292 211 1377 250 Haec
1400 216 1492 251 enim
1515 216 1684 257 Barbara,
1723 217 1781 253 illa
1806 219 1936 256 Graeca.
1984 219 2120 258 Prodiit
2147 224 2261 272 itaque
2299 229 2321 243 “
2336 225 2451 264 Tur.-

1343 275 1515 300 sAunus
1535 267 1732 302 Linouffi
1762 266 1959 304 LAT1NAE
1979 282 2079 305 ειη.
2108 271 2269 309 Fortun
2298 273 2452 312 Roma-

1344 322 1465 351 num,
1493 316 1656 350 omnium
1684 314 1798 351 Latini
1824 317 2005 352 Sermonis
2028 318 2226 356 Authorum
2251 329 2324 358 tum
2349 326 2452 361 verba

1298 360 1323 375 “
1350 366 1425 394 tum
1452 361 1622 407 loquendi
1654 363 1784 399 modos
1813 365 2050 412 pulcherrime
2071 369 2270 415 explicans,
2298 375 2314 387 ’³
2356 371 2450 408 Basil.

1298 406 1417 440 Froben.
1455 418 1556 454 1576.
1577 412 1636 447 lOl.
1656 424 1683 456 3.
1706 412 1814 449 Toni.
1841 414 2022 458 Leodrgrrius
2049 418 2211 451 (irimalslus
2226 443 2232 454 ‚
2259 422 2317 466 qui
2335 419 2452 458 Voca-

1299 455 1474 510 bulomnr
1496 458 1612 494 classes
1635 461 1693 495 sini
1719 462 1881 507 subjecit,
1909 461 2124 500 Thesaurum
2145 465 2263 508 hunc,
2287 480 2351 514 pro
2377 482 2454 506 mu-

1299 515 1392 538 neris
1413 513 1549 541 ratione
1575 519 1790 557 qucccunque
1813 512 1847 546 in
1863 511 1991 544 frobenii·
2011 510 2264 560 Typographia
2283 520 2372 563 tvpis
2393 531 2453 555 ex-

1300 552 1722 605 cudunturlegensatquc
1742 559 1919 605 relegens,
1939 561 2042 595 nimis
2060 570 2152 598 certe
2169 558 2318 601 extollit.
2348 567 2455 604 “Tot

1355 603 1530 653 tantasque
1556 604 1683 639 Latina:
1704 605 1847 653 Lingua*
1862 608 1998 644 divitias
2026 612 2040 653 (
2058 608 2173 646 Verba
2188 611 2263 648 sunt
2280 617 2453 658 Grimaldi)

1304 650 1328 665 “
1355 650 1431 684 lane
1453 651 1524 685 lum
1544 651 1747 705 admiratus:
1777 656 1810 690 δι
1835 669 1878 692 eo
1899 660 2009 703 magis
2025 659 2122 705 quod
2141 671 2223 696 cum
2241 665 2360 697 omnia
2376 664 2454 699 dili-

1303 698 1326 713 “
1352 705 1477 752 genter
1500 700 1776 753 considerarem,
1813 705 1857 739 ita
1880 705 2024 751 plenum
2047 706 2170 754 Copiae
2193 708 2315 746 Cornu
2337 714 2456 748 omni-

1305 748 1327 762 “
1355 747 1418 798 bus
1441 758 1476 782 m
1505 747 1594 783 locis
1614 750 1953 794 animadvertebam,
1989 762 2025 790 ut
2052 756 2139 791 nihil
2173 757 2252 793 addi
2281 760 2454 805 poliendi

1304 796 1327 811 “
1352 796 1644 841 supervacaneum
1664 797 1848 834 videretur.
1867 803 1882 816 '³
1911 801 2059 839 Cffliiu
2073 817 2086 840 s
2111 804 2161 841 SE
2175 817 2353 843 cunnus
2375 808 2456 845 Cu-

1303 853 1388 879 κιο
1411 843 1550 891 Cyriaci
1585 844 1783 892 Subalpinae
1808 850 1922 894 gentis
1957 852 2048 897 apud
2073 852 2177 890 Italos
2199 856 2338 902 oppido
2365 857 2404 893 A.
2415 859 2455 896 C.

1309 903 1412 936 1503.
1434 899 1553 934 natus,
1580 894 1628 929 ob
1657 893 1824 930 {inceram
1850 895 1976 934 Christi
2006 899 2198 939 doctrinam
2218 907 2325 940 varias
2347 908 2458 952 perse-

1305 942 1467 977 cutiones
1483 941 1615 988 passus,
1641 942 1787 978 tandem
1807 943 1963 987 Basileae,
1986 948 2158 991 consedit,
2196 953 2255 988 ubi
2280 952 2460 1002 Eloquen-

1305 991 1360 1025 tiae
1380 989 1497 1025 naftus
1518 989 1768 1037 prosessionem
1783 1019 1792 1033 ,
1817 993 1923 1029 talem
1942 995 1977 1030 in
1995 1007 2034 1031 ea
2047 1006 2110 1042 per
2130 1009 2183 1035 22.
2197 1012 2307 1037 anuos
2331 1003 2459 1050 scprae..

1304 1038 1407 1079 stitit,
1447 1046 1484 1074 ut
1513 1051 1531 1075 a
1559 1038 1794 1077 remotissnnis
1824 1053 1860 1077 re
1889 1043 2028 1079 ionibus
2059 1044 2148 1081 illius
2168 1048 2329 1086 audiendi
2351 1056 2459 1092 uratia

1304 1087 1449 1133 plurimi
1470 1088 1707 1125 convolarint.
1765 1088 1859 1126 Exce
1886 1089 1914 1126 it
1934 1103 1952 1127 e
1972 1094 2058 1128 vivis
2078 1093 2117 1129 A.
2142 1103 2243 1138 1569.
2294 1090 2460 1147 prlura

1304 1136 1399 1183 apud
1419 1137 1530 1170 Freher.
1571 1135 1713 1173 Theatr.
1752 1138 1869 1175 illustr.
1898 1141 2075 1182 virorum,
2103 1143 2221 1177 Baelium
2248 1146 2281 1183 &
2305 1150 2459 1191 Hotjjnan-

1304 1197 1386 1218 num.
1439 1184 1604 1232 Operum
1633 1187 1704 1233 ejus
1725 1198 1801 1224 non
1830 1199 2027 1235 paucorum
2057 1190 2257 1238 catalogum
2292 1187 2460 1235 exhibent

1306 1233 1443 1277 Gesnerus
1465 1234 1500 1270 &
1521 1234 1670 1280 Tezffirim.
1721 1234 1842 1272 Vitam
1862 1248 2006 1285 quoque
2026 1239 2190 1285 expedite
2206 1244 2356 1280 recenset
2373 1250 2461 1282 Mar-

1303 1287 1378 1317 tinus
1400 1286 1514 1326 Crustas
1531 1284 1568 1320 in
1590 1283 1644 1320 sua
1661 1284 1783 1322 Turco
1797 1309 1811 1315 -
1828 1284 2027 1323 Germania.
2064 1289 2099 1332 ††

1306 1363 1630 1394 Paonrruniun
1663 1382 1668 1388 ·
1705 1332 2015 1389 'sueonosms
2033 1334 2254 1374 Tar-nutius
2282 1343 2329 1386 γῇ
2352 1339 2462 1379 Foro-

1306 1401 1327 1432 L
1339 1411 1376 1431 IN
1389 1412 1436 1431 eu
1448 1413 1470 1431 Ε
1493 1402 1512 1431 L
1522 1412 1611 1431 Arm
1623 1413 1646 1431 ,e
1658 1381 1809 1428 Julieniis
1829 1388 1881 1430 qui
1906 1386 2019 1440 Latinae
2048 1387 2176 1441 Linguae·
2190 1389 2336 1431 Universae
2366 1394 2462 1425 Prom-

1656 1440 1808 1473 ptuartum
1829 1445 1864 1466 ex
1880 1431 1997 1475 diversis
2012 1446 2044 1467 ac
2072 1438 2182 1476 optimu
2200 1437 2355 1484 quibusque
2381 1448 2463 1474 auto.

1305 1478 1382 1513 ribus
1399 1482 1584 1512 concinnavit
1598 1504 1608 1520 ,
1636 1479 1679 1515 ad
1699 1480 1849 1517 eandem
1872 1492 2016 1529 quoque
2032 1481 2170 1519 classem
2197 1488 2380 1533 compingi
2393 1500 2463 1524 mc-

1307 1529 1376 1564 rito
1400 1528 1547 1564 videtur.
1597 1528 1666 1565 Sed
1688 1541 1803 1576 ireque
1824 1531 2084 1577 pauxillulailla
2103 1532 2213 1569 laudis
2229 1537 2464 1580 portiuncula,

1307 1588 1385 1625 quae
1403 1577 1656 1624 descriptorem
1681 1586 1821 1619 manet,
1850 1581 1881 1615 ei
1905 1579 2019 1616 relic‘ta
2042 1579 2088 1616 est
2114 1584 2257 1629 integra.
2308 1583 2399 1620 Vide
2427 1595 2465 1622 ut

1307 1625 1434 1662 laevum
1462 1638 1608 1674 quoque
1633 1626 1818 1663 consilium
1840 1628 2017 1666 ostendat.
2045 1623 2213 1667 Hominis
2237 1634 2349 1668 verbis
2375 1642 2465 1675 utor,

1307 1679 1330 1692 “
1357 1674 1599 1712 Continentur
1622 1675 1694 1712 hoc
1713 1677 1918 1718 volumine,
1947 1687 1985 1713 ut
2003 1680 2037 1714 in
2062 1680 2193 1715 summa
2209 1680 2342 1723 dicam,
2369 1683 2467 1719 locu-

1308 1727 1330 1742 “
1358 1726 1473 1760 tiones
1491 1736 1618 1760 omnes
1636 1725 1690 1760 vel
1713 1725 1820 1762 latine
1847 1726 1964 1767 (male
1984 1727 2124 1772 ia‘tinae)
2148 1728 2320 1776 loquendi
2336 1732 2467 1768 formu-

1307 1776 1332 1791 “
1359 1773 1400 1809 lae
1420 1780 1602 1822 quotquot
1625 1772 1744 1820 passim
1767 1775 1861 1821 apud
1881 1787 2006 1812 omnes
2039 1775 2209 1814 Romanae
2235 1778 2364 1827 lingua:
2390 1782 2467 1817 ido-

1308 1824 1331 1840 “
1358 1834 1444 1859 neos
1465 1830 1604 1859 autores
1621 1824 1860 1860 inveniuntur.
1911 1823 2040 1873 Easque
2059 1827 2106 1862 ita
2125 1827 2305 1864 enucleate
2329 1830 2467 1865 traditas

1307 1875 1332 1890 “
1357 1873 1579 1919 comperies,
1604 1879 1643 1907 ut
1665 1871 1736 1908 hoc
1757 1884 1830 1909 uno
1855 1872 1948 1910 libro
1971 1882 2159 1911 contentus
2181 1875 2469 1915 Commentario.

1309 1924 1332 1939 “
1357 1932 1435 1957 rum
1450 1932 1559 1968 opera
1577 1932 1652 1956 non
1677 1920 1872 1958 admodum
1888 1934 1981 1970 opus
1997 1922 2037 1959 fis
2051 1924 2240 1961 habiturus.
2290 1925 2467 1964 Ordinem

1308 1972 1332 1988 ‘⁶
1357 1981 1443 2006 vero
1464 1971 1669 2017 neutiquam
1690 1971 1939 2017 poenitendum
1959 1974 2115 2008 invenies
2128 2001 2137 2015 ,
2157 1976 2216 2022 qui
2226 1976 2370 2012 mirifice
2388 1984 2420 2013 te
2434 1977 2470 2013 &t

1310 2021 1333 2037 “
1358 2018 1556 2055 doffiorem
1574 2019 1675 2055 faciat
1705 2020 1740 2055 ἃ
1774 2020 1990 2068 disquirendi
2016 2022 2120 2058 taedio
2138 2026 2345 2070 cumprimis
2365 2025 2466 2062 levet.

1310 2071 1336 2086 ‘⁴
1358 2068 1542 2115 Quicquid
1564 2068 1703 2116 insuper
1731 2069 1768 2104 in
1790 2068 2041 2112 Difflonariis,
2068 2082 2285 2119 quocunque
2305 2073 2385 2110 licet
2405 2086 2469 2111 no-

1360 2119 1457 2153 mine
1478 2116 1643 2153 haetenus
1663 2117 1784 2160 editis,
1813 2119 1983 2167 quicquid
2006 2121 2041 2155 in
2060 2130 2207 2161 utraque
2222 2120 2469 2160 Thesauriedi*

1308 2170 1333 2185 “
1359 2168 1481 2207 tione,
1523 2166 1696 2214 quicquid
1725 2168 1761 2202 in
1790 2165 1922 2204 Latinae
1947 2167 2076 2215 linguae
2100 2163 2283 2217 apparatu,
2309 2170 2467 2213 Doleto,

1309 2219 1334 2234 “
1362 2215 1482 2256 Valla,
1504 2214 1708 2261 Grapaldo,
1737 2215 1874 2263 Scopa,
1911 2215 2067 2254 Adriano
2098 2219 2133 2253 ὃς
2156 2218 2229 2254 aliis
2256 2220 2468 2264 ejuscemodi

1310 2268 1334 2283 “
1360 2265 1457 2301 libris
1478 2266 1558 2305 suit,
1586 2264 1623 2299 id
1643 2271 1758 2300 totum
1783 2266 1819 2300 in
1841 2264 1912 2301 hoc
1927 2277 2000 2302 uno
2019 2266 2202 2303 volumine
2225 2267 2372 2305 fideliter
2383 2282 2468 2307 con-

1312 2318 1335 2332 ‘'‘
1359 2315 1496 2362 gestum
1520 2314 1689 2349 invenies.
1737 2317 1856 2358 figuras
1876 2321 2041 2361 praeterea
2075 2316 2110 2351 ἃ
2132 2318 2234 2350 colores
2258 2325 2331 2353 tum
2352 2330 2469 2365 gram-

1311 2366 1335 2382 ‘⁵
1362 2365 1513 2399 mancos
1532 2369 1607 2398 tum
1628 2362 1779 2396 rhetoricos
1799 2361 2058 2410 diligentissime
2079 2376 2121 2400 ex
2145 2364 2340 2407 Cicerone,
2363 2371 2469 2407 Aristo-

1312 2416 1336 2431 “
1359 2413 1435 2451 telo,
1464 2411 1711 2457 Quintiliano,
1740 2410 1896 2454 Rutilio,
1921 2412 2117 2455 Prisciano,
2150 2413 2469 2453 Rufiniano&aliis

1311 2464 1334 2480 “
1361 2461 1472 2498 doffls
1500 2461 1581 2496 Viris
1601 2460 1818 2497 inseruimus.
1867 2462 1998 2504 Epitheta
2012 2467 2106 2495 omnia
2122 2463 2245 2507 religiose
2263 2464 2303 2497 ad
2318 2478 2412 2498 utam!
2424 2466 2471 2498 ola-

1314 2514 1337 2528 ‘⁵
1356 2511 1552 2554 servavimus.
1604 2509 1694 2542 Adde
1719 2509 1799 2556 quod
1820 2512 1966 2553 JCtorum
1991 2511 2140 2554 formulas
2170 2511 2302 2545 blasianus
2331 2514 2471 2557 nglrft'as

1312 2563 1335 2578 “
1361 2560 1411 2594 vel
1433 2560 1536 2602 concis?
1565 2557 1691 2591 traditas
1719 2571 1755 2592 ex
1781 2557 1907 2601 Budaeo,
1944 2560 2081 2601 Alcime,
2115 2561 2186 2593 vini
2203 2560 2267 2603 fine
2283 2564 2470 2606 consroverfir

1314 2612 1338 2626 “
1364 2606 1580 2651 incomparabili
1601 2606 1727 2639 dotftrina
1748 2607 1873 2650 praeditis
1889 2633 1898 2649 ‚
1921 2609 2040 2650 fiemnzn
2060 2621 2129 2642 cum
2151 2608 2211 2653 fide
2230 2610 2468 2655 trsinfkrfpfimur,

1311 2660 1335 2676 “
1362 2657 1484 2705 easque
1503 2655 1624 2704 quoad
1642 2654 1716 2691 fieri
1738 2657 1876 2702 potuit,
1911 2656 2098 2694 Ciceronis
2126 2659 2160 2694 δε
2180 2658 2329 2695 aliorum
2354 2660 2469 2696 aufto-

1312 2710 1336 2725 “
1365 2708 1464 2742 ritate
1486 2706 1702 2742 munivimus
1760 2704 1955 2752 Antiqu-um
1980 2708 2064 2742 item
2084 2706 2255 2743 scribendi
2274 2721 2467 2746 moremex

1311 2759 1335 2775 “
1360 2755 1507 2793 Valerio
1534 2752 1656 2791 Probo
1682 2753 1792 2801 longe
1821 2754 1890 2790 alio
1915 2755 2042 2791 ordine
2065 2757 2128 2792 tibi
2147 2757 2367 2803 praebuimus.
2387 2761 2402 2774 ”

1379 2804 1463 2842 Hoc
1482 2803 1594 2851 ipsum
1609 2801 1716 2839 Prom
1747 2805 1914 2844 tuarium,
1939 2804 2075 2850 prodiit
2090 2806 2185 2841 enim
2212 2804 2234 2842 S
2246 2817 2360 2842 ΤΕΡΗ
2373 2818 2429 2842 AN
2442 2819 2466 2843 o

1310 2854 1488 2901 superstite
1513 2852 1581 2899 [f],
1610 2859 1705 2887 taxat
1770 2863 1972 2889 oni-:urus
1998 2853 2085 2901 ipse,
2114 2853 2166 2900 [g]
2193 2854 2468 2899 Qieriturenim

1312 2907 1335 2921 “
1361 2903 1405 2939 de
1430 2904 1470 2939 iis
1486 2914 1547 2950 qui
1563 2903 1598 2937 in
1613 2900 1803 2938 Germania
1823 2901 1919 2938 hunc
1937 2901 2069 2938 Latinae
2090 2901 2235 2949 Linguae
2253 2902 2468 2941 Thesaurum

1310 2955 1335 2970 ‘⁵
1361 2951 1583 2989 contraditam
1602 2948 1858 2997 impresserunt,
1884 2962 2013 2987 novam
2026 2950 2258 2998 Promptuarii
2274 2953 2369 2988 inseri
2403 2957 2470 2990 tio..

1313 3004 1336 3020 “
1364 3014 1446 3037 nem
1465 3001 1587 3036 dantes
1606 3001 1659 3040 ei,
1687 3011 1769 3035 cum
1790 2998 1988 3046 longissima
2018 2998 2188 3047 Epistola,
2215 3002 2250 3035 in
2274 3012 2340 3048 qua
2402 3002 2467 3039 rdo

1313 3053 1336 3069 ‘⁸
1362 3049 1621 3086 demonstratur
1643 3059 1750 3096 quem
1774 3047 1835 3096 ipsi
1855 3048 2091 3085 adhibuerunt
2112 3060 2151 3085 ac
2167 3048 2363 3091 servarunt,
2391 3054 2466 3087 imo

1313 3103 1338 3118 “
1365 3111 1451 3136 vero
1466 3110 1574 3148 quem
1587 3097 1646 3134 ille
1657 3098 1792 3145 primus
1813 3097 1847 3132 ἃ
1858 3098 2049 3181 ἱηὲὶίῑυετᾶῑ
2060 3098 2095 3134 &
2109 3097 2331 3135 conlervarat.
2355 3099 2468 3145 Quod

1941 3158 1962 3185 2
2306 3151 2328 3165 “
2350 3156 2470 3186 tamen

1313 3222 1334 3236 “
1354 3227 1397 3250 ter
1416 3218 1444 3248 se
1464 3217 1621 3247 utebantur.
1634 3217 1651 3229 ’'
1689 3216 1797 3247 Horum
1819 3226 1906 3256 opera
1917 3218 1981 3248 usus
2000 3218 2038 3247 est
2051 3218 2171 3247 maxime
2188 3219 2224 3248 ad
2236 3218 2386 3255 Thesaurum
2403 3230 2470 3251 con.

1311 3258 1533 3332 mrffcffn‘d‘ulhter
1552 3301 1599 3321 eos
1611 3293 1657 3329 qui
1672 3293 1707 3320 de
1720 3302 1748 3321 re
1763 3292 1882 3322 literaria
1898 3292 1971 3322 bene
1988 3293 2075 3320 meriti
2086 3291 2150 3321 sunt
2162 3315 2170 3325 ,
2191 3291 2308 3322 Roberti
2325 3295 2469 3332 Stephani,

1315 3335 1337 3350 “
1360 3331 1509 3362 parisiensis
1530 3329 1710 3367 Typographi
1728 3329 1888 3359 solertiffimi
1902 3353 1910 3364 ‚
1931 3330 2207 3367 splenditliffimique‚
2230 3341 2329 3367 ins-gna
2342 3343 2405 3361 cum
2416 3334 2470 3370 pri.

1317 3374 1335 3388 “
1356 3371 1408 3400 mis
1428 3378 1481 3398 nec
1504 3368 1563 3397 ullo
1583 3377 1641 3397 aevo
1659 3368 1779 3404 peritura
1800 3368 1857 3397 laus
1874 3368 1941 3396 fuit.
1965 3367 2006 3395 vei
2029 3375 2064 3396 etr
2083 3368 2132 3396 illo
2152 3368 2319 3405 amplissimo
2343 3370 2471 3400 Latinira-

1314 3411 1338 3425 “
1357 3410 1392 3438 tis
1406 3406 1568 3442 Thesauro,
1590 3415 1673 3442 quem
1690 3406 1821 3434 omnibus
1844 3406 1901 3440 ejus
1920 3404 2030 3439 Linguae
2051 3405 2174 3434 studiofis
2201 3405 2320 3443 plurimo
2341 3408 2470 3445 sumptu,

1315 3449 1336 3463 “
1358 3446 1481 3481 plurimo
1500 3444 1619 3477 sudore,
1640 3443 1758 3480 plurima
1777 3442 1918 3479 diligentia
1936 3443 2142 3479 deproinpl'it.¹'
2181 3443 2211 3472 ln
2228 3444 2340 3478 Eirmos.

1354 3485 1401 3520 [dj
1424 3484 1480 3519 Qui
1511 3480 1590 3511 Ron
1603 3490 1698 3509 auro
1729 3481 1819 3509 nostro
1846 3482 1966 3517 primum
1990 3481 2106 3510 doc'tore
2125 3481 2161 3510 ad
2182 3481 2321 3519 Evangelii
2338 3484 2472 3519 cognitio-

1315 3532 1382 3552 nem
1398 3521 1460 3550 usus
1480 3528 1549 3548 erat.
1592 3518 1630 3547 Ex
1651 3517 1741 3547 verbis
1764 3519 1791 3545 in
1813 3517 1981 3554 praesatione.

1355 3559 1397 3594 [e]
1421 3559 1489 3587 Nam
1515 3557 1541 3585 ἅ
1563 3555 1635 3584 hanc
1657 3564 1768 3592 operam
1785 3564 1893 3590 quoque
1916 3555 2102 3589 moliebatur,
2125 3557 2227 3583 Henrr‘co
2243 3555 2300 3585 filio
2317 3556 2383 3586 olim
2405 3568 2472 3594 ρης.

1316 3597 1452 3669 ἢεὲόωη.
1487 3593 1564 3660 {yide
1585 3593 1770 3658 plurfa'apudv
1778 3596 1849 3657 ἔ-ἷῖην.
1860 3592 1942 3628 steph.
1963 3591 2044 3631 Epist.
2057 3593 2094 3623 de
2104 3593 2182 3624 Statu
2193 3594 2245 3622 suae
2260 3593 2472 3633 Typograpliiae.

1371 3635 1402 3670 f]
1424 3635 1472 3663 An.
1499 3641 1617 3665 0-1545-
1652 3640 1724 3659 0.2.
1772 3638 1787 3656 0
1812 3651 1818 3658 .

1353 3671 1401 3707 [g]
1422 3671 1452 3701 ln
1471 3669 1545 3699 Praef.
1558 3669 1594 3697 ad
1611 3668 1719 3703 Calapin.
1737 3675 1816 3701 ¹55³·

1315 3774 1427 3803 vi11.&
1440 3769 1753 3802 Germano-Graeciaew.
1770 3770 1931 3800 ilnterioriit
1945 3772 1999 3800 ER
2015 3773 2102 3800 editio
2121 3770 2226 3799 necesse
2239 3773 2318 3799 estun
2332 3782 2384 3806 qua
2400 3779 2477 3800 aiunt

1315 3811 1431 3841 Caelium
1444 3811 1500 3838 line
1514 3809 1572 3837 ullo
1586 3809 1691 3844 pudore
1704 3807 1873 3836 'shesaurum
1886 3809 2019 3846 Stephani
2035 3807 2209 3845 descripsisse.
2220 3808 2272 3836 Sed
2284 3809 2312 3836 in
2323 3809 2388 3836 edit.
2398 3819 2405 3837 1
2415 3812 2476 3843 <75-

1316 3859 1365 3886 per
1376 3848 1479 3877 Albert.
1491 3847 1625 3875 Burerum
1642 3853 1776 3878 curatam,
1792 3845 1964 3875 Thesaurum
1978 3846 2188 3883 Lugdunensem
2206 3853 2268 3882 ¹573
2298 3854 2375 3882 patrie
2388 3853 2479 3874 totum

1316 3887 1371 3958 ess}
1374 3883 1723 3959 1tranls‘fltlisqrm,b‘zrfflc“torum
1743 3882 1812 3913 locis
1832 3892 1926 3914 tamen
1945 3884 2099 3913 accuratius
2115 3884 2265 3916 adnotatis,
2279 3883 2461 3918 deprehendi.

1394 3924 1410 3957 †
1448 3929 1457 3951 t
1486 3944 1493 3951 .
1529 3932 1555 3949 re
1611 3930 1633 3946 ι’.
