2641 4187
449 143 477 178 A
574 144 607 178 D
707 145 738 179 T

111 217 150 250 do
167 225 304 254 affuerunt
314 223 342 253 L.
357 223 512 258 Domitius,
534 224 570 261 Q.
583 224 719 253 Caeciiii'is.
749 225 826 255 Idem
841 227 908 257 ibid.
927 238 966 265 15.
984 234 1009 259 6.
1046 231 1130 268 Quod
1151 232 1212 261 scri-

111 257 205 291 bendo
215 261 320 290 affuisti.
361 261 439 290 Idem
456 271 480 296 7.
503 262 555 290 Att.
576 272 598 290 1.
632 262 785 291 Scribendo
804 264 890 293 uli‘uit.
931 263 934 266 ’

94 295 173 328 Adest
191 298 305 336 praesens
320 320 327 332 ,
349 308 398 334 pro
418 298 534 327 Praesens
544 299 590 327 cst.
614 298 699 328 Plaut.
719 300 797 329 Maii.
821 313 842 333 ς.
865 314 884 331 i.
897 312 939 339 27.
984 304 1083 333 Adsum
1095 305 1212 342 przesens

112 335 237 372 prfesenti
255 335 312 364 tibi.
338 335 394 364 Cic.
419 345 468 372 pro
485 336 576 364 Domo
596 335 641 364 suu
666 346 706 371 39.
747 338 825 367 Adest
842 341 957 375 pmfscns
970 342 1009 370 vir
1024 342 1148 376 singulari
1161 343 1213 370 vir-

112 378 181 438 ἓυιῑε.
213 373 309 409 Figura
324 373 362 402 est
377 370 551 410 pleonasmos
567 394 573 405 ,
596 380 627 402 ut
647 375 721 411 apud
738 375 800 403 Ter.
828 377 902 405 Adel.
919 388 941 414 3.
957 387 979 414 3.
996 390 1040 414 40.
1064 372 1068 378 “
1084 380 1140 408 Cic.
1162 390 1211 416 pro

150 416 224 439 uent.
241 420 282 444 54.

94 444 125 476 In
145 447 323 484 provinciam.
354 447 417 484 Ulp.
435 447 462 476 in
474 446 491 476 l.
523 446 599 482 Quid
621 454 722 477 tamen.
745 449 779 478 D.
799 451 834 478 dc
846 451 936 481 arbitr.
969 453 996 481 Si
1019 452 1118 482 arbiter
1136 453 1214 488 jusl'e-

70 491 79 497 “·
115 485 150 513 rit
168 485 196 512 in
215 484 385 521 provinciam
399 484 488 513 adesse
506 484 656 520 litigatores
671 508 678 520 ,
706 496 791 523 quum
806 488 900 517 Romae
920 489 986 519 essct
1003 491 1030 518 in
1049 500 1112 519 eum
1137 501 1213 519 com-

113 522 289 560 promissum:
311 531 346 551 an
358 523 382 551 ei
398 523 512 559 impune
524 532 580 551 non
592 529 716 560 pareatur
727 546 734 558 ,
759 526 896 561 quaeritur.
932 527 1089 557 llzilozindcr
1106 530 1132 558 Sc
1145 528 1211 556 Pan-

115 559 186 588 deft.
202 559 322 588 Florent.
347 559 467 594 habent,
490 559 519 588 In
535 561 684 597 provincia.

96 596 157 627 Alio
170 596 242 625 loco.
265 596 298 625 Ul
322 620 327 624 .
344 598 372 625 iri
391 596 409 625 l.
432 597 509 633 Quid
525 604 628 627 tamen.
660 598 692 628 D.
711 599 746 627 de
770 594 861 628 arbitr.
873 600 989 637 lmpiine
1010 602 1093 637 igitur
1111 602 1135 631 ei
1155 612 1212 630 non

136 634 254 700 alirebitur
264 607 377 700 λιξξᾶἰιίο
390 634 455 678 loco
472 635 562 664 adesse
578 635 690 672 jusserit.
732 636 777 665 Sic
793 636 959 668 Haloandcr.
981 640 1123 670 Pandectae
1147 650 1213 669 vero

148 679 235 701 orent.
296 681 323 700 io
353 681 405 701 oci.

95 709 136 740 ΕΟ
147 709 209 738 loci.
232 709 293 747 Ulp.
306 708 362 738 inl.
386 709 463 746 Quid
482 715 582 739 tamen.
605 710 638 740 D.
656 710 691 740 de
704 710 793 740 arbitr.
831 712 907 747 Quid
925 721 1034 748 tamen,
1050 714 1067 743 si
1093 724 1127 744 eo
1147 714 1212 749 loci,

116 748 162 784 qui
175 747 206 776 sit
222 747 294 776 circa
304 746 418 781 urbem,
438 747 526 777 adesse
537 747 662 784 jusl‘erit‘.>
682 748 718 777 sic
730 748 867 779 Haloand.
896 752 929 780 At
938 751 1079 781 Piuidcctzc
1091 752 1211 782 florent.

116 785 143 814 Si
162 785 188 813 in
206 794 239 814 eo
258 784 322 813 loco
337 785 404 822 qui,
426 786 477 814 Sec.

97 822 197 852 Coram
219 821 325 856 adesse,
348 822 448 852 eodem
471 823 555 852 modo
574 824 600 853 Sc
618 822 724 852 ratione
735 823 850 857 dicitur,
872 833 924 861 qua
938 826 1098 856 Praesentem
1112 826 1211 856 adeffe.

115 860 188 890 Nam
207 859 224 889 si
237 859 396 897 simpliciter
415 861 584 899 accipimus,
607 867 715 889 tantum
736 870 785 898 per
799 861 824 890 se
843 863 915 891 valet
937 864 1055 899 Adsum,
1076 872 1214 902 quantum

114 897 216 927 Coram
226 896 329 926 adsum.
362 898 421 927 Cic.
438 908 479 933 ις.
501 898 576 927 Fam.
596 902 637 927 16.
671 897 798 927 Fitenim
813 899 905 928 nescio
918 902 1078 938 quomodo,
1099 902 1212 940 utquasi

115 945 210 965 coram
222 934 311 964 adesse
319 935 430 964 videare
446 945 532 973 quum
547 934 636 965 scribo
646 934 752 971 aliquid
762 936 840 965 adte.
863 937 884 965 V
888 938 934 975 irg.
955 950 976 968 1.
1000 940 1061 969 AEn.
1077 950 1137 976 599.

233 989 269 993 -
290 982 382 1002 coram
402 983 484 1010 quem
504 973 626 1011 quaeritis
642 973 747 1002 adsum.
787 974 845 1002 Cic.
868 975 895 1004 in
918 977 1088 1012 Antonium,
1114 978 1214 1007 Coram

115 1010 203 1040 aderit
223 1010 340 1048 pret-sens
359 1010 411 1039 tibi
435 1010 491 1048 ipse
507 1033 515 1046 ,
548 1012 574 1041 δι
590 1011 636 1040 ille
655 1020 738 1048 quein
758 1011 895 1041 insimulas
922 1015 1007 1052 pugio
1026 1015 1213 1058 respondebit.

115 1047 228 1115 Rpplex
248 1049 297 1084 (ut
319 1049 358 1077 ita
376 1048 491 1086 loquar)
508 1048 691 1087 pleonasmos.
741 1048 783 1078 De
801 1050 879 1085 cujus
896 1053 931 1081 ad
951 1053 1092 1090 emphasin
1113 1052 1160 1082 usu
1182 1053 1213 1082 V.

150 1095 261 1115 ietores.

97 1123 211 1159 Adesse,
232 1133 282 1161 pro
294 1122 450 1157 Accedere,
471 1122 620 1161 praesertim
639 1124 669 1153 in
689 1123 809 1153 secunda
828 1125 944 1164 persona
961 1127 1128 1165 imperativi.
1150 1128 1214 1157 Ter.

117 1161 188 1229 finld.
211 1171 233 1190 1.
252 1170 276 1190 1.
295 1170 320 1191 2.
342 1160 500 1196 Adesdum,
521 1162 617 1199 paucis
638 1170 666 1190 te
679 1161 753 1191 voro.
774 1163 847 1200 quasi
861 1164 970 1194 Accede
980 1166 1079 1195 adme.
1101 1166 1173 1204 Virg.
1188 1175 1214 1195 2.

141 1209 156 1228 c
170 1222 176 1228 .
194 1209 239 1235 45.

178 1236 242 1266 Huc
260 1235 325 1265 ades
336 1257 344 1270 ,
365 1235 383 1264 ὁ
400 1235 517 1265 formose
535 1246 612 1274 puer.
764 1236 796 1266 V.
818 1237 1007 1271 Annsnuii.

98 1273 213 1308 Adesse,
234 1283 284 1311 pro
304 1273 449 1303 Advenire.
488 1274 558 1311 Virg.
574 1284 600 1303 2.
621 1273 685 1304 AEn.
707 1277 770 1304 662.

177 1311 293 1348 tIamque
314 1311 403 1340 aderit
416 1310 505 1340 inulto
526 1312 626 1341 Priami
645 1312 680 1342 de
699 1311 831 1350 sanguine
858 1310 984 1350 Pyrrhus.
1073 1316 1089 1331 s

97 1349 252 1380 Adventare
265 1350 292 1378 St
311 1358 400 1386 prope
418 1349 517 1378 adeffe.
540 1350 598 1379 Cic.
620 1361 647 1386 4.
671 1350 723 1379 Att.
748 1354 790 1379 16.

97 1386 194 1417 Adesse
212 1396 247 1415 ex
263 1386 367 1421 Africa,
388 1395 437 1423 pro
458 1387 602 1417 Advenire.
635 1387 693 1417 Cic.
717 1398 759 1424 15.
782 1389 836 1418 Att.
854 1398 896 1417 11.

96 1424 193 1456 Adesse
212 1425 238 1454 &
257 1424 428 1463 impendere.
470 1424 498 1454 V.
520 1425 720 1455 IMPENDEO.

96 1463 179 1531 Αὲξῆ
194 1462 272 1497 di‘es,
301 1462 346 1491 vel
366 1469 496 1500 tempus,
523 1473 573 1501 pro
593 1463 730 1493 Advenit:
759 1463 816 1493 fere
837 1473 903 1493 cum
918 1464 1057 1496 adverbio.
1090 1465 1166 1504 Virg.
1187 1476 1214 1503 9.

152 1510 179 1530 n.
208 1510 239 1528 io
261 1522 267 1529 .

179 1510 257 1575 Ergo7
266 1537 360 1567 aderat
376 1537 507 1575 promissa
523 1538 592 1568 dies.
788 1538 868 1568 Idem
884 1551 910 1575 4.
928 1540 984 1570 Ecl.
1003 1548 1048 1578 48.

179 1577 220 1613 Ag
238 1576 332 1604 redere
352 1575 369 1604 ὁ
392 1585 506 1613 magnos
527 1576 635 1612 (aderit
649 1576 705 1612 jam
727 1578 859 1614 tempus)
878 1577 1004 1608 honores.

97 1613 191 1652 Prope
201 1585 291 1643 adesse
302 1635 310 1648 ,
332 1612 464 1651 significat
475 1614 550 1643 idem
568 1615 643 1652 quod
661 1614 743 1651 vulgo
761 1615 863 1644 dicitur
876 1614 926 1644 Pro
944 1617 1048 1647 foi-ibus
1058 1618 1120 1647 esse.
1150 1618 1214 1647 Ter.

117 1652 188 1682 And.
212 1662 234 1681 1.
256 1662 278 1681 1.
301 1661 361 1686 125.
380 1651 468 1689 Prope
481 1652 574 1687 adest,
605 1662 669 1681 cum
689 1652 782 1681 alieno
801 1662 878 1682 more
900 1654 1051 1684 vivendum
1077 1656 1114 1685 est
1135 1656 1215 1685 milii.

82 1720 85 1721 .
117 1689 375 1726 subaudiTempus.
404 1689 450 1718 Sic
461 1689 543 1719 Adest
560 1699 671 1728 partus,
693 1700 742 1727 pro
762 1689 853 1719 Instat.
875 1691 939 1721 Ter.
964 1693 1039 1722 Adel.
1057 1704 1082 1728 4.
1094 1705 1120 1729 4.
1133 1704 1158 1729 9.

96 1725 141 1759 *Ad
155 1735 274 1765 tempus.
297 1727 356 1756 Cic.
372 1737 394 1763 ς.
418 1728 472 1756 Att.
495 1727 637 1764 Quoniam
648 1737 724 1757 nunc
735 1727 799 1757 abes
809 1738 894 1765 quum
906 1729 935 1758 id
944 1740 1002 1759 non
1017 1739 1112 1767 agetur
1128 1754 1136 1767 ,
1155 1731 1219 1760 ade-

117 1765 154 1795 ris
170 1772 263 1794 autem
283 1765 319 1794 ad
335 1772 445 1802 tempus
457 1787 465 1800 ,
486 1772 518 1794 ut
541 1766 611 1795 mihi
629 1765 762 1804 scripsisti.

98 1803 132 1834 In
142 1809 277 1841 tempore.
308 1802 365 1832 Liv.
380 1808 405 1836 S.
424 1803 546 1832 Aderunt
564 1804 593 1832 iri
607 1812 750 1842 tempore,
771 1802 894 1833 Manlius
909 1805 1018 1843 inquit,
1039 1807 1066 1836 Sc
1079 1816 1145 1837 cum
1162 1806 1218 1836 illis

118 1841 207 1870 aderit
221 1840 349 1878 ,Iuppiter
369 1839 434 1878 ipse.

98 1878 213 1913 Adesse,
234 1889 285 1916 pro
296 1878 454 1908 Consistere.
476 1877 561 1907 Plaut.
586 1877 676 1908 Aulul.
701 1888 723 1909 1.
742 1889 765 1908 1.
789 1889 829 1916 17.

108 1920 112 1921 ⁷
179 1916 243 1946 Istic
256 1916 358 1946 adesto.
381 1916 488 1951 (hodie
508 1915 761 1953 legituriidstato.i
782 1917 799 1946 si
813 1917 941 1947 liercletu
954 1927 989 1948 ex
1000 1919 1051 1948 isto
1060 1918 1125 1948 loco

179 1954 306 1991 Digitum
315 1953 509 1989 transvorsum,
520 1961 696 1992 autunguem
706 1954 794 1985 latum
808 1955 961 1992 excesseris,
987 1957 1039 1986 &a
1069 1958 1087 1987 i.
1099 1967 1122 1987 e.
1145 1957 1219 1988 Con-

117 1991 187 2026 siste,
208 1994 235 2022 &
256 2002 338 2021 mane
355 1992 403 2021 ubi
421 1999 450 2021 tu
468 2002 504 2021 es.

88 2029 206 2064 Adesse,
221 2040 273 2067 pro
292 2029 387 2059 Inesse.
409 2030 494 2059 Plaut.
519 2030 617 2067 Amph.
634 2039 660 2059 2.
671 2040 696 2059 2.
709 2040 753 2060 21.

118 2077 205 2107 penes
225 2068 263 2096 est
281 2068 374 2097 virtus.
396 2067 509 2096 subaud.
531 2067 572 2096 Ei.

99 2106 174 2135 Adiit
191 2105 291 2134 modus
307 2105 402 2134 amori.
435 2105 507 2143 Virg.
531 2115 556 2135 2.
584 2104 642 2134 Ecl.
669 2109 713 2139 68.

99 2144 183 2174 Adest
201 2143 321 2172 morbus.
344 2143 403 2172 Cic.
418 2153 442 2172 2.
454 2143 489 2172 de
505 2143 565 2173 fin.
576 2147 620 2179 96.
665 2144 749 2172 Tanti
764 2152 855 2173 autem
866 2144 955 2174 morbi
965 2146 1219 2178 aderantvesicae&

118 2181 289 2216 torminum,
311 2188 342 2210 ut
359 2180 477 2210 nihilad
489 2190 585 2210 eorum
604 2182 827 2219 magnitudinem
843 2183 942 2220 possit,
964 2184 1104 2216 accedere.

98 2219 219 2249 Aderant
236 2219 308 2248 vires
323 2219 487 2256 incorpore.
524 2219 643 2256 Propert.
661 2229 683 2255 3.
706 2230 747 2255 15.
762 2229 810 2256 23.

71 2272 74 2275 *
98 2256 209 2292 Adesse,
231 2257 263 2286 ln
280 2264 412 2294 promptu
427 2256 488 2286 elle.
511 2256 595 2285 Plaut.
609 2257 687 2294 Cape
701 2267 726 2286 2.
741 2266 764 2293 3.
781 2262 826 2293 63.

192 2311 230 2316 —-
248 2305 313 2332 ergo
331 2304 416 2331 quum
427 2295 533 2332 optime
551 2294 638 2324 fecisti
650 2317 658 2330 ,
679 2305 755 2324 nunc
774 2295 848 2325 adest
871 2296 977 2326 oceafio

138 2331 286 2362 Benefacta
309 2332 459 2362 cumulare.

797 2030 903 2060 Omnia
913 2031 1013 2062 adsunt
1023 2031 1097 2062 bona
1104 2055 1112 2068 ,
1134 2043 1218 2071 quem

0 2354 1 2359 ¹
46 2362 66 2387 ⁴>
99 2369 215 2405 Adesse,
234 2380 284 2408 pro
299 2369 399 2399 Esseiii
420 2370 586 2408 conspeetu,
608 2370 661 2399 sive
677 2370 747 2400 Ante
761 2370 866 2401 oculos.
908 2371 966 2402 Cic.
987 2382 1009 2402 1.
1032 2372 1088 2403 Off.
1112 2383 1154 2403 11.
1177 2373 1220 2403 Ad

118 2408 150 2437 id
167 2407 256 2437 soluin
278 2408 353 2445 quod
371 2408 459 2443 adest,
490 2409 620 2446 quodque
635 2408 751 2446 praesens
771 2409 825 2445 est,
857 2409 883 2439 se
911 2412 1114 2442 accommodat.
1145 2412 1219 2451 quasi

120 2446 237 2479 dixerit,
258 2446 298 2475 Ad
317 2446 348 2474 id
363 2446 437 2483 quod
450 2446 536 2475 videt.

102 2483 184 2513 Adest
198 2483 268 2512 mihi
287 2491 350 2513 ante
368 2483 473 2513 oculos.
496 2484 568 2521 Virg.
591 2493 617 2512 2.
639 2483 700 2513 AEn.
715 2493 778 2520 270.

181 2521 213 2551 Iri
229 2520 332 2551 somnis
353 2531 419 2551 ecce
430 2530 503 2556 *ante
520 2520 617 2551 oculos
632 2522 818 2552 moestiss'imus
838 2522 942 2553 Hector

181 2558 260 2588 Visus
277 2559 366 2588 adesse
379 2559 458 2588 mihi.
629 2560 647 2588 i.
669 2570 692 2589 e.
715 2560 834 2590 Adstare.

102 2596 217 2631 Adesse,
238 2597 364 2626 Paratum
379 2597 440 2626 esse.
462 2597 546 2627 Ther.
560 2596 668 2627 Phorm.
688 2608 711 2628 1.
723 2609 746 2634 5.
760 2602 803 2636 36.
833 2598 888 2628 Hic
907 2599 937 2628 in
950 2608 1025 2628 noxa
1035 2599 1091 2630 est:
1123 2599 1171 2630 ille
1185 2600 1221 2630 ad

122 2634 327 2664 defendendam
346 2634 453 2664 causam
471 2635 554 2664 adest.

104 2672 218 2708 Adesse,
238 2672 378 2702 interdum
392 2672 599 2702 demonstrandi
614 2673 843 2710 significationem
860 2673 960 2709 habet,
981 2675 1011 2703 in
1026 2674 1070 2704 his
1087 2675 1223 2705 duntaxat

122 2709 255 2745 vocibus,
275 2710 390 2745 Adsum,
412 2711 501 2746 adest,
522 2709 666 2745 adsumus,
688 2711 794 2741 adsunt.
824 2712 887 2741 Ter.
898 2712 968 2741 Eun.
981 2721 1041 2748 3.2.
1058 2723 1099 2742 11.
1140 2713 1222 2743 Dona

122 2747 221 2777 adsunt
232 2747 284 2777 tibi
299 2758 314 2777 a
327 2748 457 2778 Phaedria.
486 2748 558 2786 quasi
577 2749 695 2784 dixerit,
717 2749 759 2779 En
768 2749 820 2778 tibi
836 2750 909 2779 dona
920 2772 928 2785 ,
950 2759 1015 2779 ecce
1030 2749 1084 2779 tibi
1098 2751 1181 2780 dona.

104 2784 201 2816 Adesse
219 2786 332 2822 animo,
364 2785 409 2815 vel
430 2787 548 2820 animis,
577 2786 615 2815 est
635 2786 737 2816 Favere
758 2787 800 2816 illi
820 2788 858 2816 rei
878 2788 922 2816 cui
947 2787 1061 2817 intersis.
1092 2787 1149 2818 Cic.
1171 2798 1221 2827 pro

122 2822 198 2860 Sylla
213 2832 256 2860 33.
287 2824 415 2853 Adestote
439 2834 537 2853 omnes
554 2824 673 2860 animis,
706 2825 751 2862 qui
776 2825 874 2854 adestis
899 2825 1080 2862 corporibus,
1102 2837 1222 2864 quorum

122 2870 174 2928 ‘Vgo
189 2860 342 2928 stequffiitia
361 2871 529 2900 magnopere
548 2861 643 2891 laetor:
669 2863 767 2900 erigite
789 2872 897 2893 mentes
917 2884 925 2898 ,
957 2873 1089 2901 auresque
1113 2865 1219 2894 vestras.

148 2908 172 2928 1r
192 2921 197 2927 .
238 2921 244 2927 .
299 2909 326 2928 n.
384 2906 409 2933 8.

173 2909 259 2966 gAtssis
276 2937 292 2965 ὁ
305 2909 486 2974 pla5cidusque
501 2938 587 2973 juves.
645 2938 719 2969 Huic
731 2939 901 2967 contrarium
917 2937 956 2966 est
967 2937 1073 2969 Deesse.

104 2973 195 3012 AEquo
206 2975 310 3004 animo.
330 2974 394 3004 Ter.
407 2974 478 3013 prol.
498 2976 568 3005 And.
583 2986 627 3013 23.
650 2978 677 3007 &
689 2976 759 3013 prol.
776 2976 884 3005 Phorm.
901 2985 943 3011 31.

105 3011 179 3042 Cum
186 3012 303 3042 silentio.
324 3012 409 3042 Plaut.
431 3012 509 3042 Trin.
523 3014 594 3050 prol.
611 3024 655 3044 22.
678 3013 772 3043 valete
783 3036 791 3049 ,
813 3014 904 3043 adeste
914 3023 979 3042 cum
994 3012 1111 3044 silentio.

104 3049 202 3080 Adesse
218 3050 329 3085 animo,
349 3050 380 3080 in
389 3050 444 3079 alio
458 3050 609 3088 significatu
618 3053 738 3087 dicitur,
758 3062 810 3090 pro
825 3061 858 3080 eo
868 3052 942 3089 quod
951 3051 990 3080 est
1004 3073 1011 3086 ,
1034 3052 1159 3082 Praesenti
1169 3052 1222 3083 esse

63 3089 66 3091 ’
108 3089 152 3120 ,ἃ
165 3088 231 3118 forti
239 3089 341 3117 animo.
371 3087 430 3118 Cic.
442 3098 493 3127 pro
504 3089 606 3119 Milon.
620 3100 646 3120 2.
685 3089 764 3119 Idem
779 3091 810 3119 in
819 3090 914 3119 Somn.
927 3089 1000 3127 Scip.
1013 3098 1039 3120 2.
1080 3090 1136 3120 Sed
1154 3091 1202 3120 ille
1212 3113 1221 3127 ,

123 3126 197 3156 Ades
212 3148 220 3161 ,
241 3126 346 3163 inquit,
367 3127 478 3155 animo:
501 3128 528 3156 ἃ
545 3128 644 3157 omitte
664 3128 802 3157 timorem.

104 3163 200 3194 Adesse
208 3164 318 3199 animo,
338 3173 387 3201 pro
395 3164 537 3193 Intentum
545 3165 598 3194 effe
607 3165 688 3195 rebus
698 3165 822 3202 agendis.
844 3164 902 3194 Cic.
921 3169 946 3198 8.
968 3164 1088 3203 Philipp.
1103 3174 1146 3200 30.
1167 3166 1223 3196 Sed

124 3202 208 3231 etiam
222 3211 311 3239 nuper
324 3201 430 3231 summa
443 3201 502 3232 laus
520 3202 711 3232 Confiilarium
722 3225 730 3237 ,
750 3201 879 3240 vigilare.
901 3203 1022 3239 cogitare
1032 3226 1040 3239 ,
1061 3203 1151 3232 adesse
1165 3205 1224 3233 ani.

124 3249 189 3275 mo,
206 3238 313 3277 semper
322 3239 428 3277 aliquid
440 3249 491 3277 pro
509 3241 606 3278 repub.
619 3249 667 3270 aut
675 3241 781 3276 facere,
797 3247 845 3269 ant
861 3240 962 3269 dicere.

105 3277 188 3308 Adest
197 3278 223 3306 ei
239 3278 363 3312 animus,
385 3278 457 3314 quasi
468 3277 592 3308 Praesenti
602 3278 746 3308 &fortiest
755 3279 868 3308 animo:
891 3286 921 3307 ut
938 3278 1000 3316 plus
1011 3277 1058 3313 sit,
1081 3287 1163 3316 quam
1179 3278 1224 3311 Est

125 3316 152 3345 ei
165 3315 282 3345 animus.
306 3315 390 3344 Plaut.
409 3315 494 3345 Calin.
508 3325 531 3352 3.
546 3325 569 3352 3.
583 3322 607 3350 8.

186 3353 316 3396 Rogitare
333 3361 444 3391 oportet
459 3353 535 3391 prius
549 3356 576 3384 St
585 3354 774 3392 percontarier

186 3391 296 3421 Adiitne
316 3392 342 3420 ei
356 3391 464 3421 animus
474 3413 482 3426 ‚
502 3401 593 3421 necne
608 3392 684 3421 adlit.

108 3427 449 3496 Aldguntligicstopinioni
474 3438 542 3459 meae
562 3429 645 3468 leges.
674 3430 703 3459 h.
719 3439 744 3459 e.
776 3429 881 3459 Faverit
903 3437 972 3457 meae
990 3428 1129 3466 opinioni.
1150 3427 1222 3460 Plin.

139 3476 147 3495 i
169 3490 174 3495 .
197 3477 219 3496 1.
289 3477 297 3495 1
323 3490 328 3495 .
349 3476 394 3496 20.
1187 3487 1189 3492 ,

107 3503 203 3534 Adesse
211 3477 339 3534 aliciiiad
347 3514 405 3533 rem
419 3503 548 3541 aliquam.
571 3504 630 3534 Cic.
647 3515 671 3542 3.
694 3505 729 3542 Q.
741 3504 802 3533 frat.
815 3512 859 3532 20.
877 3502 997 3532 Pontino
1009 3503 1044 3532 ad
1052 3504 1225 3543 triumphum

128 3541 163 3571 ad
178 3553 221 3571 111.
239 3542 293 3572 No.
312 3541 449 3571 Novemb.
467 3542 595 3571 volebam
616 3542 716 3572 adesse.

109 3578 271 3609 Causaesuae.
292 3579 390 3608 Paulus
399 3580 429 3608 in
439 3579 456 3608 l.
468 3580 574 3609 Paulus.
596 3580 630 3610 D.
652 3581 687 3609 de
702 3587 837 3619 procurat.
854 3578 951 3607 Paulus
960 3577 1117 3615 respondit,
1139 3580 1223 3609 etiam

126 3626 191 3646 eum
204 3617 303 3684 quihakd
317 3616 400 3660 litem·
413 3616 616 3656 suscipiendam
632 3625 840 3656 procuratorem
850 3616 946 3651 dedit,
967 3614 1053 3645 causae
1069 3616 1122 3647 suae
1134 3617 1229 3648 adesse‘

127 3664 186 3684 non
199 3665 248 3693 pro
269 3666 278 3684 i
301 3664 349 3684 eri.

93 3690 202 3723 -Rebus
219 3692 344 3729 alicujus.
368 3691 425 3722 Cic.
448 3695 473 3722 6.
495 3692 570 3723 Fam.
596 3704 638 3730 14.

509 3773 536 3804 A
628 3770 660 3804 D
755 3768 787 3803 T

75 3839 241 3877 Anrtxo,
261 3834 306 3876 ui,
328 3848 403 3877 tum,
425 3840 629 3878 [movemini]
651 3842 705 3871 ere.
729 3841 903 3877 Adjiingere:

110 3879 228 3907 nectere.
250 3878 334 3908 Varro
350 3889 374 3908 2.
390 3880 425 3909 de
439 3879 472 3909 R.
484 3879 517 3908 R.
537 3889 597 3917 cap.
613 3890 636 3914 ς.
676 3879 735 3908 Nos
748 3880 852 3908 interea
862 3877 904 3905 sec

109 3915 215 3951 joribus
230 3916 398 3946 adtexamus.
435 3917 569 3946 Scribitur
579 3918 663 3945 etiam
684 3917 789 3954 duplici
808 3925 829 3944 tt
846 3916 952 3943 Artem.

73 3952 150 4020 Διίἶτ
160 3963 276 4021 εΧΤΙυε
290 3975 298 3989 ,
320 3964 350 3990 a,
371 3964 428 3983 um.
450 3954 530 3992 Apul.
557 3965 579 3984 i.
601 3954 671 3985 Met.
688 3965 716 3992 p.
726 3959 789 3983 260.
811 3952 936 3982 Adtextis
951 3951 1041 3989 capite
1053 3950 1184 3981 crinibus.

58 4023 65 4033 .
141 4000 158 4019 o
167 4001 192 4020 L.
232 4013 239 4021 .

1036 3839 1146 3868 exendo
1158 3849 1225 3869 con-

1024 3878 1115 3905 actum
1125 3877 1160 3906 de
1168 3887 1225 3907 ma-

1669 159 1697 194 A
1794 161 1827 194 D
1930 163 1963 197 V
2367 179 2411 213 73

1262 236 1310 264 AD
1326 246 1355 264 ri
1368 242 1549 280 annuitis
1561 261 1569 272 ,
1590 241 1606 275 [
1622 235 1780 275 πάροικῶι]
1802 241 1948 271 isibitator
1962 246 2101 275 coutimini·
2121 248 2240 276 tabe-rme
2255 270 2262 282 ,
2283 252 2357 285 quod
2373 262 2417 287 ge-

1299 283 1352 301 nus
1364 275 1724 313 <humeliis:inriiiiiisi'iiiiuiii
1740 278 1871 307 Romanis
1887 280 1965 308 fuisse
1977 303 1984 314 ,
2007 283 2164 312 testimonio
2175 285 2415 323 &utonem-igen-

1301 318 1341 338 tes
1354 333 1360 345 ,
1390 323 1447 348 qiizi·
1462 314 1690 343 :idliiict.ibiil.itis
1711 315 1981 346 liabituntudiliciis.
2026 320 2104 349 Unde
2115 323 2198 350 etium
2221 318 2416 354 retinenti-un-

1301 347 1335 375 si.i
1349 350 1460 391 quanvis
1473 350 1589 392 pellibus
1602 360 1783 387 contegantur
1797 375 1803 387 ,
1825 354 2000 383 tabernacula
2008 363 2098 385 tumen
2114 358 2253 387 dicuntur.
2289 361 2351 390 liii-c
2370 364 2415 391 ie-

1301 384 1362 426 st.¹¹⁸.'
1405 386 1455 415 Alii
1476 388 1594 416 scribunt
1612 389 1802 419 Attibernalis:
1825 391 1870 419 :ilii
1891 391 2089 423 Aritiiberiiiiis.
2130 397 2322 433 [Sicomncs,
2347 411 2414 436 quos

1300 421 1356 448 vidi
1376 423 1456 450 codd.
1475 424 1592 453 ulturum
1605 426 1673 455 illud
1690 437 1724 456 cx
1742 427 1833 457 isidori
1850 428 1932 458 (ilosl'.

1264 457 1393 485 Apron
1407 469 1487 493 nro,
1509 462 1536 488 di
1553 483 1560 495 ,
1583 462 1658 497 siim,
1681 465 1864 501 [aquomst]
1885 469 1939 496 Cre.
1974 466 2058 495 Pluiit.
2081 468 2178 498 Bacch.
2195 481 2216 506 ς,
2235 481 2255 499 i.
2270 481 2294 505 9.
2334 473 2356 501 ls
2373 483 2416 503 me

1301 493 1387 523 scelus
1403 506 1469 524 iiill'o
1487 507 1570 534 usque
1590 500 1717 529 :idiondit
1730 502 1803 531 dolis
1827 504 1926 532 doctis.
1968 503 2092 534 laudatus.

1262 530 1285 558 A
1295 539 1314 558 T
1327 541 1367 559 ro
1377 541 1396 560 Ν
1407 543 1424 560 1>
1435 542 1447 560 r.
1458 543 1475 561 Ν
1486 543 1497 561 s
1508 556 1515 568 ,
1537 536 1617 564 entis.
1661 537 1733 573 virg.
1752 549 1777 568 2.
1808 542 1904 575 (icore.
1926 545 1992 576 40⁶-

1479 608 1484 613 ·
1566 609 1571 614 ‘
1608 589 1643 594 —
1663 576 1753 604 Curvo
1773 577 1879 606 Saturni
1906 579 1990 608 dente
2005 578 2129 608 relictam

1361 604 1531 643 Persequitur
1546 616 1646 644 vitem,
1663 614 1808 642 attondens
1819 637 1825 648 ,
1845 616 1978 652 fingitque
1999 617 2132 653 putando.

1264 641 1286 670 A
1297 650 1397 684 'r'rON
1408 653 1419 685 s
1431 654 1469 686 us
1484 667 1492 677 ,
1514 655 1545 677 a,
1567 656 1622 688 iiiii.
1645 657 1674 675 iit
1688 671 1695 681 ,
1718 651 1782 678 Arrii
1799 654 1902 681 :ittonsii
1915 675 1921 687 ,
1941 654 2038 682 Lucan.
2057 653 2104 683 lib.
2119 658 2143 683 6.
2157 660 2200 691 84.
2225 655 2292 686 Laus
2304 659 2406 688 attonsa

1303 689 1320 708 1.
1333 689 1357 708 e.
1380 679 1540 723 Dimiiiuta:
1564 683 1667 713 ciet-x
1688 685 1767 715 l'octii
1783 691 1931 725 quopiam,
1956 702 1978 725 5.
2004 690 2084 721 'susc
2101 702 2141 728 17.
2409 682 2416 694 ’

1376 716 1503 747 Consiliis
1518 721 1614 749 nostris
1633 720 1691 750 laius
1710 724 1747 751 cst
1760 726 1864 754 uttoiisii
1881 727 2029 757 Laconum.

1702 772 1724 805 Α
1820 775 1851 808 D
1950 778 1981 811 V

1264 823 1490 859 ADUBANUS,
1530 824 1561 855 V.
1598 827 1848 860 annuamus«.

1264 862 1367 903 Annvp,
1377 872 1418 907 Li
1428 871 1484 905 ‘hs'
1507 864 1523 897 Γ
1534 861 1675 899 tilianam]
1697 865 1779 895 Mons
1789 877 1822 896 cx
1838 880 1891 904 quo
1912 871 1938 898 in
1957 871 2179 909 Septentrionem
2195 876 2308 906 Rhenus
2323 888 2420 907 excur-

1303 906 1339 941 rit
1353 920 1360 933 ,
1383 899 1529 942 &diversa
1549 910 1671 938 exparte
1685 903 1772 932 ricinus
1785 927 1792 938 ,
1815 906 1842 933 in
1857 906 1944 935 lucum
1959 909 2063 939 Larium
2081 914 2153 944 iuxta
2173 915 2290 943 Comum
2305 917 2416 944 intrans.

1303 935 1456 966 Straibolib.
1470 948 1493 972 ς.
1534 938 1615 967 llunc
1624 947 1717 969 tumen
1733 942 1832 971 rectius
1851 943 1898 971 lib.
1931 968 1935 973 .
1954 954 2033 975 vocat
2051 950 2067 976 A
2081 959 2096 976 n
2108 960 2123 977 c
2135 961 2176 978 LA
2189 963 2217 980 si.
2241 962 2265 988 q.
2289 952 2318 981 V.
2337 953 2340 956 “

1264 972 1287 1002 A
1298 983 1315 1001 n
1327 984 1344 1001 u
1356 983 1373 1001 Λ
1384 976 1448 1003 Τἴο
1459 986 1466 1002 ι
1477 997 1486 1009 ,
1507 985 1586 1019 crui-ii
1598 999 1606 1010 ,
1630 987 1665 1006 ni.
1678 977 1717 1022 pl.
1734 978 1853 1016 Populus
1867 980 1916 1009 Gal
1931 982 1960 1010 ize
1972 983 2093 1019 liclgiczr,
2105 987 2203 1017 Caesare
2220 990 2293 1023 reite.
2310 990 2326 1020 l.
2342 1000 2365 1019 2.
2382 991 2428 1020 de‘

1304 1010 1333 1039 B.
1348 1012 1379 1040 (J.
1398 1021 1421 1040 c.
1438 1021 1481 1047 29.
1493 1022 1526 1041 cx
1538 1014 1664 1049 Cimbris,
1688 1015 1873 1053 scutonisqiie
1886 1028 2051 1056 procreatus,
2071 1022 2243 1054 Eburonibus
2255 1027 2369 1057 ritimis.
2393 1034 2418 1058 ὰ

1325 1058 1369 1091 uia
1386 1049 1546 1079 Ptolemaeus
1561 1053 1725 1082 Atuzicutuni
1740 1053 1783 1083 vel
1795 1055 1960 1084 Atuzitucum
1975 1057 1992 1085 l.
2015 1067 2040 1086 2.
2064 1069 2087 1088 c.
2101 1071 2116 1094 9
2145 1071 2226 1098 cupiit
2244 1064 2418 1099 Tungrorum

1318 1086 1495 1129 acit,censent
1505 1089 1584 1117 inulti
1593 1088 1823 1127 illisTungrorum
1834 1102 1937 1121 nomen
1949 1095 2040 1130 postca
2052 1096 2156 1126 lizrsisl'e.
2172 1100 2200 1128 V.
2214 1101 2232 1128 A
2244 1111 2260 1128 r>
2271 1112 2286 1129 tv
2298 1112 2314 1130 A
2325 1113 2343 1130 i·
2354 1114 2360 1131 i
2373 1114 2389 1132 t,
2401 1114 2416 1132 A

1305 1133 1380 1153 mox.
1400 1123 1525 1154 scribitur
1541 1127 1625 1155 etiam
1640 1128 1773 1158 Advaitici.
1796 1130 1890 1159 Gracco
1905 1130 1969 1160 Caes.
1987 1131 2129 1170 interpreti
2154 1135 2301 1167 Αδζκτ-ιιοῐ,

1266 1161 1495 1205 Anun‘ijicA,
1527 1163 1581 1206 siye
1601 1165 1825 1201 A'rufi’rien,
1857 1170 1884 1197 Sc
1906 1169 2139 1205 Ammo-m,
2171 1175 2243 1203 ‹12.1'.
2274 1177 2419 1207 Castellum

1306 1198 1423 1233 Caesari.
1445 1199 1476 1228 In
1486 1201 1586 1231 mediis
1607 1202 1768 1233 Eburonum
1789 1204 1899 1235 finibus.
1922 1205 2007 1241 Cujus
2030 1217 2133 1236 nomen
2153 1211 2224 1239 varie
2246 1211 2375 1242 sci-ibitur.
2393 1220 2418 1245 6.

1304 1236 1372 1266 Bell.
1394 1234 1463 1266 Gall.
1486 1247 1528 1273 32.
1545 1241 1581 1269 ’ἃ
1601 1249 1643 1276 35.
1687 1241 1740 1278 [V.
1764 1241 1802 1270 ibi
1819 1242 1910 1272 Duvis.
1955 1243 2088 1274 Cellarius
2109 1246 2235 1283 Tungros
2256 1251 2309 1278 cist·
2329 1254 2419 1282 dotet.

1304 1274 1415 1303 Graecus
1426 1274 1526 1311 habet,
1555 1278 1675 1312 Βαςέτσιν.

1267 1312 1344 1341 ADV
1355 1322 1368 1355 F3
1379 1322 1396 1340 Η
1407 1322 1423 1341 0
1437 1335 1444 1347 a
1466 1314 1512 1348 Χῖ,
1543 1315 1618 1344 &Um
1633 1337 1640 1351 ³
1662 1314 1785 1351 [ἕπῡῖῦων
1803 1317 1920 1353 ἕπκέω]
1941 1320 1996 1349 ὅτε.
2019 1320 2057 1348 est
2073 1320 2112 1349 Ad
2133 1320 2224 1350 locum
2242 1324 2357 1359 vehere,
2377 1327 2420 1356 seu

1304 1349 1445 1384 vehiculu,
1466 1350 1510 1380 seu
1522 1353 1619 1389 quovis
1635 1353 1691 1382 alio
1708 1354 1802 1383 modo.
1828 1354 1883 1384 Liv.
1898 1365 1922 1391 3.
1939 1355 2005 1386 Bell.
2030 1357 2097 1386 Pun.
2114 1357 2316 1398 lnipolitoquc,
2341 1374 2419 1400 quein

1303 1386 1397 1416 secum
1413 1388 1576 1425 advexerat,
1601 1390 1706 1426 milite,
1732 1392 1850 1421 Romam
1870 1394 1988 1431 navigat.

1304 1425 1446 1455 Adveherc
1469 1436 1504 1456 ex
1522 1427 1588 1457 alto.
1615 1428 1684 1458 l’lin.
1703 1429 1752 1459 lib.
1775 1439 1818 1466 31.
1837 1440 1897 1468 cap.
1911 1435 1937 1460 6.
1974 1431 2015 1462 Ex
2037 1431 2094 1461 alto
2111 1454 2119 1467 ,
2147 1433 2174 1462 δέ
2196 1434 2231 1463 ad
2251 1435 2325 1465 hunc
2347 1438 2422 1468 usum

1324 1463 1467 1493 advehunt
1487 1474 1522 1494 ex
1542 1465 1629 1495 India.

1305 1499 1339 1530 In
1350 1501 1517 1539 hospitium,
1538 1510 1585 1532 aut
1603 1503 1633 1532 in
1650 1504 1754 1534 fanum.
1777 1504 1835 1534 Cic.
1858 1515 1899 1542 14.
1923 1507 1976 1536 Att.
1994 1508 2021 1536 ἃ
2044 1517 2067 1536 1.
2089 1507 2170 1537 Tusc.

1305 1536 1357 1567 Per
1374 1549 1456 1568 mare.
1484 1540 1569 1570 Plaut.
1596 1541 1676 1570 Trin.
1699 1553 1725 1578 4.
1743 1553 1768 1578 4.
1786 1548 1829 1575 80.

1305 1575 1394 1605 Trans
1413 1587 1495 1607 mure.
1532 1578 1600 1608 Plin.
1617 1579 1665 1608 lib.
1679 1588 1722 1615 35.
1752 1590 1812 1618 cup.
1840 1590 1879 1617 17.

1305 1612 1448 1644 Frumenti
1468 1625 1599 1653 magnum
1625 1627 1780 1647 numerum.
1811 1618 1869 1647 Cic.
1897 1628 1920 1655 3.
1962 1619 2020 1648 Off.
2043 1630 2065 1648 r.
2098 1631 2140 1655 50.
2173 1621 2264 1658 Siquis
2289 1624 2425 1660 profectus

1324 1651 1457 1682 Rhodum
1471 1663 1601 1689 magnum
1626 1655 1758 1684 frumenti
1779 1665 1927 1686 numerum
1948 1657 2099 1686 advexerit.

1305 1690 1446 1719 Advehere
1472 1691 1543 1720 navi.
1577 1691 1647 1721 Plin.
1659 1692 1706 1722 lib.
1726 1702 1768 1729 35.
1789 1703 1849 1730 ειη).
1867 1704 1906 1730 17.
1938 1694 1972 1724 Et
1991 1696 2049 1724 Cic.
2061 1706 2088 1731 4.
2110 1695 2183 1725 Fam.
2201 1707 2243 1726 12.
2282 1698 2376 1734 Quum
2393 1701 2425 1728 ub

1326 1727 1466 1765 Epidauro
1482 1729 1596 1759 Piraeum
1615 1731 1677 1759 navi
1693 1730 1823 1760 advectus
1840 1730 1932 1762 ess'em.

1306 1763 1393 1802 Equo.
1416 1766 1474 1795 Cic.
1502 1777 1524 1795 1.
1553 1768 1588 1796 de
1606 1767 1699 1797 Divin.
1728 1774 1769 1803 58.

1305 1803 1449 1832 Advehere
1460 1803 1581 1841 aliquem
1597 1815 1656 1834 oras
1667 1805 1741 1839 alius,
1752 1816 1800 1843 pro
1810 1805 1915 1835 Vetere
1926 1807 1958 1836 ud
1969 1808 2012 1837 i‘el
2024 1809 2052 1837 in
2066 1819 2128 1838 orris
2139 1810 2214 1839 alias.
2237 1810 2310 1847 Virg.
2328 1820 2349 1839 ι.
2360 1811 2420 1842 ffin.

1306 1840 1555 1878 Adveliialiquem,
1578 1843 1889 1881 proVehiadailiqueni.
1914 1845 2000 1874 Tacit.
2016 1856 2041 1875 2.
2067 1850 2134 1876 Aiin.
2153 1858 2198 1884 45.
2250 1847 2286 1877 Ut
2303 1858 2423 1887 quosque

1325 1879 1456 1908 advectus
1474 1886 1538 1908 emt.
1577 1880 1625 1909 Sil.
1646 1881 1705 1910 Ital.
1719 1892 1744 1916 4.
1770 1891 1831 1918 317.

1362 1917 1445 1945 Nunc
1466 1917 1526 1946 itali
1546 1917 1576 1945 in
1596 1927 1701 1956 tergum
1723 1919 1802 1948 versis
1821 1920 1975 1949 referuntur
1992 1920 2125 1957 habenis,

1363 1954 1447 1983 Nunc
1456 1954 1642 1992 ruffus-Tyrias
1653 1963 1723 1985 retro
1742 1967 1827 1994 pavor
1842 1957 1953 1987 advehit
1961 1958 2024 1988 aias.
2068 1960 2295 1989 EmendAveliit.
2307 1960 2420 1992 Vbi-ak.

1305 1991 1425 2021 Advehit
1442 1992 1544 2021 imbres
1565 1994 1656 2023 Auster
1669 2016 1677 2029 ,
1698 1995 1761 2024 Seii.
1780 1995 1890 2024 Medea.

1307 2030 1426 2059 Advehit
1443 2030 1518 2059 unda
1539 2037 1617 2060 rates.
1648 2031 1732 2061 Ovid.
1749 2043 1771 2067 ς.
1789 2032 1871 2070 Epist.
1889 2043 1933 2069 90.
2263 2068 2264 2073 ¹

1267 2067 1486 2101 Anviews.
1508 2078 1540 2103 a,
1562 2079 1619 2098 um.
1642 2078 1690 2106 iit,
1712 2069 1806 2099 Classis
1818 2070 1939 2100 advecta.
1970 2070 2043 2107 virg.
2060 2082 2083 2107 ς.
2119 2071 2182 2102 ffin.
2196 2075 2259 2109 8⁶4·
2291 2073 2424 2104 Advec‘liis

1305 2105 1406 2136 AEneas
1422 2105 1515 2141 classi,
1546 2106 1661 2141 idemg.
1682 2108 1744 2137 AEn.
1765 2118 1805 2137 11.
1844 2109 1972 2138 Adveetae
1993 2109 2114 2139 militum
2133 2111 2230 2149 copiae.
2253 2110 2325 2140 Hirr.
2355 2112 2421 2141 Bell.

1325 2143 1377 2172 Afr.
1391 2153 1450 2181 cap.
1468 2154 1507 2173 11.
1526 2144 1827 2175 iiciveffiCOmmeatus
1849 2146 1923 2176 Curt.
1936 2150 1997 2176 6.2.
2018 2157 2059 2183 15.

1268 2181 1292 2210 A
1302 2191 1320 2248 tl>
1330 2191 1370 2248 {F
1380 2192 1424 2225 cn·
1434 2192 1452 2210 u
1461 2191 1472 2210 s
1483 2204 1490 2217 ,
1513 2184 1552 2211 iis.
1574 2182 1664 2212 Tacit.
1681 2195 1707 2219 4.
1724 2184 1791 2213 Hist.
1804 2189 1847 2220 84.
1861 2188 1886 2213 6.
1908 2183 1975 2214 Haec
1987 2184 2023 2214 de
2033 2185 2140 2222 origine
2152 2187 2177 2215 ἃ
2191 2185 2308 2216 advectu
2324 2186 2367 2215 dei
2381 2197 2424 2216 ce.

1319 2229 1333 2248 e
1356 2228 1462 2249 errima.

1268 2256 1486 2292 ADvEc'i-io,
1507 2257 1578 2286 onis.
1601 2254 1762 2294 [ἒπτκῃωγῆ]
1783 2258 1853 2288 Plin.
1867 2258 1915 2288 lib.
1932 2269 1957 2295 9.
1977 2269 2036 2297 cap.
2049 2270 2092 2295 54.
2114 2260 2210 2298 Nuper
2225 2262 2421 2298 excogitatum,

1306 2295 1410 2324 famem
1429 2293 1518 2332 longa:
1531 2295 1703 2325 advectionis
1722 2306 1737 2324 a
1749 2297 1900 2326 Brundusio
1913 2319 1920 2331 ,
1945 2296 2119 2335 compascere
2133 2298 2162 2326 in
2178 2297 2304 2327 Lucrino.

1268 2332 1494 2368 ADvEcTOR,
1516 2333 1580 2362 oris.
1602 2343 1638 2362 m.
1669 2334 1726 2370 Qui
1740 2334 1860 2364 advehit.
1885 2334 1964 2372 Apul.
1978 2346 2004 2371 4.
2028 2334 2130 2365 Florid.
2151 2345 2178 2373 p.
2198 2340 2258 2373 363.
2290 2336 2421 2366 Adveisto·

1307 2380 1366 2400 rein
1379 2369 1487 2400 sibimet
1505 2380 1609 2408 equum
1623 2371 1756 2409 deligunt.

1269 2407 1559 2443 Anvtc’ri'rius,
1581 2419 1611 2443 a,
1640 2419 1696 2439 um.
1720 2409 1838 2439 Aliunde
1856 2409 2010 2445 Advenus;
2038 2416 2084 2446 ut,
2106 2409 2210 2440 Vinum
2230 2410 2419 2442 advectitium.

1307 2446 1412 2476 Sallust.
1435 2445 1502 2475 Bell.
1522 2446 1647 2484 Jugurth.
1666 2456 1724 2485 cap.
1748 2459 1793 2483 44.

1269 2484 1345 2514 Anv
1358 2493 1467 2518 acro,
1500 2485 1564 2518 avi,
1595 2482 1783 2522 [s’mifflm]

1307 2522 1378 2551 Ann.
1398 2531 1439 2557 13.
1461 2531 1486 2550 2.
1519 2521 1688 2559 Addiditque
1706 2522 1805 2560 quibus
1825 2532 1840 2551 e
1875 2523 2006 2551 rovinciis
2027 2524 2053 2552 ὃς
2074 2530 2177 2560 quanto
2193 2525 2324 2560 majorem
2339 2533 2420 2561 quam

1308 2559 1442 2597 Augustus
1452 2559 1491 2588 rei
1506 2559 1689 2589 frumentariae
1705 2561 1816 2598 copiam
1831 2570 1846 2588 a
1868 2562 1994 2589 vectaret.

1270 2597 1292 2628 A
1301 2608 1319 2627 D
1328 2608 1346 2626 v
1356 2607 1369 2625 r.
1378 2608 1393 2625 1.
1403 2608 1411 2625 1
1422 2606 1441 2625 T
1450 2607 1468 2625 A
1478 2606 1497 2625 T
1507 2608 1515 2625 i
1525 2607 1542 2626 o
1551 2619 1559 2632 ,
1570 2597 1686 2633 jactatio
1696 2599 1821 2635 quaedam
1831 2597 1987 2632 verborum,
1996 2597 2110 2635 figurate
2118 2598 2151 2627 ab
2162 2597 2242 2628 hastis
2251 2598 2417 2629 velitaribus.

1308 2634 1411 2664 Velites
1422 2635 1553 2664 dicuntur
1566 2635 1690 2673 expediti
1702 2635 1813 2669 milites,
1828 2635 1900 2673 quasi
1910 2635 2023 2670 Volites,
2049 2635 2067 2664 i.
2081 2646 2105 2666 e.
2125 2635 2264 2666 Volantes.
2284 2637 2381 2666 Festus.

1271 2673 1438 2706 ADvELo,
1460 2671 1672 2708 [ε’πικκλύπηῃ]
1688 2683 1740 2703 are.
1763 2674 1841 2703 idem
1856 2673 1931 2710 quod
1949 2673 2026 2702 velo.
2048 2673 2121 2711 virg.
2137 2685 2160 2710 5.
2183 2674 2245 2704 AEn.
2262 2678 2324 2710 246.

1381 2710 1520 2745 Victorem
1542 2720 1640 2747 magna
1660 2712 1796 2748 praeconis
1817 2720 1886 2741 voce
1914 2709 2083 2740 Cloanthum

1380 2747 1526 2783 Declarat,
1547 2748 1685 2786 viridique
1707 2749 1816 2779 advelat
1840 2756 1966 2786 tempora
1985 2748 2071 2778 lauro.

1270 2785 1371 2816 ADVE
1381 2797 1397 2814 L
1407 2796 1425 2814 A
1435 2795 1476 2815 Ns
1486 2808 1494 2821 ,
1516 2787 1594 2815 antis.
1618 2786 1791 2824 Lampridius
1811 2787 1967 2816 Commodo
1978 2796 2038 2824 cap.
2056 2797 2096 2822 15.
2119 2786 2213 2816 Panno
2227 2794 2362 2824 purpureo
2370 2795 2422 2814 nu-

1309 2823 1360 2853 dos
1384 2823 1515 2853 humeros
1536 2824 1674 2853 advelans.

1271 2862 1427 2891 Ava-:NA
1440 2883 1448 2896 ,
1469 2871 1499 2891 ae.
1522 2871 1545 2890 c.
1568 2871 1591 2899 g.
1615 2858 1785 2898 [mipace-a,
1803 2858 1935 2893 ἐπῆλυπε,
1954 2857 2135 2896 αὐσῆλυτῶ]
2161 2860 2194 2890 ab
2218 2860 2358 2889 Adrenio:
2381 2860 2423 2889 di-

1309 2899 1382 2928 citur
1398 2899 1455 2936 Qui
1465 2899 1509 2928 vel
1525 2899 1595 2936 Qiae
1610 2899 1723 2929 aliunde
1737 2901 1814 2928 venit
1826 2909 1860 2929 eo
1870 2899 1916 2928 ubi
1934 2898 2048 2928 habitat.

1308 2937 1446 2972 Advenae,
1462 2937 1590 2966 Servius:
1614 2937 1720 2967 Omnes
1729 2945 1805 2967 terrae
1815 2937 1997 2971 habitatores,
2017 2943 2064 2966 aut
2074 2935 2209 2973 indigenoe
2222 2934 2282 2964 sunt
2293 2957 2300 2969 ,
2319 2943 2365 2963 aut
2374 2934 2421 2963 ad.-

1326 2984 1420 3009 venae,
1443 2982 1490 3004 aut
1507 2984 1648 3004 convenae.
1690 2975 1830 3012 indigenae
1843 2997 1851 3010 ,
1878 2974 1939 3004 sunt
1955 2974 2021 3004 inde
2035 2975 2129 3012 geniti.
2157 2973 2289 3007 Advcnae,
2311 2972 2346 3001 de
2364 2982 2421 3001 uno

1327 3012 1391 3041 loco
1409 3013 1561 3041 venientes.
1602 3012 1756 3047 Convenae,
1789 3013 1824 3042 de
1845 3012 1964 3042 diversis.

1307 3050 1429 3080 Advena.
1452 3050 1542 3079 Amor.
1580 3050 1664 3079 Ovid.
1679 3061 1702 3080 1.
1723 3051 1758 3080 de
1768 3051 1830 3080 Arte
1843 3051 1901 3081 Am.
1918 3053 1978 3087 176.

1308 3088 1393 3117 Anus.
1414 3087 1478 3117 Ter.
1501 3088 1600 3117 Heaut.
1618 3098 1678 3117 1.1.
1701 3099 1747 3125 44.

1309 3124 1366 3154 Dii.
1390 3125 1447 3154 Cic.
1461 3135 1486 3154 2.
1509 3125 1543 3154 de
1561 3125 1655 3163 Legib.

1310 3162 1462 3192 Exercitus.
1487 3163 1558 3200 Virg.
1572 3173 1596 3197 7.
1618 3163 1680 3193 AEn.
1696 3168 1739 3199 38.

1311 3200 1391 3230 Grus.
1413 3200 1480 3230 Hor.
1503 3200 1592 3238 Epod.
1604 3210 1628 3229 2.
1644 3210 1685 3237 35.

1310 3238 1413 3267 Pellex.
1438 3238 1522 3267 Ovid.
1537 3249 1561 3274 9.
1585 3238 1667 3276 Epist.
1691 3248 1751 3267 121.

1310 3275 1452 3305 Volucres.
1487 3276 1567 3305 Varro
1589 3285 1612 3313 3.
1636 3277 1670 3305 dc
1686 3276 1718 3305 R.
1732 3276 1765 3305 R.
1788 3284 1847 3312 cap.
1864 3285 1887 3310 5.
2129 3308 2134 3314 Ι

1311 3314 1443 3349 Advena,
1465 3314 1558 3343 Graece
1575 3310 1736 3344 mosim-c&
1754 3313 1863 3342 dicitur.
1885 3311 1975 3341 Festus
1986 3309 2058 3347 apud
2069 3308 2229 3344 Junianum.
2305 3347 2311 3353 .
2337 3347 2342 3353 .

1311 3351 1432 3385 Advena,
1444 3352 1510 3380 teste
1521 3351 1599 3381 Prisc.
1613 3351 1751 3380 interdum
1762 3351 1865 3379 neutris
1875 3348 2038 3385 adjungitur.
2062 3354 2092 3375 ut
2102 3347 2211 3389 Advena
2221 3356 2400 3390 mancipium.

1312 3389 1426 3418 Advena
1435 3389 1551 3426 hyemis,
1564 3391 1589 3419 Sc
1601 3389 1711 3418 Advena
1720 3388 1822 3418 aestatis.
1834 3387 1901 3416 Plin.
1915 3385 1932 3414 l.
1947 3395 1990 3414 20.
2003 3394 2028 3414 c.
2039 3393 2083 3421 23.
2094 3384 2129 3413 de
2137 3393 2254 3413 ciconiis
2266 3388 2291 3414 ἃ
2300 3385 2420 3422 gruibus.

1312 3426 1425 3455 Advena
1437 3426 1511 3455 belli.
1541 3428 1607 3456 Stat.
1624 3432 1649 3460 8.
1671 3426 1760 3455 Theb.
1775 3435 1835 3461 555.
2087 3459 2093 3464 ,
2308 3459 2312 3464 ,

1312 3463 1634 3501 Peregrinus&advena.
1664 3464 1720 3493 Cic.
1735 3473 1759 3491 2.
1784 3462 1818 3491 de
1836 3461 1908 3489 Orat.
1927 3469 1991 3495 249.
2031 3459 2115 3488 Nem
2134 3459 2222 3488 nostra
2245 3467 2331 3496 patria
2346 3468 2423 3496 pere-

1332 3502 1402 3539 grini
1417 3509 1497 3539 atque
1507 3502 1619 3531 advenae
1630 3501 1683 3530 esse
1691 3501 1839 3541 videamur.
1878 3498 1956 3526 Idem
1964 3503 2059 3525 contra
2069 3496 2142 3540 Rull.
2156 3507 2180 3526 2.
2194 3506 2237 3532 93·
2275 3535 2280 3540 Ι
2328 3533 2334 3538 .

1275 3540 1296 3569 A
1306 3550 1324 3569 D
1334 3550 1350 3568 v
1363 3550 1375 3567 ic.
1384 3549 1403 3567 N
1413 3542 1428 3568 ὲ
1439 3551 1453 3567 R
1463 3549 1479 3568 o
1491 3550 1505 3567 ,a
1516 3561 1523 3574 ,
1547 3537 1772 3575 [πςοσαινῗᾶέᾶια]
1794 3546 1841 3564 ari.
1874 3534 1959 3563 Valde
1970 3536 1995 3564 ἃ
2006 3534 2047 3564 Ex
2057 3544 2151 3563 animo
2161 3544 2290 3563 venerari.
2313 3533 2327 3560 l
2337 3543 2386 3576 arr.
2398 3543 2421 3561 1.

1313 3578 1348 3606 de
1358 3577 1390 3606 R.
1402 3577 1434 3606 R.
1448 3586 1507 3614 cap.
1525 3587 1547 3605 1.
1588 3576 1656 3606 Item
1669 3576 1817 3604 adveneror
1834 3572 1989 3602 Minervam
2000 3574 2026 3602 Sc
2036 3572 2185 3601 Venerem:
2213 3581 2327 3608 quarum
2340 3580 2421 3599 unius

1312 3615 1472 3653 procuratio
1483 3614 1587 3647 oliveti,
1604 3613 1713 3642 alterius
1728 3612 1877 3639 hortorum.
1917 3609 1964 3638 Sil.
1973 3609 2030 3639 Ital.
2043 3609 2090 3638 lib.
2108 3619 2147 3646 13-
2162 3620 2225 3646 70⁴·

1389 3652 1614 3689 prosequiturque
1630 3649 1717 3679 oculis
1737 3658 1806 3685 puer
1823 3647 2002 3676 adveneratus
2016 3655 2120 3676 euntes,
2190 3675 2192 3678 ,

1276 3690 1403 3720 ΛονῐῑΝ
1415 3700 1450 3718 io
1465 3710 1471 3719 .
1493 3690 1539 3717 eni
1553 3710 1560 3722 ,
1590 3695 1684 3717 entum
1698 3708 1706 3720 ,
1744 3687 1944 3721 [πεοσηχομ-ωι,
1963 3684 2157 3719 menstruanus]
2189 3687 2238 3712 i‘re.
2272 3683 2310 3711 iid
2327 3682 2421 3711 locum

1315 3728 1410 3757 venire
1430 3726 1568 3763 significat.
1607 3725 1685 3753 Unde
1700 3723 1876 3752 &Adventus
1890 3723 2001 3751 dicitur.
2030 3721 2092 3751 Ter.
2114 3721 2179 3750 Hec.
2194 3730 2217 3757 3.
2233 3731 2255 3756 ς.
2271 3727 2296 3755 8.
2336 3721 2422 3749 Adre-

1313 3766 1358 3795 m's
1367 3765 1472 3793 modo?
1501 3763 1586 3792 Idem.
1610 3762 1715 3790 Phorm.
1731 3770 1756 3789 2.
1772 3770 1793 3788 1.
1809 3764 1851 3795 56.

1389 3802 1460 3830 Here
1476 3800 1564 3829 salve:
1586 3798 1688 3827 salvum
1700 3806 1727 3827 te
1749 3797 1887 3826 adveniffe
1899 3797 2014 3835 gaudeo.

1313 3839 1448 3869 Advenire
1465 3845 1567 3874 optato.
1609 3836 1639 3864 V.
1673 3835 1777 3865 ΟΡΤΑ
1788 3845 1840 3864 ro.
2088 3871 2093 3876 .
2391 3868 2396 3873 “

1312 3877 1448 3907 Advenire
1459 3897 1467 3909 ,
1491 3884 1554 3903 cum
1567 3874 1710 3902 adverbiis.
1731 3873 1794 3902 Ter.
1818 3873 1885 3902 Eun.
1905 3881 1927 3908 3.
1942 3881 1968 3900 2.
1981 3877 2037 3914 48..
2066 3870 2094 3899 Si
2113 3870 2182 3899 forte
2199 3870 2253 3912 huc
2269 3870 2418 3899 advenerit.

1330 3913 1408 3943 Idem
1426 3912 1495 3941 And.
1523 3921 1548 3940 2.
1564 3921 1588 3941 2.
1602 3921 1645 3946 25.
1677 3911 1747 3940 Cum
1762 3910 1827 3939 illoc
1840 3910 1973 3945 advenio,
1990 3908 2108 3938 solitudo
2127 3916 2190 3936 ante
2205 3908 2311 3936 ostium.
2333 3905 2417 3952 Plaut.

1331 3950 1400 3981 Asin.
1419 3959 1479 3986 5.2.
1497 3959 1540 3986 23.
1580 3949 1699 3978 Advenit
1714 3948 1829 3978 domum
1848 3952 1945 4013 not-tif<-
2381 3980 2421 4010 Ab

1813 2494 1866 2514 are.
1895 2484 2029 2527 steqiient.
2057 2485 2091 2514 ab
2115 2485 2236 2515 Adveho.
2273 2486 2361 2516 Tacit.
2393 2491 2418 2516 6.
