2600 4177
460 130 490 166 C
584 131 622 166 AE
719 133 750 168 R
956 147 965 161 ι

955 165 970 189 J.

69 211 104 248 Q.
118 210 245 242 Servilius
257 211 361 250 Caepim
374 221 437 242 cum
449 212 480 242 C.
498 212 591 241 Attilio
606 212 723 242 Serrano
734 213 789 249 cos,
811 213 876 243 teste
891 214 980 245 Cassio
992 216 1008 244 l.
1025 221 1054 245 ut
1072 216 1185 253 opinor,

87 249 124 277 est
135 249 181 279 ille
191 272 199 285 .,
224 259 304 285 quem
314 250 420 279 Gellius
432 249 525 279 scribit
534 250 670 286 oppidum
682 251 813 280 Tolosam
828 253 985 289 diripuiffe‚
1008 255 1033 282 ἃ
1052 255 1185 289 quicquid

88 286 117 314 in
132 287 241 324 templis
251 288 307 315 auri
319 287 370 316 suit
378 287 526 316 sustulisse:
550 287 662 323 Quum,
686 294 716 317 ut
728 289 802 318 idem
813 289 905 318 scribit
917 293 1069 324 omnesqui
1092 293 1128 320 rei
1140 301 1186 327 ge-

88 324 133 353 stae
144 325 326 353 interfuerunt
334 324 430 353 misere
440 325 580 362 perierint.
622 325 682 362 lpse
692 332 787 354 contra
802 326 930 356 Cimbros
948 337 1012 357 cum
1022 328 1073 357 Cn.
1087 328 1185 357 Mallio

88 361 200 390 consule
214 360 320 395 missus,
342 362 430 391 viclus
442 361 577 391 &Castris
588 383 596 397 ‚
617 372 661 391 cx
674 372 691 391 x
712 363 809 393 millib.
829 365 920 398 caefis,
945 372 1045 394 exutus
1064 366 1110 394 est.
1153 366 1186 395 Et

89 399 221 435 quoniam
231 400 383 428 temeritate
395 400 454 435 ejus
467 409 499 428 ea
519 399 610 428 clades
619 406 733 437 accepta
744 401 832 430 fuerat
842 424 850 437 ,
872 403 899 430 in
910 403 1046 437 judicium
1061 410 1185 439 vocatus,

90 435 220 473 apopulo
232 435 282 465 Ro.
293 436 439 466 damnatus
449 458 457 472 ‚
478 437 592 474 ejusque
614 438 686 466 bona
697 459 705 472 ,
727 439 807 475 primi
820 440 879 476 post
893 450 986 476 regem
1006 440 1161 477 Superbum
1177 463 1184 475 ‚

89 472 1122 544 ,1333ngan{0532acbgssgffgggusssgfggggssggivagnggigsgggfficgsveffiig
1135 479 1186 544 fill·

91 551 134 585 ⁶7·
156 521 268 584 Gell.q3.
281 521 307 582 (ὲ.
328 522 418 578 vales.
430 552 456 578 6.
477 560 502 584 9.
524 558 567 585 13.
596 549 692 585 Justin.
715 559 758 586 32.
779 524 805 587 33
825 552 980 582 Plenillime
1002 525 1100 582 Sirabo
1119 553 1137 582 l.
1160 564 1187 588 4.

91 585 165 615 cons.
181 586 280 614 Aurum
292 586 462 616 Tolosanum
474 588 503 615 in
523 596 542 615 A
552 597 569 615 υ
579 597 595 616 R
603 597 621 616 u
632 598 662 616 M.

72 622 166 659 Caepio
176 624 328 660 appellatus
336 624 374 653 est
385 625 411 653 &
421 624 461 653 M.
473 625 570 654 Brutus
580 646 588 659 ‚
609 634 686 654 more
696 624 823 654 Romano
834 647 842 660 ‚
863 627 1040 665 posteaquam
1056 637 1071 657 a
1084 627 1119 664 Q.
1129 628 1189 657 Ser-

90 660 156 690 vilio
168 660 299 698 Caepione
311 661 451 691 avunculo
461 661 509 691 suo
520 662 668 699 adoptatus
686 662 747 691 fuit.
790 663 819 692 V.
844 664 920 694 Fulv.
940 665 1027 695 Ursm.
1047 665 1081 694 ad
1100 666 1189 701 ,Iuniae

76 696 180 765 'gengs
190 699 327 729 denarios.
369 699 506 730 Scribitur
521 701 548 731 ἃ
559 700 648 738 Cepio
658 721 667 736 ‚
687 699 735 730 sed
744 711 890 740 perperam
901 724 909 737 ‚
930 711 961 733 ut
968 712 1003 734 ex
1012 703 1110 734 iisdem
1122 705 1187 733 den.

91 745 144 766 con
169 742 204 766 at.

445 825 474 860 C
573 825 612 860 AE
724 822 758 861 R

38 919 154 954 Caris,
181 929 209 950 n.
253 920 369 956 [Kougr'ae
396 922 543 958 Straboni,
585 920 659 958 Κωῗξε
696 921 840 960 Stephano
872 923 902 952 in
933 922 1044 959 'Aw'mm
1056 925 1071 961 ]
1110 922 1188 953 inde-

72 957 220 992 clinabile,
241 964 272 987 ut
282 959 357 995 apud
368 958 425 990 Liv.
441 970 522 996 ς.4ο.
544 959 589 989 ν61
608 959 747 994 CAERss,
769 961 816 989 itis
827 982 835 995 ,
856 962 931 998 apud
944 962 1104 999 Virgilium:
1127 962 1190 991 Mu-

71 996 409 1071 ggggipffurgggggisaess
427 997 1193 1072 Ysilss'i'iifiaa{5533}AEi⁸603333df23¹migyi3i¹ss⁰iiiiff

71 1071 118 1101 lib.
136 1080 160 1108 3.
173 1081 234 1109 cap.
251 1082 274 1106 ς.
296 1071 355 1101 Liv.
368 1045 398 1108 8ς.
417 1083 462 1108 40.
476 1073 511 1103 de
524 1072 554 1102 L.
568 1072 697 1103 Albinio:
719 1073 844 1111 Virgines
859 1075 986 1112 sacraque
999 1077 1028 1105 in
1040 1076 1192 1114 plaustrum

69 1108 215 1147 imposuit:
238 1111 264 1139 &
278 1109 366 1144 Caere,
378 1120 433 1147 quo
445 1112 497 1141 iter
508 1110 695 1141 sacerdotibus
705 1117 772 1146 erat,
783 1113 918 1149 pervexit.
941 1115 1013 1152 Virg.
1024 1120 1049 1148 8.
1060 1115 1190 1150 AEn.597.

160 1147 204 1177 Est
214 1147 312 1185 ingens
324 1148 448 1186 gelidum
458 1149 537 1178 lucus
548 1158 634 1187 prope
644 1149 749 1178 Caeritis
757 1159 868 1179 amnem

159 1184 318 1222 Relligione
330 1192 440 1224 patrum
456 1186 512 1216 late
530 1186 612 1216 sacer.
696 1186 797 1216 Verum
816 1195 873 1217 tam
895 1188 1057 1225 splendida,
1078 1195 1191 1226 tamque

69 1222 184 1261 gloriosa
198 1223 338 1260 quondam
349 1224 446 1254 civitas
461 1246 469 1260 ,
492 1225 609 1254 vixdum
621 1225 672 1253 hac
685 1230 765 1254 aetate
776 1225 852 1255 urbis
861 1227 973 1264 vestigia
983 1227 1078 1257 servat.
1120 1227 1192 1256 Vici-

69 1270 105 1291 na
121 1260 184 1290 sane
197 1262 283 1298 magis
296 1261 405 1299 fulgent
416 1262 516 1297 balnea
527 1285 535 1297 ,
556 1272 616 1300 quae
635 1262 719 1300 vulgo
745 1262 885 1293 Caeretana
901 1272 1037 1294 vocantur
1047 1288 1055 1300 ,
1076 1271 1190 1304 propter

69 1299 171 1335 eosqui
182 1298 217 1328 ad
225 1308 256 1328 ea
268 1300 398 1329 curandae
408 1299 578 1330 valetudinis
589 1300 674 1338 gratia
690 1300 911 1338 proficiscuntur.
954 1302 1067 1332 Dictum
1086 1303 1124 1332 est
1143 1313 1190 1332 au-

68 1342 125 1366 tem
134 1335 225 1372 Caere,
247 1337 322 1374 quod
334 1348 419 1375 quum
428 1337 507 1375 Lydi,
527 1338 573 1375 qui
584 1338 678 1375 postea
691 1338 831 1376 Tyrrheni
841 1340 909 1369 dicii
920 1339 991 1376 sunt,
1005 1341 1082 1370 illam
1093 1341 1190 1370 urbem

68 1381 277 1412 oppugnarent,
300 1375 427 1413 miliique
444 1376 556 1405 fuissent
572 1386 587 1405 a
600 1376 673 1405 duce
690 1377 831 1406 exercitus
857 1378 971 1415 quidam
989 1379 1109 1414 milites,
1142 1379 1192 1416 qui

68 1420 172 1442 nomen
184 1411 258 1442 urbis
275 1422 310 1442 ex
320 1414 410 1451 primo
421 1423 531 1451 quoque
547 1413 641 1443 incola
654 1414 872 1444 sciscitarentur:
894 1416 969 1453 isque
979 1417 1025 1453 qui
1039 1418 1126 1446 factus
1135 1416 1191 1445 illis

69 1449 135 1480 esset
148 1449 259 1480 obviam
270 1472 278 1485 ,
299 1461 357 1480 non
369 1452 529 1489 intelligens
539 1452 614 1487 quod
626 1458 780 1488 quaererent
792 1475 800 1488 ‚
821 1461 914 1490 optata
932 1454 986 1483 illis
1008 1455 1141 1484 felicitate
1159 1461 1191 1483 ut

69 1487 158 1518 solent
169 1487 317 1518 salutantes
330 1511 338 1523 ‚
359 1489 469 1519 dixisset
479 1489 602 1519 Graecam
612 1499 712 1519 vocem
723 1491 797 1527 χιᾶςε
810 1513 818 1525 ,
840 1491 978 1529 Tyrrheni
987 1493 1070 1530 potiti
1081 1493 1190 1530 oppido

69 1526 134 1556 idei
145 1535 248 1555 nomen
260 1549 268 1561 ‚
290 1525 365 1556 Caere
376 1537 480 1565 nempe
491 1549 500 1562 ‚
520 1527 685 1565 imposuere.
708 1528 774 1557 Haec
783 1529 839 1557 fere
856 1539 891 1558 ex
903 1530 991 1559 Strab.
1008 1530 1026 1560 l.
1044 1541 1067 1567 5.
1100 1531 1190 1561 Histo-

67 1564 108 1593 ria
117 1570 210 1593 tamen
220 1564 304 1602 paulo
319 1564 399 1594 aliter
412 1571 535 1595 narratur
552 1575 567 1594 a
586 1565 682 1595 Servio
703 1566 732 1595 in
753 1567 853 1600 8.]1311.
869 1568 895 1596 d.
906 1567 925 1597 1.
946 1577 981 1597 ex
993 1569 1114 1606 Hygino.
1156 1567 1188 1598 V.

69 1611 89 1631 A
98 1611 116 1630 c
125 1611 145 1630 Y
153 1613 169 1630 L
178 1613 193 1630 L
202 1612 228 1631 A.
252 1602 344 1632 Hodie
354 1606 488 1632 Cervetre.

67 1638 175 1670 Dicitur
186 1641 211 1670 &
222 1640 328 1670 CaerEte
339 1663 347 1676 ‚
368 1641 399 1670 is.
421 1651 449 1671 n.
472 1650 523 1679 pro
536 1640 646 1670 eodem.
665 1641 738 1679 Virg.
752 1651 794 1671 10.
808 1643 870 1672 AEn.
885 1648 946 1680 183.

147 1678 204 1714 Qui
216 1677 320 1708 Caerete
331 1679 436 1714 domo,
458 1679 505 1716 qui
520 1678 581 1707 sunt
598 1679 736 1709 Minionis
753 1680 782 1708 in
804 1682 881 1710 arvis.
964 1682 1003 1710 Ac
1023 1681 1041 1710 fi
1062 1682 1168 1712 diceret
1179 1704 1188 1718 ‚

86 1715 144 1752 Qui
155 1715 217 1745 sunt
233 1716 317 1745 domo
328 1716 502 1755 Carthagine.
521 1717 639 1747 Servius.
663 1717 750 1747 Valet.
760 1718 837 1748 Max.
851 1719 899 1748 lib.
912 1728 936 1747 1.
953 1728 1014 1757 cap.
1031 1729 1052 1749 1.
1067 1730 1108 1749 10.
1131 1720 1190 1749 Vir-

86 1753 200 1790 gines&
216 1753 286 1784 sacra
296 1754 424 1793 imposita
444 1754 549 1784 Caerete
568 1765 585 1784 o
608 1755 706 1793 pidum
726 1757 859 1794 pervexit.
901 1757 952 1792 [In
969 1757 1053 1786 codd.
1075 1759 1188 1788 emend.

85 1791 124 1820 est
135 1791 210 1821 Caere
221 1792 250 1821 in
262 1802 328 1830 opp.
350 1793 431 1830 Apud
443 1792 518 1830 Virg.
539 1791 561 1823 ἵεὲ
596 1794 686 1822 *aerete
707 1803 765 1823 non
785 1793 998 1830 substantivum,
1021 1795 1067 1824 scd
1077 1797 1191 1832 31116611-

86 1838 152 1859 vum
160 1840 265 1859 nomen
276 1831 329 1860 effe
338 1830 384 1860 alii
399 1836 516 1869 putant:
541 1830 638 1860 Servio
649 1831 687 1860 est
696 1830 788 1861 sextus
803 1842 818 1861 a
830 1832 906 1862 Caere
915 1832 945 1861 V.
967 1834 996 1862 in
1010 1843 1027 1862 c
1036 1844 1060 1862 AE
1070 1844 1086 1862 R
1095 1845 1104 1862 1
1112 1844 1131 1862 T
1142 1845 1154 1863 Ε
1165 1844 1187 1864 s.

15 1865 272 1907 mauranus
286 1891 294 1902 ,
316 1878 349 1904 a,
370 1879 427 1898 um.
447 1869 635 1905 [magri-mbr]
657 1869 715 1905 Adj.
738 1875 770 1898 ut
779 1869 937 1900 Caeretanus
956 1872 1045 1900 amnis
1063 1872 1098 1900 ad
1113 1872 1189 1902 Caere

68 1904 176 1935 urbem.
198 1905 266 1935 Plin.
276 1906 324 1936 lib.
339 1915 364 1942 3.
378 1916 438 1944 cap.
453 1917 476 1943 ς.
522 1906 620 1942 [Hinc
636 1906 765 1936 Ceretani
775 1907 818 1936 vel
830 1908 970 1939 Cerretani
987 1909 1062 1938 Italis
1075 1910 1190 1940 circula-

68 1949 142 1972 tores
151 1952 300 1979 vocamur,
322 1945 369 1982 qui
378 1944 463 1982 vulgo
476 1944 593 1974 verbosis
603 1944 729 1982 Strophis
740 1946 892 1989 imponunt
904 1968 911 1981 ‚
937 1947 1086 1977 medicinae
1096 1970 1103 1983 ‚
1125 1948 1189 1978 alia-

28 1998 31 2001 -
66 1989 184 2018 rumque
191 1991 282 2011 rerum
290 1982 432 2012 scientiam
442 1982 554 2020 professi
565 1992 577 2026 3·
594 1983 668 2020 quod
678 1983 786 2021 oppido
800 1983 921 2021 ipsorum
937 1984 1035 2014 Cerete
1045 1987 1188 2023 quondam

67 2027 84 2047 a
93 2018 226 2049 Romanis
236 2019 294 2049 solo
305 2027 412 2058 aequato
424 2042 432 2055 ‚
453 2020 488 2049 ad
500 2020 624 2058 inopiam
637 2021 743 2050 redacti
756 2022 894 2057 ejusmodi
903 2022 951 2051 sibi
964 2024 1086 2053 vanitate
1096 2024 1190 2054 neces-

68 2055 134 2086 saria
143 2057 178 2086 ad
195 2058 280 2087 vitam
292 2058 465 2088 tolerandam
478 2058 622 2088 corradere
633 2064 798 2097 cogerentur
807 2082 814 2095 ‚
836 2061 881 2097 qui
892 2060 976 2098 vulgo
988 2061 1074 2091 Gallis
1084 2062 1191 2090 charla-

67 2101 125 2122 tans
135 2101 271 2125 vocantur
283 2118 291 2131 ,
313 2096 331 2125 fi
340 2097 479 2126 credimus
489 2096 650 2134 Rhodigino
662 2096 680 2126 l.
693 2107 703 2125 1
712 2107 735 2126 1.
746 2107 770 2126 c.
784 2103 809 2131 8.
852 2098 952 2128 Verum
960 2099 988 2127 id
1002 2109 1089 2136 genus
1100 2100 1189 2129 homi-

68 2141 136 2161 num
146 2133 241 2163 multis
251 2142 316 2163 ante
328 2133 425 2163 seculis
437 2133 534 2172 paffim
543 2135 635 2169 jamin
645 2134 750 2164 Graecia
760 2137 786 2165 ἅ
803 2135 895 2171 ltalia,
918 2146 971 2166 nec
983 2137 1075 2167 minus
1090 2138 1120 2167 in
1130 2138 1188 2176 ipsa

67 2169 191 2200 Barbaria
202 2178 301 2201 notum
310 2171 387 2201 fuisse
397 2172 478 2202 facile
491 2172 561 2201 mihi
575 2194 583 2207 ‚
603 2173 622 2201 si
632 2173 662 2202 id
675 2183 786 2210 agerem
795 2196 803 2209 ,
825 2174 1012 2205 demonstrare
1026 2175 1129 2205 liceret.

33 2206 55 2237 C
64 2211 129 2237 mizi
138 2218 157 2237 T
166 2218 179 2238 a
188 2219 215 2244 s,
241 2210 297 2246 Qui
306 2219 341 2239 ex
352 2220 369 2239 o
393 2210 460 2247 pido
471 2209 549 2239 Caere
561 2218 647 2240 erant.
668 2211 739 2241 Gell.
754 2211 803 2240 lib.
818 2216 859 2242 16.
877 2222 937 2250 cap.
953 2222 995 2249 13.
1026 2214 1131 2244 Primos
1143 2224 1190 2244 au-

69 2251 125 2275 tem
137 2248 293 2285 municipes
301 2247 358 2277 sine
379 2247 488 2286 uffragii
500 2249 575 2284 jure,
597 2248 709 2278 Caerites
720 2249 773 2279 effe
783 2250 869 2280 factos
877 2252 1037 2289 accepimus
1050 2261 1056 2281 τ
1079 2252 1190 2282 conces-

68 2283 180 2321 sumque
190 2285 243 2315 illis
254 2306 262 2317 .
283 2292 315 2315 ut
323 2286 444 2315 civitatis
456 2286 588 2316 Romanae
599 2287 735 2316 honorem
748 2288 862 2324 quidem
878 2296 1026 2325 caperent,
1046 2289 1094 2319 sed
1106 2300 1191 2328 nego-

68 2322 113 2351 tiis
126 2328 218 2352 tamen
228 2331 309 2361 atque
319 2324 450 2353 oneribus
463 2331 600 2358 vacarent,
624 2335 675 2363 pro
686 2325 765 2355 sacris
778 2325 852 2355 bello
866 2326 973 2356 Gallico
985 2329 1120 2365 receptis,
1142 2339 1190 2358 cu·-

49 2359 234 2398 -stoditisque
274 2361 471 2392 HincTabulae
481 2361 593 2392 Caerites
606 2363 753 2400 appellatae
763 2364 838 2393 versa
852 2365 912 2394 vice
923 2386 931 2400 ,
952 2366 981 2393 in
1002 2375 1068 2402 quas
1087 2366 1189 2396 Censo-

69 2407 112 2427 res
121 2398 213 2428 referri
223 2399 368 2435 jubebant,
379 2409 448 2436 quos
457 2406 530 2429 notae
541 2400 619 2429 causa
635 2400 768 2438 suffragiis
784 2402 938 2439 privabant.
961 2403 1028 2432 Haec
1037 2403 1107 2434 Gell.
1128 2404 1188 2435 Liv.

67 2443 94 2472 7.
106 2445 150 2466 20.
171 2436 299 2466 Caeritem
307 2438 446 2476 populum
458 2437 701 2475 Tarquiniensibus
711 2440 876 2475 adjunctum
886 2441 958 2470 fama
966 2441 1081 2471 ferebat.
1121 2443 1186 2479 [Cl.

68 2473 640 2513 CellariusGeogr.Ant.2.9.2.21§.Gentile
649 2476 703 2506 hoc
712 2487 816 2507 nomen
826 2484 906 2515 putat
915 2480 998 2508 etiam
1007 2490 1057 2517 per
1069 2490 1085 2509 e
1095 2491 1190 2518 porte.

68 2512 142 2541 (tum
153 2512 244 2542 efferri
256 2513 331 2551 posse
345 2513 473 2549 Caeretes‚
487 2514 570 2551 idque
581 2524 616 2544 ex
625 2514 703 2552 supra
716 2515 799 2544 allato
810 2516 913 2553 Virgilii
924 2517 999 2552 loco,
1015 2518 1072 2554 Qui
1082 2519 1188 2549 Caerete

67 2549 162 2586 domo,
178 2551 295 2580 astruere
306 2551 410 2581 nititur.
434 2551 475 2581 Ita
484 2551 548 2581 sane
558 2551 607 2581 Sil.
622 2562 663 2582 10.
677 2558 742 2589 484.
766 2553 874 2583 Clusina
883 2564 983 2584 venere
995 2555 1089 2585 domo.
1108 2557 1186 2593 Quin

66 2588 153 2625 Aquas
169 2588 288 2618 Caeretes
303 2589 388 2619 etiam
402 2597 538 2619 memorat
556 2589 614 2619 Liv.
626 2590 644 2619 l.
657 2600 701 2620 22.
714 2601 739 2620 c.
755 2601 778 2620 1.
808 2592 864 2621 Nisi
877 2592 988 2622 Caerites
1008 2593 1186 2625 scribendum

67 2625 114 2660 est,
123 2627 265 2664 quomodo
276 2627 343 2656 alias
352 2627 382 2656 id
393 2637 498 2657 nomen
507 2628 582 2666 apud
592 2628 714 2658 eundem
726 2629 846 2659 effertur.
861 2631 942 2668 Apud
956 2631 1025 2669 Virg.
1040 2633 1124 2670 ipsius
1137 2643 1187 2672 op-

66 2664 126 2702 pidi
136 2674 241 2694 nomen
255 2666 375 2694 dixerim
384 2666 479 2702 potius
493 2687 501 2700 ‚
524 2666 600 2703 quod
612 2666 641 2694 in
651 2666 770 2704 obliquis
779 2668 888 2697 duobus
899 2669 990 2698 modis
1000 2671 1104 2700 fiexiffe
1113 2678 1189 2702 vete-

71 2711 122 2737 res,
134 2703 226 2732 innuit
236 2703 355 2733 Servius.
378 2703 419 2732 De
430 2703 562 2733 Caeritum
574 2704 676 2733 tabulis
687 2704 718 2733 V.
737 2705 767 2733 in
780 2716 804 2734 ΑΞ
812 2716 829 2734 a
839 2716 858 2734 A
868 2716 884 2734 a
893 2717 902 2734 1
912 2716 931 2735 u
939 2717 951 2736 s
975 2708 1036 2745 post
1050 2719 1074 2737 Ε
1082 2719 1103 2739 s.

34 2737 85 2769 ΟΕ
93 2749 110 2768 R
119 2750 134 2769 Β
142 2751 156 2769 ιτ
166 2750 183 2769 o
193 2752 208 2769 L
219 2752 227 2769 1
238 2751 256 2770 υ
266 2752 286 2770 M
298 2763 306 2776 ,
328 2741 422 2771 Herba
432 2741 469 2771 est
478 2763 486 2776 ,
508 2751 590 2779 quam
607 2742 747 2772 Paederota
755 2743 842 2772 Graeci
854 2751 958 2774 vocant
972 2767 979 2780 ‚
998 2746 1077 2779 cuius
1089 2749 1188 2777 memi-

67 2778 108 2807 nit
120 2778 189 2808 Plin.
202 2778 249 2808 lib.
267 2789 308 2815 19.
321 2788 382 2816 cap.
396 2785 422 2813 8.
445 2779 580 2809 Scribitur
589 2781 615 2809 ἃ
627 2780 824 2810 Chaerefolium
837 2784 863 2811 &
877 2782 1110 2821 Chaerephyllum.
1122 2786 1183 2822 q.V.

33 2813 110 2844 CAER
119 2825 188 2846 11Μο
197 2826 218 2845 N
227 2828 236 2845 i
247 2827 266 2846 A
276 2839 284 2852 ‚
304 2827 336 2846 ae.
358 2817 512 2853 [θρησκεία]
533 2819 559 2847 &
578 2817 776 2854 Cffissrrouiffl,
791 2829 877 2849 arum.
900 2820 939 2858 pl.
962 2821 1092 2852 dicuntur
1106 2823 1187 2854 Ritus

65 2852 140 2883 sacri.
180 2854 272 2884 Festus
283 2876 291 2890 ‚
312 2854 548 2884 Caeremoniarum
559 2856 667 2885 causam
677 2857 724 2886 alii
735 2856 769 2886 ab
789 2858 896 2895 oppido
913 2858 990 2888 Caere
1009 2860 1112 2890 dictam
1129 2863 1186 2891 exi-

65 2891 191 2921 stimant:
214 2892 262 2921 alii
275 2902 291 2922 a
303 2892 421 2922 Caritate
431 2892 533 2922 dictam
545 2894 679 2929 judicant.
708 2894 828 2925 Valerius
840 2896 856 2924 l.
873 2906 895 2925 1.
910 2906 933 2925 c.
953 2906 976 2926 r.
992 2908 1033 2927 10.
1066 2898 1136 2929 Cum
1148 2901 1184 2930 de

66 2927 95 2958 L.
110 2929 221 2959 Albinio
233 2952 241 2965 ,
263 2931 309 2968 qui
321 2930 444 2967 Virgines
464 2930 597 2967 Vestales,
618 2932 687 2962 urbe
706 2940 722 2962 a
737 2932 821 2963 Gallis
839 2940 920 2972 capta
933 2956 940 2968 ,
963 2944 1028 2965 cum
1047 2936 1127 2967 sacris
1142 2938 1184 2967 fu.

65 2967 172 3004 gientes
186 2989 194 3004 ‚
217 2968 337 3005 plaustro
352 2968 400 2998 suo
410 2968 479 2998 Cere
491 2976 670 3006 pervexerat,
692 2971 874 3008 proposuisset
884 2994 891 3007 ,
913 2972 968 3002 Ubi
979 2982 1044 3003 curn
1058 2974 1163 3005 summa
1175 2998 1186 3012 ,

66 3005 156 3042 inquit
167 3027 175 3040 ,
195 3007 374 3036 veneratione
385 3011 507 3044 recepta,
528 3014 603 3044 grata
615 3009 750 3037 memoria
760 3010 795 3038 ad
807 3009 862 3039 hoc
873 3020 959 3047 usque
971 3017 1081 3049 tempus
1091 3012 1184 3051 hospi-

67 3042 151 3072 talem
160 3044 363 3073 humanitatem
377 3044 519 3073 testantur.
559 3045 627 3074 Inde
639 3046 714 3075 enim
730 3047 885 3077 institutum
902 3048 941 3077 est
955 3048 1036 3078 Sacra
1048 3049 1184 3080 Caeremo-

66 3081 126 3110 nias
142 3082 254 3117 vocari,
277 3083 339 3119 quia
351 3081 486 3111 Caeretani
500 3091 532 3111 ea
548 3082 578 3111 in
590 3083 676 3113 fracto
694 3084 763 3122 reip.
783 3085 867 3121 statu,
889 3086 1006 3123 perinde
1025 3097 1057 3116 ac
1067 3088 1184 3119 florente

66 3117 220 3148 coluerunt.
242 3119 324 3149 Conf.
339 3119 422 3149 verba
438 3119 601 3157 Legatorum
617 3121 716 3159 populi
736 3122 844 3152 Caeritis
863 3133 906 3161 ap.
923 3123 982 3153 Liv.
997 3134 1023 3162 7.
1034 3135 1079 3155 20.
1105 3126 1184 3156 Sabi-

66 3165 117 3186 nus
128 3157 203 3195 apud
215 3157 285 3187 Gell.
296 3157 344 3187 lib.
353 3169 380 3192 4·
391 3167 453 3195 cap.
463 3168 489 3193 9.
503 3158 655 3188 aCarendo
667 3160 790 3189 deducit.
814 3161 871 3190 Cic.
891 3172 912 3190 1.
933 3162 1014 3192 Tusc.
1028 3173 1074 3200 24.
1105 3164 1182 3196 Tum

67 3203 82 3224 e
92 3195 237 3232 pontificio
249 3196 308 3231 Jure
319 3217 328 3231 ,
349 3196 376 3225 ὁὶ
387 3197 561 3225 caeremoniis
576 3196 766 3234 sepulcrorum
775 3198 893 3237 intelligi
902 3199 976 3230 licet.

66 3231 210 3271 Promptus
221 3234 329 3263 animus
338 3233 374 3263 ad
387 3232 565 3271 capessendas
576 3237 764 3265 caeremonias.
796 3236 884 3267 Tacit.
897 3248 925 3273 4.
946 3239 1018 3268 Anu.
1033 3241 1076 3270 16.
1099 3240 1183 3271 Acce-

82 3269 148 3300 dere
157 3270 240 3309 ipsii'Js
251 3272 423 3301 caeremoniae
435 3271 620 3302 difficultates.
653 3273 731 3303 [dem
743 3274 811 3303 ibid.

65 3306 193 3338 Scientiae
203 3309 428 3339 caeremoniarum
450 3319 485 3339 ue
498 3316 585 3340 vetus.
605 3310 731 3341 Tacito.
750 3313 820 3348 Ann.
836 3321 879 3341 12.

65 3343 236 3376 Caeremonia
245 3349 271 3377 &
283 3346 388 3384 religio.
452 3348 487 3376 ic.
499 3357 524 3377 2.
538 3348 573 3378 de
585 3347 680 3386 Legib.
692 3359 734 3386 55.
754 3350 882 3386 Totaque
895 3349 977 3386 hujus
990 3351 1057 3386 juris
1067 3362 1182 3392 compo..

82 3383 141 3413 sitio
156 3385 325 3422 pontificalis
336 3406 344 3420 ,
363 3394 492 3422 magnam
501 3385 668 3423 religionem
678 3409 687 3422 ,
713 3389 963 3425 caeremoniamque
974 3388 1104 3420 declarat.

65 3420 242 3452 Caeremoniae
252 3424 371 3452 denariae
381 3425 408 3453 ἃ
418 3424 570 3453 tricenariae
580 3424 745 3455 dicebantur
755 3447 762 3459 ‚
784 3426 884 3463 quibus
897 3425 966 3455 sacra
976 3427 1091 3458 adituris
1102 3451 1110 3464 ,
1134 3429 1181 3459 de.

84 3469 145 3490 cem
156 3461 296 3490 continuis
303 3461 402 3496 rebus,
422 3461 507 3499 [lege
518 3461 648 3498 Diebus]
668 3463 714 3493 vel
732 3464 853 3501 triginta,
865 3464 946 3493 certis
961 3465 1124 3502 quibusdam
1140 3477 1182 3497 re⁴²

83 3496 133 3527 bus
143 3499 295 3528 carendum
305 3506 369 3528 erat.
391 3499 492 3529 Festus.

65 3534 166 3565 Afferre
178 3538 380 3566 caeremoniam.
402 3536 460 3566 Cic.
475 3547 500 3566 2.
510 3537 546 3567 de
555 3536 664 3567 Invent.
679 3541 740 3569 161.

65 3571 164 3603 Facere
177 3574 258 3604 ludos
268 3574 447 3604 sanctissimos
457 3575 511 3604 diis
520 3576 640 3606 maxima
651 3586 716 3606 cum
736 3576 909 3607 caeremonia.
932 3576 991 3607 Cic.
1004 3586 1030 3614 7.
1044 3578 1120 3609 Verr.
1134 3583 1178 3617 36.

64 3608 188 3647 Polluere
201 3613 395 3642 caeremoniam
406 3613 470 3642 loci.
511 3613 601 3643 Tacit.
618 3625 659 3649 14.
676 3616 746 3644 Ann.
760 3624 805 3644 22.
829 3614 976 3644 Videbatur
993 3621 1077 3653 potus
1092 3616 1181 3648 sacros

83 3686 181 3717 Martia
190 3694 337 3717 nataverat.

65 3722 262 3755 Caeremoniam
276 3726 423 3764 legationis
434 3748 442 3762 ‚
463 3726 537 3763 quali
554 3727 736 3761 Sanctitatem
752 3729 778 3758 δι
794 3727 959 3764 religionem
970 3749 979 3764 ,
1011 3728 1071 3759 Cic.
1095 3737 1180 3762 meta-

81 3761 196 3800 phorice
208 3764 292 3798 dixit,
313 3765 348 3794 de
364 3764 488 3793 mandati
501 3765 608 3800 judicio
619 3765 748 3802 loquens,
770 3775 820 3803 pro
834 3765 913 3794 Rosc.
927 3767 1016 3796 Amer.
1032 3778 1042 3796 1
1052 3777 1092 3803 ¹3-
1120 3769 1178 3806 Qui

81 3809 140 3829 non
151 3802 319 3838 negligentia
329 3803 468 3839 privatum
482 3803 595 3840 aliquod
612 3804 793 3833 commodum
809 3802 907 3832 laeserit
917 3825 925 3838 ‚
946 3803 994 3833 sed
1007 3806 1123 3842 perfidia
1141 3808 1180 3837 le-

81 3839 199 3875 gationis
208 3839 290 3876 ipsius
300 3839 496 3870 caeremoniam
504 3840 637 3878 polluerit
649 3863 658 3877 ,
679 3842 842 3878 maculaque
853 3839 978 3872 affecerit
989 3852 996 3872 :
1019 3853 1072 3880 qua
1084 3845 1107 3874 is
1118 3851 1177 3875 tan.

83 3875 148 3905 dem
156 3886 241 3914 poena
249 3877 382 3907 afficietur
390 3879 404 3907 ἶ)

37 3909 342 3950 Danssmourntrs,
363 3915 408 3944 vel
422 3915 737 3951 CAElnMONxALrs,
757 3926 781 3945 e.
804 3915 905 3945 Arnob.
918 3915 967 3946 lib.
980 3927 1005 3954 7.
1017 3928 1119 3956 p.237.
1148 3921 1175 3950 O

64 3948 186 3981 Deorum
196 3951 345 3982 sublimitas
356 3961 513 3991 praepotens
521 3976 529 3990 ,
551 3964 634 3992 quam
644 3955 769 3986 venerari
777 3976 786 3991 ‚
806 3964 889 3991 quam
905 3954 997 3986 colere
1009 3956 1108 3988 officiis
1118 3968 1178 3989 om-

65 3987 145 4020 nibus
155 3990 395 4022 caeremonialibus
406 3991 517 4022 debeas.

84 3649 110 3678 &
123 3652 315 3679 caeremoniam
332 3651 388 3679 loci
403 3660 521 3688 corpore
534 3658 594 3681 toto
609 3651 745 3690 polluiffe.
785 3651 827 3681 De
847 3652 978 3689 Nerone,
999 3655 1048 3691 qui
1062 3656 1092 3684 in
1111 3666 1182 3693 aqua
1200 3660 1202 3662 ’

1640 139 1668 174 c
1765 142 1800 176 a·
1892 141 1911 178 s
2323 168 2386 199 39.

1236 217 1484 260 Cffinsmouios
1496 229 1513 248 υ
1524 229 1545 254 s,
1567 230 1599 255 a,
1622 231 1679 250 um.
1703 220 1788 251 Idem.
1812 224 1948 254 Aminian.
1962 235 2006 255 ιι.
2023 236 2064 263 37.
2091 228 2140 258 Per
2153 230 2256 269 septem
2267 244 2394 267 caetemo-

1275 255 1366 285 nicsos
1379 257 1437 285 dies
1448 278 1455 290 ,
1471 260 1521 285 &cz
1546 259 1582 286 ita
1593 259 1675 287 ctiam
1686 258 1804 289 Valesius
1816 270 1843 297 p.
1856 266 1916 297 33⁶-

1237 292 1378 327 Cffiass,
1403 295 1458 322 iris.
1481 296 1655 329 Cfflua'ra,
1678 297 1709 325 is.
1740 297 1843 327 Caesa
1857 309 1982 329 ramus
2002 303 2102 331 Amnis.
2144 304 2175 333 V.
2200 316 2273 336 CAER
2289 320 2311 339 iz.

1239 329 1393 359 Cfflaicffi
1405 353 1412 365 ,
1434 329 1598 367 [καιῡικιιὲ]
1620 344 1634 362 a
1646 334 1745 363 Graecis
1756 335 1835 364 Hor-<c
1846 337 2027 373 dicebantur,
2051 349 2117 375 quas
2134 340 2223 372 Latini
2244 346 2395 385 Tempora-

1276 367 1316 396 les
1326 367 1370 396 seu
1386 368 1509 404 vulgares
1523 371 1678 399 nominant.
1723 372 1858 402 Horarum
1873 374 2004 410 fiquidem
2017 377 2074 405 duo
2093 387 2193 415 genera
2207 381 2296 412 suere:
2320 396 2396 416 nilm-

1276 414 1329 440 que
1343 414 1377 433 ex
1389 405 1431 434 his
1442 407 1566 448 quaedam
1587 408 1801 445 AEquinotliales
1813 433 1821 446 ,
1843 410 1978 446 ι’σην-εεήναέ
1996 414 2076 443 dicta
2089 437 2095 447 ,
2117 427 2175 452 quae
2199 429 2247 455 pro
2262 422 2395 457 qualitate

1275 447 1434 479 temporum
1447 465 1453 476 ‚
1477 443 1543 472 licet
1555 445 1707 475 uniformes
1722 447 1807 477 ellent
1821 471 1828 481 ,
1851 449 1926 478 diem
1945 454 2052 480 ancele
2071 453 2193 483 diffimi'li
2216 467 2330 488 numero
2351 472 2395 490 va-

1277 479 1400 508 riarunt:
1423 479 1480 508 alizc
1494 480 1622 517 Caericae,
1643 484 1880 522 scutemporales,
1900 488 1999 524 quibus
2015 489 2111 526 singuli
2133 493 2193 522 dies
2211 495 2274 524 aestu
2295 499 2396 534 pariter

1278 523 1360 552 atque
1370 517 1469 553 hyeme
1482 539 1488 551 ,
1511 519 1648 549 duodenis
1661 522 1734 551 horis
1746 525 1935 554 continentur.
1976 527 2081 557 Solaria
2095 531 2171 559 enim
2190 534 2294 569 antiqui
2314 546 2347 564 eo
2364 536 2396 565 li-

1277 553 1422 582 bramento
1433 555 1553 584 habuere
1571 558 1716 593 distincta,
1738 568 1768 589 ut
1784 561 1857 590 sexta
1873 562 1928 591 diei
1941 563 2026 600 liora,
2048 568 2198 598 meridies:
2220 573 2309 601 noctis
2329 584 2396 610 quo-

1276 601 1330 627 que
1341 591 1414 620 sexta
1425 591 1490 620 liora
1502 614 1508 623 .
1535 595 1627 623 inedia
1639 606 1694 625 nox
1706 598 1897 635 designaretur.
1917 600 1994 631 Alex.
2008 602 2042 632 ab
2056 603 2131 634 Alex.
2143 604 2192 636 lib.
2205 618 2232 644 4.
2245 618 2306 648 cap.
2320 620 2364 641 20.

1239 627 1466 663 CAER1N'rHE‚
1497 629 1527 658 V.
1550 635 1759 664 esaiu'i‘fls.

1239 666 1422 700 Cffiaoma,
1453 665 1482 695 V.
1506 676 1663 699 cesoma.

1239 701 1319 749 ⁶²³.ss
1330 713 1347 732 u
1358 713 1396 731 LE
1407 713 1422 731 c
1432 712 1444 732 s
1454 725 1462 737 ‚
1484 713 1498 732 a
1511 726 1518 738 ‚
1542 715 1597 735 um.
1613 745 1617 749 Ι
1631 709 1783 745 [aspamam
1812 711 1947 749 κυάνεῶι]
1975 715 2034 750 adj.
2058 717 2129 753 quasi
2151 719 2297 750 Caelulens.
2322 725 2397 754 unde

1278 740 1433 769 Laeruleum
1443 749 1518 770 mare
1531 743 1618 772 aCaeli
1628 745 1722 774 colore
1734 749 1910 779 nominatum
1922 752 1967 780 est.
1992 753 2092 783 dicitur
2100 757 2185 787 etiam
2197 758 2342 789 Cumatilis
2351 774 2398 792 co.

1276 777 1335 813 lor.
1357 779 1432 816 quod
1446 778 1534 821 Graeei
1551 784 1656 814 κύμςιτοι
1676 783 1776 814 fluctus
1802 794 1909 817 vocant.
1934 789 2009 827 Virg.
2026 801 2049 821 1.
2070 793 2171 831 Georg.
2185 806 2248 833 453.
2271 798 2307 828 de
2325 801 2397 831 Solis

1275 825 1360 853 agens
1376 816 1534 851 coloribus⁷

1369 853 1508 884 Caeruleus
1519 854 1642 892 pluviam
1654 857 1801 888 denuntiat
1812 883 1819 895 ,
1841 862 1937 899 igneus
1950 864 2043 895 Euros.

1277 890 1362 921 Color
1371 891 1505 921 caeruleus
1515 914 1522 927 ‚
1545 895 1571 922 ἅ
1584 894 1665 930 Aquae
1677 897 1787 926 marinae
1799 908 1855 928 non
1873 902 1946 930 idem
1958 904 1995 931 est
2004 925 2011 938 ,
2034 912 2064 933 ut
2076 912 2151 943 patet
2166 917 2199 936 ex
2212 910 2289 941 Celso
2307 912 2355 942 lib.
2367 923 2395 951 7.

1295 929 1834 1002 {ssl'iiii{5223‡¹?.?t.-352{³;¹;‡”f2·01{5udw-
1885 938 2151 981 [Lwstw-
2172 946 2264 985 segm-
2339 952 2397 982 s..

1277 1005 1387 1041 Angues
1396 1005 1515 1034 caerulei.
1538 1006 1609 1044 Virg.
1621 1018 1646 1042 4.
1659 1008 1758 1046 Georg.
1773 1016 1838 1046 48²·
1877 1012 1908 1042 V.
1931 1014 2028 1046 Draco.

1277 1043 1360 1079 Aqua.
1382 1042 1466 1072 Ovid.
1478 1049 1503 1077 8.
1520 1043 1588 1074 Met.
1601 1054 1664 1080 229.

1276 1079 1364 1109 Bacca
1380 1079 1468 1110 Lauri.
1490 1081 1560 1111 Plin.
1571 1082 1619 1112 lib.
1636 1093 1678 1119 ις.
1693 1094 1752 1122 cap.
1767 1093 1810 1120 30.

1275 1117 1401 1147 Britanni
1414 1119 1533 1149 caerulei.
1554 1120 1675 1151 Martial.
1687 1121 1733 1151 lib.
1744 1132 1755 1151 r
1765 1132 1786 1152 1.
1801 1133 1843 1158 54.

1369 1155 1485 1199 Claudia
1497 1159 1622 1188 caeruleis
1636 1169 1723 1196 quum
1735 1161 1766 1190 sit
1780 1161 1879 1191 Rufina
1890 1162 2026 1195 Britannis

1369 1193 1543 1231 Edita‚&c.
1638 1197 1670 1227 V.
1692 1208 1928 1231 BRlTANNUS.

1277 1230 1420 1262 Cucumis.
1445 1232 1567 1271 Propert.
1582 1245 1608 1269 4.
1620 1244 1646 1265 2.
1661 1245 1705 1273 43.

1323 1308 1328 1313 .
1369 1269 1510 1300 Caeruleus
1520 1274 1646 1302 cucumis
1658 1296 1667 1308 ,
1687 1274 1854 1312 tumidoque
1864 1277 2008 1308 cucurbita
2017 1287 2122 1312 ventre.

1276 1306 1329 1337 Dei
1339 1308 1449 1337 caerulei
1464 1331 1472 1343 ,
1494 1309 1606 1340 Marini.
1627 1311 1710 1341 Ovid.
1722 1322 1748 1341 2.
1756 1313 1825 1343 Met.
1838 1319 1864 1347 8.
1889 1314 2028 1346 Caeruleos
2043 1319 2126 1349 habet
2144 1322 2221 1352 unda
2235 1324 2310 1356 deos.
2350 1329 2397 1360 Sic

1295 1345 1417 1375 Fratrem
1426 1348 1575 1378 caeruleum
1585 1348 1663 1384 Jovis
1673 1372 1681 1385 ,
1703 1351 1869 1388 Neptunum
1880 1360 1969 1382 vocat.
1987 1365 2008 1383 1.
2028 1355 2098 1387 Met.
2111 1368 2145 1396 27
2153 1370 2175 1395 ς.

1368 1384 1430 1413 Nec
1440 1385 1508 1414 caelo
1517 1393 1650 1417 contenta
1662 1387 1709 1417 suo
1720 1389 1758 1417 est
1767 1389 1847 1424 Jovis
1858 1390 1897 1419 ira
1908 1413 1916 1425 ,
1937 1391 1984 1420 sed
1995 1391 2074 1424 illum

1369 1421 1509 1453 Caeruleus
1518 1424 1600 1453 frater
1608 1426 1684 1460 juvat
1692 1427 1869 1457 auxiliaribus
1881 1429 1972 1459 undis.

1275 1458 1367 1527 Dffllll
1375 1461 1518 1492 caeruleus.
1541 1462 1625 1493 Ovid.
1640 1473 1683 1494 12.
1701 1464 1773 1494 Met.
1787 1475 1829 1501 13.
1853 1466 1933 1495 ldem
1944 1468 1980 1497 de
1994 1468 2100 1500 Cadmo
2111 1472 2141 1501 in
2160 1473 2310 1507 draconem
2321 1480 2397 1511 verso

1295 1508 1321 1533 4.
1371 1504 1407 1527 et.
1421 1508 1483 1536 577.

1371 1535 1537 1580 Durataeque
1547 1538 1605 1568 cuti
1613 1538 1738 1576 squamas
1750 1541 1902 1572 increscere
1909 1541 2011 1581 sentit,

1367 1574 1511 1613 Nigraque
1522 1576 1646 1606 caeruleis
1658 1579 1754 1608 variari
1770 1589 1886 1618 corpora
1904 1583 1997 1619 guttis.
2092 1584 2128 1615 Et
2143 1585 2238 1625 Virgil.
2259 1590 2296 1619 de
2307 1599 2397 1630 angue

1291 1610 1372 1650 supra
1386 1633 1394 1647 ,
1417 1615 1442 1642 δι
1452 1616 1552 1649 pariter
1565 1626 1589 1650 5.
1603 1615 1664 1644 AEn.
1677 1621 1721 1653 87.

1370 1649 1500 1681 Caeruleae
1511 1652 1555 1681 cui
1569 1659 1645 1690 terga
1658 1662 1732 1684 notae
1745 1677 1752 1690 ,
1773 1656 1964 1687 maculosus&
1975 1668 2042 1688 auro

1367 1688 1515 1726 Squamam
1527 1691 1697 1721 incendebat
1708 1693 1807 1730 fulgor.
1891 1695 1943 1724 Ubi
1954 1696 2065 1727 Servius
2078 1720 2086 1732 ,
2109 1699 2239 1731 Caeruleae
2257 1710 2330 1735 notae
2371 1709 2398 1738 ἃ

1292 1725 1383 1763 fulgor
1398 1738 1462 1756 auro
1474 1729 1592 1758 variatus
1601 1729 1781 1761 incendebat.
1802 1732 1820 1761 i.
1835 1742 1859 1762 e.
1883 1732 2042 1765 Illustrabat.
2065 1738 2142 1767 conf.
2155 1748 2222 1770 mox
2232 1729 2359 1781 Serpens.

1274 1764 1386 1794 Glacies
1396 1765 1520 1795 caerulea.
1544 1766 1615 1804 Virg.
1629 1777 1652 1796 1.
1671 1768 1771 1806 Georg.
1785 1773 1848 1806 236.

1276 1802 1365 1831 Mare.
1387 1803 1450 1833 Sen.
1464 1804 1493 1832 in
1504 1804 1621 1842 Hippol.
1635 1815 1677 1834 12.

1273 1838 1361 1883 Mors.
1384 1840 1469 1871 Ovid.
1482 1841 1518 1871 ad
1528 1841 1587 1872 Liv.
1598 1842 1763 1879 93.Lumina
1774 1845 1891 1876 caerulea
1901 1848 2015 1884 jamiam
2026 1851 2147 1880 natantia
2157 1855 2397 1895 morte.i.e.nigra,

1279 1877 1373 1921 Navis.
1396 1879 1468 1916 Virg.
1484 1891 1507 1914 ς.
1524 1880 1586 1909 AEn.
1604 1890 1664 1915 123.
1689 1882 1742 1911 Ubi
1758 1883 1867 1913 Servius
1878 1906 1885 1917 .
1907 1884 2030 1916 Caerulea
2042 1909 2050 1922 ,
2080 1895 2126 1918 aut
2141 1890 2225 1928 Nigra
2240 1915 2247 1926 ,
2280 1902 2327 1924 aut
2344 1897 2399 1927 alta

1293 1925 1395 1945 carina.
1436 1917 1542 1953 [More
1551 1918 1600 1947 suo
1611 1919 1682 1948 nihil
1694 1921 1800 1950 dicens.
1841 1922 1974 1952 Solebant
1995 1935 2077 1955 naves
2092 1927 2218 1959 Caeruleo
2236 1930 2282 1962 seu
2297 1943 2400 1965 veneto

1293 1953 1389 1983 colore
1399 1954 1565 1993 plerumque
1575 1957 1662 1995 pingi.
1703 1958 1734 1988 V.
1756 1958 1890 1989 Scheffer.
1902 1959 1937 1990 de
1945 1961 2030 1993 Milic.
2041 1964 2111 1995 Nav.
2127 1975 2152 1996 2.
2165 1970 2191 1997 6.
2201 1978 2243 2006 pr.

1274 1991 1381 2021 Nubes.
1405 1993 1463 2022 Cic.
1476 1994 1504 2022 in
1522 1996 1621 2030 Arato,

1371 2030 1488 2068 Ipseque
1503 2031 1619 2061 caerulea
1634 2035 1780 2064 contectus
1790 2034 1865 2065 nube
1876 2035 1986 2067 feretur.

1274 2067 1362 2097 Oculi
1375 2069 1485 2098 caerulei
1500 2069 1637 2107 Neptuni.
1660 2070 1719 2100 Cic.
1735 2081 1758 2101 1.
1771 2072 1806 2102 de
1816 2073 1880 2103 Nat.
1895 2074 1980 2105 Deor.
1992 2081 2037 2112 84.
2059 2076 2091 2107 V.
2111 2079 2188 2110 Suet.
2202 2082 2281 2113 Galb.
2297 2092 2342 2115 21.

1276 2105 1373 2135 Pistrix
1386 2106 1512 2136 caerulea.
1535 2108 1595 2137 Cic.
1610 2108 1640 2137 in
1651 2109 1749 2145 Arato,
1771 2120 1796 2140 v.
1809 2120 1873 2147 275.

1367 2143 1553 2182 Caeruleaeque
1565 2145 1652 2176 feram
1663 2148 1781 2177 caudam
1792 2149 1919 2186 pistricis.

1273 2180 1378 2211 Pontus
1385 2182 1527 2213 caeruleus.
1551 2183 1624 2221 Virg.
1637 2193 1662 2214 2.
1677 2185 1737 2215 AEn.
1753 2191 1815 2220 182.

1274 2219 1364 2249 Pubes
1375 2220 1492 2250 caerulea
1507 2221 1670 2251 Germaniae.
1711 2223 1779 2253 Hor.
1797 2224 1888 2262 Epod.
1904 2228 1946 2256 16.
1961 2235 1987 2264 7.
2020 2227 2174 2260 Caeruleam
2189 2234 2282 2263 vocari
2304 2235 2403 2267 dicunt

1293 2258 1459 2295 interpretes
1470 2280 1478 2294 ‚
1498 2259 1545 2289 Ob
1557 2259 1706 2290 caeruleum
1716 2261 1864 2292 oculorum
1876 2262 2000 2294 colorem
2010 2287 2017 2301 ‚
2038 2268 2171 2298 omnibus
2186 2270 2244 2300 fere
2256 2272 2401 2306 Germanis

1294 2305 1484 2340 communem.
1525 2297 1670 2341 Bonfinius
1681 2299 1716 2328 de
1725 2299 1809 2336 glasto
1819 2301 1939 2339 intelligi
1948 2304 2062 2334 mavult.
2095 2305 2126 2336 V.
2151 2307 2236 2345 'ipsius
2247 2311 2273 2340 Sc
2282 2311 2401 2343 aliorum

1292 2343 1323 2362 in
1334 2333 1481 2363 Horatium
1493 2342 1700 2366 annotationes.

1273 2371 1393 2409 Serpens
1404 2372 1545 2402 caeruleus.
1568 2373 1652 2403 Ovid.
1667 2383 1691 2411 3.
1705 2374 1774 2404 Met.
1787 2381 1829 2412 38.

1274 2408 1414 2439 caeruleus
1425 2432 1433 2445 ,
1454 2420 1505 2448 pro
1516 2413 1588 2441 Atro.
1611 2412 1657 2442 Sic
1671 2413 1746 2442 enirn
1757 2413 1906 2444 Turnebus
1914 2415 1944 2444 in
1954 2415 2024 2446 illud
2034 2417 2107 2457 Virg.
2124 2430 2148 2456 ς.
2169 2421 2232 2452 AEn.
2247 2433 2289 2454 10.

1359 2447 1571 2478 ,Ollicaeruleus
1581 2449 1661 2487 supra
1679 2458 1763 2488 caput
1776 2452 1881 2482 adstitit
1900 2453 1998 2484 imber.
2021 2455 2069 2486 hic
2085 2458 2271 2498 crediderim,
2294 2464 2385 2502 inquit

1295 2484 1455 2524 Caeruleum
1466 2486 1624 2516 Graecorum
1635 2497 1712 2518 more
1722 2499 1771 2526 pro
1783 2491 1847 2519 Atro
1857 2491 1937 2528 poni.
2390 2487 2402 2502 ⁹

1365 2525 1397 2550 'H
1416 2527 1437 2560 »fi
1456 2525 1578 2553 maaziau
1597 2527 1634 2552 ἐπ’
1653 2527 1732 2562 ὄφςύστ
1752 2529 1809 2553 vrso-r
1832 2528 1935 2564 κξονίυν.
2031 2531 2049 2561 i,
2070 2542 2095 2562 e,
2127 2534 2259 2567 Caeruleis
2281 2538 2403 2577 superci-

1293 2561 1337 2590 liis
1348 2583 1356 2596 ,
1379 2562 1455 2598 quod
1469 2561 1544 2592 valet
1559 2563 1644 2600 nigris
1656 2586 1663 2597 ,
1684 2564 1817 2595 consensu
1836 2566 1996 2596 Graecorum
2012 2573 2275 2606 grammaticorum:
2296 2578 2351 2614 fic,
2373 2583 2400 2611 6.

1291 2599 1354 2629 AEn.
1370 2608 1433 2635 303.
1570 2616 1607 2643 -Ι-
1617 2602 1733 2631 caerulea
1744 2603 1886 2633 subvectat
1896 2614 2012 2642 corpora
2020 2608 2132 2645 cymba.
2214 2613 2382 2653 interpretor

1290 2637 1354 2704 ,ἐπεὶ
1365 2638 1390 2666 81
1397 2638 1484 2681 nigra.
1507 2637 1575 2704 Hice
1583 2638 1639 2669 ille.
1680 2640 1792 2671 Servius
1809 2647 1904 2672 autem
1925 2643 2124 2683 hodiernaeque
2134 2647 2220 2680 Editt.
2243 2652 2283 2682 ibi
2303 2640 2402 2692 legun}

1314 2684 1458 2712 erruginea
1471 2685 1535 2713 cym
1558 2686 1581 2706 a.

1271 2711 1414 2742 Caeruleus
1431 2713 1525 2743 Tibris
1535 2736 1543 2749 ‚
1563 2724 1614 2752 pro
1626 2714 1688 2745 Alto
1699 2715 1752 2745 five
1763 2716 1914 2748 Profirndo.
1945 2719 2016 2757 Virg.
2029 2727 2055 2755 8.
2069 2723 2132 2753 AEn.
2142 2727 2187 2761 64.
2216 2726 2256 2756 Ita
2263 2729 2339 2758 enim
2352 2740 2401 2760 na.

1291 2757 1352 2780 tura
1363 2758 1556 2789 comparatum
1567 2753 1606 2782 est
1615 2774 1623 2788 ‚
1645 2760 1677 2783 ut
1688 2763 1749 2791 quae
1759 2764 1830 2793 aqua
1843 2766 1933 2794 pauca
1944 2758 1983 2787 est
2000 2761 2026 2788 ἃ
2044 2763 2166 2792 maxime
2185 2763 2274 2794 fluens
2283 2788 2292 2801 ,
2314 2767 2399 2798 albes-

1290 2795 1336 2818 cat
1343 2790 1431 2827 magis
1444 2799 1451 2818 :
1474 2799 1534 2826 quae
1545 2797 1639 2820 autem
1650 2791 1704 2821 alta
1715 2794 1741 2821 Sc
1751 2794 1892 2831 profunda
1903 2804 1935 2824 ac
1945 2798 2103 2835 tranquilla,
2123 2801 2209 2838 magis
2220 2803 2253 2831 ad
2266 2804 2395 2840 glaucum

1290 2828 1316 2856 ἂ
1327 2827 1476 2856 caeruleum
1490 2827 1614 2858 colorem
1624 2829 1742 2860 transeat·
1752 2852 1760 2865 ,
1782 2832 1827 2869 qui
1841 2842 1876 2861 ex
1887 2833 2020 2864 densitate
2031 2835 2128 2867 albiae
2139 2839 2209 2876 nigri
2222 2839 2281 2870 fieri
2289 2841 2358 2872 solet
2366 2846 2396 2874 Sc

1289 2864 1378 2894 veluti
1390 2864 1477 2895 multa
1488 2866 1710 2897 reverberatione
1721 2867 1816 2899 lucida
1825 2870 1930 2900 coloris
1943 2871 2006 2902 albi.

1269 2901 1379 2932 Vexillo
1389 2903 1507 2933 caeruleo
1519 2904 1634 2934 donavit
1644 2905 1685 2935 Μ.
1699 2906 1847 2946 Agrippam
1857 2930 1866 2943 ,
1886 2909 1923 2938 ob
1939 2910 2064 2941 navalem
2083 2913 2227 2945 victoriam
2245 2917 2387 2955 Augustus.

1288 2941 1364 2970 Suet.
1375 2942 1404 2970 in
1417 2941 1474 2970 vita
1485 2942 1552 2979 Aug.
1566 2952 1627 2981 cap.
1641 2953 1686 2979 25.
1710 2944 1740 2973 V.
1763 2945 1802 2974 ibi
1817 2946 1906 2976 Piti'sc.

1273 2977 1355 3008 Vittis
1363 2979 1487 3008 caeruleis
1497 2989 1548 3009 arae
1559 2981 1661 3010 moestae
1670 3003 1678 3017 ‚
1700 2981 1833 3014 Manibus
1844 2984 1959 3015 structae.
1981 2987 2056 3025 Virg.
2070 2997 2092 3023 ζ.
2107 2989 2167 3018 AEn.
2180 2992 2225 3025 64.

1231 3015 1455 3083 ClssffULgUs’
1477 3018 1496 3047 i.
1513 3027 1552 3048 rn.
1573 3018 1688 3049 Nomen
1698 3020 1793 3051 fontis.
1834 3022 1866 3052 V.
1889 3023 1964 3054 Suet.
1986 3025 2017 3054 in
2037 3026 2098 3055 Vita
2108 3027 2206 3057 Claud.
2224 3039 2288 3068 cap.
2300 3040 2343 3068 19.
2366 3034 2394 3064 ἃ

1300 3064 1338 3084 111.
1351 3064 1361 3091 3
1387 3077 1394 3084 .
1413 3064 1456 3091 15.

1230 3091 1285 3121 CAE
1294 3102 1310 3120 a
1320 3102 1337 3120 u
1347 3103 1362 3120 L
1371 3102 1385 3121 u
1395 3102 1413 3121 υ
1423 3103 1445 3121 M
1459 3115 1468 3128 ,
1489 3093 1509 3123 1'.
1528 3103 1557 3123 n.
1581 3094 1676 3124 Arenae
1688 3104 1775 3133 genus
1788 3096 1843 3133 est,
1865 3107 1925 3135 quae
1944 3099 1974 3128 in
1987 3101 2045 3130 auri
2063 3107 2143 3138 atque
2154 3105 2258 3140 argenti
2271 3107 2393 3138 metallis

1266 3129 1403 3166 nascitur,
1424 3131 1566 3168 pictorum
1581 3131 1657 3162 usui:
1680 3135 1761 3170 cujus
1785 3136 1838 3164 tria
1854 3136 1917 3165 sunt
1936 3147 2035 3174 genera
2046 3160 2055 3174 ‚
2084 3140 2244 3179 IEgyptium
2254 3165 2264 3178 ,
2285 3144 2394 3182 Scythi-

1266 3177 1331 3197 cum
1343 3190 1351 3204 ,
1373 3169 1400 3198 &
1418 3169 1561 3206 Cyprium.
1602 3170 1634 3200 V.
1656 3171 1725 3200 Plin.
1739 3172 1787 3201 lib.
1799 3182 1843 3209 34.
1860 3183 1976 3211 cap.12.
1998 3177 2024 3205 a&
2043 3185 2085 3211 13.

1229 3204 1252 3234 C
1260 3215 1284 3235 ,τε
1293 3215 1310 3234 R
1318 3215 1337 3237 u
1346 3217 1362 3234 L
1372 3216 1387 3235 a
1396 3216 1415 3235 A
1424 3216 1445 3235 ‘r
1456 3216 1475 3236 u
1485 3217 1507 3243 s,
1515 3216 1540 3243 a,
1551 3217 1609 3237 um.
1632 3216 1672 3245 ut,
1686 3210 1758 3239 Cum
1769 3210 1931 3241 caeruleatus
1942 3214 1968 3242 Sc
1980 3214 2082 3248 nudus,
2092 3222 2234 3254 caputque
2245 3220 2391 3252 redimitus

1266 3244 1421 3278 arundine,
1443 3246 1469 3274 Sc
1481 3246 1600 3275 caudam
1608 3247 1731 3283 trahens,
1750 3248 1867 3284 genibus
1878 3249 1990 3280 innixus
2001 3251 2131 3287 glaucum
2141 3253 2265 3286 saltasset.
2288 3258 2391 3289 Patere.

1266 3280 1317 3311 lib.
1328 3291 1354 3311 2.
1365 3287 1410 3318 83.
1433 3282 1474 3312 De
1491 3282 1603 3313 Planco.
1634 3284 1653 3314 i.
1672 3295 1696 3315 e.
1721 3285 1845 3316 Caeruleo
1856 3286 1950 3317 colore
1964 3289 2055 3326 pictus
2067 3311 2076 3325 ‚
2097 3297 2128 3319 ut
2143 3291 2234 3323 Deum
2250 3297 2390 3328 marinum

1229 3319 1490 3394 Cssepzaexsqngafeg}
1509 3369 1567 3389 uin.
1589 3361 1650 3396 Adj.
1665 3362 1687 3404 '[
1695 3361 1825 3404 κνᾴνεῶ]
1846 3361 1923 3391 [dem
1935 3363 2011 3399 quod
2028 3363 2176 3396 Caeruleus.
2200 3368 2290 3401 Catul.
2303 3375 2349 3402 62.
2359 3382 2387 3411 7.

1357 3395 1464 3426 Caerula
1475 3404 1615 3428 verrentes
1626 3399 1750 3435 abiegnis
1762 3408 1870 3435 aequora
1879 3400 1988 3437 palmis.

1263 3431 1322 3462 Ore
1331 3433 1616 3465 caerulusCaeruleum
1626 3436 1731 3466 habens
1741 3437 1834 3466 osAcis
1843 3437 1871 3465 in
1882 3447 1995 3468 amnem
2003 3439 2385 3486 versuS.Ovid.13.Met.895.

1264 3471 1360 3501 Amnis
1370 3472 1494 3502 caerulus.
1517 3473 1584 3503 Stat.
1597 3484 1620 3503 1.
1633 3474 1698 3504 Silv.
1714 3485 1738 3510 5.
1756 3484 1798 3509 5¹·

1267 3508 1348 3537 Astra.
1372 3508 1430 3539 Cic.
1443 3511 1472 3538 in
1483 3511 1572 3540 Arato.

1263 3544 1359 3576 Barbis
1368 3547 1474 3577 caerulis
1486 3548 1617 3585 hispidus.
1639 3548 1719 3586 Apul.
1733 3548 1849 3578 Metam.
1862 3548 1910 3579 lib.
1920 3561 1947 3585 4.

1265 3583 1354 3614 Colla.
1377 3585 1450 3622 Virg.
1464 3596 1490 3614 2.
1503 3585 1563 3615 AEn.
1581 3592 1643 3621 381.
1661 3587 1696 3614 de
1709 3587 1803 3622 Angue
1819 3586 1949 3624 loquitur.

1264 3621 1360 3652 Coma.
1384 3623 1468 3652 Ovid.
1483 3633 1524 3652 11.
1537 3624 1606 3653 Met.
1623 3629 1683 3658 158.
1705 3624 1739 3652 de
1749 3623 1851 3653 Tmolo
1860 3632 1967 3656 monte.

1263 3658 1345 3689 Ficus
1361 3660 1454 3690 baccis
1463 3661 1570 3690 caerula.
1594 3661 1677 3690 Ovid.
1697 3671 1738 3690 ro.
1758 3661 1828 3690 Met.
1840 3667 1887 3697 98.

1263 3697 1284 3726 F
1286 3697 1404 3728 losculos
1415 3699 1536 3727 caerulos.
1561 3698 1639 3736 Apul.
1652 3698 1766 3728 Metam.
1779 3698 1828 3728 lib.
1838 3708 1864 3729 2.

1263 3734 1352 3765 Freta.
1375 3736 1446 3772 Virg.
1462 3746 1504 3765 10.
1520 3736 1581 3765 ΖΕΗ.
1594 3745 1658 3772 209.

1264 3772 1337 3802 Grex
1347 3774 1462 3802 caerulus
1472 3773 1633 3803 Nereidum.
1655 3773 1718 3803 Seii.
1732 3774 1761 3803 in
1772 3774 1886 3812 Hippol.
1901 3784 1926 3812 3.

1263 3810 1350 3840 Lacus
1360 3810 1484 3841 caerulus.
1506 3810 1603 3840 Claud.
1618 3812 1645 3840 in
1658 3813 1746 3849 Apon.
1759 3818 1804 3846 28.

1262 3848 1362 3878 Forma
1374 3847 1472 3877 caerula
1483 3849 1573 3877 maris.
1594 3849 1679 3878 Ovid.
1694 3859 1720 3878 2.
1734 3851 1827 3880 Amor.
1842 3859 1886 3881 11.
1901 3860 1945 3883 η.

1262 3886 1337 3915 Nota
1349 3885 1455 3914 caerula.
1478 3886 1541 3914 Sen.
1553 3885 1668 3924 Hippoi.
1682 3897 1724 3916 ιο.

1260 3923 1341 3959 Plaga
1352 3923 1477 3951 olearum
1488 3923 1595 3952 caerula.
1616 3924 1722 3954 Lucret.
1732 3924 1781 3954 lib.
1793 3936 1817 3961 5.
1828 3935 1908 3963 1373.
1920 3926 2029 3965 Plagam
2039 3930 2131 3968 priore
2143 3931 2230 3968 brevi,
2239 3936 2382 3972 regionem

1279 3961 1420 3996 quandam
1429 3982 1438 3994 ‚
1459 3966 1507 3990 aut
1514 3963 1632 3991 traditum
1642 3962 1712 3992 oleis
1722 3963 1859 3993 consitum
1871 3965 2012 4003 inteiligit,
2026 3978 2143 4005 quarum
2150 3971 2255 4002 fructus
2266 3973 2383 4002 caeruleo

1279 3997 1342 4028 sunt
1349 3997 1451 4028 colore.
2285 4011 2303 4039 S
2306 4020 2321 4040 u
2322 4021 2385 4047 per-
