2600 4177
464 183 497 216 A·
588 182 617 218 R
714 183 746 217 D

64 258 189 296 infamia.
213 264 279 294 Plin.
292 263 339 295 lib.
351 275 378 300 4.
389 261 482 302 ffipist.
498 273 539 293 11.
570 263 690 294 Ardebat
699 274 765 303 ergo
774 264 951 297 Domitianus
968 270 994 299 Sc
1005 267 1188 305 crudelitatis,

84 304 110 333 Sc
120 303 401 340 iniquitatisinfamia.

64 337 272 375 Invidiam-det,
293 342 338 370 cui
348 340 497 369 invidetur.
517 338 574 368 Liv.
590 349 612 375 ς.

65 377 175 408 Invidia
183 378 262 407 ardet
278 387 329 407 res.
358 377 415 407 Cic.
429 387 455 406 2.
477 377 512 413 Q.
525 377 586 406 frat.

12 446 15 449 ,
66 411 219 446 Iracundia.
255 415 319 445 Ter.
331 415 403 444 And.
419 423 479 451 3·²-
497 424 539 444 12.
578 413 610 443 V.
632 412 663 443 in
683 423 913 446 EXARDRSCO.
947 417 983 448 H.
999 419 1039 448 St.

67 452 153 482 Odio.
187 452 244 482 Cic.
256 463 283 488 4.
305 452 404 489 Philip.
415 463 442 488 4.
475 451 659 482 Ardensodio
675 452 773 488 vestrl,
804 455 1191 494 cruentuslanguinecivium

36 514 40 518 .
84 489 282 519 Romanorum.

65 527 141 558 Odia
162 527 260 556 ardent
273 527 303 556 in
315 526 404 556 illum.
426 524 485 556 Cic.
505 535 556 564 pro
576 526 735 562 Milon.40.
768 527 999 561 Omniainiilum
1011 531 1075 560 odia
1087 531 1191 560 civium

85 564 219 594 ardebant
232 564 368 594 defiderio
379 565 444 594 mei.

66 601 164 633 Studio
174 602 248 631 belli.
271 602 328 632 Cic.
347 612 396 639 pro
406 603 496 632 Deiot.
519 602 617 632 Studio
630 602 754 631 historiae.
779 603 835 632 Cic.
855 607 896 633 16.
919 605 973 635 Att.
990 614 1031 641 13.
1051 601 1151 635 Studio
1167 607 1195 635 Sc

85 649 177 670 amore
187 639 312 676 alicujus.
335 641 391 670 Cic.
409 650 432 669 1.
449 640 484 677 Q
499 639 559 669 frat.
575 650 600 669 2.
620 639 720 670 Studio
731 641 788 669 veri
800 643 966 679 reperiendi.
990 644 1048 673 Cic.
1062 654 1090 680 4.
1109 643 1194 673 Acad.

88 681 132 713 65.
153 677 252 707 Studio
269 688 414 715 equorum.
438 678 504 707 Hor.
517 687 542 707 2.
556 677 639 715 Epist.
657 687 680 706 1.
696 688 740 714 95.

12 715 21 723 “
62 725 195 750 abens,
216 715 312 745 Partic.
332 715 457 752 [αὖθι-ιν]
479 715 565 752 Quod
584 716 672 745 ardet.

67 753 86 784 A
109 762 137 782 es
153 753 280 783 ardentes
291 759 358 783 anro
389 755 407 782 i.
424 763 448 783 e.
469 755 557 783 Aureo
575 753 668 782 colore
687 752 840 783 elucentes.
863 753 936 793 Virg.
956 766 983 792 4.
994 756 1093 794 Georg.
1110 765 1155 793 99.

67 791 90 820 C
102 791 164 828 ypei
175 791 303 821 ardentes
313 814 319 820 .
343 791 499 829 Fulgentes.
541 791 611 829 Virg.
628 801 653 820 2.
667 791 730 820 ffin.
744 800 806 827 734.

69 828 152 858 Color
163 828 375 859 ardentissimus.
414 829 482 858 Plin.
497 827 546 859 lib.
561 839 606 861 21.
617 839 678 867 cap.
690 839 716 863 4.
740 829 782 858 De
791 829 849 859 rosa
861 830 889 858 in
898 832 1019 862 coronis.

64 865 282 904 Equiardentes.
305 867 376 905 Virg.
392 877 413 897 1.
426 868 486 897 IEn.
500 872 564 904 472.
589 866 641 896 Ubi
651 867 779 901 Servius,
801 867 955 903 Ardentes,
981 869 1151 900 &candidos
1163 868 1194 898 fi..

85 904 238 972 gnbficagcssl
244 905 371 972 vgloces:
394 911 426 935 ut
436 905 597 935 Pernicibus
607 906 689 943 ignea
698 904 809 942 plantis.
850 906 878 935 Si
892 906 976 944 Ignea
985 907 1068 937 velox
1079 908 1117 937 est
1137 907 1193 936 line

107 952 123 971 11
144 952 172 971 10
241 953 253 972 1·
274 953 333 973 ens.

66 978 158 1012 febris
169 980 277 1011 ardens.
307 980 613 1019 Plin.lib.2o.cap.20.
649 979 817 1010 Ardentibus
828 980 1116 1022 febribusimponitur
1128 990 1193 1012 cum.

85 1017 209 1055 polenta.

50 1059 56 1063 '⁷
67 1055 149 1088 Hora:
160 1055 216 1085 diei
229 1055 434 1086 ardentiffimae.
456 1056 524 1085 Plin.
536 1055 582 1085 lib.
597 1065 641 1092 31.
663 1065 723 1094 cap.
739 1065 764 1092 3.

66 1090 173 1125 Literae.
196 1094 255 1124 Cic.
278 1105 320 1130 14.
337 1096 389 1124 Att.
405 1105 447 1124 10.
470 1094 602 1123 Ardentes
614 1095 642 1123 in
653 1104 718 1124 eum
726 1094 818 1123 literas
831 1094 920 1124 adme
930 1096 1011 1126 mifit.

67 1132 164 1164 Nubes
175 1132 283 1162 ardens.
304 1132 378 1170 Virg.
392 1138 418 1169 7.
436 1132 496 1162 [En.
513 1142 573 1166 142.
604 1132 777 1162 Ubi‘Servius
788 1155 796 1167 ,
828 1133 979 1164 Ardentem
996 1134 1102 1164 nubem
1113 1156 1122 1171 ,
1148 1133 1196 1164 alii

85 1170 219 1201 Ftdmen,
242 1171 346 1200 nubem
362 1171 506 1201 ardentem
517 1170 630 1199 dicunt:
654 1170 690 1200 Ut
705 1169 806 1200 Lucan.
824 1181 864 1199 10.
883 1181 944 1207 503·

147 1222 186 1229 -—
205 1214 287 1245 atque
295 1208 394 1238 ardens
411 1218 473 1237 aere
491 1207 557 1237 solo.
580 1218 648 1245 quos
661 1208 788 1238 hocloco
800 1208 930 1245 sequutus
938 1210 984 1239 est.
1070 1209 1122 1240 Alii
1143 1209 1196 1240 fula.

41 1249 51 1252 “
85 1252 151 1276 men
174 1246 274 1275 dicunt
282 1247 350 1276 aeris
361 1246 487 1276 sciffione
496 1246 640 1275 ardentem
649 1247 746 1275 rimam
759 1269 766 1279 .
789 1255 858 1283 quos
867 1246 933 1276 alibi
944 1247 1064 1285 sequitur
1074 1249 1171 1279 dicens
1183 1270 1192 1285 2

147 1283 229 1321 lgnea
239 1284 309 1314 rima
320 1285 426 1314 micans
443 1285 578 1322 percurrit
594 1283 698 1313 lumine
710 1284 830 1314 nimbos.
914 1286 982 1315 Haec
991 1286 1111 1316 Servius.

68 1321 154 1360 Oculi
167 1322 296 1351 ardentes
309 1344 316 1357 ,
337 1323 354 1352 i.
371 1332 395 1352 e.
418 1322 575 1360 Fulgentes.
602 1322 674 1359 Virg.
690 1331 712 1359 3.
733 1322 831 1360 Georg.
848 1333 909 1358 ςος.

67 1359 174 1390 O'ratio.
195 1360 254 1390 Cic.
267 1360 296 1389 in
308 1359 384 1390 Orat.
401 1370 461 1396 132.
502 1360 561 1389 Nec
571 1370 693 1397 unquam
704 1360 727 1389 is
738 1360 784 1397 qui
799 1361 906 1390 audiret
917 1362 1125 1398 incenderetur,
1144 1361 1195 1392 nist

64 1413 66 1416 ·
86 1397 185 1427 ardens
196 1398 230 1426 ad
241 1408 304 1427 eum
315 1399 473 1435 perveniret
483 1398 580 1427 oratio.

67 1434 176 1474 Papulae
187 1458 195 1469 ,
219 1436 238 1465 i.
257 1446 280 1466 e.
302 1436 471 1466 Carbunculi
482 1459 489 1471 ,
512 1443 541 1465 ut
551 1435 589 1465 ait
599 1436 708 1466 Servius
722 1446 728 1466 ε
751 1436 795 1466 vel
810 1436 962 1467 Furunculi
976 1447 1011 1468 ex
1031 1438 1124 1468 adusta
1138 1438 1195 1468 bile

86 1474 260 1503 inflammati.
285 1473 355 1512 Virg.
369 1484 392 1511 3.
420 1475 519 1511 Georg.
534 1479 595 1510 564.

62 1509 165 1542 Studio
176 1512 290 1549 quidem
298 1513 406 1543 ardenti
415 1513 470 1543 hoc
480 1511 589 1541 fortasse
598 1512 726 1541 efficiam.
758 1512 815 1542 Cic.
829 1523 854 1542 2.
868 1514 903 1550 Q
918 1513 977 1543 frat.

67 1549 166 1580 Studio
178 1550 337 1580 ardentiore
350 1557 446 1589 petere
456 1573 464 1586 ‚
487 1560 537 1588 pro
548 1550 772 1580 Vehementiore.
795 1551 852 1580 Cic.
869 1561 894 1580 2.
913 1552 948 1582 dc
963 1553 1023 1582 Fin.
1036 1555 1082 1582 61.

67 1582 176 1623 Virtus,
200 1587 346 1618 Excellens
364 1591 389 1619 ἃ
410 1590 539 1618 maxima.
565 1588 634 1626 Virg.
648 1591 674 1617 6.
688 1588 749 1618 AEn.
764 1599 825 1625 130.

67 1626 201 1694 Affielntes
218 1627 245 1656 &
261 1628 368 1657 erectos
383 1637 433 1657 vos
445 1627 479 1656 ad
495 1626 653 1656 libertatem
665 1627 883 1665 recuperandam
894 1628 1071 1658 adhortabor.
1093 1628 1152 1659 Cic.
1166 1639 1192 1666 4.

128 1674 135 1692 1
149 1674 206 1702 ipp.
234 1672 276 1694 11.

0 1712 22 1734 11.
34 1699 155 1734 ‘lunen
165 1711 185 1730 T
195 1711 244 1737 ex,
266 1703 418 1738 ardentius,
429 1702 626 1732 ardentiffime.
651 1703 718 1733 Adv.
741 1704 757 1738 [
771 1703 897 1738 &vs-fleri:
914 1704 928 1738 ]
949 1703 1018 1733 Plin.
1032 1704 1049 1733 l.
1064 1713 1107 1734 12.
1120 1713 1194 1740 c.19.

0 1789 21 1848 1,

69 1740 177 1771 Austros
189 1740 227 1770 ibi
239 1747 296 1771 tam
308 1740 530 1777 ardenterflare,
551 1740 726 1771 utaestatibus
738 1740 825 1778 sylvas
841 1742 1016 1778 accendant,
1037 1743 1196 1772 invenimus

68 1779 324 1855 sii-dgntieiltgiijpgie.
344 1818 362 1847 i.
379 1828 404 1847 e.
425 1817 619 1847 Vehementer.
653 1816 712 1847 Cic.
726 1827 753 1853 4.
767 1817 850 1847 Tusc.
869 1826 911 1854 39.
933 1817 979 1848 Sic
990 1818 1138 1849 Ardentius
1149 1829 1198 1858 ape

88 1861 193 1893 petere.
217 1855 276 1884 Cic.
291 1867 317 1891 4.
329 1856 364 1885 de
375 1855 435 1885 Fin.
455 1860 498 1885 16.

0 1890 8 1922 1
34 1890 178 1924 arsuro
189 1903 201 1922 s
215 1915 224 1928 ,
253 1893 349 1923 Partic.
371 1895 384 1930 [
400 1890 556 1928 ›osvo-iulo&
572 1894 587 1929 ]
608 1893 694 1924 Ovid.
709 1902 751 1928 14.
772 1893 842 1923 Met.
857 1902 918 1931 74²7>

0 2019 3 2035 ι
12 2019 19 2040 ,r

15 2057 17 2065 ,

0 2063 2 2071 r
8 2062 10 2073 Ι

0 2130 9 2153 Γ)

0 2511 20 2532 Σ
0 2275 19 2496 *ΐξζῖ-’ἶὲΐῄ
0 2171 19 2265 ΞῩΞᾏΓ.

0 2578 17 2608 -3
0 2538 12 2571 tv-

5 3119 10 3137 -›
0 2737 18 3107 ‘ss'w-svt-tff2rtww
0 2701 11 2721 v
0 2624 17 2691 -er-*v

2 3375 17 3415 fa
0 3338 14 3365 Β.
0 3300 14 3326 ἱῡῑ
1 3230 15 3288 *ηε
0 3195 13 3213 ’Δ

0 3431 14 3514 744·-

37 2498 159 2533 Arnon
171 2525 179 2539 ‚
211 2504 274 2533 oris.
297 2514 333 2533 m.

149 1930 305 1968 Luridaque
325 1931 416 1961 arsuro
436 1932 564 1970 portabat
582 1931 708 1961 membra
722 1932 832 1961 feretro.

19 1989 23 1999 .
70 1968 166 1999 Comae
181 1969 286 1999 arsurae.
310 1970 382 2008 Virg.
399 1980 440 1999 11.
461 1970 580 2008 ffin.77.

62 2015 106 2074 nvn
117 2017 231 2075 1130οὠ
250 2008 418 2045 [φλέγμαμ
447 2008 532 2044 effla]
562 2010 618 2038 ere.
646 2007 800 2038 Inchoativ.
830 2007 875 2038 vel
891 2007 969 2038 idem
987 2008 1063 2047 quod
1084 2008 1194 2040 Ardere.

94 2055 118 2074 ir
138 2066 145 2074 .
158 2056 179 2074 1.
233 2055 260 2074 n.
297 2057 306 2076 1
331 2069 338 2076 .

61 2092 64 2096 ’
119 2055 136 2083 g
149 2083 262 2121 Expleri
272 2054 396 2114 iiie-inem
407 2083 687 2122 nequit,ardescitque
694 2083 810 2113 tuendo.
849 2082 990 2121 Plin.l.33.
1000 2092 1055 2121 c.3.
1067 2083 1191 2116 Primum

71 2126 164 2152 autern
174 2121 307 2151 bonitatis
318 2123 374 2152 auri
385 2129 579 2160 argumentum
589 2123 635 2157 est,
647 2131 730 2159 quam
738 2121 904 2151 difficillime
918 2123 1043 2152 accendi.
1066 2123 1197 2153 Praeterea

71 2160 181 2195 mirum,
195 2160 500 2198 prunaeviolentiffimae
510 2161 755 2198 igniiudomitum,
766 2160 846 2198 palea
852 2160 980 2190 citiffime
988 2160 1137 2191 ardescere.

72 2197 219 2228 Ardescere
230 2199 260 2227 in
278 2198 339 2228 iras.
363 2199 447 2228 Ovid.
462 2210 485 2234 ς.
501 2198 572 2228 Met.
586 2210 632 2235 41.
874 2200 879 2204 ’

72 2235 224 2266 Ardescunt
240 2237 326 2266 caede.
347 2236 432 2266 Ovid.
449 2246 490 2266 12.
502 2236 574 2267 Met.
589 2247 654 2273 240.

71 2273 216 2303 Ardescere
223 2274 304 2304 facile
315 2297 323 2310 ,
345 2276 363 2304 i.
379 2285 404 2304 e.
425 2275 517 2305 Facile
528 2275 669 2305 flammam
680 2274 838 2312 concipere.
862 2273 971 2305 Lucret.
982 2275 1002 2304 l.
1016 2277 1042 2305 6.
1057 2279 1120 2312 898.

70 2311 216 2342 ardescere
235 2312 322 2351 lyaeo,
344 2314 361 2342 i.
382 2323 405 2342 e.
429 2312 596 2343 Inealescere
607 2323 693 2343 mero.
715 2312 763 2342 Sil.
776 2312 823 2341 lib.
840 2322 881 2342 11.

73 2350 194 2380 Ardescit
208 2351 266 2380 dira
274 2351 522 2390 cupidinepettus.
544 2351 652 2381 Lucret.
664 2350 713 2381 lib.
722 2362 750 2386 4.
766 2356 847 2387 1084.

71 2387 217 2418 Ardescere
233 2398 340 2419 venere.
379 2389 543 2419 Lucret.lib.
559 2401 582 2424 ς.
593 2396 656 2426 89ς.

54 2420 220 2457 ““Α1ᾰε[“εει·ε
235 2428 264 2456 111
276 2427 391 2457 incestas
411 2428 533 2465 nuptias·
561 2427 653 2457 Tacit.
671 2437 714 2457 11.
726 2427 798 2456 Ann.
811 2436 855 2464 25.

72 2464 217 2494 Atdescere
236 2475 400 2495 mucronem
419 2465 502 2502 J'ussit.
523 2465 614 2496 Tacit.
630 2476 672 2502 15.
689 2466 760 2495 Ann.
776 2476 819 2501 54.

364 2505 512 2540 [υόντων]
548 2503 705 2534 Vehemens
726 2502 802 2533 calor
827 2505 854 2533 Sc
877 2502 1051 2533 incendium.
1083 2503 1143 2533 Cic.
1168 2513 1195 2539 4.

72 2540 154 2570 Acad.
175 2551 186 2570 1
194 2551 236 2577 19.
268 2541 337 2571 Fore
345 2548 440 2572 tamen
447 2542 596 2580 aliquando
615 2549 645 2572 ut
656 2542 747 2571 omnis
758 2541 804 2570 hic
812 2542 934 2570 mundus
945 2541 1043 2571 ardore
1053 2541 1195 2579 deflagret.

71 2574 139 2608 Plin.
152 2578 199 2608 lib.
219 2590 261 2615 14.
281 2589 342 2617 cap.
358 2583 398 2610 16.
437 2580 581 2619 Singulare
589 2580 747 2610 remedium
762 2579 868 2608 habent
884 2579 919 2609 ad
939 2579 1157 2617 refrigerandum
1166 2580 1196 2609 in

71 2617 175 2646 morbis
189 2626 337 2655 corporum
351 2618 471 2648 ardores.

70 2654 176 2684 Amoris
195 2656 283 2685 ardor.
313 2656 371 2685 Cic.
384 2667 405 2685 1.
419 2656 454 2686 de
472 2656 548 2687 Orat.
564 2666 625 2692 134.
656 2654 762 2685 Crassus
770 2655 892 2685 arridens
910 2677 918 2689 ,
941 2655 1008 2692 quid
1023 2654 1135 2691 censes,
1156 2656 1198 2685 in.

91 2693 160 2730 quit.
186 2693 266 2723 Cotta
275 2716 282 2728 ,
304 2694 351 2723 nili
361 2695 481 2724 studium
492 2696 519 2724 ἃ
532 2695 660 2724 ardorem
674 2694 813 2732 quendam
822 2693 944 2722 amoris‘?

37 2726 62 2771 J
71 2729 161 2760 Animi
173 2732 253 2761 ardor
263 2731 398 2762 consedit.
429 2732 489 2762 Cic.
502 2734 532 2762 in
545 2733 678 2776 Orat-93.
710 2733 797 2761 Ardor
817 2732 904 2761 animi
919 2741 977 2760 non
988 2731 1095 2769 semper
1106 2731 1194 2762 adest:

72 2768 167 2836 Bisflue
180 2770 404 2838 ἓιιυηιιςοηΓεάὲὶ
412 2793 433 2837 ,ss
442 2772 534 2838 offinis
546 2769 647 2838 (lualm
658 2793 666 2806 ,
688 2770 796 2837 gequagr
809 2770 1113 2836 flanssmlafiextinguitur.

94 2816 108 2836 e
132 2816 178 2836 iar
200 2817 239 2837 or.
284 2818 318 2837 iv.
357 2832 363 2838 .
398 2818 442 2838 e.
495 2819 572 2838 ace.
608 2819 685 2838 nme
710 2818 777 2838 ioar
800 2817 847 2837 ore
884 2817 898 2837 e
934 2830 940 2836 .

72 2844 146 2874 Coeli
161 2845 241 2875 ardor
251 2852 283 2875 ut
295 2820 444 2876 fulminum
459 2848 557 2882 jactus.
582 2847 641 2877 Cic.
658 2856 682 2884 3.
698 2847 727 2875 in
739 2846 819 2876 Catil.
834 2851 876 2879 ιε.

72 2881 264 2920 cupiditatum
280 2885 407 2914 omnium
415 2885 512 2914 ardore
521 2885 658 2915 restinsto.
680 2884 738 2914 Cic.
755 2895 776 2914 1.
792 2884 828 2913 de
839 2883 897 2913 Fin.
911 2891 957 2921 43.

71 2919 199 2951 Flammae
216 2922 296 2951 ardor
306 2922 436 2952 fervidus.
457 2922 566 2952 Lucret.
580 2923 629 2953 lib.
644 2934 668 2958 ς.
681 2932 746 2958 205.

71 2957 195 2989 Nubium
205 2961 287 2989 ardor
295 2961 428 2990 conflictu
444 2961 594 3000 expreffus.
613 2961 671 2990 Cic.
683 2970 708 2990 2.
720 2961 755 2990 de
765 2959 858 2991 Divin.
870 2968 916 2996 44.

68 2995 225 3027 Oculorum
234 2998 323 3028 ardor.
354 2998 413 3028 Cic.
435 3004 486 3037 pro
498 2999 581 3036 Corn.
593 2999 668 3028 Balb.
681 3009 725 3035 49.

71 3029 205 3077 Vultuui'n
213 3042 295 3074 atque
304 3043 432 3066 motuum
442 3037 532 3067 ardor.
556 3037 614 3067 Cic.
635 3048 657 3066 1·
670 3037 706 3067 de
720 3037 811 3066 Divin.
824 3041 870 3070 80.
890 3035 956 3065 Vidi
969 3035 1039 3073 saepe
1050 3035 1080 3064 in
1092 3035 1195 3079 AEsopo

89 3072 215 3103 familiari
224 3081 393 3104 tuo‘tantum
404 3076 532 3105 ardorem
539 3074 668 3105 vultuum
677 3082 759 3113 atque
770 3081 900 3104 motuum
909 3096 917 3110 ,
938 3080 970 3103 ut
985 3083 1052 3103 eum
1071 3082 1113 3103 vis
1123 3084 1195 3111 quae=

91 3109 155 3140 dam
169 3111 323 3142 abstraxisse
341 3123 356 3141 a
369 3112 447 3142 sensu
466 3113 569 3143 mentis
589 3114 738 3142 videretur.

71 3145 227 3179 Flumineus
237 3150 318 3180 ardor
331 3151 463 3181 exederat
471 3150 558 3189 sylvas
569 3150 603 3180 ab
612 3148 760 3181 radicibus.
784 3150 895 3180 Lucret.
907 3149 955 3180 lib.
975 3159 999 3184 ς.
1012 3156 1092 3185 1251.

73 3185 234 3217 Generosus.
259 3188 323 3218 Sen.
340 3189 437 3219 octav.
450 3199 477 3218 2.

72 3222 212 3255 Insatiatus
222 3226 312 3255 ardor.
333 3227 401 3256 Stat.
413 3231 440 3257 6.
457 3226 549 3259 Theb.
560 3230 624 3265 306.

73 3260 150 3292 Trux
164 3264 252 3293 ardor.
274 3265 321 3294 Sil.
330 3264 379 3294 lib.
391 3275 433 3302 17.
621 3275 627 3291 x

73 3299 245 3338 conflagrare
254 3302 351 3332 ardore
359 3303 485 3332 flammae.
506 3302 565 3333 Cic.
576 3303 671 3340 Anteq.
682 3301 743 3333 iret.
768 3303 797 3332 in
807 3301 873 3332 exil.
890 3311 913 3332 1.

73 3336 229 3369 Defendere
241 3341 344 3370 nimios
359 3340 423 3370 solis
434 3342 555 3371 ardores.
577 3341 637 3370 Cic.
654 3340 690 3370 de
698 3340 809 3371 Senect.
823 3349 866 3378 53.

72 3374 194 3406 Dehiscit
206 3378 303 3407 ardore
313 3385 392 3408 terra.
415 3379 486 3416 Virg.
501 3388 526 3415 3.
550 3379 650 3416 Georg.
664 3387 729 3415 432.

73 3409 246 3445 Dissimulare
259 3417 398 3446 ardorem.
417 3417 511 3447 Tibul.
522 3416 572 3446 lib.
584 3428 611 3453 4.
627 3426 669 3446 12.
680 3421 706 3447 6.

73 3449 188 3490 Dissipat
204 3455 332 3484 ardorem
343 3455 372 3483 in
383 3464 481 3485 omnes
494 3461 594 3493 partes.
614 3454 724 3485 Lucret.
736 3453 786 3484 lib.
802 3458 901 3484 2210.

73 3488 180 3520 Edendi
194 3492 283 3521 ardor.
308 3492 392 3522 Ovid.
406 3499 430 3527 8.
451 3493 520 3523 Met.
537 3499 600 3528 828.

73 3525 111 3557 Fu
131 3538 175 3558 are
185 3530 310 3559 ardorem
320 3531 437 3561 vetitum
454 3531 489 3560 de
497 3531 591 3560 corde.
613 3530 698 3560 Ovid.
715 3540 740 3565 9.
754 3530 824 3561 Met.
839 3538 900 3565 501,

74 3537 165 3596 Haliet
178 3568 460 3611 omuesidem'ardor.
484 3569 555 3607 Virg.
565 3580 592 3605 4.
611 3568 674 3612 AEu.
689 3573 753 3605 581.

73 3600 259 3635 Intendebant
276 3613 414 3636 exercitus
430 3606 565 3636 ardorem.
595 3606 686 3636 Taelt.
701 3615 743 3636 12.
759 3607 829 3636 Ann.
844 3614 889 3641 35.
1176 3628 1183 3646 s

74 3639 140 3671 Iniit
149 3652 213 3672 eum
222 3653 339 3681 magnus
352 3644 443 3674 laudis
455 3645 544 3674 ardor.
565 3645 633 3675 Stat.
644 3651 686 3674 12·
700 3643 792 3675 Theb.
805 3650 850 3680 73·
1174 3648 1175 3651 ’

36 3708 38 3711 ,
73 3675 187 3714 injicere
197 3682 333 3712 ardorem.
374 3682 405 3711 V.
426 3694 437 3712 1
448 3693 468 3712 N
477 3693 488 3718 J
498 3694 508 3712 1
517 3693 534 3712 c
544 3694 553 3712 1
563 3693 589 3712 o.

72 3714 176 3747 micare
184 3720 279 3749 ardore
287 3718 433 3750 stellarum.
455 3720 513 3750 Cic.
529 3731 553 3750 1.
565 3721 601 3750 de
610 3719 705 3750 Divin.
721 3724 763 3753 ¹8·

72 3752 178 3785 Torreri
195 3756 257 3786 solis
267 3758 373 3787 ardore.
394 3758 453 3788 Cic.
464 3759 494 3788 in
503 3759 600 3788 Scmn.
619 3758 695 3796 Scip.
710 3767 753 3794 15.

73 3787 157 3822 Ardor
169 3795 245 3824 idem
255 3794 334 3825 sonat
343 3805 375 3825 ac
386 3795 482 3827 Dolor.
505 3796 613 3827 Lucret.
624 3795 672 3825 lib.
684 3805 710 3825 2.
720 3802 785 3831 252.

149 3831 213 3862 Sive
228 3833 359 3872 voluptas
380 3834 419 3863 est
430 3856 439 3869 ,
459 3835 513 3865 five
530 3835 569 3864 est
587 3834 741 3864 contrarius
762 3832 851 3862 ardor.

11 3875 14 3878 ⁴
41 3862 109 3906 Am>
117 3878 158 3898 m·
166 3879 186 3898 τ
196 3880 216 3899 υ
225 3880 236 3899 s
247 3892 256 3906 ,
284 3873 299 3907 [
315 3868 441 3907 Α’ςᾶιιθεῷυ
458 3873 473 3908 ]
501 3873 569 3902 Loci
581 3881 686 3901 nomen
696 3871 828 3905 Athenis,
855 3869 891 3899 s1c
899 3867 969 3899 dieti
978 3867 1013 3898 ab
1022 3867 1133 3898 Ardetto
1144 3869 1192 3898 he-

7 3924 10 3928 <
41 3909 45 3944 ἱ
74 3914 137 3942 ζοε,
157 3907 205 3937 ubi
212 3905 382 3938 sacramento
396 3909 423 3938 se
432 3910 620 3954 obstringebar
630 3909 761 3948 populus.
801 3908 891 3945 Etym.

47 3939 108 3971 Anu
119 3954 160 3974 1AE
169 3955 179 3974 1
191 3968 200 3981 ‚
221 3948 238 3982 [
251 3945 361 3982 Α’ςδιαῖοι
377 3947 392 3983 ]
411 3947 511 3986 111erae
539 3947 617 3986 opuh
627 3969 636 3983 ,
658 3948 692 3977 de
704 3947 803 3984 quibus
819 3946 855 3975 sic
865 3943 962 3975 Strabo
971 3943 1020 3974 lib.
1031 3954 1057 3982 7.
1078 3944 1192 3975 Posteri«

74 3985 112 4023 3²³⁸
127 3989 219 4013 autem
230 3984 350 4014 Ardiaeos
366 3995 500 4016 vocavere
533 3985 647 4016 aralios:
676 3994 772 4014 verum
782 3984 940 4019 rejecerunt
950 3981 1014 4012 illos
1025 3982 1144 4012 Romani
1161 3984 1192 4012 in

73 4021 199 4050 interiora
215 4028 309 4057 terrae,
335 4022 446 4060 longius
464 4035 479 4054 a
495 4025 581 4058 mari,
604 4032 691 4061 quum
708 4022 862 4052 latrociniis
877 4021 978 4050 cuneta
989 4021 1140 4058 vastarent,
1162 4022 1190 4053 &

74 4058 141 4093 agris
150 4059 312 4090 incumbere
324 4060 450 4092 colendis
458 4063 584 4102 coegere.
621 4061 700 4092 Plura
709 4061 773 4092 vide
781 4060 858 4099 apud
867 4058 998 4090 eundem.

1251 2277 1274 2309 A
1283 2288 1299 2308 ι
1311 2287 1328 2306 o
1339 2286 1403 2306 υιτ
1412 2288 1430 2305 A
1439 2286 1451 2306 s
1463 2299 1471 2312 ,
1503 2277 1565 2306 atis.
1590 2274 1642 2312 [πῖ
1666 2276 1758 2304 bircani&
1767 2299 1775 2312 ‚
1798 2281 1930 2312 kann-dm
1946 2280 1961 2314 ]

1696 197 1979 234 ΛΚΕ
2340 217 2414 252 247

1244 269 1264 299 A
1275 279 1290 297 R
1300 278 1319 298 n
1329 279 1340 298 1
1349 280 1367 300 c
1376 282 1392 302 1³
1400 283 1414 303 s
1423 295 1430 308 ,
1452 275 1466 310 [
1485 272 1586 312 Α’ςδίκης
1602 276 1617 311 ]
1639 274 1799 306 Corinthius
1808 278 1898 315 pictor
1909 279 1970 316 fuit,
1986 283 2064 317 cujus
2077 286 2206 315 meminit
2222 286 2290 316 Plin.
2302 288 2351 317 lib.
2366 298 2409 324 35.

1284 318 1345 344 cap.
1362 319 1385 345 3.

1247 345 1267 372 A
1279 353 1292 371 1³
1306 354 1322 371 n
1335 356 1390 377 rsc
1401 359 1418 377 0
1429 359 1440 377 s
1452 371 1460 382 ,
1484 351 1498 384 [
1531 347 1643 384 ’ςδδσκΘι
1660 350 1675 385 ]
1695 350 1761 380 telle
1781 352 1951 390 Aristarcho,
1973 355 2086 387 Fluvius
2103 359 2240 397 Scythiae,
2262 363 2340 397 cujus
2357 373 2413 392 me-

1286 383 1367 412 minit
1380 387 1404 415 Sc
1416 387 1572 415 Herodorus
1583 387 1629 417 lib.
1643 398 1670 422 4.

1248 419 1270 446 ,Α
1280 428 1295 446 R
1308 429 1323 445 1)
1335 431 1351 448 u
1364 432 1404 451 FN
1414 434 1433 452 N
1444 434 1472 457 a,
1497 424 1591 453 Gallice
1600 426 1721 454 maxima
1731 425 1814 463 sylva,
1836 430 1849 463 [
1868 425 1986 464 Α’ςὲκέννκ
1998 429 2069 466 ὕλη]
2090 432 2155 462 Cres.
2172 437 2197 463 6.
2213 434 2280 464 Bell.
2293 436 2411 471 Gallaq.

1287 455 1347 492 Ipse
1358 469 1440 495 quum
1453 462 1633 491 maturescere
1646 463 1785 492 frumenta
1798 465 1963 503 inciperent,
1983 468 2017 496 ad
2032 468 2136 499 bullum
2148 472 2313 510 Ambiorigis
2323 475 2414 510 profe-

1284 494 1343 537 stus
1360 506 1400 525 ier
1411 499 1585 540 Arduennam
1599 500 1701 536 sylvam
1718 522 1726 535 ,
1749 511 1809 538 qua:
1820 504 1857 532 est
1869 505 1954 533 totius
1964 505 2058 535 Galliae
2068 508 2190 537 maxima
2209 531 2217 545 ,
2241 517 2324 546 atque
2334 511 2367 539 ab
2380 512 2413 540 ri-

1284 539 1327 567 pis
1365 534 1436 576 *henr
1450 557 1462 577 ,Ι
1490 536 1645 579 finibusque
1660 537 1858 575 Trevirorum,
1882 542 1917 570 ad
1940 542 2055 573 Nervios
2075 546 2212 582 pertinet,
2234 547 2413 585 millibusque

1286 571 1405 614 amplius
1418 580 1576 614 quingentis
1595 584 1622 616 in
1644 574 1850 618 longitudinem
1866 585 1961 616 patet,
1982 579 2011 609 L.
2031 581 2191 613 Minucium
2210 584 2326 614 Balilum
2347 595 2413 616 cum

1283 614 1359 636 omni
1378 615 1504 646 equitatu
1526 618 1676 646 praemittit.

1277 651 1320 688 Ru
1331 655 1348 673 υ
1360 655 1398 688 us
1409 668 1417 678 .
1439 656 1471 689 a,
1495 656 1551 692 um.
1575 648 1587 683 [
1603 646 1704 686 8119023515
1718 672 1726 684 ,
1739 649 1850 694 mmai}
1861 675 1869 687 ‚
1887 654 2003 691 ἐνωφεξιὶε
2018 656 2033 691 ]
2054 656 2263 695 Nonnunquam
2276 659 2412 694 Sublime‚

1284 681 1350 711 ahas
1360 682 1679 714 Drfficrleesrmolestum.
1701 687 1805 717 Sallust.
1820 700 1847 718 111
1857 690 1937 721 Catil.
1954 701 1977 728 3.
2014 695 2047 723 At
2070 695 2138 724 mihi
2157 695 2286 732 quidem,
2308 698 2414 727 tametsi

1280 718 1497 763 haudquaquam
1509 731 1554 757 par
1563 721 1648 764 gloria
1659 723 1959 764 sequuturscriptorem
1980 732 2006 760 Sc
2025 733 2169 761 authorem
2183 744 2290 763 rerum:
2317 742 2413 764 tamen

1282 767 1313 786 m
1324 767 1421 824 plrimis
1441 759 1559 787 arduum
1571 760 1694 803 videtur,
1716 772 1758 790 res
1778 766 1996 799 gclt.1slcribere.
2039 769 2125 805 Quod
2138 771 2251 800 verbum
2267 781 2413 809 exponens

1281 794 1326 824 Ge
1350 795 1417 824 .hb.
1429 807 1455 831 4.
1475 805 1536 832 cap.
1552 807 1593 830 ις.
1607 806 1695 833 inquit
1709 821 1715 829 .
1733 800 1793 841 ⁴Sed
1808 802 1928 832 Arduum
1940 805 2081 836 Sallustius
2100 817 2157 837 non
2171 818 2221 845 pro
2233 809 2343 838 Difficili
2355 818 2414 839 tan-

1281 838 1345 862 tum
1355 855 1362 867 ,
1384 832 1430 862 sed
1442 842 1492 870 pro
1504 843 1537 862 eo
1550 843 1661 870 quoque
1672 843 1753 872 pouit
1762 839 1838 873 quod
1847 840 1933 869 Grsrci
1952 841 2001 878 ‘5⁹ae
2015 846 2050 877 ρὲς
2065 853 2111 873 aut
2127 846 2234 881 ρμλεπὴν
2253 847 2411 884 appellant:

1282 871 1368 937 guq'dl
1380 871 1417 900 est
1425 880 1489 900 cum
1508 870 1610 899 dfficile
1622 893 1630 906 ,
1652 877 1711 901 tum
1731 874 1876 905 molestum
1887 888 1996 916 quoque
2010 885 2035 910 ἃ
2056 883 2269 914 incommodum
2294 888 2319 915 S<
2332 886 2416 915 intra.

1314 918 1328 936 a
1350 919 1356 937 1
1372 918 1396 938 e.

1280 944 1386 975 AEther.
1408 945 1492 976 Ovid.
1508 955 1530 974 1.
1542 945 1611 975 Met.
1627 955 1689 981 15¹-
1710 946 1744 975 Et
1757 946 1827 985 Virg.
1849 959 1871 978 r.
1901 952 1998 991 Georg,
2015 964 2075 992 324.

1285 983 1423 1013 Ascensus.
1446 984 1503 1013 Cic.
1517 993 1542 1012 2.
1554 983 1590 1012 de
1600 983 1676 1012 Orat.
1694 990 1757 1013 261.
1785 985 1817 1014 Et
1833 988 1896 1017 Caes.
1913 1000 1938 1018 2.
1958 992 2023 1020 bell.
2037 994 2106 1023 (iall.
2124 1004 2165 1033 33.

1285 1021 1401 1051 Ascensu
1417 1021 1524 1051 difficili
1535 1021 1657 1050 &arduo
1669 1030 1725 1051 erat
1734 1025 1879 1059 oppidum.
1910 1027 1966 1056 Cic.
1980 1035 2004 1057 ὁ.
2021 1030 2092 1059 verr,
2109 1043 2151 1066 51-

1285 1060 1392 1089 Aditus.
1414 1059 1471 1088 Liv.
1486 1070 1512 1095 4.
1525 1057 1591 1088 Bell.
1603 1059 1669 1089 Pun.
1693 1060 1794 1089 Eadem
1807 1062 1884 1091 causa
1893 1064 1927 1092 ad
1948 1065 2121 1097 subcundum
2132 1091 2140 1105 ,
2165 1071 2282 1101 arduum
2293 1072 2399 1103 aditum

1305 1096 1517 1134 instabilemque
1533 1096 1681 1134 ingressum
1692 1099 1841 1136 praebebat.
2402 1095 2411 1110 '

1285 1134 1402 1165 Cedrus.
1425 1135 1508 1165 Ovid.
1524 1145 1545 1163 1.
1570 1136 1661 1165 Amor.
1679 1146 1720 1171 14.
1736 1146 1779 1165 12.

1284 1172 1387 1202 Cervix
1398 1173 1472 1210 equi.
1496 1172 1568 1210 Virg.
1582 1182 1606 1208 3.
1619 1173 1719 1210 Georg.
1731 1183 1774 1211 79.
1798 1175 1863 1204 Hor.
1878 1185 1900 1204 1.
1922 1176 2007 1207 Serm.
2021 1188 2046 1208 2.
2062 1185 2104 1215 99.

1285 1210 1496 1278 Ciivfflss-,r‘liius
1506 1211 1535 1240 in
1549 1210 1643 1241 valler.
1676 1212 1761 1242 Ovid.
1776 1222 1798 1241 1.
1809 1213 1828 1242 F
1831 1213 1876 1242 ast.
1890 1219 1952 1250 264.
1967 1217 2001 1244 de
2011 1219 2211 1256 proruuditate,
2226 1221 2262 1251 ad
2273 1231 2353 1259 quam
2368 1224 2411 1254 via

1315 1255 1340 1278 'rt
1378 1259 1385 1278 1
1418 1259 1443 1277 cr
1457 1259 1487 1278 is.
2135 1265 2143 1274 ·
2327 1258 2340 1267 ²

1286 1286 1376 1316 Collis
1389 1287 1489 1316 arduus
1501 1288 1526 1316 ἃ
1537 1286 1679 1325 demptus.
1705 1287 1796 1318 Tacit.
1813 1298 1840 1318 2.
1864 1290 1932 1319 Ann.
1946 1296 1991 1324 80.

1286 1324 1414 1355 Mundus
1424 1325 1534 1368 arduust
1559 1324 1630 1362 Virg.
1648 1336 1670 1354 1.
1687 1325 1786 1364 Georg.
1801 1337 1865 1363 240.
1900 1328 1956 1357 Ubi
1969 1330 2078 1360 Servius
2090 1353 2097 1367 ,
2120 1333 2244 1369 Arduus,
2268 1334 2412 1373 Excelsus,

1308 1365 1334 1393 δι
1347 1362 1455 1392 summo
1467 1371 1570 1392 vertlce
1584 1369 1695 1393 artatus.

1286 1400 1389 1439 Operis
1399 1400 1477 1430 ardui
1492 1407 1558 1430 erat.
1599 1402 1617 1431 i.
1635 1411 1659 1431 e.
1682 1401 1801 1431 Maximi
1820 1402 1931 1433 laboris.
1955 1404 2079 1435 Plinlib.
2093 1413 2188 1446 Scap.
2211 1411 2253 1438 16.

1287 1438 1337 1468 Per
1351 1439 1469 1468 arduum
1479 1438 1620 1468 scandere.
1642 1439 1710 1469 Hor.
1724 1450 1749 1470 2.
1773 1440 1863 1470 Carni.
1880 1451 1920 1477 19.
1931 1450 1976 1472 21.

1287 1476 1417 1506 Promissa
1428 1477 1520 1506 ardua.
1544 1476 1641 1507 Claud.
1659 1487 1684 1507 2.
1698 1478 1727 1506 in
1744 1477 1855 1517 Eutrop.
1870 1484 1930 1515 316.
1971 1481 1989 1509 i.
2006 1491 2031 1512 e.
2055 1482 2192 1513 lmmensa
2203 1485 2390 1523 &magnifica

1288 1514 1343 1544 Res
1361 1515 1453 1544 arduae
1472 1524 1505 1544 ac
1516 1515 1651 1545 difficiles.
1674 1515 1733 1545 Cic.
1744 1526 1769 1545 2.
1790 1516 1825 1545 de
1839 1516 1945 1547 invent.
1966 1522 2025 1554 163.
2051 1519 2186 1550 Patientia
2202 1522 2239 1551 est
2257 1524 2413 1560 honestatis,

1307 1559 1356 1582 aut
1375 1552 1596 1620 utilitatisffcausa
1607 1575 1615 1588 ,
1638 1563 1730 1583 rerum
1743 1554 1892 1584 arduarum
1911 1566 1943 1585 ac
1959 1557 2116 1588 difficilium
2133 1560 2288 1590 voluntaria
2306 1571 2338 1591 ac
2355 1563 2415 1591 cliu-

1308 1598 1389 1621 turna
1427 1601 1455 1620 er
1477 1601 1491 1620 e
1516 1601 1552 1621 10.

1288 1628 1343 1658 Res
1360 1601 1474 1663 ardiiael?
1492 1639 1543 1667 pro
1554 1628 1648 1658 Rebus
1661 1629 1822 1660 difficilibus
1834 1653 1842 1665 ,
1863 1631 1989 1662 adversis.
2012 1632 2078 1662 Hor.
2090 1643 2115 1663 2.
2135 1634 2224 1664 Carm.
2241 1645 2263 1671 3.
2279 1646 2301 1666 1.

1371 1667 1486 1704 IEquam
1508 1673 1652 1696 memento
1676 1668 1758 1697 rebus
1782 1669 1812 1697 in
1829 1668 1943 1699 arduis'
2040 1671 2152 1701 Servare
2169 1680 2301 1704 mentem.

1289 1703 1344 1735 Res
1354 1705 1438 1734 ardua
1449 1727 1456 1740 ,
1477 1715 1526 1743 pro
1540 1705 1631 1734 Arduo
1644 1727 1652 1740 ,
1674 1715 1775 1744 magno
1785 1728 1793 1742 ,
1813 1708 1936 1744 negotio.
1958 1707 2042 1739 Ovid.
2056 1719 2079 1747 3.
2094 1709 2130 1740 de
2138 1710 2236 1746 Ponto,
2250 1722 2274 1748 9.
2289 1722 2333 1750 23.

1371 1744 1461 1772 Ardua
1479 1753 1520 1772 res
1541 1743 1633 1773 vicisse
1651 1744 1728 1774 alios.

1289 1777 1347 1810 Via.
1371 1781 1455 1810 Ovid.
1476 1791 1502 1810 2.
1528 1781 1596 1810 Met.
1618 1784 1664 1817 63.

1289 1819 1408 1854 Arduus,
1435 1818 1569 1849 Difficilis.
1591 1818 1854 1850 utSolumarduum
1865 1830 1967 1859 opere,
1990 1822 2076 1859 Quod
2089 1823 2203 1854 difficile
2212 1824 2320 1855 colitur.
2343 1826 2411 1857 Plin.

1308 1857 1356 1886 lib.
1371 1867 1413 1894 17.
1426 1867 1485 1895 cap.
1505 1868 1531 1892 4.
1560 1857 1616 1887 Sed
1629 1858 1706 1887 idem
1716 1857 1804 1888 solum
1812 1859 1971 1897 ubicunque
1981 1861 2097 1890 arduum
2108 1871 2194 1899 opere
2207 1884 2214 1896 ,
2237 1863 2349 1894 difficile
2359 1865 2415 1895 cul-

1307 1901 1337 1924 tu
1350 1918 1358 1930 ,
1379 1895 1459 1924 bonis
1476 1895 1528 1924 suis
1543 1896 1632 1925 acrius
1642 1905 1714 1933 pene
1724 1918 1732 1931 ,
1754 1906 1836 1934 quam
1848 1898 1919 1926 vitiis
1931 1898 2037 1936 posset,
2060 1899 2155 1937 affligit
2164 1901 2321 1938 agricolam.

1288 1933 1414 1963 Arduum
1425 1943 1476 1971 pro
1488 1933 1638 1963 Ardenti&
1648 1934 1779 1964 animoso.
1813 1935 1886 1973 Virg.
1901 1946 1925 1970 9.
1948 1937 2008 1966 AEn.
2023 1946 2064 1973 <3-

1288 1971 1379 2001 Ardua
1392 1994 1400 2007 ,
1422 1973 1448 2002 Sc
1477 1972 1566 2000 Ardua
1591 1978 1743 2007 terrarum,
1774 1982 1825 2011 pro
1843 1973 2013 2004 Sublimibus
2032 1975 2110 2004 locis.
2145 1975 2216 2012 Virg.
2233 1987 2256 2012 5.
2276 1978 2338 2008 ffin.
2352 1982 2415 2012 605.

1308 2009 1363 2038 Ubi
1375 2010 1502 2044 Servius,
1524 2010 1615 2039 Ardua
1628 2015 1778 2046 terrarum,
1798 2011 1961 2049 periphrasis
1976 2015 2125 2043 montium.
2149 2013 2204 2042 Liv.
2216 2024 2239 2043 2.
2258 2025 2302 2051 ις.
2344 2017 2418 2046 fixis

1308 2048 1338 2077 in
1348 2054 1448 2077 terram
1459 2047 1523 2085 pilis
1538 2070 1544 2083 ,
1568 2057 1623 2085 quo
1640 2048 1757 2078 leviores
1777 2049 1806 2078 in
1817 2050 1901 2079 ardua
1909 2050 2059 2080 evaderent
2070 2074 2077 2086 ,
2099 2052 2178 2080 cursu
2191 2052 2317 2084 subeunt.

1287 2086 1418 2117 Amantes
1436 2086 1521 2115 ardua
1542 2086 1621 2115 dumi
1635 2108 1642 2120 ,
1664 2087 1683 2115 i.
1699 2096 1723 2116 e.
1751 2085 1852 2117 Colles.
1884 2087 1954 2126 Virg.
1970 2097 1994 2125 3.
2013 2089 2112 2127 Georg.
2127 2099 2189 2125 315.

1288 2125 1382 2154 Ardua
1392 2124 1565 2153 castellorum
1581 2124 1739 2154 excindere.
1770 2124 1860 2155 Tacit.
1881 2136 1923 2155 11.
1943 2127 2010 2156 Ann.
2024 2137 2050 2162 9.

1288 2161 1425 2200 Magnum
1445 2172 1515 2200 opus
1535 2163 1652 2191 omnino
1679 2164 1705 2192 &
1722 2163 1840 2193 arduum
1861 2163 1944 2194 Brute
1960 2173 2112 2195 conamur:
2148 2163 2196 2195 sed
2217 2166 2288 2195 nibil
2307 2167 2419 2198 difficile

1307 2201 1413 2230 amanti
1424 2208 1530 2238 putat-0.
1553 2200 1611 2229 Cic.
1630 2201 1658 2229 in
1679 2200 1755 2230 Orat.
1780 2209 1821 2237 13.

1290 2238 1381 2269 Ardua
1393 2238 1524 2268 molimur
1536 2248 1542 2268 :
1563 2237 1610 2267 sed
1624 2238 1701 2268 nulla
1709 2238 1759 2267 nili
1769 2239 1985 2270 arduavincunt.
2009 2239 2094 2270 Ovid.
2108 2251 2132 2271 2.
2145 2242 2181 2271 de
2192 2242 2253 2270 Arte
2267 2243 2324 2271 Am.
2340 2253 2400 2281 537.

1992 2278 2077 2308 Varro
2095 2288 2120 2309 2.
2144 2281 2179 2308 o'e
2196 2279 2228 2308 R.
2245 2280 2274 2309 A.
2298 2289 2357 2318 cap.
2377 2295 2416 2314 ιο.

1290 2316 1391 2352 Neque
1401 2316 1478 2344 enim
1489 2314 1565 2343 senes
1581 2324 1671 2352 neque
1682 2316 1761 2351 pueri
1770 2315 1884 2345 collium
1898 2316 2102 2353 difficultatem,
2123 2326 2169 2347 aut
2182 2325 2322 2347 monuum
2330 2322 2420 2350 ardui.

1289 2359 1376 2383 tatem
1390 2359 1474 2390 atque
1487 2352 1661 2390 asperitatem
1678 2352 1759 2381 facile
1779 2352 1882 2382 ferunt.

1251 2393 1396 2426 Aruns,
1418 2392 1433 2427 [
1452 2388 1558 2427 A'gssvej
1581 2390 1664 2428 Gygis
1683 2390 1827 2428 Lydorum
1847 2393 1917 2430 regis
1931 2391 2022 2429 filius,
2043 2393 2090 2423 cui
2104 2395 2190 2425 etiam
2210 2396 2241 2425 in
2256 2405 2342 2433 regno
2361 2396 2420 2426 suc-

1293 2428 1379 2459 ceffit.
1401 2428 1538 2459 Herodot.
1558 2428 1576 2458 l.
1594 2438 1616 2458 1.

1714 2469 1742 2503 A
1838 2468 1869 2504 R
1962 2470 1990 2504 E

1251 2543 1350 2575 ΑΒΕΔ
1362 2563 1370 2577 ,
1403 2551 1433 2571 ae.
1465 2541 1480 2576 [
1496 2536 1596 2567 ἆᾺπᾶυν
1614 2541 1628 2576 ]
1659 2542 1772 2579 proprie
1792 2542 1894 2571 dicitur
1909 2541 2046 2578 (authore
2066 2543 2169 2578 Festo)
2189 2545 2278 2576 Locus
2295 2556 2397 2576 vacuus
2409 2568 2418 2581 ,

1291 2580 1364 2618 quasi
1375 2579 1511 2609 exaruerit
1522 2600 1529 2613 ,
1553 2580 1579 2609 δι
1590 2588 1647 2607 non
1659 2579 1742 2617 possit
1755 2581 1901 2618 quicquam
1915 2590 2053 2618 generare.
2077 2582 2162 2611 Varro
2170 2595 2196 2619 4.
2209 2585 2245 2614 de
2254 2584 2282 2614 L.
2296 2584 2324 2613 L.
2350 2584 2420 2614 Loca

1290 2620 1319 2649 in
1335 2617 1403 2647 urbe
1413 2625 1490 2654 pura,
1501 2626 1578 2645 areae.
1602 2616 1722 2647 Florent.
1734 2618 1791 2647 inl.
1805 2618 1894 2647 fundi.
1908 2628 1972 2648 211.
1994 2619 2030 2649 de
2041 2620 2115 2650 verb.
2128 2622 2172 2657 lig.
2200 2622 2289 2652 Locus
2303 2623 2342 2652 (itv
2359 2623 2419 2658 uit)

1291 2658 1348 2686 sine
1369 2654 1487 2685 aedificio
1504 2655 1532 2696 in
1549 2654 1617 2684 urbe
1633 2664 1709 2690 area,
1732 2664 1794 2685 rure
1811 2663 1905 2686 autem
1923 2666 1986 2694 ager
2004 2658 2167 2696 appellatur.
2208 2660 2309 2690 Vitruv.
2332 2667 2374 2687 lm
2393 2671 2415 2690 1.

1292 2705 1354 2732 cap.
1366 2704 1392 2731 7.
1432 2693 1529 2722 Divius
1554 2693 1722 2730 angiportis,
1745 2695 1771 2724 Sc
1792 2694 1891 2732 plateis
1916 2695 2071 2725 constitutis
2088 2719 2095 2731 ,
2124 2707 2248 2727 arearum
2267 2699 2363 2728 electu.
2382 2699 2419 2727 ud

1292 2731 1532 2771 opportunitatem
1555 2732 1581 2760 ἃ
1599 2731 1676 2760 usum
1688 2741 1868 2762 communem
1882 2733 2000 2763 civitatis
2016 2734 2054 2763 est
2070 2735 2239 2772 explicanda
2259 2736 2363 2765 aedibus
2381 2736 2418 2765 ia-

1291 2771 1362 2805 ctis,
1382 2769 1462 2804 foro,
1483 2768 1651 2806 reliquisque
1661 2769 1730 2799 locis
1751 2771 1959 2800 communibus.
1994 2771 2143 2801 Etlierunt
2153 2774 2417 2804 moeniasecundum

1291 2817 1367 2838 mare
1379 2829 1387 2842 ,
1408 2816 1470 2836 area
1483 2806 1531 2836 ubi
1541 2807 1632 2836 forum
1643 2808 1824 2837 constituatur
1836 2831 1844 2843 ,
1866 2809 1995 2847 eligenda
2007 2811 2136 2847 proxime
2149 2819 2268 2849 portum.

1291 2849 1360 2877 Area
1378 2846 1406 2874 in
1429 2844 1535 2873 aedibus
1553 2844 1664 2875 urbanis
1682 2846 1784 2875 dicitur
1796 2846 1924 2876 Medium
1938 2847 2056 2885 spatium
2070 2858 2188 2879 vacuum
2201 2851 2271 2880 inter
2287 2850 2413 2887 parietes.

1310 2885 1355 2914 Sic
1365 2883 1465 2921 legitur
1479 2883 1545 2912 Area
1554 2883 1632 2918 Fori,
1654 2884 1729 2922 apud
1744 2883 1814 2914 Gell.
1831 2894 1872 2918 η.
1885 2895 1931 2921 24.
1962 2887 2029 2915 Area
2039 2886 2168 2917 Palatina.
2210 2887 2286 2917 Idem
2312 2897 2350 2916 11.
2370 2898 2411 2917 10.

1308 2924 1378 2952 Area
1392 2921 1560 2958 Capitolina.
1594 2922 1668 2951 Suet.
1687 2921 1771 2960 Calig.
1787 2932 1832 2952 22.
1854 2922 1912 2952 Liv.
1930 2933 1954 2958 5.
1977 2923 2042 2953 Bell.
2066 2924 2131 2954 Pun.
2173 2925 2256 2960 Cujus
2276 2925 2415 2954 certandae

1309 2969 1395 2997 quum
1416 2960 1475 2988 dies
1494 2959 1662 2996 adven-isset,
1683 2960 1890 2998 conciliumque
1907 2968 1964 2991 tam
1983 2962 2112 3000 frequens
2129 2962 2219 3000 plebis
2237 2962 2339 2992 adesset
2355 2985 2362 2998 ,
2385 2970 2414 2992 ut

1307 2997 1521 3027 multitudinem
1531 3006 1593 3026 area
1604 2998 1736 3036 Capitolii
1755 3000 1799 3028 vix
1815 3006 1933 3037 caperet.
1959 2999 2017 3029 Cic.
2033 3010 2058 3029 2.
2079 3001 2114 3037 Q.
2128 3001 2186 3029 frat.
2201 3006 2226 3033 8.
2250 3002 2269 3030 A
2285 3010 2371 3038 puero
2382 3008 2414 3031 ut

1309 3036 1435 3069 discessi,
1458 3035 1487 3064 in
1502 3044 1592 3065 aream
1611 3043 1688 3065 tuam
1701 3037 1772 3066 veni.
1799 3037 1866 3066 Plin.
1878 3037 1947 3066 solet
1965 3038 2066 3067 addere
2077 3039 2229 3075 genitivum
2244 3038 2360 3075 Domus,
2382 3046 2413 3068 ut

1308 3074 1357 3103 lib.
1371 3079 1396 3103 6.
1420 3073 1502 3110 Epist.
1519 3083 1564 3102 20.
1605 3072 1767 3104 Resedimus
1781 3075 1811 3104 in
1827 3084 1888 3105 aera
1900 3076 2018 3109 domus,
2040 3086 2100 3113 quae
2111 3078 2163 3105 &12.

1288 3111 1420 3146 Parvula,
1442 3110 1489 3140 sed
1507 3111 1602 3141 festiva
1621 3121 1690 3141 area.
1713 3112 1781 3142 Pliu.
1800 3112 1848 3142 lib.
1869 3123 1894 3142 2.
1923 3113 2005 3151 Epist.
2020 3122 2062 3150 17.
2110 3141 2115 3146 ,
2403 3144 2410 3151 ,

1288 3152 1366 3185 Area,
1380 3149 1434 3179 Ubi
1446 3149 1584 3179 frumenta
1592 3151 1753 3180 triturantur
1767 3153 1794 3182 S:
1805 3152 1986 3180 excutiuntur
1996 3173 2003 3187 ,
2027 3149 2119 3187 [ἀλωαὶ
2130 3173 2138 3186 ,
2162 3150 2248 3186 ἕλω]
2270 3151 2409 3183 Columel.

1307 3188 1356 3218 lib.
1370 3197 1395 3217 2.
1422 3196 1482 3225 cap.
1497 3197 1542 3216 20.
1566 3188 1633 3217 Area
1641 3198 1752 3226 quoque
1762 3189 1778 3217 sl
1790 3197 1896 3218 terrena
1909 3190 1960 3218 erit
1972 3195 2002 3218 ut
2010 3189 2081 3218 fitad
2093 3189 2214 3218 trituram
2228 3189 2289 3219 {liris
2302 3191 2413 3227 habilis,

1307 3227 1429 3265 primum
1441 3226 1568 3261 radatur,
1591 3226 1694 3255 deinde
1705 3227 1882 3256 confodiatur
1897 3249 1904 3261 ,
1925 3228 2112 3264 permistisqu:
2125 3227 2209 3263 paleis.
2220 3237 2285 3256 cum
2300 3239 2410 3259 virnurca

1308 3274 1369 3302 quae
1380 3263 1464 3292 salem
1481 3273 1540 3292 non
1551 3265 1659 3302 accepit
1670 3287 1677 3299 ,
1694 3272 1867 3302 extergatur:
1890 3274 1955 3294 nam
1971 3274 2052 3293 ear-es
2067 3274 2082 3292 a
2097 3265 2279 3301 populatione
2290 3267 2411 3296 murium

1307 3302 1541 3338 formicarumque
1551 3302 1689 3332 frumenta
1700 3303 1833 3332 defendit.
1855 3310 1915 3332 tum
1922 3309 2024 3339 aequata
2036 3302 2168 3339 paviculis
2179 3302 2222 3332 vel
2234 3303 2328 3332 moliri
2344 3306 2411 3333 'ani-

1308 3340 1344 3369 de
1355 3339 1540 3369 condensetur
1551 3362 1558 3373 ,
1580 3342 1606 3369 <Sc
1624 3340 1713 3370 rursus
1735 3341 1863 3375 {iit-jectis
1873 3340 1958 3378 paleis
1970 3340 2125 3369 inculcetur
2136 3362 2144 3377 ‚
2167 3347 2249 3378 atque
2257 3342 2410 3372 italolious

1307 3378 1434 3408 ficcanda
1446 3378 1621 3414 relinquatur.
1648 3379 1716 3416 Virg.
1736 3389 1758 3408 1.
1779 3380 1875 3416 (icorg.
1897 3383 1947 3414 ¹78

1369 3417 1436 3445 Area
1445 3422 1505 3444 tum
1521 3416 1641 3454 primurn
1659 3417 1763 3454 ingenti
1774 3420 1812 3444 cir
1830 3415 1965 3452 aequando
1982 3414 2118 3452 cylindro.
2203 3416 2262 3446 Cic.
2287 3428 2311 3454 5.
2326 3417 2407 3451 ,Vern

1309 3457 1352 3491 36.
1375 3453 1481 3490 Nequis
1491 3454 1661 3483 frumentum
1670 3454 1705 3482 dc
1716 3464 1773 3483 aref
1787 3454 1904 3483 tolleret.
1927 3453 1993 3482 Hor.
2008 3463 2028 3481 1.
2050 3453 2178 3493 (31111111.
2194 3464 2236 3484 10.

1368 3491 1444 3528 Quic
1466 3492 1514 3520 uid
1536 3492 1570 3521 de
1589 3492 1698 3529 Lybicis
1718 3492 1832 3521 verritur
1850 3491 1918 3519 areis
2008 3490 2084 3520 ldem
2099 3502 2119 3520 1.
2138 3493 2224 3521 §erm
2247 3503 2325 3529 1.45.

1408 3529 1458 3559 Mil
1472 3531 1496 3558 ia
1514 3530 1646 3558 frumenti
1662 3538 1708 3558 tua
1726 3530 1833 3558 triverit
1852 3538 1921 3572 area..
1933 3534 2056 3558 centum.

1236 3582 1247 3584 e
1287 3562 1372 3597 Nunc
1385 3568 1482 3597 teritur
1500 3568 1597 3596 nostris
1615 3577 1676 3596 area
1696 3568 1783 3602 major
1795 3567 1889 3603 equis,
1913 3575 1931 3596 1.
1948 3576 1972 3596 e.
1994 3566 2078 3596 Nunc
2094 3568 2182 3604 majus
2198 3578 2270 3606 opus
2278 3567 2409 3607 ‘aggredi-

1306 3616 1376 3634 mur.
1400 3605 1483 3635 Ovid.
1496 3618 1522 3641 4.
1548 3605 1611 3634 fast.
1637 3615 1678 3634 10.

1286 3644 1362 3673 Areae
1371 3644 1400 3672 in
1411 3644 1496 3672 hortis
1509 3665 1516 3679 ,
1539 3643 1679 3680 Quadrata
1691 3641 1817 3679 quaedam
1831 3640 1930 3679 spatia,
1953 3641 2039 3679 probe
2054 3639 2199 3674 abacia&
2208 3653 2358 3682 coaequata,
2377 3646 2405 3674 in

1307 3691 1368 3719 quae
1379 3689 1446 3710 mox
1455 3681 1558 3710 semina
1571 3681 1710 3714 iaciantur.
1733 3679 1870 3709 Columel.
1884 3679 1931 3708 lib.
1941 3694 1948 3707 ι
1961 3692 1980 3709 r.
1992 3690 2053 3718 cap.
2072 3690 2095 3716 3.
2137 3682 2220 3711 luitur
2235 3683 2319 3711 ιῖκῖμςῃ
2331 3684 2406 3720 qvod

1305 3719 1449 3749 conserere
1459 3719 1528 3748 Vere
1539 3718 1779 3751 destinaverimus,
1801 3717 1860 3754 post
1872 3719 2039 3748 Autumnum
2050 3726 2187 3756 patiemur
2197 3720 2322 3749 erin-svm
2338 3722 2407 3755 iace-

1304 3767 1334 3787 re
1347 3758 1450 3787 brumae
1464 3756 1609 3793 frigoribus
1625 3757 1651 3785 ἃ
1670 3756 1777 3792 pruinis
1797 3756 1975 3784 inurendum.
2016 3756 2130 3794 Quippe
2152 3767 2167 3786 e
2187 3766 2326 3787 contrario
2339 3759 2406 3789 licut

1305 3795 1381 3825 calor
1400 3795 1511 3827 aestatis,
1533 3794 1569 3822 ita
1587 3794 1628 3822 vis
1645 3793 1752 3830 frigoris
1762 3794 1896 3829 excoquit
1910 3800 2009 3823 terram
2021 3816 2029 3829 ,
2049 3795 2299 3833 fermentatamque
2317 3796 2405 3826 siluit.

1303 3843 1386 3871 quare
1396 3833 1505 3870 perat‘ta
1521 3831 1616 3860 bruma
1633 3837 1692 3859 turn
1704 3830 1818 3859 demum
1831 3831 1932 3861 stercus
1945 3831 2084 3867 injicitur,
2106 3834 2131 3862 Sc
2145 3834 2215 3863 circ..
2230 3834 2295 3863 ldus
2307 3834 2381 3869 ,lanu
2396 3856 2400 3858 ἡ

1305 3872 1358 3900 rias
1370 3872 1471 3899 humus
1483 3868 1579 3897 refossa
1591 3868 1620 3896 in
1632 3877 1705 3897 areas
1720 3868 1866 3898 dividitur:
1901 3880 1961 3907 qua·
1972 3876 2065 3899 tamen
2080 3871 2115 3899 sic
2125 3871 2306 3901 informami.=-
2321 3873 2380 3901 “unz
2396 3896 2402 3907 ,ἶ

1305 3916 1337 3938 ut
1345 3908 1425 3936 facile
1447 3906 1621 3935 runcantium
1630 3916 1729 3935 manus
1748 3906 1782 3934 ad
1794 3907 1940 3937 dimidiam
1953 3915 2058 3945 purtem
2071 3909 2225 3939 latitudinis
2240 3920 2333 3939 earum
2346 3922 2393 3948 ptr

1302 3946 1434 3975 veniant:
1457 3954 1493 3973 ne
1504 3944 1550 3981 qui
1563 3943 1762 3981 persequuntur
1771 3944 1882 3975 herbas.
1905 3946 2009 3975 semina
2018 3946 2179 3984 proculcare
2192 3956 2325 3985 cogantur
2336 3970 2342 3976 .
2360 3949 2381 3976 s·
2398 3950 2401 3954 “

1304 3984 1397 4021 potius
1409 3990 1459 4020 per
1469 3981 1576 4011 semitas
1587 3981 1775 4018 ingrediantur
1787 4004 1795 4016 ,
1817 3984 1842 4012 &
1851 3984 1954 4013 alterna
1964 3985 2024 4013 vice
2034 3984 2165 4014 dimidias
2176 3996 2250 4015 areas
2259 3996 2402 4015 crunccmc.

1303 4021 1362 4051 Cic.
1376 4021 1405 4050 in
1416 4020 1508 4049 Parad.
1521 4029 1547 4055 7.
1587 4018 1664 4049 Prata
1673 4020 1699 4050 &
1710 4029 1785 4051 areas
1793 4023 1926 4059 quasdam
1936 4032 2038 4060 magno
2054 4022 2196 4053 aestimant.
2254 4060 2267 4091 I
2289 4061 2304 4090 f

2269 4071 2286 4090 n
2301 4071 2406 4092 ormare
