2604 4222
155 166 222 207 362
625 155 649 189 B
739 151 774 185 O
866 146 887 181 S

194 243 281 275 insula
296 243 434 280 Conopon
453 237 575 269 diabafis.
614 234 708 265 Postea
722 229 896 261 Boreostoma
915 226 941 254 &
961 216 1172 261 Spireostorna3
1193 214 1306 260 Singula

196 289 289 313 autem
298 291 345 310 ora
356 288 430 309 tanta
444 278 522 310 sunt,
544 281 574 304 ut
591 273 723 312 prodatur
738 270 765 297 in
782 278 799 296 x
810 278 833 294 ι..
848 276 878 293 Μ.
900 255 1218 304 Pstffl¹¹Q¹⁰¹¹S¹ffld¹¹¹3?
1232 262 1306 296 V¹¹.¹.C¹

197 330 271 350 mare
283 341 291 355 ,
312 318 479 353 dulcemque
493 317 516 344 ir
538 311 613 349 elligi
624 309 757 339 haustum.
781 303 868 333 Verba
879 300 941 330 sunt
955 300 1034 330 Plinii
1049 295 1083 322 de
1094 291 1307 324 Oanubuostus,

200 358 248 387 hb.
261 369 287 393 4.
305 366 365 394 cap.
381 365 422 384 12.
768 380 773 386 ,
941 374 946 379 ,
1002 373 1006 377 ,
1225 367 1230 371 .

163 396 206 426 Βο
217 405 257 425 ac
267 405 284 424 0
294 405 312 423 D
323 405 331 422 1
342 415 351 429 ‚
373 392 436 421 Asiae
448 388 546 428 populi
558 383 684 415 ininsula
696 368 792 419 Aigilia
802 401 810 413 ‚
831 376 897 406 teste
908 374 976 404 Plin.
990 372 1037 401 lib.
1050 372 1074 398 6.
1089 377 1149 405 cap.
1163 372 1208 400 28.
1224 376 1253 394 in
1263 365 1311 394 de-

199 433 349 471 scriptione
363 429 474 459 Arabiae.
771 453 777 459 .
1008 448 1013 452 ¹
1169 443 1174 448 ι
1227 442 1232 447 ι

164 472 206 503 Bo
217 481 232 499 R
241 475 279 500 io
289 479 308 498 N
320 491 328 503 ,
350 466 479 503 [ademi]
500 462 595 492 Africae
604 461 829 497 promontorium
841 473 849 486 ‚
873 449 948 487 quod
961 455 1093 491 maiorem
1105 444 1206 486 Syrtim
1226 439 1314 470 inclu-

203 510 253 538 dit.
294 507 362 536 Piin.
375 505 420 533 lib.
434 514 457 536 ς.
473 511 532 538 cap.
543 511 569 534 4.
591 492 814 527 Promontorium
829 488 904 525 quod
920 494 1054 521 majorem
1073 481 1192 511 includit
1203 502 1210 515 ‚
1233 479 1314 515 (Syr-

201 548 252 575 tim
263 543 411 579 intelligit)
432 540 534 570 Borion
549 535 713 573 appellatur.
755 530 771 558 i.
789 538 813 557 e.
834 524 956 556 Boreale.
1223 555 1227 560 .
1286 551 1292 558 ⁶

167 585 236 614 Bor<
247 591 311 611 iri-1
322 603 330 616 ⁷
352 579 442 609 Herba
452 575 603 614 saponaria.
643 572 684 600 De
702 570 753 597 hac
771 565 855 594 herba
871 563 906 592 sic
919 562 1010 591 isidor.
1026 563 1068 588 16.
1084 568 1110 587 2.
1146 556 1270 596 Crepitat
1285 562 1315 595 in

204 631 274 658 aqua
283 642 291 654 .,
313 617 455 656 quomodo
467 613 528 643 calx
537 613 599 640 viva
609 631 616 645 ‚
639 610 664 638 ἃ
676 606 731 644 ipsa
742 603 856 641 quidem
868 599 994 638 disperit,
1017 597 1062 626 sed
1074 605 1173 632 aquam
1185 594 1316 621 lavationi

205 666 298 695 aptam
309 656 408 685 reddit.
441 653 486 687 jo.
499 649 586 679 mich.
598 646 715 682 Langius
728 641 830 672 Diisert.
844 639 950 672 edidit,
967 639 992 666 δι
1002 636 1131 673 saponem
1142 631 1184 661 vel
1197 630 1317 671 smegma

205 697 259 725 else
277 693 441 724 contendit:
473 688 518 718 sed
533 686 579 716 Ol.
594 681 740 714 Rudbecli.
763 687 913 717 purpuram
929 674 971 705 vel
988 682 1106 703 coccum
1127 669 1203 699 fuiffe
1216 668 1317 697 statuit.

206 733 280 762 conf.
293 731 371 767 Vulg.
387 730 500 764 interpr.
515 725 610 754 lerem.
627 732 652 751 2.
665 730 708 749 22.
727 720 752 748 ὁὶ
764 717 829 747 Mai.
844 725 869 757 3.
881 723 907 743 2.
954 752 959 756 ι
1002 750 1006 755 ,
1071 749 1076 753 .

167 772 187 802 Β
197 782 213 800 o
223 781 239 799 R
247 781 267 799 M
278 780 296 798 A
306 779 326 798 N
336 765 374 797 Νἰ
384 776 402 795 c
411 776 428 795 o
438 787 446 801 ‚
468 762 615 801 Oppidum
627 760 664 788 est
680 755 866 787 Narbonenus
883 759 1032 789 provinciae
1040 771 1048 781 .
1069 758 1096 776 in
1108 755 1171 783 agro
1182 744 1318 786 Cavai'um

205 809 293 837 situm.
316 806 384 835 Plin.
397 804 446 833 lib.
459 811 483 839 3.
499 810 559 838 cap.
573 809 599 834 4.
625 796 679 827 Sed
692 794 775 826 Hard.
793 802 826 822 ex
842 790 903 821 Mff.
917 788 1074 824 distinguit:
1098 785 1254 815 liormanni,
1267 781 1320 808 Co-

204 854 321 874 macina.

167 883 187 914 B
196 894 212 912 o
220 893 236 911 R
244 893 260 912 o
269 892 288 910 N
299 903 307 917 ‚
329 881 365 910 est
374 877 608 916 Troglodytarum
622 871 768 910 oppidum.
790 868 860 897 Plin.
873 865 921 895 lib.
931 868 956 893 6.
974 873 1034 900 cap.
1047 870 1092 897 29.

169 922 188 951 Β
199 931 214 949 0
224 931 238 948 R
247 930 263 948 R
273 929 291 948 υ
303 940 311 954 ,
331 920 436 948 Arianae
449 914 568 952 regionis
580 912 684 941 flumen
696 910 740 937 est.
765 906 832 936 Plin.
848 905 897 933 lib.
911 907 936 932 6.
954 909 1068 943 cap-23.
1185 933 1190 939 ⁸

168 959 214 990 Bo
225 967 261 986 Rs
272 968 281 985 1
291 966 306 985 Ρ
317 966 359 985 ΡΑ
370 975 378 991 ,
399 955 436 983 est
451 951 609 989 Babyloniae
622 971 630 984 ‚
651 957 710 984 quae
731 942 939 981 Mesopotamiae
960 938 1110 972 coniundta
1127 933 1165 963 est
1183 938 1255 976 inter
1269 930 1323 960 Eu-

208 995 311 1033 phratis
325 992 516 1022 conversiones
526 1011 534 1024 ,
556 988 619 1017 urbs
629 1009 636 1020 ,
659 986 754 1014 Dianae
769 984 794 1012 a>
808 979 928 1019 Apollini
941 977 1013 1006 sacra
1025 998 1032 1011 ,
1054 976 1150 1017 inlqua
1170 978 1323 1013 maximum

207 1033 359 1063 lanificium
370 1031 408 1060 est
418 1052 426 1063 ,
448 1031 472 1059 ἃ
481 1028 601 1057 maxima
613 1021 842 1061 vespertilionum
853 1015 1005 1047 multitudo
1018 1035 1025 1047 .
1049 1022 1095 1050 qui
1109 1012 1190 1046 longe
1205 1015 1324 1042 ma10res

208 1071 269 1100 sunt
278 1092 285 1105 ‚
307 1079 388 1107 quam
404 1068 451 1105 qui
461 1067 487 1095 in
499 1064 597 1095 ceteris
606 1060 675 1091 locis
686 1060 833 1097 capiuntur
846 1078 853 1091 ‚
874 1054 937 1084 &in
947 1052 1022 1082 esum
1033 1050 1210 1079 condiuntur.
1233 1044 1322 1075 Strab.

170 1109 264 1179 &lips
272 1108 424 1177 ᾆδε-[τες.
445 1140 511 1171 Plin.
526 1137 575 1169 lib.
590 1146 632 1175 37.
644 1146 704 1174 cap.
719 1144 761 1164 11.
784 1132 900 1162 Gemma
910 1129 964 1163 est,
987 1127 1016 1156 in
1030 1126 1110 1163 nigro
1121 1121 1242 1156 ramosa,
1261 1129 1326 1149 cane

208 1185 281 1214 didis
289 1190 337 1212 aut
346 1180 500 1218 sanguineis
508 1177 663 1208 stondibus.
1289 1194 1295 1201 ⁸

171 1223 218 1253 Βὸ
229 1232 269 1250 RU
282 1230 355 1250 SSIA
369 1242 376 1255 ‚
396 1229 426 1248 ae.
448 1218 465 1247 f.
489 1214 642 1246 Germaniae
658 1211 752 1249 regio,
774 1216 834 1245 quae
848 1202 983 1236 &Pruffia
999 1202 1116 1236 dicitur,
1140 1199 1167 1229 ἂ
1184 1197 1324 1227 Prutenia.

172 1298 193 1328 Β
202 1260 243 1327 ova
251 1259 380 1328 ‘gepgrg'
402 1293 526 1323 Gemma.
567 1289 681 1325 [Immo
694 1284 821 1321 Barippe.
842 1280 874 1309 V.
896 1288 940 1308 BA
949 1288 965 1307 R
974 1286 1040 1307 01>τ
1052 1285 1091 1304 sn
1103 1285 1120 1304 u
1132 1284 1154 1304 s.

173 1336 193 1366 B
203 1346 220 1364 o
232 1346 247 1363 a
256 1345 275 1364 Y
285 1345 297 1364 s
305 1343 325 1362 τ
335 1343 354 1363 H
363 1336 379 1362 ἒ
388 1342 407 1361 Ν
418 1341 431 1359 13
442 1341 453 1360 s
461 1352 468 1364 ,
489 1325 668 1364 [Bogvofflvns]
690 1323 810 1358 Quartus
821 1316 938 1355 Scythiae
949 1315 1047 1345 fluvius
1059 1312 1212 1342 secundum
1229 1308 1328 1339 Istrum

211 1373 337 1402 omnium
349 1369 501 1399 maximus:
524 1368 549 1395 ἃ
561 1374 617 1393 non
637 1362 723 1391 modo
742 1358 936 1396 Scythicorum
953 1354 1103 1383 fluviorum
1121 1350 1205 1386 longe
1225 1346 1329 1376 uberri-

211 1420 273 1440 mus
288 1432 296 1445 ‚
318 1409 364 1439 sed
375 1408 458 1438 etiam
471 1404 569 1434 ceteris
579 1401 689 1431 uberior
700 1405 797 1436 praeter
811 1393 970 1431 [Egyptium
987 1390 1081 1420 Nilum
1094 1410 1101 1422 ,
1124 1397 1188 1416 cum
1199 1395 1254 1421 quo
1268 1393 1327 1412 non

211 1449 278 1478 licet
288 1446 372 1477 alium
387 1451 556 1481 comparare.
597 1440 727 1468 Ceterum
743 1434 896 1464 uberrimus
911 1430 949 1459 est
963 1428 1140 1465 Borysthenes
1151 1424 1250 1462 pascua
1261 1431 1331 1459 prae-

212 1487 281 1515 bens
292 1483 473 1514 amcenisiima
482 1482 506 1509 «S.-
515 1473 798 1508 accommodatissima
808 1468 955 1509 pecoribus
964 1488 973 1503 ‚
993 1473 1103 1495 necnon
1116 1464 1286 1500 optimorum
1297 1469 1329 1488 ac

211 1523 385 1561 singularium
395 1519 497 1550 affatim
509 1516 634 1555 piscium.
677 1512 754 1542 ldem
773 1510 807 1539 ad
827 1506 983 1546 potandum
1000 1502 1167 1545 suavissimus
1179 1521 1187 1533 .
1209 1497 1331 1533 liquidus

213 1563 284 1592 inter
295 1560 421 1590 turbidos
432 1558 530 1586 fluens.
568 1554 601 1583 In
622 1551 700 1587 cujus
717 1557 827 1585 quoque
845 1545 913 1574 ostio
934 1544 1031 1579 ingens
1046 1550 1087 1570 vis
1099 1538 1159 1568 salis
1176 1537 1222 1566 sua
1232 1536 1330 1573 sponte

212 1598 380 1629 concrescit:
403 1595 507 1634 praebet
518 1592 594 1621 idem
604 1588 727 1627 ingentia
736 1593 797 1616 cete
806 1584 890 1622 spinis
900 1581 1029 1611 carentia.
1071 1577 1159 1606 Verba
1169 1575 1231 1604 sunt
1244 1574 1332 1603 Hero-

213 1638 272 1667 doti
283 1638 312 1666 in
328 1634 510 1672 Melpomene
527 1639 568 1665 53.
595 1628 637 1657 De
650 1624 817 1662 Borysthene
831 1621 898 1650 Plin.
913 1618 1020 1652 Strabo,
1041 1616 1129 1658 Solin3
1145 1613 1192 1643 sed
1203 1612 1332 1641 omnium

213 1673 417 1712 diligentiffime
427 1669 594 1700 Herodotus
615 1665 699 1694 Nunc
712 1662 795 1699 vulgo
807 1665 919 1689 vocatur
929 1660 1007 1692 Neper
1020 1665 1035 1684 a
1044 1654 1152 1683 Tui·cis.
1258 1687 1263 1693 .

214 1712 412 1750 Borysthenes,
432 1710 463 1738 is.
486 1716 524 1735 m.
556 1703 703 1742 Oppidum
719 1700 776 1733 est,
805 1697 881 1736 quod
901 1694 1068 1732 Borysthene
1095 1699 1177 1720 amne
1199 1688 1330 1731 alluitur:

233 1751 308 1781 unde
320 1752 345 1779 ἃ
357 1755 461 1777 nomen
472 1743 588 1781 accepit.
629 1740 690 1769 Alio
698 1737 814 1768 nomine
831 1734 914 1765 Olbia
927 1732 1029 1761 dicitur
1038 1753 1046 1765 ,
1067 1729 1133 1759 teste
1143 1726 1230 1757 Strab.
1243 1725 1292 1754 lib.
1304 1733 1330 1761 7.

234 1790 260 1819 &
271 1787 385 1818 Ptolem.
401 1785 447 1814 lib.
460 1793 483 1819 3.
499 1778 560 1819 cap.
575 1790 598 1815 ς.
620 1778 717 1815 Pomp.
729 1775 805 1806 Mela
814 1770 1041 1810 Borysthenidem
1050 1764 1227 1807 appellatlib.
1239 1773 1265 1793 2.
1282 1773 1304 1792 1.

215 1827 260 1857 Est
279 1827 304 1856 &
320 1823 410 1854 Insula
421 1821 543 1857 eiusdem
558 1816 699 1850 nominis,
719 1819 783 1844 ante
796 1811 873 1841 fluvii
892 1809 974 1845 huJus
992 1807 1058 1836 ostia
1074 1807 1138 1839 sita,
1159 1812 1238 1838 eujus
1249 1802 1333 1830 etiarn

215 1903 303 1946 Laetis
337 1908 428 1944 uoque
439 1898 477 1927 est
495 1894 622 1931 ejusdem
636 1889 774 1929 regionis,
796 1887 844 1925 qui
862 1887 888 1916 ἃ
902 1883 960 1923 ipse
970 1881 1152 1919 Borysthenes
1169 1877 1333 1917 appellatur.

217 1977 408 2015 Borysthenes,
431 1970 565 2003 Hadriani
575 1969 678 2006 Equus,
698 1966 743 1996 cui
757 1969 867 1994 mortuo
879 1959 1036 1999 sepulcrum
1049 1955 1153 1989 struxit,
1175 1952 1336 1983 columnam

237 2015 363 2055 posuit&
377 2010 535 2048 conscripsit
551 2006 733 2046 epitaphium.
775 2002 805 2030 V.
828 2000 918 2030 Barth.
930 1995 1038 2027 Advers.
1053 2005 1095 2029 23.
1106 1993 1172 2023 Cael.
1187 1990 1335 2022 Rhod.21.

239 2064 280 2091 31.
303 2050 416 2082 Casaub.
428 2051 454 2079 ἂ
464 2046 573 2078 Salmas.
585 2046 613 2074 in
624 2046 712 2080 Spart.
731 2040 815 2070 Hadr.
828 2048 888 2076 cap.
903 2047 947 2065 20.
963 2037 990 2065 ἃ
1005 2033 1069 2063 Lex.
1082 2031 1170 2061 Pitisc.

180 2092 202 2124 B
211 2103 228 2122 o
237 2102 253 2121 a
261 2100 280 2120 Y
290 2100 302 2120 s
309 2099 329 2118 τ
338 2100 352 2118 a
360 2099 398 2118 Νι
410 2098 427 2117 1>
436 2098 468 2122 ιε,
478 2095 564 2115 arum.
577 2093 614 2112 m.
638 2079 735 2119 Populi
745 2079 779 2108 ad
794 2075 990 2114 Borysthenem
1005 2080 1125 2104 amnem,
1138 2069 1304 2105 pompona.
1311 2074 1335 2095 1.

220 2130 296 2160 Tum
307 2128 358 2157 Bor
378 2126 486 2156 sthenes
497 2122 612 2159 tinquit)
623 2127 735 2157 gentem
745 2116 784 2145 sui
797 2113 921 2144 nominis
930 2110 1026 2142 abluit.
1044 2109 1077 2139 V.
1090 2113 1336 2137 BORYSTHENKTES.

220 2137 567 2205 Hyberniliorysthenidae.
590 2160 709 2195 Propert.
727 2154 775 2184 lib.
789 2163 852 2197 ²27·
868 2157 910 2186 18.

206 2237 209 2239 .
301 2202 393 2233 Gloria
403 2202 437 2230 ad
445 2200 583 2237 hybernos
598 2197 651 2225 lata
661 2191 879 2230 Borysthenidas.

184 2244 205 2274 B
214 2251 303 2273 oan
313 2250 360 2269 Tri
369 2249 411 2269 EN
422 2250 430 2267 1
443 2248 461 2267 u
471 2247 483 2266 s
493 2259 500 2271 ‚
522 2232 729 2272 [Βσςυοθεζνιίῷω]
755 2230 813 2264 Adj.
833 2226 916 2257 Ovid.
932 2236 959 2260 4.
975 2224 1012 2253 de
1020 2220 1099 2251 Pont.
1116 2230 1158 2250 10.
1174 2226 1218 2257 53.

301 2279 428 2314 Cumque
439 2273 617 2312 Borysthenio
631 2268 825 2308 liquidissimus
837 2274 918 2295 amne
927 2261 1072 2300 Dyraspes.

186 2320 206 2351 B
217 2329 234 2348 ο
245 2328 261 2347 a
270 2327 290 2346 Y
299 2326 311 2346 s
320 2325 339 2344 T
348 2325 369 2344 H
380 2325 394 2344 Β
404 2324 422 2343 Ν
431 2318 470 2342 ῑτ
481 2323 495 2341 iz
505 2322 516 2340 s
532 2332 540 2347 ‚
562 2320 593 2339 ae.
615 2319 652 2338 m.
686 2303 893 2343 [soeva'am‘m]
926 2300 1037 2330 Gentile
1056 2305 1160 2326 nomen
1175 2293 1280 2324 Bionis.
1305 2291 1338 2322 V.

226 2356 308 2393 Diog.
323 2353 410 2383 Laert.
431 2351 450 2380 l.
463 2361 488 2384 ⁴·
500 2350 526 2379 S.
539 2349 585 2383 46'.
626 2345 711 2383 [Nec
723 2343 800 2373 aliud
815 2341 905 2380 gentis
922 2346 1029 2367 nornen
1041 2334 1146 2366 Melam
1156 2332 1175 2363 1.
1186 2342 1211 2363 c.
1232 2333 1259 2363 δι
1269 2330 1339 2361 Plin.

223 2394 242 2424 l.
254 2405 280 2430 4.
293 2403 316 2423 c.
334 2400 377 2422 12.
388 2388 545 2427 intelligere
555 2391 633 2425 puto.
674 2382 798 2412 Alterum
810 2378 954 2418 poeticum
964 2375 1011 2406 est.

614 2460 638 2494 Β
736 2457 771 2492 O
864 2454 885 2489 S

187 2545 208 2576 Β
216 2554 234 2573 o
243 2553 270 2577 s,
290 2540 369 2570 bovis
379 2560 387 2576 ,
408 2548 432 2568 c.
455 2535 543 2575 [ἐῢς]
563 2533 618 2564 dat.
632 2534 658 2563 ἂ
669 2531 724 2562 abl.
741 2529 812 2569 plur.
829 2526 920 2571 bobus
931 2533 980 2567 per
989 2518 1132 2565 syncopen
1140 2518 1208 2563 facit
1217 2541 1226 2555 ,
1247 2519 1273 2547 &
1279 2526 1342 2562 ino·

223 2591 252 2610 re
263 2587 385 2608 veterum
403 2576 500 2606 bubus.
540 2571 677 2603 Columel.
691 2570 739 2599 lib.
753 2579 779 2597 2.
812 2564 891 2596 Nihil
912 2562 1030 2592 dubium
1050 2570 1118 2597 quin
1129 2567 1207 2596 equis
1219 2555 1320 2599 melius
1331 2576 1341 2590 ‚

225 2626 307 2657 quam
317 2616 406 2645 bubus
420 2624 461 2643 res
471 2612 641 2642 conficiatur.
658 2608 733 2638 conf.
747 2606 816 2636 Plin.
832 2609 874 2639 38.
887 2612 934 2638 45.
952 2599 1036 2629 Plaut.
1054 2597 1135 2627 Most.
1150 2607 1172 2625 1.
1191 2605 1213 2624 1.
1225 2605 1267 2630 59.
1281 2593 1339 2637 Liv.

225 2666 270 2686 22.
284 2664 326 2684 10.
342 2655 368 2683 ἃ
380 2652 468 2682 Tacit.
482 2652 574 2680 Germ».
582 2658 631 2683 r210.
646 2657 670 2682 ς.
685 2646 745 2674 Cic.
759 2644 794 2673 de
806 2642 915 2671 Senect.
929 2647 970 2675 33.
1002 2635 1141 2673 Olympiae
1159 2643 1208 2671 per
1223 2632 1342 2661 stadium

225 2691 357 2731 ingressus
366 2690 419 2734 esse
428 2689 500 2719 Milo
511 2688 612 2717 dicitur
621 2706 630 2720 ,
651 2693 736 2722 quum
748 2681 870 2745 humeriss
878 2677 1020 2743 sustli3nebret
1029 2673 1129 2741 goveg
1140 2673 1244 2739 vffiuml.
1268 2706 1295 2736 N

227 2721 916 2805 ΒῖιξΙῖςΕῗὲἳτζἏ-εεδὲἢῖιῗὸεὗῗένξπξΐᾶῗὲῇξῇ11αέξιξξ
923 2722 1041 2790 prqmqlsm
1051 2718 1229 2779 ptgervaus.ig
1240 2716 1342 2782 vil-gagi

244 2806 358 2838 Ecl.86.
380 2803 477 2839 Juven.
492 2811 515 2830 2.
527 2801 582 2830 Sat.
601 2806 661 2833 123.

305 2842 419 2872 Scilicet
427 2841 552 2870 horreres
564 2860 572 2873 .,
592 2836 751 2871 majoraque
764 2829 884 2860 monstra
892 2833 1002 2866 putares
1014 2847 1023 2863 ‚

306 2881 335 2910 Si
352 2879 451 2910 mulier
462 2876 581 2907 vitulum
592 2897 600 2909 ‚
621 2872 666 2902 vel
676 2872 693 2900 sl
705 2871 755 2900 bos
767 2869 862 2898 ederet
874 2875 976 2903 agnum
984 2865 998 2893 ²?

307 2916 450 2948 Consimili
464 2915 570 2945 ratione
585 2911 662 2942 venit
676 2908 767 2938 bubus
782 2914 892 2942 quoque
907 2903 978 2946 saepe

306 2956 447 2986 Pestilitas.
621 2945 757 2984 Exempla
770 2944 849 2981 plura
860 2942 944 2971 habes
958 2939 1038 2969 infra.

228 2996 282 3027 Bos
303 2993 445 3026 Taurum,
466 2990 642 3025 Vaccamque
659 2981 891 3021 comprehendit,
917 2984 1014 3017 praeter
1023 2975 1103 3006 suum
1112 2973 1258 3013 proprium
1266 2971 1346 3010 figni-

247 3033 369 3062 ficatum.
390 3029 467 3059 Valla
480 3027 530 3057 lib.
545 3038 571 3062 4.
590 3033 650 3062 cap.
663 3032 708 3058 42.
956 3053 963 3059 ·
1126 3050 1132 3056 ·

229 3071 283 3102 Bos
294 3091 302 3106 ‚
323 3069 479 3099 Nummum
489 3063 638 3102 aliquando
648 3057 797 3098 significat,
818 3054 895 3094 quod
906 3059 1019 3089 antiqua
1032 3059 1149 3089 pecunia
1160 3048 1286 3091 quaedam
1295 3046 1348 3075 bo-

247 3118 295 3138 ves
308 3107 425 3145 signatos
435 3104 558 3137 haberet,
578 3099 704 3138 quaedam
715 3097 798 3126 etiam
809 3092 941 3133 pecudes,
958 3089 1033 3120 unde
1043 3097 1148 3117 nomen
1158 3095 1283 3124 pecunia:
1291 3091 1347 3114 tra-

250 3148 335 3176 istum.
357 3145 427 3174 Plin.
439 3143 488 3172 lib.
504 3146 545 3175 18.
557 3149 619 3177 cap.
632 3147 657 3173 3.
679 3135 788 3165 Servius
798 3141 845 3161 rex
854 3153 861 3166 ‚
882 3129 976 3159 ovium
986 3127 1129 3161 boumque
1140 3124 1230 3161 effigie
1241 3123 1347 3161 primus

250 3194 286 3214 aes
296 3183 417 3220 signavit.
457 3179 543 3209 Plaut.
561 3175 636 3206 Persa
645 3183 671 3204 2.
686 3185 710 3209 ς.
725 3176 768 3202 16.
790 3170 878 3200 Boves
887 3167 947 3196 bini
959 3165 1005 3194 hic
1012 3164 1074 3193 sunt
1088 3165 1116 3192 in
1127 3171 1266 3191 crumena.
1291 3160 1347 3189 Un-

251 3222 287 3251 de
297 3222 414 3250 tradtum
428 3216 608 3256 proverbium
618 3235 627 3249 ‚
648 3212 701 3242 Bos
713 3211 741 3239 in
751 3209 861 3246 lingua:
883 3205 916 3235 In
931 3212 979 3233 eos
1000 3202 1045 3239 qui
1062 3211 1119 3230 non
1135 3200 1239 3229 audent
1258 3198 1347 3227 libere

1078 2861 1189 2891 Lucret.
1201 2862 1227 2890 6.
1240 2868 1252 2888 1
1260 2866 1322 2895 129.

252 3259 328 3296 quod
338 3258 460 3287 sentiunt
471 3256 573 3284 dicere.
612 3248 791 3281 Translatum
801 3244 846 3275 vel
863 3254 878 3272 a
900 3241 999 3271 robore
1017 3239 1184 3271 animantis,
1205 3236 1278 3273 quasi
1294 3235 1349 3264 lin-
1373 3252 1374 3255 =

253 3295 542 3368 ξῖᾚέῑὲιὲρζῖιῗξὲἓὼ
550 3289 770 3357 ἶὲἳῑῗζῗιῑῖῖἳῖ
781 3273 1348 3358 {332}ansiniirssffisciii'eiiffii‘ssffi

253 3371 387 3400 sententia
397 3367 582 3408 praeferenda,
603 3365 638 3394 de
648 3373 702 3400 qua
713 3362 743 3391 V.
757 3361 887 3390 suctores
896 3363 978 3399 quarn
989 3352 1123 3391 plurimos
1136 3351 1164 3378 in
1177 3349 1241 3378 Lex.
1259 3347 1346 3391 Pitise.

236 3409 289 3438 Bos
310 3408 458 3442 Camurus,
480 3404 589 3435 Patulus
601 3424 609 3438 ,
629 3402 726 3431 Laevus
736 3421 745 3434 ,
766 3397 878 3427 Licinus
888 3403 936 3430 qui
947 3392 1056 3421 dicatur
1065 3411 1074 3426 ‚
1096 3389 1180 3418 docet
1202 3387 1265 3422 Jun.
1288 3386 1349 3415 Phi-

257 3446 321 3482 larg.
341 3446 375 3474 ad
388 3445 460 3481 Virg.
473 3453 495 3480 3.
505 3443 605 3478 Georg.
616 3451 659 3476 55.
684 3438 714 3467 V.
740 3437 775 3466 de
786 3432 899 3471 singulis
913 3430 931 3459 s.
943 3429 961 3459 l.

238 3483 291 3513 Bos
300 3483 416 3520 Cyprius
426 3504 433 3516 ‚
449 3481 481 3512 In
497 3480 610 3509 brutum
622 3487 654 3507 ac
664 3475 795 3505 stolidum
805 3472 857 3508 jaci
868 3468 994 3501 solitum,
1009 3470 1156 3503 propterea
1166 3461 1241 3499 quod
1253 3460 1349 3498 Cyprii

257 3521 341 3550 boves
353 3521 441 3556 magis
451 3519 522 3548 bruti
533 3518 655 3546 ferantur
667 3536 674 3549 ‚
696 3513 800 3550 quippe
812 3510 859 3547 qui
870 3508 986 3536 stercore
997 3503 1120 3533 humano
1132 3500 1284 3540 pascantur.
1317 3498 1349 3528 V.

257 3558 326 3587 Plin.
338 3557 384 3586 lib.
395 3563 439 3591 28.
453 3566 513 3593 cap.
524 3555 571 3584 ult.
590 3552 716 3583 Refertur
726 3548 905 3588 proverbium
914 3541 1030 3573 aSuida.
1262 3573 1269 3579 ι
1329 3573 1337 3580 ·

239 3594 318 3625 Lucae
328 3594 411 3623 boves
424 3600 556 3623 vocantur
566 3589 722 3628 Elephanti.
744 3587 812 3618 Plin-
824 3585 871 3614 lib.
881 3588 908 3617 8.
919 3591 980 3619 cap.
991 3583 1017 3608 6.
1032 3576 1200 3620 Elephantes
1208 3572 1286 3617 Italia
1295 3583 1350 3610 pri.

258 3642 336 3661 mum
346 3632 417 3661 vidit
428 3631 520 3668 Pyrrhi
530 3631 600 3666 regis
612 3628 686 3657 bello
697 3648 704 3662 ‚
731 3627 757 3655 &
772 3624 857 3653 boves
872 3621 959 3650 Lucas
970 3615 1120 3654 appellavit
1135 3623 1163 3642 m
1176 3612 1292 3641 Lucanis
1311 3611 1350 3639 vi.

258 3669 300 3699 sos
311 3691 320 3705 ,
340 3679 413 3698 anuo
424 3669 503 3698 Urbis
521 3677 538 3697 c
546 3678 564 3695 c
572 3676 613 3695 cc
623 3673 690 3694 Lxx
702 3674 709 3692 ε
719 3675 737 3692 ι.
758 3661 833 3691 conf.
850 3660 916 3690 Lex.
928 3655 1017 3688 Pitisc.
1039 3654 1104 3684 Sen.
1115 3652 1144 3681 in
1155 3648 1271 3688 Hippol.
1285 3657 1348 3685 351.

332 3709 410 3735 Amat
421 3706 506 3735 insani
515 3704 606 3733 bellua
620 3703 698 3732 Ponti
710 3724 717 3735 ,

331 3743 466 3780 Lucaeque
477 3743 570 3771 boves.
592 3741 723 3770 vendicat
736 3745 833 3766 omnes

330 3781 435 3810 Natura
446 3780 502 3809 fibi.
592 3778 696 3807 Merito
707 3774 835 3812 explodit
844 3772 890 3801 liic
898 3779 947 3801 eos
957 3768 1005 3807 qui
1012 3766 1081 3798 Luci
1093 3765 1178 3795 boves
1187 3761 1284 3800 legunt
1295 3781 1304 3796 ‚
1324 3761 1351 3790 ἀ

256 3818 396 3849 Silvestres
406 3819 620 3854 interpretantur
634 3814 750 3843 Delrius.

238 3856 368 3888 Sescenar
380 3855 438 3884 bos.
472 3854 501 3882 V.
526 3862 538 3881 s
550 3862 581 3881 ss
590 3862 607 3880 c
616 3862 631 3880 s
641 3861 660 3880 Ν
670 3862 689 3880 A
698 3862 722 3880 a.

239 3898 335 3926 Arator
345 3894 404 3922 bos.
425 3894 500 3921 Suet.
514 3890 591 3926 Vesp.
606 3898 665 3926 cap.
683 3900 706 3922 ς.

239 3935 369 3964 Armenta
379 3931 474 3959 boum.
499 3927 569 3962 Virg.
582 3937 606 3955 2.
621 3926 720 3961 Georg.
730 3931 794 3953 220.

401 3981 475 3989 -—·
486 3966 551 3995 hinc
561 3971 682 3992 armenta
693 3963 777 3991 boum
786 3981 794 3993 ,
817 3956 984 3994 meritosque
997 3956 1139 3992 iuvencos.

1399 208 1496 239 Caedes
1504 208 1599 238 boum.
1622 208 1705 238 Ovid.
1719 218 1761 239 11.
1773 209 1842 239 Met.
1854 218 1917 246 370.

1860 129 1885 164 Β
1985 130 2019 165 O
2115 129 2136 165 S

1593 259 1667 267 *n-
1678 257 1768 283 neque
1779 249 1853 276 enirn
1862 249 1965 283 jejunia
1975 254 2052 278 curat

1465 283 1563 326 ‚Caede
1574 283 1678 318 boum,
1700 286 1841 322 diramque
1849 285 1950 315 famem
1962 286 2049 315 finire.

1403 321 1500 359 Capita
1512 321 1612 364 bourn⁷
1635 331 1684 358 pro
1699 323 1788 351 ssobus
1805 323 1874 360 ipsis.
1901 324 1974 361 Virg.
1989 335 2012 358 ς.
2028 324 2090 354 AEn.
2102 326 2147 352 61.

1497 359 1565 388 Bina
1575 359 1659 388 boum
1670 361 1749 388 vobis
1760 360 1845 396 Troja
1856 369 1999 398 generatus
2009 361 2115 392 Acestes

1496 397 1550 425 Dat
1563 406 1679 425 numero
1689 398 1780 435 capita
1791 399 1820 426 in
1829 407 1920 428 naves.

1405 433 1630 477 Corporaboumz
1655 435 1723 472 Virg.
1739 447 1762 469 4.
1774 435 1872 473 Georg.
1891 445 1952 473 197.

1406 471 1478 500 Cura
1488 472 1582 500 boum.
1599 472 1671 508 Virg.
1689 473 1819 510 1.Georg.
1834 483 1858 509 3.

2595 334 2600 364 S

2595 409 2601 439 l

1406 509 1502 538 Custos
1512 509 1606 538 boum.
1629 510 1712 539 Ovid.
1729 520 1750 539 1.
1767 509 1850 549 Epist.
1865 519 1925 547 103.
2595 484 2603 515 Ῐ

1408 546 1526 576 Labores
1541 547 1719 590 bourn-diluit
1730 558 1813 591 ruens
1822 549 1925 578 AEther.
1947 546 2019 585 Virg.
2032 557 2055 576 1.
2068 547 2169 585 Georg.
2187 555 2250 585 325.

1487 584 1736 651 I1323tilpllii.gyiatingenti
1746 585 1799 615 sata
1809 587 1887 622 laeta,
1908 586 2048 623 boumque
2056 585 2163 615 labores
2595 559 2604 591 T

1408 659 1526 689 Labores
1537 660 1622 689 boum
1631 659 1763 698 experiri.
1785 661 1858 698 Virg.
1874 671 1896 690 1.
1909 660 2008 698 Georg.
2023 670 2083 696 119.
2549 682 2550 691 i
2595 636 2603 666 T

1501 698 1751 766 VersanEg-{grlligaess
1758 709 1842 736 quum
1853 699 1903 743 sint
1913 699 2114 754 hominumque
2126 697 2268 744 boumque
2277 697 2384 730 labores
2549 698 2550 718 l
2580 728 2583 742 ,Ι
2596 674 2603 705 Γ

1410 771 1530 802 Labores
1547 773 1582 801 bo
1642 774 1662 802 st
1715 775 1720 780 ⁷
1761 744 1911 802 expertuv
1955 736 2086 772 [Inscite.
2109 735 2139 765 V.
2161 736 2236 766 Serv.
2550 745 2552 792 J
2582 776 2583 789 χ
2596 752 2601 779 i

1585 783 1631 802 um
1664 781 1734 803 ernit
1744 781 1859 804 torrens.
1904 783 1982 811 irg.2.
2000 774 2060 803 AEn.
2072 777 2135 808 306.

1579 848 1585 854 θ
1601 812 1925 854 ss—iiernitsatalaeta,
1940 812 2079 849 boumque
2088 811 2198 842 labores
2550 799 2551 810 ¹

1502 847 1712 891 Praecipitesque
1721 851 1805 879 trahit
1812 850 1897 879 silvas.
2209 833 2218 848 ἱ
2596 828 2601 855 i

1411 886 1492 916 More
1502 886 1590 915 bows.
1612 886 1695 916 Ovid.
1709 888 1737 916 iri
1752 888 1814 917 lbin
1825 910 1833 923 ‚
1848 897 1913 923 440·
2596 867 2601 896 i

1506 924 1595 960 thue
1604 924 1682 953 ferox
1693 925 1809 955 Phalaris
1822 948 1829 961 ‚
1850 926 1944 962 lingua
1952 924 2027 962 prius
2036 923 2099 954 ense
2108 923 2209 956 resecta
2552 913 2554 925 l
2570 931 2571 934 ’

1487 998 1492 1005 .
1538 961 1619 990 More
1627 962 1705 1006 bovis
1715 963 1817 1001 Paphio
1826 963 1931 993 clausus
1940 962 1968 991 in
1981 971 2033 992 aere
2044 972 2147 1000 gemas.
2216 946 2226 961 ³
2552 943 2554 971 l*
2569 919 2585 1030 ἔ

1413 996 1539 1037 Mugitus
1549 999 1645 1029 boum.
1669 1001 1739 1038 Virg.
1751 1011 1776 1031 2.
1795 1001 1893 1038 Georg.
1907 1010 1971 1036 470.

1577 1075 1584 1081 ·
1695 1054 1769 1059 ———
1779 1046 1807 1068 at
1817 1039 1914 1077 frigida
1924 1038 2034 1075 Tempe

1505 1074 1778 1143 &girgigissiiqlp'qboum
1788 1099 1797 1112 ,
1818 1076 1969 1113 mollesque
1978 1075 2027 1105 sub
2037 1075 2134 1105 arbore
2147 1074 2236 1106 somni
2245 1095 2255 1112 ‚
2570 1026 2586 1129 ἲ

1414 1149 1495 1180 Pestis
1512 1151 1607 1180 acerba
1621 1151 1715 1181 boum.
1733 1151 1805 1189 Virg.
1819 1161 1843 1188 3.
1857 1151 1955 1189 Georg.
1967 1161 2033 1187 419.

1412 1189 1504 1226 Terga
1515 1189 1610 1218 boum.
1631 1189 1702 1227 Virg.
1719 1201 1743 1225 5.
1758 1191 1892 1226 AEn.4o5.
1933 1190 1969 1219 de
1981 1189 2078 1227 Erycis
2088 1188 2222 1219 caestibus.

1685 1243 1760 1248 —-—-
1769 1234 1909 1257 tantorum
1918 1228 2043 1265 ingentia
2053 1227 2160 1265 septem

1505 1263 1596 1302 Terga
1605 1261 1691 1308 boum
1700 1265 1817 1303 plumbo
1826 1265 1917 1295 insuto
1925 1288 1933 1302 ,
1958 1266 2086 1303 ferroque
2098 1264 2236 1302 rigebant.

1415 1302 1484 1332 Usus
1494 1301 1590 1345 boum.
1614 1302 1688 1340 Vrrg.
1701 1312 1724 1338 3.
1742 1303 1839 1340 Georg.
1855 1313 1919 1332 211.

1467 1377 1472 1383 Ι
1507 1340 1570 1369 Sive
1582 1340 1684 1384 boum)
1705 1341 1760 1370 five
1772 1342 1809 1370 est
1817 1341 1865 1370 cui
1877 1341 1977 1379 gratior
1986 1339 2050 1370 usus
2059 1349 2204 1378 equorum.

1417 1377 1526 1416 AEripes
1536 1378 1595 1408 bos.
1618 1378 1701 1408 Ovid.
1714 1384 1740 1408 6.
1761 1379 1842 1417 Epist.
1854 1388 1897 1415 32.

1509 1415 1640 1446 Narrat&
1651 1417 1782 1454 aeripedes
1793 1417 1890 1447 Martis
1899 1416 1981 1446 arass'e
1991 1415 2086 1446 boves.
2128 1415 2160 1446 V.
2182 1426 2207 1445 Ε
2215 1424 2232 1444 a
2240 1424 2271 1445 11²
2279 1425 2295 1445 s
2303 1422 2327 1446 8.

1417 1455 1566 1492 Agenoreae
1580 1454 1671 1483 boves.
1695 1455 1779 1484 Ovid.
1791 1464 1836 1490 24.
1851 1455 1932 1493 Epist.
1944 1465 1990 1490 42.
2562 1477 2564 1481 ⁴

1417 1529 1494 1559 Albis
1503 1491 1967 1560 ggffirslllgenorepgconstiteratqpe
1979 1492 2073 1521 boves.
2113 1490 2148 1521 de
2155 1490 2227 1527 Jove
2233 1491 2262 1521 iri
2272 1490 2374 1521 bovem
2386 1488 2523 1525 conversa
2557 1496 2565 1527 ιζ’

1619 1539 1724 1559 enerari
1755 1540 1810 1560 eos.
1833 1531 1899 1560 Hor.
1914 1532 2006 1560 carm.
2018 1529 2100 1560 secul.
2113 1539 2159 1566 49.
2563 1531 2565 1543 ¹

1419 1566 1586 1597 Cerebrosus
1596 1567 1655 1597 bos.
1696 1568 1728 1598 In
1757 1578 1775 1597 c
1784 1578 1821 1597 BR
1831 1578 1847 1597 R
1855 1579 1870 1597 Β
1879 1578 1896 1597 R
1905 1579 1923 1597 υ
1934 1579 1964 1598 M.

1419 1605 1607 1636 Contumaces
1619 1605 1714 1635 boves.
1754 1606 1786 1636 In
1814 1615 1831 1635 c
1841 1616 1858 1635 o
1867 1615 1886 1635 Ν
1895 1616 1915 1635 τ
1926 1616 1944 1635 u
1952 1617 1973 1635 M
1981 1616 2001 1635 A
2009 1614 2037 1635 x-
2564 1613 2566 1624 ¹

1419 1643 1512 1686 Cruda
1524 1643 1583 1673 bos.
1624 1644 1691 1687 lior.
1705 1644 1792 1682 Epod.
1806 1649 1831 1687 3.
1845 1648 1870 1674 6.
1899 1644 1928 1674 h.
1940 1653 1965 1674 e.
1995 1643 2097 1674 Cibum
2107 1642 2180 1673 male
2190 1650 2315 1679 coquens
2325 1640 2374 1673 seu
2386 1641 2518 1681 digerens
2530 1662 2534 1671 .

1439 1681 1570 1724 obidque
1580 1681 1633 1711 alvl
1643 1682 1750 1711 fluxum
1760 1688 1878 1719 patlens.
2513 1663 2524 1680 '

1420 1719 1599 1764 Disjunetum
1610 1719 1712 1749 bovem
1723 1728 1826 1749 curare.
1845 1720 1914 1749 Hor.
1929 1729 1952 1749 1.
1968 1718 2053 1757 Epist.
2067 1729 2110 1756 14.
2121 1723 2168 1753 28.

1422 1757 1586 1795 Erytheides
1597 1758 1692 1787 hoves.
1714 1758 1798 1787 Ovid.
1814 1758 1913 1787 1.Fast.
1930 1766 1991 1794 543.

1441 1832 1496 1863 Ger
1514 1795 1591 1839 Eece.
1602 1795 1687 1863 belives
1695 1794 1765 1862 {illuc
1775 1795 1938 1840 Erytheidas
1957 1794 2081 1838 applicat
2098 1793 2187 1823 heros.
2268 1792 2317 1836 De·
2326 1792 2464 1829 Hercule,
2485 1793 2530 1831 qui
2562 1835 2564 1842 γ

1498 1843 1565 1870 yonr
1584 1843 1614 1862 m
1651 1840 1692 1871 ryt
1714 1843 1746 1862 ea
1757 1832 1894 1870 Hispaniae
1903 1832 2077 1869 insulaJuxta
2088 1832 2179 1862 Gades
2192 1836 2334 1869 regnanti,
2355 1830 2438 1862 boves
2447 1831 2531 1861 abstu-
2561 1847 2565 1858 .

1442 1871 1491 1938 {tii
1501 1871 1551 1939 Elii.
1564 1871 1653 1901 Strab.
1669 1871 1718 1901 lib.
1730 1880 1755 1908 3.
1777 1871 1846 1901 Plin.
1859 1871 1908 1901 lib.
1918 1882 1945 1907 4·
1956 1880 2016 1909 cap.
2028 1879 2074 1901 22.
2095 1869 2200 1900 Melam
2208 1869 2294 1904 lib.2.
2314 1869 2393 1905 supra
2409 1870 2439 1900 in
2456 1878 2530 1900 nir-
2563 1903 2589 1925 ’μ’

1423 1946 1493 1977 Feffi
1504 1946 1597 1991 boves.
1619 1946 1687 1977 Hor.
1698 1946 1785 1984 Epod.
1795 1956 1821 1976 2.
1835 1949 1879 1983 63.
2568 1928 2587 1968 '5‘

1516 1985 1617 2014 Videre
1628 1984 1709 2015 feffos
1719 1994 1860 2014 vomerem
1871 1982 2009 2013 inversum
2019 1982 2105 2013 boves
2570 1975 2575 1995 ‘¹
2590 1980 2592 1989 ”

1449 2061 1454 2067 Π
1555 2023 1636 2052 Collo
1647 2023 1786 2053 trahentes
1797 2022 1941 2059 languido.

1424 2059 1544 2092 Firmius
1554 2061 1634 2090 bove.
1657 2060 1742 2090 Ovid.
1758 2070 1781 2090 1.
1792 2060 1827 2090 de
1836 2060 1925 2089 Ponto
1940 2070 1963 2094 5.
1977 2068 2019 2088 11.
2564 2056 2575 2084 'l
2587 2071 2590 2079 ·

1518 2098 1614 2129 Cernis
1622 2104 1658 2142 ⁸ut
1667 2099 1696 2127 in
1706 2098 1782 2128 duris
1802 2100 1815 2134 (
1825 2099 1850 2128 &
1862 2097 1929 2135 quid
1939 2097 2010 2126 bove
2020 2094 2124 2126 firmius
2132 2096 2168 2133 ⁶2)
2187 2097 2259 2132 arv'u

1555 2136 1646 2166 Fortia
1654 2142 1796 2169 taurorum
1807 2145 1924 2174 corpora
1932 2135 2040 2173 frangat
2049 2144 2120 2173 opus
2127 2135 2141 2164 ἱ)

1426 2173 1525 2206 Forda.
1548 2174 1631 2204 Ovid.
1644 2185 1667 2207 4·
1682 2174 1748 2204 Fast.
1758 2178 1820 2209 631.

1518 2212 1664 2242 Pontifices
1679 2212 1759 2242 forda
1778 2209 1851 2241 sacra
1868 2210 1945 2240 litate
1958 2209 2040 2240 bove.
2136 2209 2245 2240 Dicitur
2258 2215 2351 2240 autem
2364 2208 2454 2240 Forda
2470 2209 2535 2247 bos,

1445 2251 1614 2294 Quae-sertin
1623 2257 1718 2293 ventre
1727 2271 1736 2285 ‚
1755 2259 1770 2280 a
1780 2249 1897 2280 ferendo
1907 2271 1915 2285 ‚
1936 2253 1969 2278 ut
1983 2248 2064 2278 Varro
2073 2249 2168 2278 auctor
2177 2248 2217 2278 est
2228 2269 2237 2285 ‚
2259 2259 2284 2285 5.
2298 2256 2323 2286 3.
2345 2248 2420 2279 conf.
2430 2248 2537 2283 Lex-Pia
2565 2254 2567 2275 ὲ

1446 2289 1505 2318 tisc.
1518 2298 1547 2317 in
1559 2288 1726 2318 Fordicidia.
2566 2293 2568 2301 ’
2583 2279 2586 2282 ’

1429 2326 1575 2357 Formosae.
1608 2326 1693 2355 Ovid.
1711 2335 1735 2355 1.
1746 2325 1782 2355 de
1793 2325 1855 2354 Arte
1864 2324 1923 2354 Am.
1936 2326 2001 2360 296.

1520 2364 1617 2394 Invida
1625 2362 1756 2392 formosas
1766 2363 1863 2392 oderat
1869 2362 1917 2392 illa
1925 2362 2018 2392 boves.

1431 2400 1528 2434 Iberus
1539 2403 1599 2431 bos.
1621 2401 1704 2431 Ovid.
1722 2411 1763 2436 14.
1778 2401 1846 2431 Met.
1861 2411 1871 2429 1
1878 2410 1904 2430 2.

1522 2440 1604 2470 Dives
1613 2440 1649 2469 ad
1659 2439 1805 2469 Oceanum
1814 2438 1903 2467 bobus
1914 2437 1983 2474 Jove
1998 2442 2078 2467 natus
2094 2435 2189 2466 Iberis.

2529 2436 2537 2444 .
2595 2417 2604 2436 ⁴

1448 2478 1570 2522 Geryoni
1584 2478 1615 2506 in
1628 2477 1736 2522 Iberia,
1756 2477 1832 2506 idest
1845 2475 2127 2514 Hispaniaregnanti,
2148 2475 2234 2505 boves
2246 2435 2473 2505 &gasti-ercule,
2493 2445 2538 2476 qm
2565 2441 2576 2479 ᾖ
2595 2495 2597 2506 ‚

1428 2516 1565 2547 immunis
1581 2522 1670 2545 aratri.
1692 2515 1777 2545 Ovid.
1791 2524 1815 2550 3.
1829 2514 1899 2544 Met.
1917 2523 1960 2544 11.
2568 2503 2569 2507 ¹

1429 2554 1616 2584 Incustoditae.
1639 2553 1723 2584 Ovid.
1741 2563 1764 2582 1.
1779 2552 1845 2582 Fast.
1861 2562 1923 2588 545.
2039 2555 2255 2589 ——vagantur

1487 2630 1492 2636 ¹
1560 2591 1736 2621 Incustoditae
1747 2591 1800 2620 lata
1810 2600 1859 2628 per
1873 2599 1936 2619 arva
1946 2588 2041 2618 boves.

1430 2630 1573 2668 Indigena,
1595 2629 1680 2659 Ovid.
1692 2638 1716 2665 3.
1732 2629 1825 2658 Amor.
1842 2636 1883 2663 13.
1895 2637 1923 2663 4.

1524 2667 1601 2697 Casta
1611 2667 1766 2696 sacerdotes
1775 2665 1879 2702 Junoni
1887 2665 1954 2694 festa
1962 2664 2096 2702 parabant
2106 2684 2115 2699 ‚

1561 2702 1595 2735 Et
1610 2705 1734 2734 celebres
1745 2704 1826 2733 ludos
1837 2703 2052 2740 indigenamque
2062 2702 2172 2732 bovem.

1431 2744 1580 2774 Indomita.
1602 2743 1690 2772 Valer.
1705 2753 1732 2778 4.
1748 2744 1848 2779 Argon.
1860 2745 1923 2778 362.

1431 2782 1536 2813 Insana.
1562 2781 1645 2811 Ovid.
1661 2791 1702 2815 14.
1717 2780 1801 2817 Epist.
1818 2784 1879 2813 108.

1524 2819 1607 2849 Exuit
1615 2818 1715 2848 insanae
1724 2817 1832 2855 pellicis
1847 2826 1894 2846 ora
1902 2815 1989 2845 bovis.
2070 2813 2102 2844 Io
2119 2812 2214 2844 Inachi
2223 2813 2309 2844 filiam
2319 2811 2464 2851 intelligit,
2485 2820 2541 2851 qua

1451 2857 1485 2887 ab
1496 2855 1564 2892 Jove
1577 2855 1746 2899 compressa,
1767 2855 1913 2891 subitoque
1929 2851 2049 2889 Junonis
2070 2854 2229 2882 interventu
2245 2853 2275 2881 in
2292 2862 2404 2882 vaccam
2423 2857 2540 2887 mutata,
2576 2842 2577 2848 ἵ
2599 2842 2601 2857 ²

1451 2896 1565 2925 tandem
1573 2895 1651 2938 furiis
1662 2894 1762 2931 agitata
1771 2894 1800 2922 in
1811 2892 1961 2929 AEgyptum
1970 2891 2097 2928 pervenit
2108 2900 2115 2920 t
2140 2889 2190 2920 ubi
2199 2890 2319 2928 pristina:
2326 2890 2420 2921 formae
2428 2889 2542 2925 reddita,
2600 2880 2602 2885 Δ

1452 2935 1480 2963 &
1495 2940 1597 2962 mentis
1609 2941 1724 2969 compos
1733 2931 1819 2966 fasta,
1841 2930 1887 2960 llis
1901 2929 1954 2958 dea
1963 2934 2061 2958 vocata
2071 2928 2118 2958 est.
2576 2932 2579 2941 ·’
2599 2921 2601 2926 ”

1432 2971 1548 3002 Intacta.
1578 2970 1646 3000 Hor.
1658 2969 1746 3007 Epod.
1757 2979 1782 3004 9.
1794 2977 1839 2998 22.

1625 3020 1700 3028 -——-
1710 3013 1740 3036 tu
1749 3005 1863 3035 moraris
1870 3014 1968 3035 aureos

1524 3044 1629 3090 *Currus
1640 3067 1648 3080 ‚
1670 3045 1821 3088 &intactas
1831 3043 1924 3072 boves.
1946 3045 1964 3073 i.
1976 3052 2001 3073 e.
2023 3041 2202 3079 Quaejugum
2213 3049 2271 3071 non
2280 3038 2452 3079 suntpaffffi
2469 3037 2547 3070 &ino
2571 3050 2575 3070 i
2591 3027 2594 3050 Υ

1454 3085 1567 3114 domitae
1575 3083 1610 3112 ad
1619 3082 1782 3112 sacrificium
1796 3080 1938 3119 triumphi.
2572 3081 2575 3102 ἱ

1436 3122 1544 3154 Lestus.
1568 3121 1652 3151 Ovid.
1666 3124 1691 3149 6.
1705 3120 1774 3149 Met.
1787 3128 1848 3155 323.
2572 3107 2576 3142 i
2594 3103 2598 3119 ²

1527 3160 1568 3189 Im
1591 3159 1732 3194 atiensque
1742 3158 1794 3186 viae
1809 3156 1918 3194 genitor
1930 3155 2069 3186 deducere
2079 3153 2169 3184 lestos
2599 3165 2602 3170 ¹

1526 3197 1562 3233 Ju
1586 3201 1644 3225 erat
1659 3195 1726 3225 inde
1738 3195 1835 3224 boves.

1437 3235 1533 3266 Macri.
1557 3234 1656 3270 Juven.
1672 3243 1713 3269 14-
1731 3233 1786 3262 Sat.
1803 3234 1864 3268 146.

1437 3274 1572 3304 Minaces.
1595 3270 1681 3301 Ovid.
1696 3280 1738 3299 11.
1754 3270 1823 3300 Met.
1838 3278 1881 3306 37.
2592 3257 2604 3300 ,²

1675 3322 1750 3329 —-—-
1760 3315 1902 3344 cornuque
1912 3304 2036 3335 minaces
2574 3296 2577 3325 ἱ
2592 3305 2604 3336 'p'

1531 3344 1672 3378 Divulsere
1689 3345 1783 3375 boves.
2574 3335 2577 3348 '
2595 3343 2597 3346 ’

1439 3384 1547 3417 Misera.
1583 3383 1672 3414 valer.
1684 3393 1711 3420 4.
1725 3384 1896 3425 Argon3395.
1917 3380 1960 3410 De
1970 3380 2001 3410 Io
2011 3377 2107 3408 Inachi
2116 3376 2171 3408 filia
2180 3376 2313 3415 loquens,

1709 3434 1784 3441 -———-
1793 3426 1884 3457 pnmo
1894 3419 2005 3456 vestigia
2017 3416 2073 3446 visu

1529 3458 1629 3504 Fugit:
1651 3460 1678 3489 δι
1686 3458 1714 3488 in
1725 3457 1828 3487 miserae
1838 3455 1926 3487 rursus
1938 3456 2016 3485 bovis
2029 3464 2076 3484 ora
2088 3454 2212 3485 recurrit.

1440 3499 1544 3530 mutili.
1585 3497 1617 3527 In
1643 3507 1664 3525 M
1674 3506 1693 3525 u
1704 3505 1724 3525 T
1733 3506 1742 3524 1
1751 3506 1769 3524 1.
1778 3505 1797 3524 υ
1807 3504 1828 3524 s.

1441 3537 1601 3567 Oninivorae
1613 3534 1707 3564 boves.
1740 3533 1772 3563 In
1800 3542 1817 3561 ο
1825 3542 1846 3561 Μ
1855 3540 1876 3559 Ν
1886 3540 1895 3559 ι
1904 3539 1922 3560 v
1931 3540 1948 3559 o
1958 3539 1974 3559 11
1986 3539 2032 3560 us.

1441 3574 1540 3613 Opimi
1551 3573 1646 3602 boves.
1680 3571 1712 3601 ln
1740 3580 1757 3600 o
1766 3579 1780 3599 a
1789 3580 1798 3598 1
1808 3580 1830 3598 M
1840 3578 1857 3598 υ
1866 3577 1887 3597 s.

1440 3611 1563 3643 Otiosu's.
1586 3610 1653 3639 Hor.
1666 3618 1690 3645 3.
1702 3608 1796 3638 Carm.
1813 3612 1854 3640 18.
1870 3614 1912 3634 12.

1520 3648 1612 3692 [festus
1623 3648 1652 3676 in
1662 3647 1747 3685 pratis
1756 3650 1834 3688 vacat
1842 3640 1930 3672 otioso

1441 3686 1515 3716 Paffa
1524 3685 1693 3757 infigisntiffis'.
1708 3682 1833 3751 Plliggus
1833 3680 1982 3752 ailtllest'ilis(>
1979 3701 2107 3748 occurret
2116 3716 2146 3746 in
2155 3713 2225 3746 arvis

2037 3641 2109 3671 Cum
2119 3639 2192 3670 bove
2202 3646 2298 3678 pagus.

1552 3760 1668 3790 Nullum
1679 3758 1753 3797 passa
1763 3759 1867 3794 jugum.
2579 3775 2580 3778 ,

1441 3797 1538 3828 Patuli.
1563 3798 1592 3826 in
1612 3805 1793 3825 aim-utus.
2579 3779 2580 3818 l

1443 3836 1548 3865 Pavidi.
1570 3834 1666 3864 Claud.
1686 3835 1715 3862 in
1729 3833 1780 3862 sec.
1793 3829 1873 3861 Cons.
1886 3828 1945 3859 Stil.
1961 3837 2023 3866 332.

1443 3872 1603 3903 Perdomiti.
1633 3873 1663 3900 in
1692 3881 1707 3900 P
1718 3881 1732 3900 11
1741 3881 1756 3899 a
1767 3880 1784 3898 o
1794 3879 1811 3897 o
1822 3878 1843 3896 Μ
1851 3877 1877 3896 ο.
2580 3870 2581 3891 1

1444 3909 1531 3948 Piger.
1554 3910 1621 3939 Hor.
1641 3919 1665 3938 1.
1685 3908 1766 3946 Epist.
1784 3917 1825 3942 14.
1842 3913 1888 3940 43.
2580 3894 2581 3928 l

1525 3947 1612 3985 Optat
1623 3946 1756 3985 ephippia
1767 3944 1817 3975 bos
1829 3943 1914 3981 piger.
2463 3968 2483 4002 Ρ
2511 3966 2538 3999 fu

2483 3979 2510 4001 ΚΟ
2537 3986 2548 3995 ·
