2604 4222
127 132 198 168 680
527 119 556 155 C
652 117 687 152 O
781 113 815 150 N

136 208 389 241 CONTosTon,
409 203 472 235 5ris.
494 211 532 231 ni.
552 199 617 231 Ter.
627 198 738 228 Phorm.
758 205 785 224 2.
801 203 826 230 3.
843 201 886 228 ²7·
912 190 1053 220 Bonorum
1071 188 1196 215 extortor
1208 203 1217 217 ,
1236 180 1277 210 le-

175 254 238 282 gum
252 250 405 274 contortor.

139 281 476 314 ΟοΝτοιτιηῑοο,
497 276 540 307 vel
564 275 668 304 CQNT

177 319 247 350 Pers.
261 331 288 354 4·
304 322 330 348 6.
345 321 389 348 26.
824 340 831 347 ·

269 345 907 426 ngllgstgglizgsgnhgbZffilis.longatiiogllldeo
923 374 991 403 dura
1002 393 1011 407 ,
1031 372 1058 403 &
1076 368 1151 408 quasi
1171 366 1278 397 confra-

180 431 244 469 gosa
255 454 263 466 ‚
284 437 313 461 ut
323 431 368 460 vix
379 424 585 463 efferripoffint.
621 420 739 451 Verbum
759 417 797 446 est
813 412 1032 451 decompositum
1048 417 1084 438 ex
1099 408 1279 442 Contorqueo

143 469 313 539 eggigi:
340 463 503 540 {QffZsffvffi
499 461 563 530 »1φὸτὲ
575 518 585 532 ,
602 492 674 530 ciffi]
706 490 862 530 Praepositio
883 485 1036 519 accusativo
1056 481 1129 512 casui
1148 480 1278 510 serviens.

182 545 253 582 vng'
264 542 540 613 xCollrfstria‘lsi‘e’ptunum
552 573 578 602 &
588 571 738 602 Venerem,
758 571 909 601 contraque
923 561 1086 592 Minervam.

180 619 283 649 Contra
293 615 464 653 disciplinam
473 619 562 641 meam
570 615 597 638 te
607 606 712 646 gessisti.
729 605 747 634 i.
760 614 784 634 e.
805 603 888 634 Aliter
896 609 979 638 quam
988 604 1016 628 te
1024 593 1185 626 docuissem.
1198 590 1279 630 Apud

180 655 382 724 ngsetrlgtitxgntra
394 688 521 725 aliquem.
565 682 669 714 Coelius
682 677 809 710 Ciceroni
822 699 830 712 ‚
856 686 897 721 10.
918 676 970 705 Att.
983 683 1026 703 11.
1047 671 1131 701 Nunc
1141 676 1168 699 te
1181 672 1279 698 contra

200 731 330 759 victorem
339 726 466 757 Caesareni
476 724 565 753 facere
577 743 584 755 ,
602 722 653 750 &c.
675 718 786 747 summae
795 714 913 744 stultitiae
924 713 970 742 est.
994 712 1023 740 V.
1041 720 1055 738 1⁷
1067 718 1085 736 A
1096 716 1164 751 cio.
1209 742 1216 748 ⁸
1249 739 1267 769 11

182 768 281 797 Contra
292 776 336 795 me
347 765 383 794 est
394 764 452 792 liaec
468 770 517 790 res.
556 758 614 788 Cic.
631 767 681 795 pro
694 756 801 784 Cluent.
817 763 860 788 55.
883 751 971 780 Potest
982 747 1035 792 ell‘e
1044 745 1160 776 dubium
1170 751 1256 785 quini
1268 757 1280 765 -

198 805 224 834 la
233 804 372 833 damnatio
381 800 482 830 Staieni
494 820 501 831 .
523 806 579 825 non
591 795 675 824 modo
687 802 743 822 non
754 791 784 820 sit
793 797 890 819 contra
907 788 1080 819 Cluentium,
1100 782 1147 812 sed
1158 787 1279 810 maxime

198 842 314 870 nostram
324 839 428 869 causam
445 834 686 869 defensionemque
697 828 849 859 confirmet.

181 880 280 909 Contra
292 876 510 915 expectationem
522 871 657 900 omnium.
685 867 748 897 Caes.
760 872 785 900 8.
798 864 866 895 Bell.
879 863 949 893 Gall.
963 871 1022 905 cap.
1035 869 1080 895 40.
1103 857 1199 894 Quum
1214 863 1279 884 con-

199 924 239 946 tra
249 917 373 945 omnium
382 911 602 950 expectationem
613 905 698 937 Caesar
707 903 917 934 Uxellodunum
929 898 1051 929 venisset.
1134 932 1140 938 .

180 955 282 984 Contra
294 952 454 990 opinionem
468 948 602 977 omnium.
640 943 704 973 Caes.
716 946 740 972 6.
753 941 820 971 Bell.
831 939 899 970 Gall.
913 947 974 976 cap.
987 946 1032 972 ²9·
1052 932 1196 978 Celeriter,
1213 938 1279 972 con-

197 1000 291 1028 traque
305 990 429 1019 omnium
444 986 606 1024 opinionem
619 1003 628 1019 ,
649 980 777 1011 confesti)
799 979 915 1012 itinere,
936 974 1039 1004 multos
1060 981 1090 1001 in
1109 979 1179 1007 agris
1189 976 1279 1005 inopi-

179 1024 592 1102 Οἳῖιῖ1ῗὲξεῖτῐξὴῗᾶἶζᾷ4.4ς.
627 1066 648 1086 1.
678 1054 752 1086 Tum
778 1052 952 1090 posteaquam
971 1058 1014 1078 res
1031 1047 1159 1077 Romana
1182 1048 1279 1073 contra

199 1104 274 1141 spem
289 1108 406 1138 votaque
414 1100 473 1135 ejus
486 1097 562 1126 velut
573 1105 602 1125 re
617 1099 738 1127 urgeret,
754 1093 805 1121 Sic.

180 1142 280 1171 Contra
292 1140 365 1175 leges
373 1137 478 1173 aliquid
488 1135 620 1169 accipere.
642 1130 699 1160 Cic.
713 1140 738 1165 4.
754 1129 828 1157 Verr.
838 1129 883 1155 26.
973 1162 978 1167 Ι
1129 1157 1135 1164 ”

177 1170 336 1209 Secundum
347 1182 470 1205 naturam
484 1175 510 1203 ἃ
519 1172 621 1201 Contra
630 1176 752 1197 naturam
763 1188 770 1200 ,
791 1168 924 1203 pugnant.
947 1162 1005 1191 Cic.
1019 1170 1046 1196 4.
1059 1159 1095 1188 de
1105 1157 1165 1187 Fin.
1177 1165 1222 1193 71.
1243 1155 1278 1185 Se

197 1217 291 1246 omnia
303 1224 362 1251 quae
371 1212 519 1244 secundum
530 1214 654 1239 naturam
669 1205 719 1234 sint
729 1227 737 1239 ‚
758 1203 832 1233 bona
847 1200 1002 1239 appellare:
1024 1207 1083 1235 quae
1101 1202 1195 1225 autem
1212 1202 1278 1223 con-

179 1252 420 1322 Cttisit’randsisiiium.
443 1285 500 1315 Cic.
516 1294 539 1313 1.
550 1282 608 1314 Off.
624 1291 665 1317 19.
687 1280 757 1316 Quae
768 1286 864 1306 ornnes
874 1281 946 1320 artes
960 1275 990 1303 in
1002 1272 1058 1302 veri
1070 1269 1277 1314 investigatione

197 1329 348 1358 versantur:
371 1326 448 1360 cujus
459 1323 546 1353 studio
557 1331 571 1350 a
581 1319 660 1349 rebus
674 1316 798 1355 gerendis
806 1315 907 1344 abduci
916 1335 925 1349 ‚
945 1318 1042 1342 contra
1057 1308 1181 1338 officium
1191 1307 1238 1336 est.

177 1366 276 1396 Obniti
287 1364 381 1393 'contra
391 1361 501 1398 aliquid.
523 1359 592 1395 Virg.
606 1368 630 1391 ς.
646 1356 705 1399 AEn.
718 1363 761 1383 21.

178 1405 280 1435 Contra
289 1402 407 1438 aliquem
418 1400 491 1429 stare.
512 1397 530 1426 i.
540 1406 564 1426 e.
586 1395 738 1431 Eregione.
760 1389 846 1420 Plaut.
858 1387 927 1418 Pers.
940 1396 966 1417 2.
979 1396 1006 1416 2.
1017 1388 1063 1416 26.

267 1440 344 1476 Quid
354 1438 434 1476 agis?
455 1446 476 1465 P.
498 1434 631 1464 feminam
642 1430 777 1460 scelestam
788 1450 798 1463 ,
817 1434 846 1457 te
856 1427 944 1457 astans
952 1430 1048 1456 contra
1058 1445 1067 1459 ,
1087 1426 1232 1453 contueor.

177 1478 272 1516 Aspice
284 1483 380 1507 contra
390 1484 443 1504 me.
464 1473 548 1503 Plaut.
561 1469 670 1512 Mostel.
684 1479 707 1504 ς.
722 1477 744 1497 1.
757 1470 799 1501 56.

177 1515 353 1545 Contendere
364 1519 457 1543 contra
468 1511 595 1547 aliquem.
618 1507 689 1543 Virg.
700 1515 723 1541 ς.
739 1504 800 1534 AEn.
812 1511 875 1539 370.

176 1554 306 1584 Retinere
317 1552 422 1588 aliquos
432 1555 526 1579 contra
537 1545 719 1590 voluntatem.
740 1543 797 1572 Cic.
806 1550 857 1579 pro
869 1539 979 1570 Muren.
993 1539 1037 1575 36.

175 1591 253 1620 Stare
263 1595 359 1620 contra
366 1588 492 1623 aliquem.
514 1585 586 1621 Virg.
600 1594 624 1619 ς.
639 1582 700 1612 AEn.
713 1590 776 1617 414.
788 1617 793 1623 ·

176 1628 288 1659 Tollere
300 1626 396 1656 oculos
404 1630 498 1655 contra
509 1622 636 1659 aliquem.
659 1619 764 1663 Iaucret.
775 1616 822 1661 lib.
836 1625 860 1645 1.
874 1617 920 1661 67.

177 1666 287 1696 Munire
295 1664 322 1694 se
332 1669 425 1693 contra
455 1662 579 1691 udorem.
601 1658 689 1688 Tacit.
706 1666 735 1684 in
749 1654 811 1684 Vita
821 1654 908 1691 Agric.
921 1662 966 1687 45.
1215 1685 1222 1691 ¹

139 1706 315 1738 con-raia,
336 1701 436 1737 [ἒξεηω
451 1696 507 1733 Ἅι]
528 1697 594 1726 Adv.
616 1696 634 1724 i.
647 1705 671 1724 e.
695 1693 826 1727 Vicissim,
846 1692 959 1721 auctore
970 1688 1090 1722 Donate,
1110 1688 1136 1717 Gt
1148 1693 1223 1724 gravi
1234 1692 1278 1714 ac-

176 1747 258 1773 centu
269 1745 379 1769 notatur
389 1739 417 1767 in
428 1738 490 1767 tine.
511 1735 573 1764 Ter.
587 1731 702 1770 Adelph.
721 1741 742 1775 ¹.·
759 1741 782 1759 r.
795 1739 840 1765 25.

216 1778 265 1808 llle
276 1783 305 1807 ut
315 1777 381 1806 item
393 1780 487 1805 contra
496 1782 540 1802 me
553 1771 661 1805 habeat,
680 1769 752 1799 facio
766 1766 871 1797 sedulo.
964 1764 1049 1794 Plaut.
1061 1762 1149 1802 Mero.
1164 1771 1188 1797 ς.
1198 1768 1274 1795 241.

226 1831 262 1836 —
271 1815 341 1853 sapis
350 1836 358 1848 ,
412 1812 437 1842 O
457 1811 575 1841 Charine
587 1819 594 1838 ε
616 1813 712 1838 contra
725 1807 826 1845 pariter
833 1805 875 1834 fer
885 1803 1010 1842 gradum,
1021 1803 1046 1831 8ι
1057 1800 1153 1830 confer
1163 1798 1273 1836 pedem.

176 1854 280 1884 Contra
291 1874 299 1888 ‚
321 1851 361 1881 Ex
369 1849 490 1880 adverso.
510 1847 573 1878 Ter.
586 1846 655 1876 Euri.
667 1855 693 1875 a.
709 1853 734 1880 3.
747 1848 791 1879 63.

234 1890 323 1920 Immo
334 1889 409 1919 enim
417 1888 434 1917 {i
445 1886 511 1916 scias
522 1884 597 1922 quod
606 1884 714 1913 donum
721 1883 786 1911 huic
796 1880 976 1923 dono-contra
986 1880 1138 1915 comparet.
1179 1873 1238 1904 Cic.
1249 1882 1276 1909 4.

196 1927 276 1958 Acad.
295 1937 355 1961 ιος.
377 1925 415 1956 Ut
424 1925 482 1954 aliae
492 1921 648 1961 probabiles
658 1921 803 1950 videantur
811 1940 820 1954 ,
843 1916 903 1947 aliae
911 1921 1015 1945 contra.

177 1965 278 1995 Contra
289 1964 341 1994 tibi
353 1963 452 1993 evenit.
473 1962 538 1991 Hor.
553 1959 673 1990 1.Serm.
686 1967 711 1994 3.
725 1966 770 1994 ²7·

178 2003 296 2038 Contra,
318 2002 338 2031 E
348 2001 468 2038 regione.
490 1999 562 2035 Virg.
574 2001 598 2027 6.
614 1996 677 2027 AEn.
692 2004 736 2031 23.
757 1994 855 2031 Juven.
865 2000 890 2029 3.
903 1991 959 2022 Sat.
970 2000 1034 2027 ²90·

230 2041 331 2070 Contra
339 2038 412 2068 elata
424 2037 491 2067 mari
500 2034 647 2073 respondet
656 2032 755 2062 Gnosia
764 2030 855 2061 tellus.

230 2078 289 2108 Stat
297 2082 402 2110 contra,
411 2075 524 2112 starique
534 2072 620 2109 jubet.
660 2071 769 2107 [Immo
780 2070 839 2099 Stat
846 2068 950 2097 Contra
960 2075 1015 2101 me,
1027 2065 1054 2095 ἃ
1062 2064 1164 2094 Contra
1172 2063 1198 2093 se
1205 2062 1276 2093 stari.

178 2117 281 2147 Contra
290 2124 338 2149 ac,
357 2113 401 2142 vel
410 2112 511 2142 Contra
518 2117 598 2147 atque
611 2130 620 2145 ,
641 2117 692 2146 pro
703 2107 785 2137 Aliter
797 2115 888 2144 quam.
929 2104 987 2149 Cic.
1002 2113 1053 2141 pro
1063 2102 1148 2132 Corn.
1161 2101 1236 2132 Balb.
1249 2109 1276 2137 7.

197 2154 227 2184 Si
237 2153 355 2188 denique
364 2149 466 2186 aliquid
476 2158 534 2178 non
552 2152 650 2177 contra
665 2155 697 2175 ac
713 2145 810 2175 liceret
823 2144 928 2173 faetum
942 2143 1080 2172 diceretur
1094 2161 1103 2176 ,
1122 2139 1169 2170 sed
1182 2147 1278 2169 contra

193 2198 274 2228 atque
284 2194 432 2227 oporteret.
828 2218 834 2224 ι
881 2217 887 2224 ·

178 2229 281 2259 Contra
291 2235 380 2263 quam.
420 2224 477 2254 Cic.
489 2233 539 2262 pro
549 2221 660 2253 Cluent.
672 2229 714 2251 η.
737 2219 836 2249 Generi
849 2217 889 2247 sui
900 2238 909 2253 ‚
930 2222 1026 2246 contra
1044 2224 1126 2253 quam
1143 2213 1184 2244 fas
1201 2218 1278 2249 erat,

196 2274 288 2294 amore
309 2269 395 2300 capta.

177 2303 243 2333 Non
252 2310 328 2330 carus
338 2301 376 2329 est
384 2307 449 2328 auro
457 2303 561 2327 contra.
582 2295 668 2326 Plaut.
683 2294 761 2332 Epid.
776 2303 799 2330 3.
814 2302 837 2329 3.
850 2301 895 2329 ²9·
973 2328 979 2335 ⁸

130 2365 132 2368 .
176 2339 260 2376 Quod
275 2349 289 2367 a
300 2336 460 2375 quibusdam
473 2334 572 2363 dicitur
588 2333 723 2367 Econtra,
743 2329 852 2360 fortasse
871 2333 993 2359 manavit
1011 2337 1046 2357 ex
1063 2335 1278 2370 errore,-quum

197 2386 232 2406 ex
244 2376 298 2412 Ego
313 2380 407 2404 contra
419 2395 428 2409 ,
447 2373 549 2402 factum
559 2371 625 2401 effet
637 2371 763 2400 Econtra.
805 2368 840 2397 Ut
851 2367 869 2396 fi
880 2367 940 2404 quis
958 2367 987 2395 in
1003 2365 1058 2394 fine
1067 2366 1200 2394 orationis
1218 2365 1278 2407 Sci-

195 2415 289 2452 pionis
305 2413 352 2441 lib.
365 2417 409 2445 28.
424 2419 485 2448 pag.
499 2408 604 2446 penult.
625 2407 674 2437 ubi
691 2407 778 2438 dicit.
801 2406 847 2435 Sic
865 2406 891 2435 ἃ
909 2413 960 2441 ego
978 2410 1073 2432 contra
1090 2402 1205 2446 gloriam
1219 2412 1279 2438 ejus

195 2451 307 2481 eludere
328 2451 378 2479 &c.
400 2448 482 2477 faciat
502 2447 546 2476 Sic
563 2456 578 2475 e
596 2451 700 2476 contra.
740 2443 855 2473 Affertur
872 2449 966 2472 tamen
982 2441 1003 2470 E
1017 2446 1162 2470 contrario.
1190 2439 1226 2469 H.
1239 2441 1277 2469 St.

194 2489 283 2518 Verba
295 2487 365 2516 Livii
376 2485 437 2516 sunt
446 2484 541 2518 lib.28.
555 2494 598 2519 ⁴4-
612 2481 833 2512 extr.Latinitatis
841 2490 895 2510 vox
905 2480 1047 2508 deterioris
1057 2479 1102 2508 est.
1115 2478 1149 2508 V.
1161 2477 1232 2507 vois.
1243 2478 1279 2507 de

195 2526 348 2555 Vit.Serm.
362 2534 384 2553 1.
402 2533 445 2558 25·
458 2523 483 2552 δι
498 2521 593 2551 Cellar.
605 2521 667 2550 Cur.
680 2519 747 2557 post.
763 2528 823 2556 pag.
835 2527 896 2555 301.
919 2516 1058 2560 Antibarb.
1071 2525 1132 2554 pag.
1145 2524 1187 2552 33.
1206 2515 1278 2559 Sane

197 2564 291 2593 durior
309 2562 365 2596 est,
392 2561 419 2590 δι
435 2558 569 2596 Analogiae
589 2564 722 2596 repugnat
738 2557 853 2586 duarum
875 2553 1099 2593 praepositionum
1117 2551 1277 2596 copulatio,

197 2600 242 2630 etsi
257 2600 342 2629 altera
358 2599 387 2627 in
399 2596 525 2627 Adverbii
534 2595 628 2631 locum
637 2594 779 2624 transierit.
813 2593 883 2629 Quae
897 2593 927 2621 in
937 2592 1102 2621 contrariam
1113 2590 1278 2621 sententiam

196 2637 302 2667 Vossius
310 2637 346 2666 de
358 2635 432 2666 Anal.
447 2643 518 2669 4²3-
528 2634 553 2663 &
564 2642 598 2661 ex
608 2642 641 2662 eo
652 2632 775 2661 Perizon.
788 2631 822 2660 ad
832 2630 934 2660 Sanctii
943 2629 1043 2659 Miner.
1058 2638 1081 2665 3.
1095 2640 1135 2664 14.
1148 2628 1279 2664 afferunt,

199 2685 256 2705 non
273 2683 365 2704 moror
376 2695 384 2708 ,
405 2681 489 2710 quum
511 2671 640 2707 pleraque
655 2676 701 2699 aut
717 2669 771 2698 alio
783 2669 939 2705 pertineant
951 2688 961 2702 ,
979 2674 1026 2696 aut
1039 2667 1140 2696 merito
1157 2666 1279 2704 suspecta

198 2713 267 2747 sint,
288 2718 335 2741 aut
344 2711 402 2745 ejus
415 2706 703 2746 aeviscriptorumloca
714 2727 722 2741 ,
744 2715 798 2743 quo
815 2705 927 2743 passim,
949 2704 1142 2742 peregrinitate
1161 2705 1191 2733 in
1209 2704 1279 2734 orbe

197 2751 328 2780 Romano
351 2748 530 2780 dominante,
557 2744 694 2782 Analogiae
709 2750 845 2781 praecepta
860 2742 1015 2781 proculcari
1032 2748 1185 2780 coeperant.
1236 2742 1279 2771 De

200 2788 266 2817 Adv.
288 2785 401 2823 Infuper
414 2784 461 2814 suo
477 2783 539 2812 loco
561 2782 590 2811 V.

144 2821 473 2856 CoNTsAcTus.1n
494 2828 716 2850 CONTRAHO.

143 2864 166 2894 C
176 2873 192 2891 o
201 2872 219 2891 N
227 2871 246 2890 T
257 2871 271 2890 a
280 2871 298 2890 A
308 2870 368 2889 R1U
376 2869 388 2889 s
400 2881 408 2895 ,
430 2869 445 2888 a
455 2880 463 2894 ,
484 2867 539 2888 um.
562 2856 727 2892 [ὀνκντὶῶυ]
748 2855 807 2892 Adj.
828 2864 844 2884 a
854 2854 956 2884 Contra
966 2853 1166 2892 praepositione.
1204 2853 1280 2884 Con-

182 2900 261 2929 traria
269 2898 420 2927 dialedticis
430 2896 538 2934 proprie
551 2894 612 2923 sunt
622 2893 754 2931 Opposita
765 2915 773 2928 ,
793 2902 909 2930 quorum
924 2902 1010 2921 unum
1021 2892 1068 2921 uni
1084 2892 1219 2922 duntaxat
1231 2902 1281 2930 op-

180 2937 306 2975 ponitur:
330 2942 359 2964 ut
368 2934 451 2964 relata
465 2955 473 2968 ‚
494 2931 623 2966 adversa,
643 2932 796 2968 privantia,
817 2930 1044 2960 contradicentia.
1085 2930 1144 2959 Cic.
1165 2930 1200 2959 de
1213 2930 1279 2958 Uni-

181 2974 247 3004 vers.
263 2982 304 3008 33.
326 2972 379 3001 Eos
395 2972 440 3008 qui
457 2979 544 3009 prope
560 2968 727 3007 copulentur
748 2969 883 2997 contraria
899 2969 1027 3004 regione,
1044 2972 1091 2996 aut
1101 2976 1176 3005 pone
1193 2977 1279 3004 quos,

181 3018 227 3041 aut
247 3016 310 3040 ante
324 3009 464 3042 labantur,
482 3009 533 3038 &c.
555 3006 633 3036 Idem
652 3016 673 3035 1.
693 3006 728 3034 de
748 3006 852 3035 Invent.
866 3014 912 3040 42-
934 3005 1127 3040 Contrarium,
1148 3005 1186 3034 est
1204 3006 1280 3042 quod

181 3049 298 3087 positum
309 3048 336 3076 in
347 3056 446 3084 genere
457 3043 560 3074 diverso
571 3065 580 3079 ,
601 3043 634 3073 ab
644 3043 743 3072 eodem
753 3065 761 3078 ‚
783 3043 827 3072 cui
839 3043 1007 3071 contrarium
1023 3041 1076 3071 esse
1086 3043 1198 3075 dicitur,
1220 3042 1281 3080 plu.

180 3087 280 3116 rimum
290 3085 383 3114 distat:
409 3090 439 3113 ut
450 3084 532 3120 frigus
543 3081 627 3111 calori
639 3103 647 3115 ,
667 3080 728 3109 vitae
739 3090 821 3110 mors.
842 3079 874 3109 Id
886 3079 1034 3110 Adversum
1044 3080 1156 3118 proprie
1166 3080 1276 3110 dicitur.

184 3125 260 3152 Arma
269 3122 411 3151 contraria.
433 3120 516 3150 Ovid.
532 3131 554 3149 i.
568 3118 650 3148 Trist.
665 3129 690 3153 4.
702 3127 747 3153 41.

181 3160 303 3190 Flamina
312 3159 395 3188 classi.
417 3158 500 3188 Ovid.
515 3166 556 3192 13.
575 3156 641 3186 Met.
657 3161 719 3193 183.
749 3156 767 3184 i.
782 3164 807 3185 e.
830 3154 920 3184 Venti.

183 3198 287 3227 Humor
297 3197 413 3234 ignibus.
434 3195 518 3225 Ovid.
528 3195 557 3223 in
569 3193 630 3224 Ibin
639 3215 647 3227 ,
661 3202 674 3229 3
683 3202 705 3222 i.

182 3235 263 3265 lctus.
304 3235 360 3263 Liv.
373 3243 398 3263 2.
412 3236 437 3262 6.
459 3232 604 3262 Contrario
617 3231 672 3260 ic'tu
680 3240 729 3269 per
739 3238 861 3268 parmam
875 3236 987 3267 uterque
997 3229 1150 3261 transfixus.

185 3272 272 3301 Verba
281 3272 368 3300 rebus.
390 3270 446 3299 Cic.
460 3271 495 3300 ad
507 3270 580 3299 Brut.
594 3278 634 3304 17.

185 3309 314 3346 Voluptas
322 3308 466 3337 honestati.
488 3308 545 3336 Cic.
559 3316 582 3343 3.
595 3305 653 3336 Off.
670 3314 730 3372 rig.

184 3346 254 3375 Vitia
269 3347 294 3375 in
304 3346 439 3375 contraria
450 3354 565 3374 currere.
588 3344 654 3373 Hor.
669 3352 692 3372 1.
724 3352 789 3372 erm.
801 3351 827 3372 2.
844 3351 889 3377 24.

186 3383 260 3420 Quin
270 3384 362 3417 etiam,
383 3382 495 3412 Duobus
502 3382 575 3411 vitiis
585 3381 725 3410 contrariis
735 3380 857 3409 laborare
868 3380 928 3416 quis
939 3379 1048 3413 dicitur,
1071 3378 1186 3408 Avaritia
1195 3380 1220 3409 ἆ
1231 3377 1282 3409 Lu-

205 3421 294 3455 xuria,
315 3420 389 3457 quod
400 3420 488 3449 Livius
499 3426 580 3449 vocat
590 3417 704 3448 Diversa.
745 3417 815 3446 Vide
826 3419 854 3446 in
872 3427 888 3446 v
898 3428 906 3445 i
916 3426 935 3445 T
946 3428 954 3445 i
966 3427 983 3445 u
994 3428 1023 3446 Μ.
1046 3416 1080 3446 H.
1091 3417 1129 3446 St.

187 3457 357 3492 Contrarius,
380 3458 586 3492 cunigenitivo.
627 3456 684 3485 Cic.
694 3466 720 3490 4.
738 3455 773 3484 de
786 3455 844 3484 Fin.
856 3458 900 3490 67.
926 3455 1061 3491 Quarum,
1082 3454 1221 3491 inquiunt,
1242 3464 1281 3483 ar-

205 3496 272 3524 tium
285 3495 387 3524 sumnia
398 3495 516 3524 crescere
528 3493 615 3531 potest
625 3515 632 3527 ,
652 3502 744 3522 earum
754 3493 837 3521 etiam
849 3493 1047 3521 contrariarum
1058 3491 1162 3521 summa
1181 3493 1281 3528 poterit

205 3533 301 3567 augeri.
340 3533 379 3561 Ad
389 3533 494 3561 virtutis
508 3538 599 3561 autem
610 3530 740 3560 summam
753 3531 883 3559 accedere
892 3529 960 3558 nihil
972 3530 1058 3566 potest
1071 3538 1077 3558 :
1100 3539 1135 3559 ne
1147 3529 1213 3559 vitia
1223 3530 1281 3566 qui-

205 3569 266 3598 dem
275 3569 353 3603 initur
362 3569 478 3598 crescere
488 3575 618 3606 poterunt
633 3590 641 3603 ,
662 3578 719 3604 quae
729 3567 788 3596 sunt
799 3568 930 3596 virtutum
942 3568 1086 3596 contraria.

187 3604 227 3634 Ire
237 3607 296 3635 vitu:
308 3607 389 3643 priori
405 3607 580 3636 contrarium.
601 3605 699 3641 Juven.
714 3616 738 3638 o.
751 3606 807 3634 Sat.
818 3614 862 3634 21.

188 3643 355 3707 ConxtJrurium
364 3653 404 3673 ae.
426 3650 455 3672 ut
467 3665 475 3679 ,
497 3643 801 3673 Decernitcontrarium
817 3651 848 3671 ac
859 3641 942 3680 paulo
954 3648 1017 3671 ante
1034 3641 1201 3672 decreverat.
1223 3640 1281 3670 Cic.

228 3702 233 3708 .
268 3690 316 3709 err.
333 3691 390 3709 120.

187 3689 342 3746 Cimtrarius
353 3724 440 3753 atque.
478 3717 534 3746 Cic.
545 3719 572 3746 in
583 3718 676 3747 Somn.
693 3717 765 3755 Scip.
780 3727 806 3753 9.
829 3717 885 3753 Qui
898 3715 1010 3752 subjecti
1022 3717 1083 3746 sunt
1091 3716 1214 3754 septem,
1235 3716 1281 3752 qui

206 3754 339 3783 versantur
347 3762 418 3783 retro
430 3756 565 3784 contrario
577 3762 654 3784 motu
667 3761 749 3791 atque
762 3754 868 3784 caelum.

188 3791 318 3820 Conferre
352 3792 479 3832 ugnantia
490 3813 497 3825 ,
518 3794 543 3821 ἃ
553 3802 711 3835 comparare
721 3793 863 3821 contraria.
886 3791 945 3820 Cic.
955 3791 982 3820 in
995 3791 1071 3821 Orat.
1086 3797 1130 3828 38.

188 3827 260 3856 Paria
274 3829 329 3865 pari
353 3838 382 3856 us
393 3830 505 3862 reterre,
526 3829 632 3858 adversa
643 3831 790 3858 contrariis.
815 3830 871 3858 Cic.
886 3829 914 3857 in
930 3829 1004 3858 Orut.
1015 3833 1060 3864 65.

188 3865 328 3897 Disiuncta
339 3866 458 3893 maxime
469 3867 494 3893 St
504 3868 635 3895 contraria
647 3867 745 3895 dicere.
768 3867 825 3895 Cic.
840 3874 865 3895 2.
880 3865 996 3904 Philipp.
1017 3873 1057 3900 13.

189 3902 336 3931 Contrariis
348 3923 355 3936 ,
376 3903 499 3943 ‹live-riis,
522 3906 545 3931 ἃ
560 3904 744 3939 pugnantibus
763 3903 856 3934 studiis
876 3904 902 3934 6<
919 3903 1118 3941 cupiditatibus
1132 3902 1285 3934 conflatum

208 3941 365 3969 monilium.
388 3942 443 3967 Cic.
455 3949 504 3976 pro
521 3940 591 3969 cml.
606 3949 646 3969 η.

676 275 908 301 oaTui’mco,
937 260 1080 300 [dimini]
1099 261 1156 288 are.
1186 255 1273 286 Plaut.

1690 93 1720 126 C
1818 93 1853 127 O
1951 92 1986 126 N

1367 173 1509 204 Scinditur
1520 175 1656 203 incertum
1672 173 1758 202 studia
1770 174 1797 201 in
1810 174 1946 202 contraria
1961 172 2067 210 vulgus.
2090 172 2162 211 Virg.
2174 183 2200 202 2.
2214 173 2275 203 AEn.
2287 182 2352 210 243.

1367 212 1407 241 Ex
1419 213 1555 240 contrario
1569 211 1694 240 conferre
1703 211 1794 246 aliqua
1805 212 1831 239 in
1844 210 2018 240 adversarios.
2041 211 2099 240 Cic.
2112 221 2138 240 ιι.
2151 212 2186 240 de
2198 211 2275 241 Orat.
2289 217 2351 246 182.

1367 249 1388 278 E
1401 250 1538 278 contrario
1554 248 1688 278 confiteri.
1712 249 1835 277 111161.αά
1851 249 1972 278 Herenn.

1366 286 1407 316 Ex
1418 287 1557 316 contrario
1566 286 1736 314 contendere
1745 286 1859 321 aliquid.
1882 286 1938 315 Cic.
1953 296 2003 323 pro
2016 285 2097 315 Rosc.
2110 286 2190 316 Com.
2200 295 2246 323 47.

1367 323 1408 353 Ex
1423 324 1558 353 contraria
1569 329 1646 361 parte
1657 323 1757 351 dicere.
1782 324 1839 352 Cic.
1856 334 1879 352 1.
1893 323 1928 352 dc
1940 324 2047 353 invent.
2060 329 2104 352 26.

1366 361 1399 392 ln
1413 361 1579 390 contrarium
1591 360 1697 389 cadere.
1739 360 1806 389 Plin.
1818 362 1847 389 in
1863 368 1980 397 prooem.
1997 360 2043 390 lib.
2060 371 2103 397 14.
2124 361 2232 391 Omnes
2242 370 2258 390 a
2269 360 2392 390 maxhno
2403 359 2480 391 bono

1388 398 1515 428 liberales
1529 398 1608 427 dierae
1621 403 1692 426 artes
1702 397 1730 425 in
1742 399 1910 427 contrarium
1921 399 2057 428 cecidere.

1367 435 1400 466 In
1412 437 1577 465 contrariam
1588 441 1692 472 partem
1703 435 1801 464 afferre
1809 435 1924 472 aliquid.
1947 436 2004 465 Cic.
2016 445 2043 465 2.
2057 436 2092 465 de
2108 436 2186 465 Orat.
2199 445 2264 470 2¹5·

1367 474 1400 503 In
1412 474 1577 502 contrariam
1587 480 1691 510 partem
1702 473 1845 502 consilium
1876 472 1933 501 iuni
1943 473 2060 509 alicujus
2074 483 2177 511 rapere.
2202 473 2259 503 Cic.
2277 483 2318 502 io.
2330 472 2405 503 Fam.
2416 481 2460 510 33.

1369 511 1403 541 In
1413 512 1562 540 contrarias
1574 518 1662 548 partes
1672 510 1707 538 de
1719 511 1795 538 omni
1807 520 1835 539 re
1864 509 1989 547 isputare.
2013 512 2070 540 Cic.
2086 521 2108 539 1.
2125 512 2161 540 de
2171 511 2247 540 Orat.
2261 517 2322 547 ¹58·

1367 548 1400 578 ln
1413 550 1562 578 contrarias
1573 553 1663 585 partes
1674 548 1791 576 flumina
1805 548 1904 577 fluunt.
1927 548 1985 577 Cic.
2004 557 2027 577 1.
2045 549 2081 578 de
2091 548 2186 577 Divin.
2199 553 2243 578 62.

1368 586 1444 616 Inter
1456 586 1481 615 se
1493 586 1629 614 contraria
1638 586 1732 622 capita
1742 585 1822 622 Reip.
1834 585 1969 615 conferre.
1991 585 2049 614 Cic.
2067 595 2092 615 2.
2111 586 2147 614 de
2158 586 2237 615 Orat.
2250 595 2313 623 223.

1368 623 1493 690 Nsshilest
1503 630 1560 652 tam
1574 623 1742 652 contrarium
1752 624 1855 652 rationi
1866 623 2076 659 &constantiae‚
2098 632 2180 661 quam
2196 623 2317 654 fortuna.
2335 623 2395 653 Cic.
2407 631 2433 652 2.
2446 622 2484 652 de

1416 662 1482 690 ivin.
1500 666 1540 694 18·

1368 698 1546 728 Contrarium
1556 698 1594 727 est
1604 697 1701 727 officio
1709 707 1825 729 merces.
1848 698 1947 728 Paulus
1960 698 1979 728 l.
1995 697 2177 736 obligatio.‘§.
2196 707 2225 729 2.
2244 698 2281 729 D.
2299 698 2421 728 mandat.
2438 696 2484 727 vel

1388 743 1494 766 contra.

1368 774 1541 804 Contrarium
1553 783 1588 802 aes
1598 794 1607 808 ,
1628 772 1717 802 Grave
1730 783 1774 803 aes.
1806 773 1907 803 Festus.
1928 773 1968 803 Ab
1980 782 2014 803 eo
2026 773 2133 803 distum
2143 796 2152 810 ,
2174 773 2260 810 Quod
2274 779 2371 804 contra
2379 774 2486 812 ponde-

1388 818 1449 847 ret,
1470 818 1500 841 ut
1510 811 1601 849 placet
1616 810 1744 840 Dacerio.

1331 849 1355 879 C
1363 860 1380 878 0
1389 860 1407 878 Ν
1417 859 1435 878 T
1446 860 1463 878 a
1471 860 1491 878 A
1499 859 1516 878 R
1525 860 1534 878 1
1543 859 1557 877 iz
1566 871 1574 883 ‚
1595 849 1662 878 Adv.
1684 845 1837 884 [εἰναλίαις]
1858 849 1916 879 Cic.
1933 859 1956 879 1.
1969 849 2004 878 de
2016 848 2093 879 Orat.
2109 859 2171 886 140.
2192 848 2225 879 In
2235 859 2291 887 quo
2302 849 2484 886 autambigue

1368 888 1436 924 quid
1448 887 1479 916 fit
1492 886 1624 924 scriptum
1634 908 1642 920 .
1664 891 1712 915 aut
1727 887 1874 916 contrarie.

1367 924 1465 954 Relata
1474 925 1613 954 contrarie
1623 924 1708 953 verba
1718 930 1818 953 ornant
1832 926 1861 953 in
1872 924 1968 962 primis
1979 924 2144 954 orationem.
2167 924 2226 955 Cic.
2236 934 2264 955 2.
2282 925 2318 954 de
2327 924 2404 954 Orat.
2415 928 2481 960 263.

1329 962 1353 992 C
1363 973 1379 992 o
1389 973 1407 991 N
1418 972 1437 990 T
1448 973 1463 990 11
1472 973 1491 991 A
1501 972 1517 990 R
1527 973 1536 990 1
1547 972 1564 990 o
1574 983 1581 997 ,
1602 962 1678 991 aliud
1697 962 1763 991 Adv.
1786 962 1863 991 Idem
1874 972 1906 992 ac
1920 962 1939 991 E
1949 963 2097 992 contrario.
2118 963 2192 1001 Nep.
2205 969 2248 998 18.
2262 973 2286 993 1.
2309 964 2342 992 At
2360 963 2435 1001 apud
2452 962 2485 991 il-

1368 1000 1409 1030 los
1418 1001 1556 1030 contrario
1567 1009 1651 1029 nemo
1662 999 1696 1028 ad
1707 1000 1737 1028 id
1746 999 1868 1030 officium
1879 1000 2045 1030 admittitur.

1330 1039 1353 1069 C
1363 1049 1379 1068 o
1390 1049 1409 1067 N
1420 1048 1439 1067 T
1448 1048 1464 1066 R
1472 1048 1491 1067 A
1501 1048 1517 1066 R
1527 1049 1536 1066 1
1547 1038 1563 1066 ἑ
1572 1047 1618 1066 TA
1626 1047 1638 1066 s
1651 1059 1660 1072 ,
1682 1038 1742 1066 atis.
1763 1038 1782 1066 f.
1815 1038 1976 1067 Macrobius
1997 1039 2044 1068 lib.
2054 1046 2081 1074 7.
2105 1038 2213 1067 Saturn.
2230 1047 2292 1076 cap.
2308 1049 2335 1074 9.
2357 1037 2484 1068 Potestne

1365 1075 1582 1143 exlclulgisbciiijus
1591 1075 1793 1105 contrarietatis
1802 1075 1897 1105 ausum
1905 1077 1919 1105 ἶ)
1939 1076 1984 1106 Sic
1993 1075 2065 1115 saepe
2072 1075 2148 1106 alibi.
2180 1075 2291 1114 Legitur
2300 1078 2327 1107 δι
2337 1076 2411 1114 apud
2418 1076 2485 1106 Ter-

1367 1122 1396 1144 tu
1422 1136 1428 1143 .
1503 1124 1510 1142 i
1534 1123 1579 1142 on.

1329 1152 1572 1186 CONTRAR10,
1592 1153 1649 1180 are.
1676 1150 1780 1180 infimae
1797 1151 1942 1181 latinitatis
1958 1161 2015 1181 vox
2026 1174 2035 1188 ‚
2061 1161 2143 1188 quam
2160 1151 2303 1189 improbat
2323 1151 2430 1181 Vollius
2446 1151 2482 1182 de

1367 1190 1420 1219 Vit.
1435 1189 1514 1218 serm.
1532 1198 1556 1218 1.
1570 1198 1614 1225 23.
1626 1194 1697 1218 extr.
1719 1189 1848 1219 defendit
1858 1190 2006 1227 Scioppius
2022 1189 2164 1219 Animadv.
2178 1200 2206 1227 p.
2220 1199 2245 1222 9.

1329 1228 1378 1258 Co
1389 1236 1437 1256 NT
1447 1236 1490 1255 rtA
1501 1229 1592 1255 Dico
1609 1248 1618 1261 ,
1639 1227 1686 1262 xi,
1709 1228 1786 1256 <itum
1798 1248 1806 1263 ‚
1827 1228 1978 1263 [ἀντιλέγω]
1999 1229 2054 1257 ere.
2077 1228 2136 1257 Cic.
2150 1238 2173 1257 1.
2192 1226 2274 1257 Tusc.
2289 1232 2315 1261 8.
2340 1226 2378 1256 Ut
2397 1236 2483 1264 quum

1364 1265 1397 1298 is,
1411 1265 1457 1302 qui
1468 1264 1564 1294 audire
1572 1264 1668 1300 vellet,
1689 1264 1801 1295 dixiss'et
1810 1266 1885 1303 quod
1898 1265 1947 1295 sibi
1959 1266 2110 1301 videretur,
2123 1271 2182 1295 tum
2193 1274 2246 1303 ego
2253 1265 2482 1296 contradicerem.

1364 1303 1407 1334 Al.
1429 1302 1532 1333 Contra
1547 1302 1680 1332 dicerem.

1365 1340 1564 1371 Contradicere
1574 1340 1689 1377 aliquid.
1730 1339 1788 1370 Cic.
1800 1351 1851 1379 pro
1866 1340 1945 1370 Rosc.
1959 1340 2048 1370 Amer.
2061 1350 2107 1378 93.
2128 1340 2163 1371 Et
2182 1340 2314 1378 quicquid
2328 1346 2358 1370 tu
2375 1346 2485 1371 contra-

1385 1378 1489 1446 gixeris
1499 1378 1557 1444 ,did
1568 1387 1633 1422 cum
1646 1377 1807 1409 defensione
1817 1379 1908 1408 nostra
1919 1379 2094 1409 contendito.
2134 1378 2187 1409 Alii
2206 1378 2352 1417 separatim
2370 1378 2483 1417 legunt,

1410 1423 1490 1446 ontra
1526 1425 1616 1445 ixeris.

1366 1454 1601 1484 contradicuntur
1613 1454 1681 1483 haec.
1721 1453 1779 1484 Cic.
1793 1463 1817 1490 3.
1833 1453 1914 1484 Tusc.
1924 1462 1969 1491 71.
1999 1454 2041 1484 Ex
2051 1464 2107 1492 quo
2120 1454 2284 1492 intelligitur
2295 1462 2352 1484 non
2365 1454 2395 1483 in
2407 1460 2484 1484 natu-

1384 1502 1413 1522 ra
1424 1514 1432 1527 ,
1453 1491 1500 1521 sed
1514 1492 1542 1520 in
1556 1491 1692 1528 opinione
1702 1491 1756 1522 esse
1767 1492 1969 1530 aegritudinem.
1991 1493 2229 1522 Contradicuntur
2237 1493 2305 1522 haic.
2340 1491 2411 1528 Quis
2425 1500 2482 1522 tam

1386 1531 1504 1559 demens
1520 1536 1549 1559 ut
1559 1529 1606 1558 sua
1616 1529 1759 1559 voluntate
1770 1537 1882 1560 maereat
1893 1530 1907 1558 ἱ)
1945 1529 1979 1559 Et
1993 1530 2038 1559 hic
2056 1531 2104 1560 alii
2121 1531 2223 1560 rectius
2235 1529 2338 1560 Contra
2352 1530 2486 1560 dicuntur

1385 1567 1497 1605 legunt:
1520 1577 1681 1605 novumque
1692 1568 1776 1597 etiam
1788 1575 1873 1606 caput
1884 1568 1951 1597 hinc
1965 1569 2121 1598 ordiuntur.

1331 1606 1354 1636 C
1362 1615 1379 1634 ο
1389 1616 1408 1635 Ν
1418 1615 1438 1635 T
1449 1616 1464 1634 11
1475 1615 1494 1634 A
1503 1615 1522 1634 1)
1530 1616 1539 1633 1
1550 1615 1594 1634 CT
1603 1615 1623 1634 u
1633 1616 1654 1634 M
1664 1627 1672 1640 ,
1693 1605 1710 1634 i.
1734 1615 1762 1635 n.
1785 1602 2007 1642 [ἀντιλεῃέιθμον]
2028 1612 2059 1635 ut
2077 1606 2153 1644 apud
2164 1605 2295 1642 Quintil.
2314 1605 2345 1634 in
2360 1614 2482 1643 prooem.

1368 1643 1416 1673 lib.
1428 1655 1454 1679 4.
1475 1642 1629 1673 Dissolvere
1640 1644 1822 1673 contradicta.
1863 1643 1968 1680 [Conf.
1991 1646 2052 1681 quae
2071 1645 2100 1673 in
2122 1654 2139 1673 c
2148 1654 2165 1673 0
2175 1653 2196 1672 Ν
2204 1652 2249 1673 TR
2258 1653 2305 1672 An
2313 1653 2330 1674 0
2348 1643 2427 1672 infra.

1329 1681 1352 1712 C
1360 1692 1377 1711 o
1385 1691 1405 1711 N
1415 1691 1435 1710 T
1443 1692 1461 1710 s
1469 1690 1490 1710 A
1498 1691 1517 1710 D
1527 1690 1590 1710 iCT
1599 1692 1609 1709 1
1617 1691 1634 1710 0
1648 1703 1657 1716 ,
1677 1682 1749 1711 onis.
1769 1682 1789 1711 f.
1811 1681 1979 1717 [ἁντιλορᾶω]
2000 1681 2120 1718 Quintil.
2134 1681 2182 1711 lib.
2194 1690 2221 1712 2.
2233 1690 2294 1719 cap.
2313 1691 2352 1717 17.
2375 1681 2483 1710 Ponun-

1367 1726 1411 1749 tur
1418 1719 1461 1749 hae
1471 1719 1638 1756 quandoque
1650 1720 1680 1748 in
1690 1718 1815 1749 secundo
1825 1719 1969 1749 Ciceronis
1980 1720 2016 1749 de
2025 1720 2143 1750 Oratore
2154 1719 2226 1749 libro
2236 1719 2480 1756 contradictiones.

1366 1759 1385 1786 i.
1397 1767 1422 1787 e.
1445 1757 1520 1794 quod
1533 1757 1642 1791 dieunt.
1662 1757 1801 1787 Instantiae
1814 1759 1840 1787 &
1850 1757 2034 1794 objectiones.
2056 1758 2146 1788 Tacit.
2159 1767 2203 1795 14.
2220 1759 2291 1788 Ann.
2304 1766 2349 1794 43.
2372 1757 2484 1794 Aliquid

1367 1796 1470 1825 crebris
1483 1794 1753 1824 contradictionibus
1766 1795 1914 1825 destruere.

1330 1833 1354 1864 C
1362 1844 1379 1863 0
1389 1843 1409 1862 Ν
1418 1843 1438 1862 Τ
1446 1843 1462 1862 r<
1470 1842 1489 1861 A
1499 1843 1517 1861 u
1526 1844 1535 1861 i
1544 1843 1562 1862 c
1570 1842 1590 1861 T
1599 1843 1615 1862 o
1623 1843 1640 1861 n
1650 1855 1658 1869 ,
1678 1833 1743 1862 oris.
1764 1843 1802 1863 m.
1824 1834 1960 1863 Ammian.
1978 1841 2022 1869 31.
2033 1843 2081 1869 40.
2103 1832 2322 1863 Contradietoris
2339 1841 2373 1861 co
2397 1832 2421 1862 ia
2431 1831 2483 1861 ser-

1366 1878 1437 1901 vata.
1478 1870 1556 1901 Oros.
1570 1879 1594 1906 3.
1613 1880 1636 1900 1.
1659 1871 1855 1901 (Σοηῑτεάῐέὶοτ
1866 1872 1942 1909 pacis
1951 1871 2027 1900 bello
2037 1871 2229 1910 impetendus.
2257 1870 2365 1909 August.
2375 1842 2410 1900 ge
2421 1870 2482 1900 civ.

1367 1909 1438 1945 Dei,
1458 1918 1504 1938 21.
1517 1918 1541 1945 3.
1564 1909 1718 1938 Attendunt
1728 1909 1770 1938 isti
1784 1910 2013 1940 contradictores.
2307 1942 2317 1943 ἶ

1330 1947 1354 1977 C
1363 1958 1380 1977 o
1390 1957 1409 1976 N
1417 1956 1437 1975 T
1445 1957 1460 1976 a
1467 1948 1605 2013 [ip-{55⁸
1613 1948 1625 1976 ῖ
1633 1958 1650 1976 i.
1660 1958 1669 1975 1
1680 1957 1692 1976 s
1704 1969 1713 1984 ,
1734 1957 1761 1977 e.
1782 1946 1900 1978 Tertull.
1923 1948 1958 1977 de
1978 1947 2068 1978 Carne
2087 1946 2186 1977 Christi
2210 1955 2271 1985 cap.
2282 1954 2328 1984 23.
2367 1945 2484 1983 Signum

1369 1991 1465 2015 contra
1489 1994 1523 2014 ici
1547 1994 1554 2013 i
1567 1994 1592 2013 e.

1329 2022 1353 2055 C
1361 2033 1378 2052 0
1387 2033 1407 2052 N
1415 2033 1435 2051 T
1444 2033 1459 2051 R
1469 2033 1488 2051 A
1498 2033 1513 2050 L
1521 2027 1534 2051 ῑ
1543 2033 1560 2052 c
1571 2032 1585 2051 11
1593 2033 1609 2052 0
1619 2032 1651 2058 R,
1684 2022 1870 2059 [Rammium]
1889 2021 1938 2052 eri.
1971 2022 2038 2053 Caes.
2053 2032 2076 2052 1.
2090 2021 2159 2052 Bell.
2171 2020 2241 2052 Gall.
2257 2026 2298 2056 18.
2335 2021 2484 2059 Propterea

1368 2061 1444 2098 quod
1458 2060 1507 2089 illo
1520 2060 1622 2089 licente
1635 2060 1812 2090 contraliceri
1823 2060 1923 2090 audeat
1937 2070 2032 2091 nemo.
2068 2059 2126 2091 Nisi
2140 2060 2235 2098 potius
2246 2060 2307 2089 duae
2316 2058 2379 2089 sunt
2387 2059 2473 2089 dictio
2483 2075 2492 2083 ·

1368 2108 1429 2132 nes,
1449 2098 1552 2127 Contra
1562 2097 1648 2128 liceri.
1910 2111 1927 2128 o

1332 2136 1609 2171 CONTRAPGNO,
1631 2137 1686 2165 ete.
1708 2135 1829 2166 Tertull.
1914 2134 1919 2141 “

1332 2173 1355 2203 C
1364 2184 1380 2203 0
1389 2183 1407 2202 N
1416 2183 1436 2201 T
1444 2183 1488 2202 RA
1500 2183 1513 2201 r
1524 2176 1540 2203 ὁ
1550 2183 1562 2202 s
1571 2175 1609 2202 ῑΤ
1619 2184 1636 2202 u
1644 2183 1656 2203 s
1666 2195 1674 2208 ,
1696 2171 1871 2210 [οὶίτὶἳετῶυ]
1893 2174 1954 2210 Adj.
1974 2184 2027 2212 pro
2036 2172 2182 2212 Opposito.
2224 2171 2343 2208 Quintil.
2354 2182 2379 2208 9.
2395 2181 2419 2208 3.
2441 2171 2484 2202 De

1368 2221 1448 2248 aequo
1462 2232 1471 2246 ‚
1489 2220 1573 2246 vero,
1592 2211 1678 2247 justo,
1701 2212 1796 2248 bono,
1818 2213 1908 2250 deque
1919 2213 2019 2250 iisquae
2030 2212 2093 2242 sunt
2107 2211 2312 2248 contraposita,
2333 2209 2463 2248 disputat.

1332 2249 1651 2284 CONTRASCRIBO‚
1672 2250 1728 2283 ere.
1749 2249 1830 2288 Apul.

1332 2287 1355 2316 C
1364 2297 1381 2315 o
1392 2296 1411 2315 N
1420 2295 1440 2315 T
1449 2296 1464 2314 11
1473 2296 1492 2315 A
1503 2295 1515 2315 s
1526 2296 1543 2315 c
1554 2296 1570 2315 R
1579 2297 1587 2315 i
1597 2296 1611 2315 Ρ
1619 2296 1638 2315 ’1-
1646 2297 1663 2316 0
1671 2297 1687 2315 11
1698 2309 1706 2321 ,
1728 2288 1793 2317 oris.
1814 2297 1851 2317 m.
1879 2287 1940 2317 Vet.
1956 2286 2038 2317 Inscr.
2067 2285 2404 2316 CONTRASCRIPTOR
2425 2285 2484 2316 RA-

1369 2324 1496 2354 TIONIS
1516 2324 1637 2354 SVMMI
1657 2324 1832 2356 CHORAGI.
1853 2325 1886 2355 V.
1908 2324 2019 2354 Salmas.
2029 2325 2058 2354 in
2069 2324 2137 2354 Hist.
2152 2326 2217 2360 Aug.
2233 2329 2333 2360 1³·480·

1333 2362 1355 2392 C
1365 2372 1382 2391 o
1392 2372 1411 2391 Ν
1422 2371 1441 2390 T
1450 2372 1466 2390 R
1475 2371 1514 2391 As
1523 2372 1540 2391 c
1550 2372 1583 2390 Rt
1592 2371 1606 2390 Ρ
1617 2372 1635 2390 Τ
1645 2373 1663 2391 u
1672 2374 1692 2391 M
1705 2385 1712 2399 ‚
1734 2364 1750 2393 i.
1774 2374 1802 2393 n.
1833 2360 2059 2399 [ὠωιῇόχκφον]
2089 2364 2146 2392 Cic.
2173 2366 2215 2390 ¹6.
2236 2363 2288 2391 Att.
2306 2371 2348 2398 17.
2373 2361 2485 2390 Antonii

1370 2400 1494 2429 edietum
1503 2399 1557 2437 legi
1568 2410 1583 2429 a
1593 2400 1677 2429 Bruto
1689 2423 1697 2437 ,
1718 2402 1744 2431 &
1758 2402 1857 2431 horum
1868 2400 2096 2437 contrascriptum
2113 2399 2249 2438 ptaeclare.
2290 2399 2399 2436 Legitur
2411 2401 2436 2428 Sc
2447 2398 2485 2428 se·

1372 2438 1499 2474 junctum
1510 2448 1525 2466 a
1535 2437 1687 2468 nonnullis.
1723 2439 1806 2475 [Nec
1817 2438 1896 2468 aliter
1907 2438 1961 2476 legi
1973 2438 2073 2473 debet,
2089 2439 2154 2475 quia
2163 2436 2321 2466 subauditur
2331 2437 2468 2466 Edictum.

1336 2476 1358 2506 C
1368 2486 1384 2505 o
1394 2485 1413 2504 N
1423 2485 1442 2503 T
1451 2485 1467 2503 R
1477 2484 1497 2503 A
1508 2485 1519 2504 s
1528 2484 1572 2504 To
1583 2497 1592 2510 ,
1614 2472 1798 2512 [άνῖέκειμια]
1818 2480 1873 2506 are.
1896 2476 2069 2514 Repugnare.
2101 2475 2213 2505 Naevius
2222 2496 2230 2509 ,
2250 2474 2405 2504 Contrastat
2418 2474 2485 2503 sem-

1372 2523 1431 2551 per,
1444 2522 1497 2542 nec
1508 2522 1553 2543 me
1563 2513 1624 2542 linit
1636 2513 1751 2551 loquier.
1764 2515 1836 2550 [Nisi
1846 2513 1931 2544 divise
1944 2513 2094 2550 legendum
2103 2513 2204 2544 Contra
2215 2512 2340 2542 stat.V.in
2352 2522 2408 2541 CON
2419 2521 2483 2541 rRA.

1335 2553 1383 2583 Co
1393 2560 1493 2579 NTRA
1503 2552 1615 2580 viE-Nio
1625 2573 1633 2586 ,
1658 2553 1704 2581 Eni
1718 2574 1726 2587 ,
1746 2559 1843 2582 entum
1854 2574 1862 2587 ,
1892 2551 2046 2587 [dnum-7]
2065 2554 2115 2580 ire.
2147 2550 2212 2580 Caes.
2226 2554 2250 2579 6.
2272 2550 2338 2580 Bell.
2354 2549 2424 2579 Gall.
2438 2559 2483 2584 ²9·

1372 2589 1438 2655 gloc
1447 2589 1542 2617 animo
1554 2610 1561 2624 ,
1582 2596 1613 2618 ut
1629 2589 1646 2618 si
1665 2599 1717 2626 qua
1734 2600 1769 2619 ex
1786 2597 1863 2628 parte
1879 2590 1992 2620 obviam
2009 2589 2245 2618 contraveniretur
2256 2609 2265 2624 ,
2284 2589 2344 2618 acie
2357 2588 2487 2617 instructa

1395 2636 1447 2655 eiu
1469 2632 1574 2655 narent.

1373 2635 1587 2699 Colntigavenire,
1607 2664 1696 2694 aliter.
1738 2664 1793 2694 Cic.
1810 2675 1833 2694 1.
1849 2664 1931 2695 Tusc.
1946 2674 1989 2699 ςς.
2010 2664 2067 2703 Ego
2080 2674 2147 2694 vero
2162 2663 2242 2693 facile
2253 2663 2310 2692 sum
2322 2662 2429 2701 passus,
2450 2671 2488 2692 ne

1391 2703 1419 2730 in
1432 2710 1555 2731 mentem
1566 2703 1678 2738 quidem
1688 2702 1795 2739 aliquid
1807 2704 2013 2732 contraveniret
2025 2725 2033 2739 ,
2054 2702 2143 2732 itaisti
2161 2703 2240 2732 faveo
2257 2701 2408 2731 sententiae.
2428 2701 2446 2730 i.
2458 2710 2484 2730 e.

1394 2740 1480 2775 Quod
1491 2741 1660 2770 contrarium
1671 2740 1737 2770 esset
1748 2763 1756 2775 ,
1779 2742 1804 2769 ἂι
1816 2746 1991 2779 repugnaret.

1373 2777 1571 2807 Contravenire
1582 2778 1625 2808 de.
1666 2779 1723 2808 Cic.
1737 2789 1763 2814 4.
1778 2778 1850 2808 Verr.
1868 2788 1928 2814 107.
1950 2778 1977 2807 Si
1989 2776 2133 2807 delitteris
2148 2777 2285 2814 corruptis
2301 2774 2485 2806 contravenit.

1392 2816 1410 2844 i.
1424 2824 1447 2843 e.
1471 2815 1539 2844 Eum
1551 2815 1685 2845 accusavit
1698 2823 1888 2853 corruptarum
1900 2816 2062 2845 litterarum.

1373 2852 1499 2889 Aliquem
1511 2855 1711 2883 contravenire.
1752 2854 1809 2883 Cic.
1821 2864 1873 2892 pro
1887 2854 1995 2883 Μυκη.
2008 2864 2032 2888 9.
2055 2853 2082 2882 Si
2094 2859 2174 2890 turpe
2184 2851 2322 2882 existimas
2332 2858 2360 2881 te
2370 2851 2487 2882 advoca-

1392 2897 1421 2919 to
1430 2890 1508 2919 illum
1519 2890 1623 2927 ipsum,
1638 2901 1721 2928 quem
1731 2892 1937 2921 contraveneris
1947 2914 1955 2925 ,
1971 2891 2049 2920 causa
2060 2891 2168 2920 cadere.
2190 2889 2255 2926 Legi
2264 2889 2372 2927 potest,
2393 2889 2486 2925 Quem

1392 2929 1605 2995 ¹coiitragcfridetris
1615 2950 1623 2964 ,
1644 2930 1806 2965 disjunctim
1817 2951 1825 2965 ,
1847 2931 1872 2960 ὁὶ
1880 2929 1989 2958 fortasse
1997 2930 2107 2958 rec‘tius.
2149 2928 2216 2964 [Sic
2235 2928 2264 2956 in
2275 2927 2389 2964 reliquis
2404 2928 2486 2957 etiam

1403 2975 1462 2995 ocis
1472 2975 1486 2994 a
1530 2976 1544 2995 u
1579 2976 1608 2995 is.

1337 3003 1359 3034 C
1369 3014 1386 3033 o
1396 3013 1414 3033 N
1425 3013 1444 3032 T
1455 3013 1470 3032 a
1482 3013 1501 3032 A
1512 3013 1528 3032 v
1539 3014 1552 3033 iz
1561 3014 1577 3033 s
1588 3014 1600 3033 s
1609 3014 1627 3033 υ
1638 3015 1675 3038 M,
1698 3004 1763 3034 Adv.
1786 3004 1806 3034 E
1817 3004 1954 3034 contrario
1965 3025 1973 3038 ,
1993 3014 2008 3032 e
2020 3003 2136 3033 diverso.
2176 3002 2288 3033 Solinus
2298 3011 2359 3040 cap.
2373 3013 2384 3032 1
2393 3013 2415 3038 ς.
2435 3002 2489 3032 De·

1374 3042 1459 3078 nique
1454 3047 1609 3108 Drec÷pteni
1614 3049 1715 3109 gratum
1726 3043 1792 3072 fletu
1803 3052 1902 3080 parens
1910 3042 2031 3080 excipit:
2054 3041 2258 3071 contraversum
2269 3040 2330 3070 laeta
2340 3040 2403 3070 sunt
2410 3040 2489 3070 funo-

1375 3089 1412 3108 ra.
1480 3088 1495 3107 e
1544 3089 1609 3108 iraci
1633 3090 1672 3108 us.

1338 3116 1361 3147 C
1369 3126 1411 3146 οΝ
1423 3126 1442 3144 ’1-
1451 3126 1466 3144 R
1476 3119 1491 3144 A*
1502 3126 1519 3144 r>
1530 3128 1547 3145 0
1558 3139 1565 3150 ,
1586 3118 1706 3151 tradidi,
1727 3117 1860 3147 traditum
1868 3139 1876 3152 ,
1898 3111 2110 3153 [παρφόἵᾶὶνμι]
2131 3116 2185 3146 ἕπε.
2207 3115 2285 3145 Idem
2297 3115 2374 3153 quod
2386 3115 2489 3145 Trade-

1375 3164 1413 3184 re.
1436 3153 1601 3184 Lucret.lib.
1615 3165 1638 3184 i.
1653 3165 1721 3190 40¹·

1456 3191 1598 3229 Multaque
1611 3199 1742 3231 prrcterea
1754 3192 1804 3221 tibi
1817 3191 1924 3228 possum
1933 3190 2182 3221 commemorando

1454 3230 1634 3266 Argumenta,
1656 3230 1739 3259 fidem
1757 3231 1838 3259 dietis
1849 3230 2012 3260 contradere
2029 3229 2136 3258 nostris.
2218 3227 2270 3257 Alii
2282 3227 2392 3265 legunt,
2414 3226 2489 3256 Con-

1376 3267 1480 3296 radere.
1521 3268 1535 3302 [
1549 3268 1652 3297 Durum
1667 3269 1703 3297 est
1712 3268 1826 3299 verbum
1850 3267 2071 3305 decompofittim
2087 3267 2154 3296 istuc
2173 3266 2316 3296 Contrudo
2327 3287 2335 3298 .
2356 3273 2408 3294 nec
2426 3263 2488 3293 satis

1375 3304 1573 3334 concinnitatis
1590 3306 1619 3334 in
1648 3306 1732 3335 altera
1753 3306 1883 3334 lectione.
1925 3306 2053 3343 Suspicor
2072 3302 2202 3342 scripsisse
2221 3303 2377 3333 Lucretium
2400 3302 2488 3331 Dictis

1375 3348 1472 3371 contra
1483 3343 1591 3371 addere.
1638 3344 1744 3372 Addere
1754 3343 1838 3372 fidem
1853 3342 1935 3372 dietis
1948 3342 2117 3372 Latiniss'ime
2127 3341 2180 3370 dici
2196 3350 2279 3370 nenio
2291 3340 2408 3376 negabit.
2432 3340 2490 3368 Uti-

1375 3386 1420 3408 tur
1436 3380 1535 3408 eodem
1553 3380 1628 3409 sensu
1643 3382 1728 3410 Ovid.
1750 3381 1799 3418 Ep.
1814 3389 1856 3409 21.
1878 3390 1903 3410 ν.
1922 3383 1983 3416 136.
2004 3382 2030 3410 ἃ
2044 3379 2100 3409 Liv.
2113 3389 2140 3408 α.
2154 3388 2199 3414 ²4·
2241 3378 2365 3407 Librariis
2393 3384 2486 3406 autem

1375 3417 1470 3483 idiendi
1483 3417 1589 3484 c‘jiigsaiii
1603 3418 1719 3455 praebuit
1730 3427 1788 3447 non
1805 3417 1948 3448 intellecta
1970 3417 2137 3455 Anastrophe
2153 3417 2182 3446 in
2199 3415 2285 3446 Diftis
2303 3423 2415 3450 contra,
2438 3424 2489 3453 pro

1393 3456 1480 3483 'ontra
1513 3456 1518 3482 i
1538 3457 1581 3484 tis.

1338 3491 1415 3558 CoVN
1425 3502 1444 3521 T
1454 3502 1468 3520 R
1477 3495 1492 3521 A
1505 3502 1550 3559 iJFo
1560 3515 1568 3527 ,
1591 3493 1618 3521 xi
1628 3515 1635 3527 ,
1657 3495 1732 3522 etum
1743 3514 1751 3528 ,
1780 3491 1910 3528 [oum-¹3⁴»,
1943 3490 2042 3521 crassatus
2051 3514 2059 3528 ,
2088 3490 2224 3526 ε’πιαποίω]
2254 3491 2308 3520 ὅτε.
2340 3489 2485 3527 Colligere.

1403 3540 1450 3566 ιτς,
1469 3539 1492 3565 3.
1530 3540 1569 3559 ,n.
1586 3536 1611 3563 S.

1419 3567 1666 3604 Contraliiniusque
1675 3568 1757 3596 viros.
1795 3566 1942 3603 Pompeius
1953 3566 2098 3600 Marcello,
2113 3567 2164 3595 Sec.
2187 3565 2262 3602 apud
2278 3565 2335 3595 Cic.
2347 3571 2373 3598 8.
2389 3565 2485 3594 Attia.

1377 3604 1432 3633 Vos
1450 3605 1544 3633 hortor
1564 3611 1593 3634 ut
1615 3605 1803 3642 quodcunque
1825 3606 1945 3640 militum
1966 3605 2129 3635 contrahere
2145 3604 2289 3641 poteritis,
2311 3603 2488 3632 contrahatis.

1377 3642 1506 3678 Sicapud
1521 3642 1576 3671 Liv.
1589 3649 1632 3676 28.
1658 3643 1827 3671 (sonti-ahere
1838 3641 1948 3671 auxilia.

1376 3679 1548 3708 Contrahere
1557 3680 1686 3717 personas
1693 3680 1728 3708 ad
1740 3679 1853 3717 aliquod
1865 3681 2017 3715 negotium.
2039 3678 2107 3707 Plin.
2122 3677 2170 3706 lib.
2183 3687 2224 3706 io.
2236 3677 2317 3715 Epist.
2334 3683 2378 3711 88.

1378 3716 1503 3747 Inununi
1516 3717 1608 3746 locuni
1622 3717 1795 3747 contrahere.
1833 3718 1890 3747 Cic.
1903 3724 1929 3750 3.
1945 3719 1995 3747 Att.
2012 3726 2034 3745 1.
2066 3716 2113 3745 Sin
2131 3717 2225 3745 omnia
2242 3717 2270 3744 in
2291 3725 2376 3745 unum
2396 3714 2488 3744 locuni

1398 3754 1585 3783 contrahenda
1596 3755 1646 3784 sint
1656 3776 1663 3788 ,
1685 3764 1743 3784 non
1756 3755 1855 3784 dubito
1869 3756 1933 3791 quin
1946 3778 1954 3788 ,
1969 3757 2019 3784 Sec.

1380 3791 1411 3821 ln
1422 3801 1508 3820 unuin
1519 3801 1623 3820 omues.
1646 3793 1700 3821 Liv.
1714 3796 1759 3821 26.
1771 3802 1856 3829 42.pr.
1865 3793 2018 3822 Periculum
2030 3790 2083 3819 else
2097 3796 2180 3823 ratus.
2193 3800 2228 3819 ne
2238 3800 2272 3819 eo
2282 3790 2355 3819 farto
2365 3790 2392 3818 in
2405 3797 2489 3818 unum

1398 3838 1495 3895 (limnes
1504 3830 1685 3872 coiitmlieret.
1716 3830 1735 3859 i.
1749 3840 1773 3859 c.
1796 3830 1910 3859 Causam
1921 3830 2053 3868 praeberet
2066 3850 2074 3864 ,
2096 3836 2126 3858 ut
2145 3828 2171 3858 se
2189 3829 2392 3867 conjungerent
2412 3826 2488 3857 holli-

1413 3876 1441 3895 es
1453 3875 1602 3896 exercitus.

1380 3904 1414 3936 ln
1425 3912 1562 3935 acervum.
1583 3903 1653 3935 Plin.
1667 3904 1716 3936 lib.
1731 3913 1774 3935 10.
1787 3913 1848 3944 cap.
1858 3913 1902 3936 20.

2381 3943 2476 3977 'fletur
2485 3965 2493 3981 ,
2543 3942 2547 3948 ’
