2600 4177
467 185 494 218 A
590 181 614 218 P
712 185 746 219 O

67 264 158 300 nescio
166 275 248 307 quem
256 276 385 311 augurem
403 266 437 295 de
448 265 570 303 Pompeii
583 264 661 293 clade
669 263 703 292 ad
714 265 801 302 Aponi
814 265 920 295 fontem
933 264 1083 304 praedicere
1092 266 1167 293 facin

33 306 77 339 ΛΡ
86 318 103 337 ο
114 318 133 335 N
143 319 150 335 i
161 318 178 336 Ν
192 317 208 336 υ
220 317 240 341 s,
257 317 281 340 a,
292 316 347 335 um.
370 305 427 336 Adi.
448 310 478 332 ut
487 302 621 340 Aponinae
630 301 722 333 sortes,
734 305 876 338 quomodo
888 304 1062 333 Casaubonus
1077 307 1100 332 ,ἃς
1117 303 1146 330 (ἶ-
1156 313 1184 329 ii-

67 351 141 375 tei-us
157 345 252 381 legunt
265 345 300 377 ἰηΔ
308 340 414 380 Vopisci
427 341 535 374 Firmo,
556 349 615 376 cap.
638 348 663 375 3.
685 339 733 367 ubi
751 340 942 378 vuluolegitur
953 341 1122 379 Apenninis:
1154 338 1183 367 id

69 383 143 418 quod
158 383 231 411 idem
249 380 425 410 Casaubonus
442 379 525 407 etiam
546 378 575 405 in
595 372 714 405 Claudio
737 376 887 412 Pollionis,
911 388 961 416 cap
979 389 1021 407 ιο.
1053 378 1089 406 ad
1111 378 1185 405 hune

69 420 184 449 modum
200 419 337 453 correxit,
359 415 454 453 Quum
464 416 492 444 in
502 414 632 452 Aponino
646 414 681 443 cle
700 412 727 443 se
739 415 893 444 consuleret
908 438 916 452 ,
938 424 995 445 non
1015 415 1162 453 Apennino
1176 422 1184 448 ;

70 458 299 494 &interpretatur
312 455 341 483 in
362 453 451 490 Aponi
462 453 546 481 fonte.

0 516 4 521 .
32 494 99 528 Apo
108 504 121 522 Ρ
132 497 173 522 in
185 504 197 521 Ρ
207 503 226 521 τ
236 504 244 521 i
254 501 288 522 cr
302 514 310 528 ,
335 487 535 527 [λ’πππτμπῖυιςὶ
548 489 563 524 ]
584 488 691 525 Hymni
706 488 770 517 sunt
782 511 789 523 ,
811 490 857 527 qui
869 490 1120 527 peregrinationem
1140 487 1188 516 dei

69 531 184 566 alicujus
198 529 421 570 compleotuntur
432 550 439 563 ,
461 534 492 557 ut
503 527 577 564 apud
588 525 792 563 Bacchylidem.
827 528 1003 564 Hymnorum
1014 526 1186 564 multiplices

69 569 208 606 variasque
225 566 328 605 species
349 566 380 595 V.
397 565 474 609 apud
487 565 550 594 Cael.
565 564 654 608 Anxtiq.
667 562 741 592 Lect.
758 564 805 593 lib.
821 575 846 600 7.
858 574 918 601 cap.
931 576 955 599 ς.

4 634 5 637 ,
33 605 123 640 [spor
133 609 213 634 Hi'isi
224 615 236 634 5
247 627 255 640 ,
278 606 309 634 is.
331 604 349 634 f.
373 605 388 640 [
406 603 526 630 λ’πτΦασπ
537 624 545 636 ‚
563 600 608 628 ³3⁷³
629 601 661 627 τὲ
676 598 784 636 λ’πῦφνμι
800 603 815 636 ]
837 602 932 631 Latine
945 602 1048 631 dicitur
1058 599 1186 636 Negatio.

57 644 166 680 ‘Figura
175 642 330 677 Rhetorica,
342 642 377 670 de
385 651 438 678 qua
450 640 485 669 sic
498 638 616 676 Quintil.
629 638 674 668 lib.
689 649 714 674 9.
729 648 789 676 cap.
805 649 830 668 2.
866 640 1001 676 Quaedam
1011 648 1076 668 vero
1089 645 1189 675 genera

70 682 150 717 hujus
162 680 254 717 figurae
264 680 370 709 nullam
378 688 443 708 cum
455 679 542 715 tropis
551 676 654 707 habent
672 676 830 705 societatem
843 686 849 705 τ
872 685 901 706 ut
913 677 959 706 illa
975 678 1064 706 statim
1079 676 1167 713 prima
1180 695 1188 707 ,

91 728 131 748 uae
144 718 245 747 dicitur
265 717 420 754 anegando
433 738 441 750 ,
463 725 545 752 quam
556 713 685 744 nonnulli
705 719 806 743 vocant
826 711 955 748 ὸὲνέφοισιν.
996 714 1085 750 Hujus
1097 718 1189 741 autem

4 783 5 788 ,
45 785 52 789 ,
69 728 162 793 ligurae
172 755 227 793 ipse
246 755 301 784 hoc
315 755 397 791 ponit
416 752 594 790 exemplum,
616 751 683 781 Non
701 761 780 789 agam
794 759 887 781 tecum
905 753 964 788 jure
985 751 1111 781 summo:
1132 758 1191 778 non

60 792 161 826 ,dicam
173 793 248 830 quod
263 792 372 822 sorlitan
392 791 556 820 obtinerem.

71 831 219 870 Apophalis
231 853 239 866 ,
260 828 305 857 xm*
322 828 353 857 τὲ
367 827 534 863 λέπφαλυεῶς,
556 827 594 857 est
614 826 761 856 Annotatio
771 826 908 865 bonorum
922 828 948 856 δε
964 825 1189 858 commentarius,

90 871 116 899 ἃ
126 868 256 903 recensio,
274 868 415 904 indexque
424 876 519 895 eorum
529 875 588 903 quae
597 871 705 902 reperta
714 864 785 893 sunt.
832 864 887 893 lCti
899 869 1078 892 Inventarium
1091 868 1192 893 vocant

91 908 117 938 ἃ
132 910 315 942 repertorium:
338 905 413 942 quod
433 903 552 939 >5an&
576 903 687 940 proprie
703 903 812 931 dicitur.
836 902 960 931 Budaeus.

5 969 10 976 ,
51 964 59 969 -
72 943 232 983 Apophasis,
243 943 396 977 Sententia,
407 942 524 976 dictum,
536 940 682 977 responfio.
707 939 768 978 Ulp.
778 938 832 968 inl.
849 949 870 968 r.
881 941 900 977 ᾗ.
922 950 945 968 1.
967 939 1000 968 D.
1013 939 1049 967 de
1061 937 1191 975 appellat.

10 1008 11 1011 ,
37 981 106 1015 Apo
117 992 130 1011 i>
142 991 161 1010 H
174 993 189 1010 L
198 991 237 1010 ac
246 992 267 1010 M
278 992 297 1010 A
306 991 325 1010 τ
337 992 345 1009 ι
355 991 366 1010 5
375 991 396 1009 Μ
406 990 424 1008 υ
433 989 445 1008 5
456 1001 464 1013 ,
486 980 503 1008 i.
526 988 562 1007 m.
586 974 843 1014 [λ’πτΦλείοιαῗιτμές
859 978 872 1012 ]
894 977 931 1006 est
942 976 1106 1006 Remedium
1117 973 1193 1011 quod

30 1039 33 1043 ‹
63 1021 102 1051 tin
113 1029 160 1049 ore
170 1025 309 1049 retentum
320 1018 364 1047 vel
373 1017 570 1047 manducatum
581 1037 589 1050 ,
615 1014 776 1052 autlingua:
785 1014 934 1049 subditum,
957 1015 1057 1043 noxios
1068 1021 1192 1049 quosque

46 1067 47 1070 ¹
72 1058 202 1089 humores
211 1066 246 1086 ex
257 1057 348 1094 capite
359 1055 488 1084 detrahit.
528 1054 636 1084 Horum
646 1053 852 1082 confectionem
867 1053 931 1082 vide
941 1052 1016 1090 apud
1025 1051 1122 1081 Galen.
1134 1050 1152 1079 l.
1166 1059 1191 1079 2»

46 1101 49 1103 “
74 1097 109 1127 de
124 1094 253 1132 Compos.
276 1094 378 1123 medic.

5 1163 9 1166 ,
35 1134 157 1167 'Arnen
167 1142 205 1161 LE
214 1142 261 1161 GM
270 1141 317 1161 AT
326 1143 335 1160 i
346 1139 387 1160 zo
399 1153 407 1165 ,
427 1133 483 1159 are.
524 1128 645 1158 Verbum
656 1127 694 1157 est
705 1127 779 1165 apud
794 1127 847 1156 Th.
862 1127 986 1156 Priscian.
999 1137 1023 1156 2.
1039 1136 1062 1161 3.

5 1176 7 1178 '
39 1173 106 1204 ¹Are
116 1180 158 1200 PH
169 1180 186 1200 o
196 1173 293 1199 aira
304 1191 312 1204 ,
343 1173 431 1199 orum.
454 1177 481 1196 n.
504 1168 670 1203 [ὰπφόεηπι
686 1166 701 1200 ]
722 1172 800 1194 erant
818 1165 936 1194 Munera
951 1163 1126 1194 Saturnalitia
1139 1182 1145 1193 ,
1168 1163 1194 1192 85

96 1209 187 1246 roprie
198 1207 246 1238 illa
264 1217 323 1245 quae
333 1216 384 1245 pro
402 1206 493 1235 xeniis
508 1203 728 1234 remittebantur.
747 1204 823 1232 Suet.
840 1204 868 1232 in
883 1203 985 1241 Vespas.
1000 1213 1023 1231 c.
1040 1213 1077 1237 ¹9·
1118 1201 1196 1230 Sicut

75 1246 262 1277 Saturnalibus
274 1245 355 1274 dabat
367 1244 431 1273 vitis
444 1243 614 1280 apophoreta
625 1264 632 1276 ,
656 1242 693 1270 ita
705 1242 730 1270 Sc
743 1241 857 1270 Calend.
868 1241 961 1270 Martii
973 1240 1103 1269 foeminis.
1125 1239 1196 1268 Tur-

77 1284 164 1315 nebus
172 1294 238 1314 vero
256 1283 309 1313 hoc
326 1282 441 1312 nomine
451 1280 592 1318 significari
602 1279 738 1308 existimat
751 1279 868 1308 Munera
881 1289 940 1315 qua:
950 1279 1073 1307 convivis
1085 1277 1194 1311 dantur,

77 1331 108 1353 ut
118 1332 150 1351 ea
160 1323 276 1351 domum
287 1321 419 1353 referant,
441 1319 517 1348 unde
527 1319 552 1347 Sc
567 1317 743 1355 Apophoreta
754 1316 815 1346 sunt
826 1316 979 1354 appellata:
1003 1316 1064 1345 Hoc
1079 1325 1113 1344 ex
1124 1315 1196 1344 Mar-

76 1359 141 1390 tiale
153 1359 201 1389 lib.
218 1370 260 1394 14·
276 1370 305 1388 Ἰι.
319 1362 344 1388 6.
366 1357 483 1396 probat,
502 1356 551 1386 ubi
563 1357 617 1391 ait,
1001 1374 1002 1377 ,

41 1425 43 1428 .
156 1397 270 1427 Praemia
278 1397 402 1436 convivae
414 1395 462 1424 det
481 1393 527 1424 sua
539 1394 654 1431 quisque
672 1391 727 1422 suo.
812 1391 865 1421 Hic
875 1392 950 1420 enim
962 1390 1053 1420 versus
1068 1391 1083 1419 A
1089 1389 1196 1428 pophoa

49 1464 58 1474 ,
77 1441 135 1468 reta
145 1435 274 1473 explicat.
297 1433 355 1464 Sed'
366 1431 581 1463 luculentissime
596 1431 724 1460 omnium
736 1429 769 1459 D.
787 1429 941 1458 Ambrosius
957 1429 985 1458 in
998 1429 1197 1458 Exhortatione

33 1489 35 1493 .
78 1474 114 1503 ad
123 1474 241 1511 virgines
250 1473 287 1502 ita
295 1470 432 1507 scribens·‚
455 1470 512 1507 Qui
526 1471 560 1498 ad
572 1469 730 1498 convivium
742 1478 873 1505 magnum
885 1468 1034 1496 invitantur
1048 1488 1054 1501 ,
1074 1464 1198 1503 apopho*

79 1517 137 1541 reta
146 1511 239 1541 secum
250 1515 390 1548 reportare
402 1508 611 1538 consueverunt.
655 1506 712 1543 Ego
723 1506 756 1534 ad
766 1505 941 1534 Bononiense
957 1505 1087 1533 invitatus
1105 1503 1199 1531 convi-

80 1550 156 1585 vium
167 1571 176 1584 ,
201 1549 249 1578 ubi
257 1549 347 1578 -sancti
358 1547 482 1584 martyris
495 1545 631 1575 celebrata
643 1543 783 1573 translatio
794 1544 831 1573 est
841 1565 849 1579 ,
872 1542 1044 1581 apophoreta
1055 1541 1131 1571 vobis
1141 1541 1200 1578 ple-³

34 1606 37 1610 ι
79 1594 116 1617 'na
128 1587 278 1617 sanctitatis
290 1588 316 1617 &
324 1586 416 1624 gratiae
431 1584 572 1614 reservavi.

34 1624 45 1629 ”
66 1625 256 1664 ,Λρορὴοτεῑῆ
272 1633 382 1662 quoque
392 1623 467 1652 dic'ta
475 1621 569 1656 fuisse,
595 1621 665 1657 Quae
676 1619 816 1649 Ludorum
837 1624 883 1647 aut
898 1617 1124 1656 Spectaculorum
1141 1616 1201 1645 edi-

98 1671 171 1693 tores
187 1663 246 1701 post
265 1672 297 1691 ea
312 1661 390 1691 finita
411 1661 553 1690 mitterent
567 1659 664 1688 amicis
675 1678 683 1693 ,
704 1657 818 1686 docebit
834 1656 938 1695 Lipsius
960 1655 1092 1685 Saturnal.
1119 1665 1140 1683 i.
1156 1658 1197 1683 16.

97 1710 113 1732 e
127 1700 285 1740 Symmachi
295 1700 363 1729 locis
373 1699 547 1736 quibusdam,
559 1697 641 1734 qui&
653 1695 856 1734 Apophoretic.i
867 1701 954 1723 vocat.
994 1693 1068 1722 conf.
1091 1693 1199 1722 Peri-on.

97 1749 158 1777 cap.
171 1750 215 1775 40.
237 1743 278 1774 56.
293 1742 336 1767 60.
389 1737 492 1767 Isidoro
504 1736 541 1764 est
560 1735 609 1765 Vas
620 1733 751 1763 escarium
766 1755 773 1766 ,
797 1742 851 1770 quo
864 1742 946 1770 poma
957 1753 964 1766 ,
986 1731 1030 1760 vel
1045 1730 1099 1760 tale
1115 1730 1199 1768 quid,

100 1783 158 1807 erat
174 1778 251 1806 enim
261 1776 395 1815 planum,
415 1774 580 1816 ferebatur„
602 1772 629 1801 V.
655 1771 726 1801 Vofl'.
750 1771 813 1800 Lex.
838 1769 954 1808 etymol.

45 1813 192 1845 Aroen'r
203 1824 301 1844 Hecu
312 1824 331 1843 A
345 1835 353 1848 ,
374 1813 434 1842 atis.
456 1822 483 1841 n.
506 1813 519 1847 [
536 1810 718 1844 λ’πυφθεγκφ]
740 1809 810 1839 Sunt
824 1810 873 1844 <in
897 1809 936 1836 uit
954 1806 1100 1841 Erasmus)
1121 1806 1202 1836 Diua

82 1859 163 1883 acuta
171 1853 307 1890 quaedam,
328 1851 463 1885 &brevia,
484 1859 541 1878 non
551 1847 699 1884 cujuslibet
709 1848 831 1884 quidem,
849 1820 897 1875 sed*
907 1848 913 1872 (
923 1848 1065 1880 hunorum,
1079 1845 1201 1884 Ducum,

82 1890 258 1934 Legatorum,
269 1890 480 1929 Imperatorum,
492 1897 532 1922 ac,
547 1885 777 1921 utserneldicam,
791 1885 936 1914 lllultrium
949 1885 1077 1912 virorum.
1100 1883 1157 1911 Cic.
1177 1892 1200 1911 1.

49 1962 62 1967 κ
83 1929 141 1959 Ost.
158 1939 219 1964 104.
240 1927 385 1965 Multaque
395 1925 644 1968 multorum'facete
655 1924 730 1953 dieta
740 1946 748 1959 ,
770 1930 800 1953 ut
814 1933 844 1952 ea
854 1931 914 1960 quae
928 1932 942 1950 a
954 1921 1017 1950 sene
1030 1921 1136 1950 Catone
1147 1919 1204 1949 col-

83 1966 155 1996 lecta
168 1966 245 2002 sunt,
266 1972 326 2004 quae
339 1971 441 1995 vocant
459 1963 658 1996 ἰιπυφῖτγκφπι.

46 2004 460 2035 ΔΡοΡΗτΗεοΜΑΤιουε
472 2024 480 2037 ,
502 2011 536 2037 a,
557 2010 612 2030 um.
635 1995 911 2035 [o’cnoffltwwznw‘r]
932 2003 982 2034 ut,
1005 1996 1204 2027 Genusdicens

84 2043 114 2072 di
127 2041 430 2081 apophthegmaticum.
453 2038 573 2077 Quintil.
593 2037 642 2068 lib.
655 2041 681 2067 6.
694 2047 754 2074 cap.
771 2046 794 2073 3.

48 2080 90 2112 ΛΡ
100 2090 117 2110 o
126 2090 140 2109 Ρ
150 2090 168 2110 Η
178 2082 197 2110 ἕ(
205 2090 223 2109 G
234 2090 263 2110 is
272 2103 280 2115 ,
301 2081 334 2109 is.
354 2079 373 2108 f.
395 2086 430 2108 ex
449 2073 561 2112 ἀποφυγὴ
572 2099 579 2112 ,
600 2076 638 2106 est
647 2075 786 2113 Effugium
798 2074 850 2104 sive
867 2073 1034 2104 Remedium
1045 2072 1181 2102 coluninae
1192 2088 1201 2106 ,

35 2118 37 2122 '
83 2118 216 2154 annulus,
238 2117 293 2148 scil.
305 2118 406 2147 ferreus
416 2116 512 2146 affixus
525 2137 533 2150 ,
554 2124 590 2143 ne
601 2115 636 2144 ad
646 2114 757 2152 pondus
767 2113 893 2142 findatur.
917 2112 1020 2141 Vitruv.
1041 2122 1066 2146 4.
1080 2121 1105 2147 7.
1127 2110 1202 2139 conf.

84 2156 160 2186 Bald.
174 2156 238 2186 Lex.
250 2167 276 2194 p.
294 2166 335 2185 11.
359 2155 451 2185 Hodie
462 2154 517 2183 fere
531 2152 579 2181 sub
590 2162 623 2181 eo
636 2152 750 2180 nomine
761 2152 836 2180 venit
847 2149 937 2179 mollis
958 2151 984 2179 δι
995 2159 1061 2179 cava
1068 2149 1205 2178 membro-

70 2203 71 2206 ’
84 2203 145 2224 rum
155 2195 184 2223 in
195 2194 333 2223 columnis
347 2192 521 2222 commissura
527 2190 649 2228 superior
659 2190 703 2219 vel
711 2189 832 2218 inferior.

49 2232 72 2262 A
80 2242 96 2262 p
104 2242 121 2262 o
132 2243 146 2261 p
156 2234 197 2262 LK
207 2242 226 2261 N
235 2236 250 2261 ,ξ
259 2242 271 2261 s
282 2243 290 2260 1
300 2241 323 2268 s,
343 2232 375 2260 is,
397 2231 416 2260 f.
439 2229 651 2266 [ἀποπλανκσις]
672 2229 688 2257 i.
701 2238 724 2256 e.
748 2227 897 2259 AberratiO,
919 2236 979 2263 quae
995 2225 1033 2254 est
1041 2224 1205 2260 hujusmodi

86 2271 198 2300 dicendi
210 2271 280 2299 ratio
291 2292 298 2305 ,
332 2270 396 2306 Qua
413 2267 569 2298 differendo
579 2289 586 2301 ,
609 2266 780 2295 obscurando
791 2287 798 2300 ,
820 2264 1021 2301 tergiversando
1033 2263 1163 2299 judicem
1175 2263 1205 2291 in

85 2318 202 2338 errorem
210 2308 352 2338 trahimus.
394 2306 481 2343 Quod
491 2305 588 2334 Cicero
598 2304 666 2334 fecit
675 2304 704 2333 in
715 2303 794 2332 causa
806 2303 942 2338 Cluentii,
964 2302 1010 2340 qui
1021 2311 1083 2331 reus
1090 2308 1148 2331 erat
1159 2309 1205 2329 ve-

86 2346 187 2376 neficii.
226 2346 257 2375 V.
277 2344 399 2375 Turneb.
423 2345 457 2374 ad
480 2344 579 2380 Quint.
593 2352 617 2372 2.
637 2351 679 2380 17.
696 2352 723 2379 p.
736 2352 796 2377 194.
837 2341 927 2370 Burin.

49 2383 233 2420 ApopLexf
244 2394 261 2413 A
271 2406 280 2419 ,
310 2393 340 2412 ξε.
372 2384 387 2419 [
404 2382 548 2414 ἀποπληξίαι
562 2382 576 2416 ]
606 2380 659 2410 Alii
673 2380 821 2417 stuporem
840 2379 964 2416 corporis
983 2377 1138 2412 dementis,
1158 2374 1206 2405 alii

68 2425 71 2428 “
85 2422 210 2452 Subitam
223 2421 421 2460 pei-cultionem
433 2421 656 2457 interpretantur.
695 2418 789 2447 Genus
799 2417 836 2446 est
847 2417 950 2452 morbi,
972 2416 1007 2445 de
1019 2425 1074 2453 quo
1088 2415 1124 2444 lic
1133 2413 1202 2443 Cels.

30 2468 31 2471 ’
85 2458 134 2490 lib.
146 2470 170 2497 3.
181 2470 243 2498 cap.
256 2465 301 2489 26.
324 2459 462 2489 Attonitos
473 2467 583 2495 quoque
592 2467 651 2486 raro
658 2454 795 2490 videmus,
807 2465 923 2493 quorum
935 2457 961 2485 ἃ
975 2463 1075 2491 corpus
1088 2455 1114 2483 &
1126 2462 1206 2481 mens

39 2505 53 2517 ‘¹
85 2497 185 2537 stupet.
226 2499 269 2528 Fit
284 2497 423 2535 interdum
433 2497 489 2525 ic'tu
500 2495 624 2524 fulminis
636 2517 643 2529 ,
660 2494 801 2523 interdum
820 2493 918 2522 morbo
930 2515 938 2527 ‚
960 2492 1115 2523 &remigiani
1129 2490 1205 2519 hunc

87 2536 173 2566 Graeci
188 2536 338 2574 appellant.
373 2535 452 2564 Idem
471 2544 531 2571 cap.
545 2533 671 2571 proxime
689 2532 834 2569 sequenti,
856 2533 888 2560 At
906 2530 1036 2560 resolutio
1056 2537 1205 2558 nervorum

55 2590 58 2593 v
85 2572 214 2612 frequens
224 2574 326 2611 ubique
342 2572 455 2610 morbus
471 2572 522 2601 est:
546 2569 592 2600 sed
607 2570 747 2600 interdum
757 2577 814 2598 tota
826 2578 943 2606 corpora
955 2591 963 2604 ,
984 2568 1124 2596 interdum
1147 2577 1208 2604 par-

48 2612 51 2614 ’
87 2617 128 2641 tes
145 2612 260 2641 infestat.
309 2611 420 2640 Veteres
432 2610 559 2640 authores
578 2608 647 2638 illud
660 2607 832 2646 Apoplexian
845 2629 852 2642 ,
874 2608 928 2636 hoc
938 2605 1070 2643 Paralysin
1080 2606 1208 2634 nomina-

87 2659 202 2680 verunt:
234 2660 309 2679 nunc
322 2655 460 2686 utrunque
475 2647 606 2691 lffaralysin
621 2646 754 2685 appellari
775 2645 866 2675 video,

52 2684 277 2722 APOPLaxis,
305 2688 336 2716 is.
358 2686 376 2716 f.
411 2688 426 2722 [
441 2688 578 2718 ἀπυπληξιε
593 2686 608 2720 ]
638 2685 716 2714 Ideni
731 2684 816 2712 sonat.
839 2682 1012 2720 Capitolinus
1032 2681 1067 2710 de
1087 2680 1115 2710 L.
1137 2680 1206 2716 Vero

58 2747 59 2751 ,
88 2735 112 2755 c.
124 2736 149 2762 9.
172 2726 284 2761 Morbo,
297 2735 378 2762 quem
388 2723 544 2766 Apoplexin
555 2731 665 2757 vocant,
677 2730 819 2759 correptus
832 2721 941 2750 Lucius.
974 2720 1006 2749 Et
1017 2720 1046 2748 in
1054 2720 1110 2748 vita
1119 2719 1208 2748 Marci

87 2801 239 2840 Apoplesia,
250 2801 324 2839 quod
335 2810 370 2830 ex
383 2800 537 2838 Apoplesia
547 2799 591 2828 estr
615 2799 655 2828 De
664 2798 765 2827 eodeni
777 2798 923 2834 Eutropius
935 2803 960 2830 8.
979 2807 1002 2831 ς.
1024 2795 1105 2825 Obiit
1117 2795 1207 2824 subito

86 2839 305 2907 sapgigneAiclus
316 2861 324 2874 ,
344 2837 406 2868 casu
421 2838 528 2873 morbi,
551 2846 634 2875 quem
645 2836 733 2866 Graeci
750 2833 886 2868 ἀπόπληξιν
898 2840 1009 2864 vocant.
1041 2834 1115 2863 conf.
1139 2833 1164 2863 T
1167 2843 1208 2862 er-

87 2881 118 2906 tu
140 2890 147 2906 2
182 2888 197 2907 e
233 2878 300 2907 nim.
315 2887 346 2906 ca
370 2899 375 2905 .
424 2899 430 2905 .

52 2913 94 2944 Ar
102 2922 141 2944 ’οΡ
152 2926 167 2944 L
176 2926 190 2944 Ε
201 2926 218 2944 c
227 2925 247 2944 *r
257 2926 265 2943 i
275 2926 292 2944 c
303 2926 321 2949 i,
342 2885 541 2950 ξάξι-Ξπληκῗιυὶ
557 2913 572 2947 ]
593 2911 656 2942 sunt
666 2912 793 2949 Quorum
802 2911 934 2940 videlicet
944 2911 969 2940 «St
979 2918 1080 2947 corpus
1091 2910 1117 2939 ἃ
1128 2917 1208 2938 meris

61 2968 73 2993 ,j
86 2952 176 2992 stupet
187 2954 242 2983 ictu
254 2951 379 2983 fulminis
388 2957 436 2982 aut
444 2950 550 2980 morbo.
575 2950 644 2980 Cels.
656 2950 674 2979 l.
685 2960 707 2986 3.
721 2960 744 2978 c.
756 2954 800 2978 26.
813 2957 894 2977 vocat
904 2949 1051 2977 Attonitos.
1084 2947 1139 2982 elul.
1152 2947 1210 2976 Fir-

89 2991 152 3021 mic.
161 2988 178 3020 l.
193 3001 248 3028 3.c.
261 3002 284 3025 ς.
316 2991 370 3020 Sed
381 2997 501 3019 mortem
509 2988 693 3017 nihilominus
707 2988 831 3016 decernit
841 2986 1041 3021 biothanatam,
1054 2992 1101 3015 aut
1110 2995 1210 3024 repen-

88 3029 175 3059 tinam
190 3051 198 3064 ,
219 3029 288 3059 sicut
301 3027 470 3066 apopleetici
481 3027 593 3056 interire
607 3026 818 3055 consueverunt.
848 3058 851 3060 ,

44 3062 274 3106 χΑΡοΡοΜΡΛΕι
300 3066 456 3096 Daemones.
497 3064 527 3093 V.
551 3065 580 3093 iri
601 3066 713 3094 ALaxi
724 3073 812 3093 Caici
834 3062 991 3092 Daemones.

0 3109 4 3139 Ι,
48 3103 94 3134 A?
101 3113 118 3134 o
128 3115 146 3133 R
154 3116 163 3133 ι
172 3103 367 3141 Α,Ξ.[ἐιπορ,ιά]
376 3101 589 3141 Indigentia,vel
600 3102 776 3137 dubitatio,&
785 3100 891 3130 consilii
902 3099 1096 3137 inopia.Cic.7.
1104 3099 1175 3128 Att.2
1182 3108 1204 3128 r.

0 3159 3 3184 }
40 3142 122 3181 auro
133 3152 150 3171 R
159 3154 168 3170 1
180 3152 227 3171 AT
237 3154 246 3171 1
257 3152 274 3171 o
284 3163 292 3178 ,
320 3142 391 3172 onis.
412 3142 431 3170 f.
454 3141 541 3171 Idem.
561 3140 679 3170 Tertull.
696 3140 731 3169 de
742 3139 889 3176 Praescript.
903 3147 962 3175 cap.
975 3147 1020 3173 49.
1043 3135 1085 3167 De
1101 3137 1209 3175 aporia·-

0 3189 12 3207 ι..
88 3180 165 3210 tione
175 3183 328 3218 conceptus
337 3186 418 3217 atque
429 3179 560 3217 prolatus.

0 3210 15 3256 ᾖ
42 3217 122 3248 Ἴ11Ρό
134 3228 150 3246 R
159 3228 176 3248 o
185 3228 206 3248 N
219 3240 227 3254 ‚
249 3218 264 3254 [
278 3218 364 3253 ἄπορον
379 3218 395 3253 ]
416 3216 612 3247 Controveriiae
623 3225 710 3254 genus
718 3213 917 3252 inexplicabile
929 3223 935 3243 :
958 3213 1037 3249 cujus
1047 3211 1209 3250 exemplum

36 3286 39 3291 ,
54 3281 56 3289 ,
90 3257 255 3294 proponitur
265 3254 381 3286 aGellio
391 3255 438 3284 lib.
451 3265 476 3290 9.
489 3264 548 3292 cap.
566 3264 607 3290 ις.
998 3283 1004 3295 ,

0 3326 3 3332 .
50 3292 339 3329 ἉΡοεεὸΡεγοΝ,
367 3294 451 3323 ontis.
473 3302 510 3321 m.
532 3293 657 3330 Scopurn
679 3291 805 3321 intuens:
827 3290 862 3319 ab
881 3290 1038 3323 ἀπεσκυπτω,
1064 3288 1082 3316 i.
1100 3297 1124 3316 e.
1153 3286 1211 3317 sco>-

89 3340 157 3369 pum
170 3332 322 3361 confidem.
343 3330 411 3361 Plin.
424 3331 443 3360 l.
455 3341 498 3367 35.
510 3340 534 3360 c.
551 3342 560 3359 i
570 3341 593 3359 1.
624 3329 781 3367 Antiphilus
795 3328 923 3358 laudatur
938 3325 1110 3356 nobiliffimo
1121 3325 1209 3362 satyro

77 3379 153 3415 xcurn
168 3369 241 3414 pelle
253 3369 437 3408 pantherina,
456 3378 538 3407 quem
550 3367 776 3406 aposcopeuonta
796 3365 947 3404 appellarit.
989 3364 1031 3394 Ita
1047 3364 1131 3393 Hard.
1155 3363 1209 3393 Alii

89 3414 277 3437 αποσκοπέεντικ,

0 3403 7 3479 ‚l
53 3438 95 3474 ΔΡ
103 3451 139 3474 os
149 3456 158 3474 1
166 3455 183 3474 o
193 3455 206 3474 Ρ
215 3449 231 3474 ἓ
239 3455 250 3474 5
261 3457 269 3474 i
279 3455 300 3480 s,
311 3445 342 3474 is.
354 3445 373 3474 f.
395 3443 602 3481 [nimmia-nm]
622 3443 719 3481 Figura
730 3443 768 3472 est
780 3439 938 3472 Rhetorica.
963 3438 1081 3476 Quintil.
1093 3437 1141 3474 Li).
1152 3446 1207 3468 c.2.

0 3514 3 3520 ,
33 3494 35 3497 ·
87 3483 268 3521 Aposiopesis,
284 3489 366 3521 quam
374 3483 471 3512 Cicero
484 3480 680 3516 Reticentiarn,
701 3476 794 3510 Celsus
806 3479 1008 3513 Obticentiarn,
1026 3476 1155 3506 nonnulli
1167 3477 1210 3506 ln·-

0 3522 20 3547 ff
87 3522 288 3558 terruptionem
296 3520 454 3559 appellant:
466 3520 503 3549 est
514 3520 611 3557 figura
620 3519 828 3554 seutentiae,qua
836 3517 971 3546 sententia
982 3515 1113 3544 inchoata
1124 3515 1159 3544 sic
1169 3515 1210 3544 in<-

0 3561 13 3598 *7
87 3560 273 3596 terrumpitur,
285 3560 383 3594 atejus
392 3566 486 3587 tamen
497 3557 646 3586 intermissa
655 3564 718 3595 pars
729 3556 907 3592 intelligatur.
946 3553 1015 3591 Virg.
1032 3563 1054 3582 1.
1066 3553 1127 3582 AEn.
1146 3564 1155 3582 i
1164 3562 1174 3587 ³
1183 3564 1206 3587 ς.

0 3590 5 3636 l
74 3600 79 3612 “
169 3596 247 3634 Quos
262 3606 332 3634 ego:
352 3596 400 3625 sed
412 3603 502 3625 motos
520 3595 627 3633 praestat
644 3603 816 3632 componere
827 3593 937 3622 fluctus.
1021 3591 1079 3619 Cic.
1093 3600 1144 3628 pro
1155 3591 1211 3620 Mi-

0 3631 20 3660 DI
89 3630 148 3663 lon.
170 3635 210 3663 An
221 3633 357 3670 hujusille
367 3634 450 3671 legis,
472 3643 554 3669 quam
565 3632 680 3662 Clodius
692 3642 707 3661 a
722 3630 749 3661 se
760 3632 902 3660 inventam
919 3629 1051 3667 gloriatus
1062 3651 1070 3662 ,
1091 3629 1210 3658 mentina

0 3662 20 3702 lt
89 3678 154 3700 nem
164 3671 254 3702 facere
263 3672 342 3702 ausus
351 3672 417 3701 esset
427 3672 488 3700 vivo
498 3671 618 3707 Milone,
639 3680 675 3700 ne
682 3670 773 3699 dIcam
784 3668 904 3699 Consule
915 3668 928 3696 ’ἔ
949 3667 990 3696 De
1001 3667 1124 3695 nostrum
1131 3668 1209 3696 enirn

0 3706 20 3736 W
40 3724 45 3733 ι
72 3741 73 3745 ¹
91 3709 216 3741 omnium
226 3731 234 3744 ,
255 3720 313 3739 non
325 3710 413 3739 audeo
424 3715 515 3739 totum
526 3709 626 3738 dicere.

0 3749 17 3778 θη,
49 3743 125 3775 :Apo
135 3756 167 3776 5Ρ
179 3756 196 3775 Α
207 3757 218 3776 5
228 3759 248 3776 M
258 3758 305 3776 AT
315 3759 323 3776 1
333 3758 353 3776 A
364 3770 371 3783 ,
396 3758 423 3777 n.
445 3747 483 3785 pl.
507 3748 520 3783 [
536 3742 746 3778 &wormio-ndum
762 3745 777 3780 ]
803 3744 981 3781 Fragmenta,
1002 3740 1136 3779 reliquiae.
1157 3747 1208 3778 ut,

0 3784 16 3812 tl
54 3813 55 3816 ,
91 3784 294 3822 Apospasmatia
306 3785 376 3823 legis
388 3785 506 3822 agrariae·
529 3784 586 3813 Cic.
605 3794 631 3813 2.
654 3784 706 3813 Att.
724 3794 745 3812 i.
1050 3814 1055 3823 Δ

0 3824 21 3863 ⁶¹?
55 3820 122 3851 Apo
131 3832 143 3851 5
152 3832 166 3850 Ρ
174 3832 194 3850 H
204 3832 220 3851 a
230 3833 248 3851 A
259 3833 276 3851 c
286 3834 294 3851 1
304 3833 374 3852 SMA
384 3845 392 3858 ,
425 3822 486 3852 atis.
509 3832 536 3851 n.
569 3823 584 3858 Ξ
599 3817 808 3856 ἀπονφϋένσκφ
824 3820 850 3854 ]·
869 3818 966 3854 Forma
979 3817 1057 3855 figffll
1075 3817 1208 3855 expressa-

0 3859 15 3906 Ξ,
91 3857 302 3903 Plin.10.·Epist.
320 3865 360 3890 16.
383 3861 495 3898 Signata
505 3861 543 3889 est
553 3858 657 3888 annulo
668 3869 741 3892 meo,
752 3858 829 3893 cujus
838 3855 1060 3895 aposphragisma
1069 3854 1209 3893 quadriga.

0 3907 18 3920 ν’
91 3896 205 3937 Signum
214 3898 381 3936 insculptum
391 3899 586 3935 interpretatur
596 3897 634 3926 ibi
646 3897 815 3926 Buchnerus.
954 3920 963 3928 ,,

0 3940 18 3992 ξπ·
56 3931 78 3964 A
86 3943 100 3963 Ρ
108 3944 124 3963 o
132 3943 144 3963 5
152 3945 166 3963 Ρ
176 3946 190 3963 L
199 3939 216 3964 ἓ
225 3945 245 3964 N
255 3945 271 3964 o
281 3945 292 3965 s
303 3958 311 3970 ,
334 3937 350 3966 i.
374 3946 410 3965 m.
435 3935 613 3965 Rosmarinus
624 3935 726 3963 dicitur
735 3956 743 3967 ,
767 3931 844 3970 Apul.
857 3932 891 3961 de
902 3931 987 3961 Herb.
1009 3941 1070 3969 cap.
1084 3939 1128 3968 79.

57 3969 145 4001 Atos
156 3982 175 4001 T
185 3983 202 4001 A
212 3983 224 4002 s
234 3984 242 4001 i
254 3983 272 4001 A
283 3995 291 4008 ,
312 3982 342 4004 ae,
365 3974 385 4003 f.
407 3969 562 4010 [ἀποικία-,κ
577 3973 592 4007 ]
614 3972 710 4001 Latine
724 3971 850 4000 Defectio
863 3992 870 4005 ,
892 3979 955 3999 cum
965 3970 1025 4007 quis
1041 3979 1055 3997 a
1070 3968 1117 3997 suo
1128 3969 1209 4003 duce,

92 4019 109 4040 a
125 4009 171 4077 spa
183 4010 316 4079 relififfione
327 4033 336 4048 ‚
364 4017 412 4042 aut
432 4021 448 4041 a
466 4010 514 4040 suo
532 4011 595 4040 vitae
618 4010 742 4040 instituto
760 4008 873 4044 deficit,
902 4009 929 4038 ἀ
952 4007 1030 4037 aliud
1048 4007 1210 4044 ingreditur.

162 4057 207 4078 oi..
254 4068 261 4079 .

88 2772 112 2793 c.
126 2774 168 2800 14.
189 2763 289 2793 Lucius
297 2762 428 2801 apoplexi
439 2770 562 2799 arreptus
575 2761 666 2798 periit,
679 2766 709 2789 ut
722 2760 858 2789 Palatinus
869 2759 961 2793 habet,
972 2758 1095 2795 quamvis
1105 2757 1222 2794 Regius.

1682 182 1708 217 A
1807 182 1832 216 Ρ
1931 183 1966 217 O

1243 263 1262 293 A
1275 274 1288 292 Ρ
1298 274 1313 292 o
1327 273 1365 293 ετ
1375 273 1392 294 Α
1402 271 1497 298 siun,
1518 260 1536 294 i.
1561 273 1588 292 n.
1609 261 1791 299 [ἀποτείσω]
1817 261 1943 292 Edictum
1964 263 2112 292 vocabatur
2123 263 2198 300 apud
2214 259 2402 293 Athenienses,

1281 311 1335 336 quo
1349 309 1459 331 caurum
1471 310 1527 331 erat
1539 309 1569 330 ut
1578 308 1728 329 contumax
1741 301 1916 337 ingratusque
1928 300 2040 329 libertus
2052 300 2099 328 sub
2109 300 2308 337 maocipioelse
2319 302 2343 328 ἃ
2353 298 2404 326 ser-

1282 340 1337 367 vire
1350 348 1504 373 cogeretur,
1517 339 1647 376 quoniam
1659 337 1788 379 libcresl‘e
1799 337 1931 366 nescisset.
1951 337 2026 366 Alex.
2037 337 2070 366 ab
2084 339 2159 366 Alex.
2172 337 2189 365 l.
2205 347 2228 373 3.
2239 348 2262 366 c.
2276 347 2320 365 20.

1246 377 1264 403 A
1277 385 1312 416 [χο
1325 386 1335 402 s
1348 387 1367 404 τ
1378 382 1391 405 Ji
1406 386 1424 405 >r
1435 386 1452 404 Λ
1465 399 1472 411 ,
1495 387 1526 406 ae.
1546 385 1582 404 m.
1605 377 1620 411 [
1636 377 1759 404 αἰπεῖα-νς
1774 376 1788 409 ]
1810 375 1866 411 Qui
1883 374 2004 403 abscedit
2021 375 2097 403 abeo
2115 374 2188 410 quod
2209 374 2345 403 tuendum
2363 372 2404 400 su-

1283 413 1386 453 (cepit,
1418 415 1433 443 i.
1453 424 1476 442 e.
1502 413 1653 450 Transfuga
1675 414 1700 441 Sc
1717 412 1848 442 desector.
1891 412 1972 441 Unde
1989 412 2127 449 Apostatas
2149 412 2246 440 dicunt
2263 410 2404 447 Doginatis

1285 449 1440 486 Euningelici
1460 451 1623 487 proditores.
1663 450 1789 479 Budaeus.

1247 485 1313 530 Auo
1325 497 1358 515 si
1376 498 1421 516 AT
1434 499 1440 515 i
1453 498 1495 517 cu
1507 498 1518 516 5
1531 510 1538 521 ,
1568 498 1598 519 a,
1630 497 1687 516 urii.
1707 484 1845 517 ἀπταίστως
1870 496 1931 516 reus
1943 508 1950 519 ,
1973 493 2019 515 aut
2033 486 2066 514 ad
2082 486 2232 523 apostatam
2253 485 2403 523 pertinens.

1285 524 1378 553 Sedul.
1393 536 1414 555 ς,
1433 534 1492 560 ³7⁴·
1513 526 1540 553 in
1550 524 1628 559 Joan.
1640 534 1662 553 c.
1677 534 1721 553 20.
1737 535 1759 554 r.
1861 541 1897 545 —
1920 524 2069 552 formidine
2090 522 2178 552 rursus

1368 561 1454 603 Plebis
1472 563 1624 598 apostatice
1636 583 1643 596 ,
1665 562 1817 591 Dominum
1847 571 1906 600 quae
1927 571 1999 590 caeca
2015 561 2144 597 negasset.

1286 597 1450 640 Augustinus
1463 599 1601 641 eleganter
1609 600 1642 627 ad
1654 598 1771 637 Lapsuin
1781 601 1896 629 humani
1909 599 2016 636 generis
2024 598 2162 627 transtulit
2173 597 2312 626 Enchirid.
2325 606 2348 624 c.
2360 607 2403 630 99.

1287 635 1467 678 Uiiiyersurii,
1489 644 1577 672 inquit
1590 658 1597 669 ,
1628 646 1713 671 genus
1730 637 1883 667 humanum
1901 644 1955 666 tarn
1975 636 2160 672 jultojudicio
2180 636 2275 664 divino
2295 635 2322 662 in
2340 644 2407 671 apo-

1287 673 1380 701 statica
1392 673 1484 701 radice
1500 674 1668 702 damnatum.

1250 710 1338 739 Auos
1349 720 1395 738 TA
1408 719 1472 752 >ric
1483 720 1496 738 n
1508 732 1515 744 ,
1539 711 1602 750 Adv.
1625 710 1721 745 Jiistin.
1739 723 1761 741 1.
1782 711 1852 740 Cod.
1870 722 1892 741 1.
1912 711 1993 749 Epist.
2009 712 2030 748 §.
2042 720 2063 740 1.
2086 709 2284 739 Contradicere
2293 708 2408 744 Judaice

1290 749 1315 776 δε
1333 747 1481 785 apostatice
1497 749 1550 776 auli
1564 747 1635 789 sunt7

1253 785 1274 814 A
1284 794 1298 813 P
1309 795 1324 812 o
1334 794 1345 826 5
1356 794 1374 812 vi·
1384 788 1398 813 Ᾰ
1411 794 1430 812 ἰ’
1440 795 1456 812 o
1469 806 1476 818 ,
1498 785 1510 820 [
1526 796 1653 826 amru-vm
1669 784 1682 818 ]
1701 787 1755 813 are.
1777 784 1894 815 Rebello
1906 808 1913 820 ,
1935 786 2029 815 absisto
2040 807 2048 821 ,
2069 787 2095 815 S<
2103 794 2235 823 oppugno
2247 783 2320 820 quod
2329 789 2409 811 antea

1289 822 1485 864 defendebam.
1527 822 1655 863 Cyplrian.
1668 821 1701 850 ad
1714 822 1796 850 Corn.
1820 823 1871 852 Eos
1880 824 1925 860 qui
1943 824 2018 853 velut
2028 824 2264 861 apostataverunt,
2288 823 2312 850 ὁὶ
2325 821 2358 849 ad
2371 820 2411 848 se-

1289 859 1401 900 culum,
1428 869 1470 901 Cui
1482 866 1709 887 renuntiaverunt
1728 860 1842 894 reversi,
1864 862 2003 897 gentiliter
2021 864 2136 894 vivunt,
2160 860 2204 889 vel
2219 860 2253 888 ad
2267 859 2410 887 haereticos

1289 899 1434 933 transliigzu
1449 897 1510 939 lacti
1523 918 1531 939 ἶ
1553 904 1648 924 contra
1663 896 1803 939 eccleliiim
1816 899 1975 934 pernicialia
1989 908 2062 927 arina
2083 898 2241 935 siiscipiunt.

1253 935 1393 965 aposta
1406 946 1424 963 M
1436 945 1451 962 A
1466 956 1473 969 ,
1496 938 1555 963 atis.
1575 943 1602 962 n.
1626 935 1639 968 [
1655 936 1773 964 zmenfflo
1788 935 1800 969 ]
1822 935 1917 963 Lati-ie
1939 935 2086 967 Absccllus,
2105 936 2161 964 Suo
2172 935 2288 964 nir—tiu:
2311 943 2369 970 quzr
2382 932 2411 961 fit

1291 982 1327 1002 ex
1338 971 1469 1001 concursu
1481 971 1545 1001 mali
1564 971 1686 1000 humoris
1698 971 1725 998 in
1737 971 1854 1007 aliquam
1867 980 1971 1009 partem
1988 974 2120 1010 corporis.
2145 965 2167 1002 'P
2184 974 2220 1001 in.
2239 972 2255 1001 l.
2271 982 2313 1000 20.
2332 981 2355 999 c.
2370 980 2412 1006 33.

1291 1011 1362 1039 Caro
1374 1012 1432 1045 ejus
1449 1011 1562 1039 interior
1574 1009 1628 1037 sine
1639 1007 1742 1037 semine
1755 1030 1762 1041 ,
1784 1009 1866 1037 clavis
1880 1011 1983 1046 pedum
1993 1032 1999 1044 ,
2024 1013 2051 1039 a:
2072 1009 2312 1047 suppurationibus
2323 1031 2330 1043 ,
2353 1018 2413 1045 quie

1291 1048 1379 1077 Graeci
1401 1054 1501 1077 vocant
1520 1047 1695 1085 apostemata.
1719 1045 1787 1075 Cels.
1803 1046 1850 1075 lib.
1866 1057 1890 1075 2.
1910 1057 1969 1084 cap.
1987 1058 2009 1075 i.
2032 1048 2172 1076 Ablceilus
2189 1049 2311 1084 corporis
2324 1069 2331 1081 ,
2353 1054 2414 1082 quaa

1292 1086 1459 1123 apostemata
1477 1085 1563 1114 Graeci
1582 1084 1736 1113 nominant.

1292 1125 1456 1165 Apoltema,
1478 1124 1545 1152 item
1565 1122 1675 1160 proprie
1689 1122 1814 1159 Spatium
1828 1121 1874 1151 seu
1892 1121 2085 1156 intervallum,
2107 1132 2161 1159 quo
2180 1132 2221 1152 res
2231 1123 2331 1151 distant
2343 1122 2414 1150 inter

1311 1162 1338 1190 lc
1358 1160 1498 1197 siguificat.

1256 1198 1495 1233 Arosromis,
1524 1199 1542 1228 i.
1565 1209 1602 1228 m.
1633 1195 1818 1235 [zi-Amen]
1849 1196 1945 1225 Latine
1964 1195 2041 1224 sonat
2065 1196 2159 1226 Missus
2179 1205 2225 1226 aut
2245 1196 2378 1235 Legatos,
2399 1206 2416 1225 a

1293 1237 1377 1266 verbo
1397 1237 1492 1266 Graeco
1513 1238 1651 1271 dms-mm,
1674 1236 1748 1273 quod
1765 1235 1803 1263 est
1822 1235 1893 1263 Cum
1910 1235 2046 1262 mandatis
2064 1235 2170 1263 emitto.

1294 1274 1415 1312 Apostoli
1425 1276 1490 1303 item
1502 1273 1749 1307 dicunturLibelli,
1763 1273 1814 1302 live
1827 1272 1922 1301 Literce
1938 1272 2104 1305 dimiil'oiia,
2120 1282 2178 1308 quie
2192 1273 2224 1300 ab
2235 1282 2268 1301 eo
2279 1283 2294 1302 a
2305 1282 2358 1309 quo
2370 1282 2418 1309 apa

1312 1312 1447 1350 pellatuin
1457 1313 1503 1346 est,
1517 1313 1551 1341 ad
1562 1322 1625 1341 eum
1635 1312 1682 1350 qui
1704 1311 1738 1340 de
1750 1309 1938 1348 appellatione
1950 1308 2110 1346 cogniturus
2119 1311 2164 1342 est,
2183 1310 2311 1339 testandae
2325 1310 2419 1347 appel-

1313 1351 1426 1379 lationis
1436 1350 1514 1379 causa
1524 1351 1632 1380 dantur.
1653 1350 1672 1380 l.
1685 1349 1852 1378 dimilloriae.
1873 1348 1905 1377 D.
1921 1348 1955 1376 de
1969 1347 2077 1376 verbor.
2091 1347 2176 1384 (ignis.
2196 1347 2246 1377 Sel.
2263 1358 2284 1376 i.
2298 1348 2330 1377 1).
2343 1347 2420 1377 dcli-

2333 191 2399 225 225

1314 1388 1367 1417 bel.
1394 1388 1493 1417 dimiil'.

1294 1426 1417 1464 Apostoli
1428 1427 1483 1457 »ὕπ’
1498 1421 1575 1461 ὲξοχνῗν
1584 1430 1718 1454 vocantur
1734 1424 1785 1453 viri
1801 1423 1841 1452 illi
1852 1423 2014 1458 duodecim,
2034 1432 2102 1460 quos
2116 1422 2252 1459 Evangelii
2265 1432 2314 1459 per
2324 1422 2420 1452 orbem

1314 1463 1471 1493 universum
1480 1463 1647 1501 praedicandi
1658 1461 1860 1492 causaChristus
1870 1460 2135 1498 ablegavit.Tertull.
2149 1460 2183 1488 de
2196 1460 2366 1498 l'rasl'cript.c.
2374 1471 2419 1489 20.

1315 1502 1422 1531 Horum
1435 1503 1549 1530 nomina
1559 1500 1682 1530 recenset
1691 1500 1777 1530 Lucas
1790 1500 1845 1528 Act.
1865 1509 1886 1527 1.
1903 1498 2053 1534 13.omiffo
2068 1498 2148 1533 juda.
2166 1499 2265 1533 quibus
2288 1498 2347 1535 post
2364 1499 2420 1527 ele-

1317 1542 1392 1569 ctum
1405 1539 1535 1569 inlocum
1548 1540 1621 1568 istius
1630 1539 1778 1568 Matthiam
1787 1558 1795 1573 ,
1817 1538 1913 1565 tertius
1922 1537 2049 1565 decimus
2058 1536 2167 1564 accellit
2180 1536 2275 1564 l’aulus
2288 1557 2295 1569 ,
2318 1537 2362 1565 cui
2371 1537 2422 1573 ipli

1318 1587 1427 1615 quoque
1443 1578 1472 1606 id
1487 1587 1594 1606 nomen
1611 1598 1619 1611 ,
1638 1577 1778 1614 praecipue
1795 1575 1933 1604 tribuitur.
1974 1574 2006 1603 V.
2027 1575 2100 1603 Suic.
2122 1573 2214 1603 Thes..
2228 1573 2332 1603 Fabric.
2347 1574 2420 1603 Bibl.

1317 1616 1459 1652 Antiquar.
1478 1625 1502 1644 c.
1519 1625 1559 1650 η.
1576 1625 1617 1644 10.
2318 1614 2321 1615 ’

1260 1654 1283 1683 A
1292 1663 1306 1683 Ρ
1315 1663 1331 1682 o
1342 1664 1353 1683 5
1363 1663 1381 1682 T
1391 1663 1408 1682 o
1419 1665 1434 1681 L
1444 1663 1457 1682 5
1468 1676 1476 1687 ,
1497 1653 1551 1682 fuit
1568 1652 1719 1682 Tributurn
1729 1674 1736 1687 ‚
1756 1649 1831 1688 quod
1844 1651 1878 1680 ad
1890 1650 2088 1688 Imperatorem
2103 1649 2263 1678 mittebatur
2283 1660 2298 1678 a
2309 1649 2421 1684 Juda‘isi

1299 1691 1400 1727 Iulian.
1419 1691 1500 1729 Epist.
1524 1690 1560 1720 ad
1577 1690 1696 1727 Judaeos.
1734 1689 1838 1719 Melius
1856 1689 1934 1718 vobis
1947 1688 2005 1719 fieri
2016 1688 2133 1726 cupiens
2144 1687 2252 1716 tratrem
2264 1686 2369 1722 ,lulium
2380 1687 2426 1716 Pa-

1299 1730 1446 1759 triarcham
1454 1730 1550 1758 monui
1560 1751 1567 1764 ,
1589 1734 1619 1758 ut
1639 1728 1729 1757 missio
1741 1727 1835 1756 tributi
1845 1735 1905 1764 quae
1916 1733 2030 1755 vocatur
2043 1725 2166 1763 :ipostole
2177 1747 2185 1759 ,
2209 1725 2288 1754 vobis
2303 1726 2427 1754 remitte-

1300 1775 1383 1797 retur.
1420 1767 1538 1798 Exac‘tor
1550 1766 1645 1796 tributi
1662 1765 1806 1795 dicebatur
1826 1764 1978 1803 ApostoluS.
2000 1764 2019 1792 l.
2039 1774 2080 1799 14.
2103 1765 2129 1792 ok
2152 1768 2192 1797 18.
2217 1763 2247 1792 C.
2261 1762 2370 1793 Theod.
2388 1764 2425 1792 de

1300 1805 1411 1841 Judaeis.
1433 1805 1547 1841 Buleng.
1563 1805 1597 1833 de
1609 1804 1714 1841 vestig.
1729 1813 1788 1840 cap.
1808 1814 1849 1838 54.

1263 1844 1285 1874 A
1294 1855 1307 1873 Ρ
1317 1854 1333 1873 o
1344 1854 1354 1872 s
1364 1854 1383 1872 'r
1393 1854 1410 1872 o
1420 1855 1435 1871 L
1447 1853 1465 1872 A
1478 1865 1485 1878 ,
1508 1853 1538 1872 ae.
1561 1843 1578 1872 f.
1603 1842 1728 1872 Foemina
1739 1841 1876 1870 Christum
1886 1839 2048 1877 praedicans.
2080 1838 2244 1875 Radulphus
2255 1837 2358 1867 Ardens
2369 1839 2427 1867 Hc.

1300 1881 1360 1911 mil.
1384 1882 1413 1910 in
1424 1881 1469 1910 die
1484 1881 1510 1911 S.
1529 1880 1618 1910 Pasch.
1640 1890 1667 1918 p.
1681 1885 1742 1916 367.
1766 1880 1791 1908 Sc
1804 1880 1832 1907 iii
1844 1878 1904 1907 Ver.
1918 1877 2058 1907 Chronico
2076 1877 2152 1914 quod
2164 1876 2291 1905 describit
2300 1876 2427 1905 Silvester

1301 1920 1337 1949 de
1348 1919 1429 1948 Prier.
1448 1920 1476 1948 in
1490 1930 1546 1948 aur.
1557 1918 1608 1948 ros.
1622 1918 1670 1947 ser.
1685 1929 1709 1953 5.
1730 1918 1799 1946 infra
1814 1917 1876 1945 Oct.
1888 1915 1993 1946 Pasehae
2005 1937 2013 1951 ,
2030 1914 2196 1952 magdalena
2207 1915 2242 1944 lic
2258 1914 2375 1952 loquens
2385 1915 2428 1943 in-

1301 1958 1412 1987 ducitur
1427 1967 1433 1986 :
1459 1957 1517 1995 Ego
1527 1955 1700 1995 praedicatrix
1717 1956 1743 1985 ἃ
1754 1954 1876 1993 apostola
1891 1955 1938 1983 sui.

1266 1996 1306 2026 Ar
1316 2006 1332 2025 ο
1343 2006 1354 2025 5
1366 2006 1383 2024 r
1393 2006 1409 2024 o
1420 2007 1436 2023 L
1446 2006 1454 2023 1
1465 2005 1482 2024 c
1491 2005 1508 2024 u
1519 2005 1530 2024 s
1540 2017 1548 2030 ,
1579 2004 1613 2030 a,
1634 2001 1691 2023 um.
1722 1994 1780 2029 Adj.
1812 2000 1858 2025 ut,
1880 1990 2043 2029 Symbolum
2066 1990 2256 2029 apostolicum.
2294 1989 2426 2020 prudent.

1303 2034 1453 2071 Hamartig.
1477 2041 1502 2062 v.
1524 2042 1585 2069 522.
1706 2031 1770 2061 Oris
1786 2029 1930 2068 apostolici
1949 2031 2023 2059 tellis
2045 2029 2180 2058 sententia
2199 2028 2300 2065 prodit.

1303 2071 1452 2110 Apostolici
1463 2072 1531 2105 viri,
1554 2069 1899 2107 &interdunilimpliciter
1910 2090 1917 2103 ,
1934 2067 2063 2104 quasique
2075 2067 2237 2096 substantive
2249 2089 2256 2101 ,
2278 2065 2428 2104 Apostolici

1322 2110 1490 2139 vocabantur
1504 2108 1697 2147 Apostolorum
1711 2107 1807 2136 fideles
1825 2109 1850 2136 ὃ(
1861 2107 2016 2135 constantes
2036 2105 2067 2134 in
2090 2105 2234 2139 Evangelio
2250 2105 2428 2142 praedicando

1325 2147 1462 2185 discipuli,
1483 2154 1564 2184 atque
1577 2147 1726 2181 adjutores.
1749 2144 1855 2175 Tertul.
1869 2145 1905 2173 de
1916 2143 2063 2181 Praescript.
2077 2143 2139 2171 adv.
2156 2143 2253 2172 llieret.
2269 2152 2329 2179 cap.
2344 2152 2385 2176 ³2-

1302 2186 1474 2224 Apostolicus
1485 2186 1567 2214 etiarn
1577 2184 1721 2222 usurpatur
1729 2193 1781 2221 pro
1793 2183 1873 2220 Papa,
1886 2181 1930 2210 vel
1939 2182 2022 2210 etiam
2031 2191 2081 2218 pro
2090 2180 2227 2218 Episcopo
2250 2182 2371 2218 Scriptoi·
2382 2190 2429 2209 an-

1323 2224 1450 2262 pendicis
1465 2224 1500 2252 ad
1514 2222 1691 2260 Eutropium,
1713 2231 1740 2260 p.
1757 2226 1817 2258 163.
1839 2222 1866 2250 δε
1885 2220 1914 2248 in
1931 2220 2075 2258 epitaphio
2085 2219 2231 2256 Trophimi
2242 2219 2324 2256 primi
2340 2215 2428 2247 Arela-

1321 2262 1440 2292 tensium
1464 2261 1587 2299 episcopi
1603 2270 1609 2289 :

1383 2300 1555 2338 Trophimus
1578 2299 1625 2327 hic
1642 2297 1743 2327 colitur
1754 2319 1762 2331 ,
1787 2295 1899 2326 Arelatis
1918 2294 2014 2333 praesul
2031 2295 2117 2323 avitus
2129 2316 2137 2329 ,

1421 2337 1508 2367 Gallia
1515 2347 1597 2374 quem
1608 2337 1729 2373 primum
1738 2334 2018 2371 sensitApostolicum.
2059 2331 2356 2361 V.Gloffin‘.Lat.rnedii
2367 2332 2426 2362 mvi.

1267 2378 1384 2408 Aros'r
1394 2386 1410 2405 o
1421 2387 1436 2404 L
1446 2387 1463 2405 A
1473 2385 1493 2404 ‘r
1503 2386 1518 2404 u
1531 2385 1542 2404 s
1555 2397 1562 2409 ,
1593 2375 1632 2403 us.
1656 2384 1694 2402 m.
1729 2373 1860 2403 Officium
1884 2371 2009 2409 apostoli.
2039 2369 2145 2401 Tertul.
2161 2371 2220 2399 adv.
2245 2370 2330 2399 Marc.
2346 2381 2367 2399 1.
2380 2381 2426 2399 20.

1306 2416 1414 2445 Petrum
1423 2421 1592 2450 caeterosque
1602 2412 1745 2441 columnas
1758 2409 1934 2449 apostolatus,
1960 2420 1974 2438 a
1985 2409 2068 2438 Paulo
2080 2407 2258 2445 reprehensos
2267 2415 2427 2446 opponunt.

1305 2453 1397 2491 Etpro
1406 2452 1508 2482 Officio
1518 2450 1616 2480 summi
1628 2450 1818 2479 Romanorum
1832 2448 1978 2477 Ponti'ricis.
1999 2446 2095 2476 Paulus
2108 2446 2249 2475 &Varnesn
2262 2458 2287 2480 4.
2303 2447 2426 2483 Longos..

1305 2501 1330 2520 c.
1342 2500 1385 2527 30.
1409 2490 1534 2527 Gregorii
1545 2490 1573 2518 in
1583 2488 1676 2517 locum
1692 2488 1726 2517 ad
1739 2486 1904 2525 apostolatus
1916 2486 2038 2514 officium
2049 2484 2215 2513 Sabinianus
2226 2484 2263 2513 est
2275 2485 2428 2513 ordin-sitne..

1266 2530 1311 2560 Ap
1320 2540 1336 2557 o
1345 2539 1357 2558 s
1368 2538 1411 2557 Ta
1420 2532 1437 2557 ὁ
1447 2538 1460 2556 Ρ
1472 2538 1491 2556 H
1503 2538 1531 2562 a,
1554 2536 1592 2556 es.
1610 2526 1628 2555 f.
1654 2527 1669 2562 [
1684 2525 1834 2560 ἀπτςμφνι]
1855 2524 1911 2553 Lat.
1926 2523 2094 2552 Conversio:
2117 2522 2215 2559 Figura
2226 2522 2370 2551 Rhetorica
2382 2522 2430 2557 est,

1306 2574 1392 2604 quum
1402 2566 1491 2595 sermo
1502 2576 1517 2594 a
1529 2566 1604 2594 reeto
1615 2566 1641 2594 ἅ
1650 2564 1776 2593 instituto
1785 2563 1883 2591 ordine
1896 2563 1924 2590 in
1935 2560 2074 2590 diversum
2083 2570 2115 2590 ac
2127 2561 2296 2589 contrariam
2306 2561 2430 2590 vertitur.

1305 2605 1377 2642 Virg.
1392 2614 1417 2633 2.
1441 2604 1540 2640 Georg.
1556 2612 1614 2640 ¹70·
2028 2628 2032 2629 .

1385 2642 1527 2680 Scipiadas
1539 2641 1622 2670 duros
1633 2639 1717 2673 bello,
1728 2640 1754 2668 Sc
1762 2645 1789 2667 te
1800 2638 1921 2668 maxime
1932 2636 2026 2666 Caesar.

1384 2680 1536 2718 Impulerat
1548 2679 1619 2708 ferro
1643 2677 1779 2716 Argolicus
1800 2677 1905 2705 foedare
1928 2675 2045 2704 latebras
2056 2684 2063 2704 z

1385 2718 1523 2754 Troiaque
1535 2727 1610 2746 nunc
1620 2715 1865 2751 stares,l³riamique
1874 2724 1920 2743 arx
1931 2713 1985 2742 alta
1995 2718 2131 2742 maneret.
2171 2712 2211 2741 Er:
2222 2711 2312 2741 Rufin.
2329 2708 2429 2748 Quint.

1305 2757 1323 2787 l.
1334 2768 1361 2793 4.
1374 2767 1385 2785 1
1400 2764 1405 2786 :
1423 2767 1448 2792 9.
1463 2766 1487 2784 2.
1502 2757 1528 2785 Se
1542 2767 1564 2791 3.
1583 2756 1679 2784 Sermo
1690 2764 1705 2782 a
1717 2752 1940 2791 personajudicis
1950 2750 2066 2786 aversus,
2084 2751 2131 2787 qui
2145 2751 2267 2784 ἀπυςροφὴ
2279 2750 2388 2778 dicitur.

1267 2795 1291 2826 A
1300 2805 1314 2824 Ρ
1324 2805 1340 2825 0
1349 2805 1360 2825 s
1371 2805 1389 2824 r
1397 2805 1413 2823 R
1422 2805 1438 2822 o
1449 2804 1462 2822 Ρ
1471 2804 1491 2822 H
1501 2803 1548 2828 us,
1571 2793 1588 2822 i.
1606 2802 1643 2822 m.
1667 2792 1845 2827 [ἀπυφφὲς]
1867 2790 1923 2818 Lat.
1935 2788 2051 2819 Aversio.
2066 2790 2091 2818 ἃ
2103 2789 2140 2817 est
2151 2787 2253 2817 Circuli
2262 2797 2321 2824 pars
2331 2787 2430 2816 dexte-

1304 2839 1341 2868 ra,
1351 2833 1396 2862 sed
1410 2833 1444 2861 ad
1454 2832 1586 2861 sumniam
1596 2830 1702 2859 literam
1713 2828 1911 2858 consonantem
1922 2827 2053 2865 apposita,
2065 2827 2110 2855 cui
2121 2826 2222 2855 vocalis
2235 2825 2366 2854 subtracta
2374 2826 2423 2859 est,

1306 2873 1332 2901 a&
1342 2871 1372 2900 fit
1382 2871 1419 2900 ita
1431 2871 1453 2899 ’.
1487 2870 1545 2899 Hac
1559 2875 1625 2898 ncta
1640 2867 1732 2897 deesse
1743 2867 1914 2895 ostendimus
1926 2866 1996 2903 parti
2009 2865 2142 2894 orationis
2156 2864 2279 2893 ultimam
2291 2862 2426 2897 vocalem,

1305 2910 1386 2946 cujus
1399 2908 1554 2938 consonans
1565 2912 1705 2936 remanet:
1730 2912 1768 2938 ut,
1780 2904 1901 2934 Tanton’
1913 2914 1958 2932 me
1968 2904 2083 2932 crimine
2095 2903 2218 2936 dignuin,
2227 2911 2274 2938 pro
2286 2900 2424 2930 Tantone.

1305 2948 1360 2982 Sic,
1374 2946 1443 2982 Ain’,
1459 2946 1562 2980 viticis,
1573 2954 1623 2983 pro
1635 2944 1723 2979 Aisne,
1746 2942 1873 2977 Videsne,
1889 2943 1914 2971 ἃ
1928 2941 2031 2970 liniilia.
2056 2941 2094 2969 Est
2108 2939 2243 2969 Diomede
2259 2938 2306 2967 lib.
2324 2948 2350 2967 2.
2371 2961 2374 2964 .

1267 2986 1366 3016 ΛΡοτ
1377 2995 1415 3013 EI.
1426 2994 1459 3013 as
1470 2995 1490 3012 M
1501 2994 1530 3018 Α,
1551 2984 1612 3012 atis.
1633 2993 1661 3011 n.
1684 2983 1697 3018 [
1712 2978 1875 3013 ἀπτὲλεσμωι
1890 2980 1904 3014 ]
1924 2979 2046 3008 Effectus
2058 2977 2202 3014 horoscopi
2214 2998 2221 3009 ,
2243 2976 2269 3004 ii.
2286 2985 2310 3004 e.
2340 2975 2426 3012 Quic-

1306 3023 1372 3061 quid
1386 3022 1491 3052 coelum
1499 3031 1534 3050 ex
1544 3021 1673 3050 astrorum
1683 3019 1886 3057 compositione
1902 3019 1927 3047 ἃ
1942 3017 2051 3055 aspectu
2061 3022 2158 3045 mutuo
2171 3013 2300 3043 uiscerum
2311 3035 2318 3048 ,
2338 3014 2367 3043 in
2378 3024 2427 3042 na-

1305 3061 1353 3090 tali
1366 3061 1431 3090 hora
1447 3060 1581 3097 cujusque
1596 3057 1689 3088 efficit.

1306 3097 1444 3129 Dicuntur
1452 3098 1534 3127 et-iarn
1551 3096 1761 3134 Apotelesmata,
1774 3094 2035 3124 Mathematicorum
2047 3091 2091 3120 seu
2107 3090 2303 3126 astrologorum
2316 3088 2425 3127 respon.

1323 3137 1359 3166 sa.
1382 3135 1471 3166 Latini
1484 3135 1696 3169 Praedictiones,
1720 3133 1763 3162 vel
1773 3133 1881 3168 judicia
1895 3138 2004 3160 vocant.
2028 3130 2133 3159 firmic.
2148 3128 2195 3157 lib.
2212 3137 2304 3165 1.cap.
2324 3138 2344 3155 i.
2369 3128 2426 3156 No-

1326 3174 1369 3204 bis
1385 3174 1469 3203 fidem
1489 3173 1564 3202 suam
1581 3172 1739 3209 astrologia,
1759 3169 1965 3208 responsionum
1980 3166 2262 3206 apotelesmatumque
2280 3166 2381 3194 divinis
2391 3175 2425 3194 ac

1325 3212 1548 3242 manifestissimis
1566 3210 1779 3240 authoritatibus
1796 3207 1996 3245 comprobavit.
2037 3205 2118 3233 Hinc.

1266 3251 1288 3281 A
1297 3260 1311 3279 Ρ
1319 3261 1337 3280 o
1346 3261 1366 3279 T
1375 3261 1388 3279 Ρ.
1398 3262 1413 3278 L
1422 3261 1434 3278 Ρ.
1444 3260 1455 3279 5
1466 3261 1485 3278 Μ
1496 3260 1514 3278 A
1524 3259 1542 3278 *r
1553 3260 1561 3278 r
1572 3259 1588 3278 c
1597 3260 1606 3277 1
1627 3249 1686 3286 post
1699 3247 1811 3276 Homeri
1830 3253 1938 3274 :etatem
1952 3243 2017 3272 dicli
2027 3242 2088 3271 sunt
2098 3264 2105 3275 ,
2128 3241 2174 3278 qui
2185 3249 2260 3269 nunc
2270 3238 2426 3270 Mathema-

1305 3289 1388 3324 ties&
1399 3288 1521 3317 Chaldaei
1530 3296 1672 3321 vocantur,
1693 3294 1809 3322 quorum
1820 3283 1957 3312 curiositas
1969 3279 2038 3309 nihil
2047 3279 2157 3316 reliquit
2165 3278 2239 3315 quod
2250 3277 2425 3315 planetarum

1305 3326 1520 3361 nonsubiiceret
1530 3325 1671 3363 potestati,
1692 3332 1723 3352 ut
1742 3324 1771 3352 in
1793 3332 1814 3350 1.
1836 3320 1883 3350 lib.
1898 3319 1973 3350 lliad.
1995 3317 2137 3346 annotavit
2150 3316 2312 3346 Eustathius.
2354 3316 2426 3345 Vide

1304 3364 1377 3393 Voss'.
1398 3365 1432 3394 de
1450 3363 1583 3393 Mathem.
1609 3363 1712 3392 Scient.
1726 3371 1751 3398 p.
1765 3365 1827 3394 203.
2070 3391 2076 3397 ¹

1267 3403 1365 3432 Arvor
1377 3406 1447 3431 HEC
1458 3412 1493 3436 A,
1524 3411 1553 3430 ae.
1576 3400 1594 3429 f.
1617 3401 1631 3434 Γ
1646 3395 1754 3433 amssa-o
1770 3398 1783 3432 ]
1813 3396 1909 3425 Latine
1924 3392 2143 3430 Repositorium:
2167 3390 2214 3420 sed
2226 3391 2301 3430 apud
2313 3390 2425 3421 Latinos

1304 3441 1435 3478 privatim
1446 3449 1496 3477 pro
1509 3438 1585 3468 Cella
1597 3433 1699 3466 vi‘naria
1709 3433 1861 3473 ponisolet.
1890 3430 1956 3460 Plin.
1970 3429 1987 3459 l.
2001 3439 2043 3465 23.
2056 3439 2081 3458 e.
2098 3439 2120 3458 1.
2157 3429 2256 3458 Vinum
2270 3430 2286 3458 si
2297 3429 2327 3458 sit
2345 3430 2423 3458 fumo

1305 3480 1499 3512 inveteratum,
1509 3476 1746 3505 insaluberrimum
1757 3472 1956 3507 est,mang0sses
1968 3468 2015 3497 ista
2026 3469 2055 3496 in
2065 3467 2208 3505 apothecis
2219 3468 2423 3505 excogitavere.

1304 3517 1350 3546 Sic
1358 3517 1435 3545 idem
1446 3515 1516 3553 ,saepe
1526 3514 1601 3544 alibi.
1641 3509 1756 3540 Videtur
1766 3516 1879 3537 tamena
1892 3505 1967 3535 Cella
1977 3504 2088 3535 differre
2100 3515 2106 3533 :
2130 3513 2160 3534 ut
2172 3505 2202 3533 lit
2214 3505 2354 3543 Apotheca
2365 3505 2425 3534 Ala-

1304 3555 1347 3591 jus
1357 3553 1497 3591 quoddam
1509 3551 1715 3590 repositorium:
1738 3547 1813 3576 Cella
1822 3554 1886 3574 vero
1902 3545 1994 3573 Minus
2008 3565 2016 3579 ‚
2039 3543 2075 3572 ad
2085 3542 2162 3572 usum
2172 3543 2276 3572 scilicet
2288 3543 2425 3580 quotidia-

1304 3602 1382 3621 num.
1405 3589 1542 3620 Columel.
1558 3589 1578 3618 ὲ.
1593 3599 1613 3617 1.
1625 3598 1647 3616 e.
1660 3593 1685 3621 8.
1714 3585 1772 3614 Pars
1783 3591 1874 3613 autem
1885 3582 2042 3616 fruetuaria,
2061 3581 2194 3610 dividitur
2207 3582 2234 3610 in
2245 3581 2344 3610 collam
2352 3580 2426 3610 olea-

1305 3631 1383 3664 riam,
1399 3628 1583 3661 torculariam,
1599 3625 1698 3654 cellam
1708 3622 1850 3655 vinariam,
1872 3620 2058 3654 defrutariam,
2078 3618 2194 3653 foenilia,
2212 3619 2386 3656 paleariaque
2397 3620 2424 3648 Sc

1303 3668 1462 3706 apothecas,
1478 3668 1504 3695 ἃ
1517 3666 1620 3694 horrea.
1656 3662 1712 3690 Cic.
1727 3661 1755 3688 in
1766 3659 1855 3687 Vatin.
1870 3668 1912 3688 12.
1941 3657 2037 3694 Quum
2048 3657 2175 3686 omnium
2189 3656 2297 3692 domos,
2309 3657 2425 3695 apothe-

1305 3716 1360 3741 cas,
1384 3713 1522 3739 navesque
1531 3699 1693 3731 furacissime
1708 3698 1864 3726 scrutarere.
1877 3731 1880 3735 .

1303 3743 1446 3782 Apotheca
1457 3741 1494 3770 est
1505 3740 1588 3769 etiam
1598 3738 1750 3768 Librorum,
1764 3735 1810 3771 qui
1823 3732 1995 3767 commercii,
2004 3739 2051 3762 aut
2060 3731 2171 3762 alterius
2181 3732 2219 3761 rei
2230 3731 2308 3761 causa
2323 3731 2424 3761 haben-

1323 3789 1376 3815 tur,
1386 3789 1443 3809 non
1456 3777 1528 3811 usus,
1542 3776 1560 3805 l.
1580 3785 1620 3804 12.
1637 3775 1658 3812 ξ.
1672 3783 1714 3809 34.
1728 3772 1758 3801 ff.
1775 3772 1809 3800 de
1821 3772 1894 3800 instr.
1906 3770 1950 3800 vel
1962 3771 2034 3800 instr.
2045 3770 2096 3807 leg.
2113 3771 2160 3800 ubi
2171 3781 2186 3799 a
2200 3770 2372 3799 Bibliotheca
2384 3769 2425 3797 di-

1322 3818 1474 3855 stinguitur.
1498 3815 1527 3842 V.
1544 3812 1711 3850 Bynckevsh.
1725 3809 1790 3840 Obs.
1806 3809 1862 3845 Jur.
1876 3809 1955 3838 Rom.
1967 3818 1991 3843 3.
2005 3815 2100 3850 p.225{5
2142 3810 2156 3844 [
2169 3806 2310 3845 Apotheca
2324 3808 2425 3837 Graecis

1322 3855 1417 3886 locum
1428 3851 1605 3886 denotatum
1617 3849 1693 3887 quid,
1709 3849 1899 3884 cujuscunque
1910 3847 2017 3884 generis
2030 3843 2172 3880 ἀπυῖθεἹσα»,
2196 3847 2212 3874 i.
2225 3856 2249 3875 e.
2270 3846 2424 3883 reponitur,

1322 3890 1460 3923 conditur.
1503 3889 1532 3917 V.
1551 3889 1634 3918 Henr.
1646 3887 1742 3924 Steph.
1762 3885 1846 3915 Thes.
1859 3887 1945 3914 (iraec.
1968 3884 2048 3913 Unde
2063 3886 2088 3913 Sc
2099 3884 2126 3912 in
2141 3884 2174 3913 N.
2188 3883 2221 3912 T.
2238 3884 2312 3920 apud
2323 3883 2423 3912 Matth.

1322 3933 1347 3961 ἃ
1356 3930 1459 3959 Lucam
1470 3937 1519 3965 pro
1530 3926 1637 3956 Horreo
1645 3924 1828 3953 frumentario
1838 3923 1961 3961 ponitur.
1973 3923 2004 3951 Et
2014 3922 2089 3959 apud
2099 3921 2174 3950 hunc
2183 3922 2295 3957 quidem
2307 3920 2368 3950 Xll.
2380 3930 2424 3953 24-

1322 3969 1425 3999 Graeca,
1436 3961 1471 3992 Ξις
1486 3967 1517 3990 ὲκ
1540 3964 1569 3991 'tn
1586 3964 1682 3993 ταμεῖον
1697 3958 1739 3988 ἐῐὲ
1748 3960 1873 3994 ἀπήνὶκη,
1886 3960 1965 3997 Vulg.
1979 3960 2085 3989 reddit:
2109 3960 2218 3996 Quibus
2230 3969 2286 3987 non
2298 3959 2335 3987 est
2346 3957 2426 3986 cella-

1322 4007 1497 4040 xium,neque
1507 4002 1646 4032 horreum.
1658 4001 1698 4030 An
1711 3999 1835 4029 similiter
1845 4009 1878 4067 εἰς
1888 3998 2144 4066 {folumellamiajus
2154 3997 2343 4036 repositorium
2354 4004 2369 4023 a
2378 3995 2429 4038 mi:

2367 4042 2431 4062 nori

2108 2636 2188 2666 Idem
2199 2646 2223 2665 2.
2236 2636 2297 2666 AEn.
2313 2647 2355 2672 ςς.
