2604 4222
195 124 261 157 502
680 113 709 147 C
808 114 843 148 H
940 113 957 146 Ι

195 194 217 224 C
226 204 246 223 a
257 205 267 223 r
275 206 295 224 M
305 206 329 224 ia
339 205 352 224 n
362 195 397 224 ‘1³1⁷
405 205 420 224 a
429 204 454 229 s,
466 194 519 228 ἕνα,
533 195 617 224 e‘rum.
633 194 689 230 Adi.
706 199 753 227 ut,
765 193 846 231 Lycia
857 190 1059 230 Chymsserifera.
1077 188 1192 232 Ovid.6.
1205 189 1343 225 Metus.

195 232 218 261 C
227 242 246 261 u
255 237 268 261 ῑ
278 244 297 261 Μ
306 244 321 260 A
333 243 344 261 s
356 244 373 260 ‘r
387 244 399 261 ›.
410 243 427 260 u
437 244 456 260 M
465 255 474 267 ‚
494 233 664 269 [paganel-rou]
688 232 769 260 Vestis
779 233 815 261 est
829 232 989 260 rusticorum
1001 251 1010 264 ,
1032 237 1084 270 qua
1096 227 1189 256 hieme
1207 234 1324 256 utuntur
1334 249 1344 260 ,

234 268 280 296 z’mi
305 266 457 305 ξ’χέμῳέξεσν
473 293 478 298 .
501 271 575 305 quod
596 271 675 298 nobis
692 268 769 297 sonat
789 270 919 298 hiemare.
945 266 1042 297 Pollux
1057 266 1105 294 lib.
1119 275 1147 300 7..
1165 275 1226 302 cap.
1245 273 1287 302 13.
1309 273 1346 296 ex

236 308 347 336 Homeri
361 309 386 337 Sc
398 307 517 339 IEscliyli
529 309 699 336 auctoritate.

198 344 222 375 C
231 355 249 373 H
261 347 301 373 ῑΜ
312 348 327 374 ὲ
339 355 353 373 R
362 347 373 373 ῑ
382 354 401 373 N
413 355 429 372 υ
438 354 449 372 s
458 367 465 377 ,
481 342 628 381 'saeracgno‘e
643 345 657 378 ]
680 353 735 371 non
751 353 767 371 a
787 343 922 372 Chimaera
941 341 1088 370 deducitur
1100 362 1107 372 ,
1128 339 1175 368 sed
1188 339 1281 368 Graeca
1291 346 1347 382 vox

236 384 283 411 eit.
309 379 432 418 aeruegno‘c
446 383 520 410 enim
532 382 661 410 hibernus
672 381 782 408 dicitur.
824 380 866 408 Est
877 386 970 408 autem
985 377 1119 407 Hiemalis
1134 377 1253 419 circulus
1268 376 1346 411 caell,

236 421 283 455 qui
291 419 488 456 Capricornum
499 419 634 455 contingit
648 440 655 451 ,
677 420 768 454 inquo
781 427 865 454 quum
880 417 928 447 Sol
948 417 1003 451 est,
1024 415 1174 445 brevissimi
1194 414 1258 443 lunt
1276 414 1346 443 dies.

238 457 356 487 Martial.
370 457 415 485 lib.
431 466 455 490 9.
472 465 512 489 η,
535 456 570 484 de
584 456 689 484 Earino.

317 494 345 524 Si
363 494 441 522 daret
451 499 597 522 autumnus
608 492 677 521 mihi
688 497 789 520 nomen
802 512 809 521 .
831 490 972 528 Oporinos
984 490 1082 520 essem:

370 530 513 559 Horridasi
526 530 737 562 brumaeiidera,
759 529 953 564 Chimerinos3
977 529 1028 558 &o
1227 564 1232 569 ⁸
1255 563 1261 569 ⁶
1277 563 1282 569 .

201 568 224 598 C
235 578 253 597 n
263 580 271 596 i
283 579 302 596 Μ
314 579 327 597 s
337 578 355 596 T
368 579 382 596 L
393 578 407 596 A
421 590 429 601 ,
450 567 606 604 [χίμετὶ-οι]
628 566 761 596 Ulcerosae
771 565 934 596 affectiones
948 566 1050 595 suntin
1060 573 1193 594 manuum
1205 564 1302 606 digitis
1316 572 1349 592 ac

239 606 341 643 pedum
353 627 360 640 ,
381 605 492 633 hiemali
504 611 631 640 tempore
640 605 837 641 provenientes
847 625 855 639 ,
871 604 906 634 de
918 605 1017 642 quibus
1031 603 1127 633 Paulus
1136 602 1185 633 lib.
1198 601 1349 631 Medicinae

237 644 326 672 tertio.
368 642 498 671 Meminit
514 644 538 671 St
549 642 612 670 Cael.
627 641 675 670 lib.
690 652 717 676 4.
733 651 793 679 cap.
809 651 850 670 ii.

200 680 223 710 C
235 690 253 709 u
264 692 272 708 1
282 689 302 708 N
312 690 331 708 A
341 702 347 714 ,
369 689 399 708 ae.
420 689 479 716 quae
490 684 602 707 vocatur
614 681 639 708 ἃ
650 679 668 708 S
679 690 688 706 1
698 688 719 706 N
730 688 750 707 A
761 701 768 713 ,
790 678 917 715 Regnum
934 679 996 708 Asiae
1010 677 1227 714 antiquissimum
1240 678 1265 706 ἃ
1275 676 1349 705 cele-

238 718 389 746 berrinium
403 738 411 750 ,
432 717 507 753 quod
517 716 615 745 multas
632 716 775 753 praeclaras
795 717 875 746 urbes
891 720 916 746 <Sc
940 726 1051 747 murum
1066 716 1209 752 regionem
1231 716 1349 743 circuiu-

237 762 350 785 euntem
364 753 455 783 habet.
494 753 522 782 V.
546 754 723 791 Geographos
735 755 867 790 juniores.
888 755 1003 792 Antiqui
1016 754 1137 783 Sericam
1147 754 1299 790 regionem,
1321 752 1347 781 Sc

236 793 342 821 incolas
354 793 431 820 Seres
446 791 588 820 vocabant.

237 829 324 859 China
337 850 343 861 ,
366 837 446 864 quam
470 829 582 865 quidam
601 828 699 857 Cinam
719 836 836 863 vocant,
857 829 950 858 Radix
969 829 1007 858 est
1024 828 1156 866 fungosa,
1177 826 1294 866 perinde
1316 835 1348 855 ac

254 866 445 900 arundinacea,
458 866 537 901 levis,
553 865 647 896 colore
660 866 822 898 rufescente.
833 867 1058 896 Rhodiaeradicis
1071 866 1224 895 admodum
1236 863 1346 907 aemula.

253 904 443 933 Advehiturex
454 904 611 941 regionibus
625 904 812 940 aequinoctiali
829 905 978 941 proximis,
999 905 1155 940 legiturque
1172 904 1201 932 in
1220 902 1348 931 litoribus

253 942 336 970 maris
353 951 369 970 e
384 948 452 970 terra
466 941 564 970 evulsa.
603 941 668 971 Haec
679 944 705 972 Sc
715 942 795 979 plura
803 942 943 972 Matthiol.
961 943 990 971 in
1007 941 1131 971 Dioscor.

196 978 248 1008 CH
260 983 271 1007 ῑ
281 989 299 1007 Ν
312 989 324 1007 a
337 989 354 1007 A
378 978 497 1015 specula.
520 978 620 1008 Catull.
635 982 679 1013 68.
695 989 736 1014 32.

325 1016 536 1046 BrixiaCliineae
552 1016 689 1054 suppofita
702 1016 828 1055 speculae.
1278 1052 1281 1057 Ι

235 1055 301 1083 dum
314 1053 367 1083 esse
377 1054 480 1088 credit,
502 1054 536 1083 ab
548 1054 655 1084 Echino
665 1077 672 1089 ,
694 1062 724 1084 ut
735 1055 790 1084 hoc
798 1054 887 1083 monti
899 1064 1004 1083 nomen
1021 1054 1056 1082 ab
1066 1053 1208 1091 asperitate
1223 1052 1346 1081 inditum

231 1091 285 1121 effe
294 1092 499 1122 existimemus:
522 1092 558 1121 sic
570 1092 724 1121 Echinades
734 1114 742 1127 ,
764 1093 807 1121 vel
818 1092 852 1121 ab
863 1092 1029 1121 Echinorum
1044 1092 1124 1128 copia
1137 1113 1145 1126 ,
1164 1090 1209 1120 vel
1220 1090 1254 1119 ab
1270 1089 1346 1126 aspe-

230 1130 311 1158 ritate
321 1138 424 1158 nomen
436 1129 535 1159 sortitae
546 1130 676 1159 dicuntur
685 1152 692 1164 ,
712 1131 824 1159 austore
832 1129 987 1166 Stephano:
1009 1131 1035 1158 δι·
1048 1128 1168 1158 Echinus
1178 1137 1282 1157 nomen
1290 1133 1347 1155 erat

230 1165 312 1195 Urbis
323 1168 488 1197 Acarnaniae.
526 1167 658 1197 Ceterum
668 1167 685 1196 si
698 1167 809 1196 Chineae
824 1168 956 1204 probetur
965 1189 973 1202 ‚
994 1173 1090 1195 tamen
1104 1176 1153 1204 pro
1165 1166 1292 1195 Echineae
1304 1165 1345 1193 di-

232 1206 307 1233 ctum
330 1205 381 1233 erit
393 1226 399 1237 ,
422 1211 452 1233 ut
475 1206 553 1234 rucio
577 1215 628 1242 pro
653 1202 750 1240 ἑςσόφω,
772 1204 911 1242 suppreffo
926 1216 933 1230 ε
943 1226 951 1239 ,
972 1206 998 1234 δι’.
1016 1205 1126 1240 ripa-eq&
1143 1213 1194 1242 pro
1209 1205 1341 1239 ἑνεςπςῷν.

231 1242 285 1271 Sed
298 1241 326 1271 ls
342 1241 412 1271 vois.
425 1252 485 1280 pag.
498 1252 561 1278 ²7³-
584 1242 695 1279 Cycnea
706 1242 841 1280 supposita
852 1242 971 1279 specula.
994 1252 1018 1278 q.
1034 1242 1064 1270 V.
1324 1276 1332 1283 ·

194 1280 217 1310 C
225 1289 246 1309 H
257 1291 266 1308 1
276 1281 292 1308 ὅ
300 1289 321 1308 N
332 1290 345 1308 a
360 1302 368 1315 ,
390 1289 427 1309 es.
448 1280 564 1315 [Xm'in]
587 1279 689 1309 Nobile
698 1279 817 1309 scortum
827 1280 889 1315 fuit,
910 1289 1014 1309 nomen
1026 1279 1132 1309 habens
1143 1289 1158 1308 a
1172 1278 1293 1308 candore
1303 1286 1345 1306 ni-

229 1318 269 1347 vis
280 1339 288 1353 ,
311 1327 369 1354 quae
380 1317 474 1347 Graece
483 1318 539 1354 χτῶν
552 1318 665 1347 dicitur:
688 1327 774 1354 quum
785 1324 878 1347 tamen
886 1317 960 1347 fusca
970 1316 1044 1346 ess'et.
1066 1317 1186 1347 martial.
1198 1316 1245 1346 lib.
1260 1325 1283 1352 3.
1297 1324 1341 1351 34.

308 1355 398 1392 Digna
406 1362 455 1384 tuo
464 1365 513 1385 cur
524 1355 555 1384 fis
566 1378 573 1390 ,
594 1355 763 1392 indignaque
773 1356 888 1384 nomine
896 1377 905 1390 ,
925 1356 1016 1384 dicam
1029 1364 1035 1383 :

347 1393 455 1429 Frigida
464 1402 508 1427 es,
530 1393 640 1430 &nigra
652 1402 696 1422 es:
721 1403 777 1422 non
791 1402 836 1428 es,
858 1395 883 1422 Gt
894 1402 923 1422 es
935 1392 1053 1421 Chione.

228 1430 325 1460 Fuit&
335 1428 442 1459 Chione
452 1430 508 1459 filia
518 1430 687 1459 Daedalionis
695 1452 703 1465 ‚
725 1429 803 1466 cujus
814 1431 924 1467 nuptias
932 1440 1016 1467 quum
1027 1430 1063 1458 ob
1071 1428 1165 1458 formae
1175 1428 1342 1467 elegantiam

248 1467 329 1497 multi
340 1468 477 1497 ambirent
509 1468 565 1497 roci
577 1490 585 1503 ,
605 1468 717 1497 tandem
731 1469 840 1497 Paeonio
851 1468 1038 1506 Epidauriensi
1050 1467 1148 1505 nupsit.
1323 1504 1330 1509 ·

190 1503 214 1533 C
224 1508 287 1534 i-iio
298 1515 310 1535 s
321 1528 329 1540 ,
353 1506 468 1541 [xtcff]
501 1505 578 1535 nsula
588 1507 626 1535 est
634 1507 715 1535 maris
723 1506 932 1540 Mediterranei,
942 1506 977 1535 ad
987 1515 1063 1534 oram
1077 1505 1172 1539 [oniae,
1187 1513 1252 1534 cum
1263 1513 1343 1541 oppia

224 1544 263 1572 do
275 1564 283 1578 ,
304 1543 390 1580 posita
401 1543 472 1572 inter
482 1543 592 1572 Samum
613 1545 639 1573 δι
658 1543 796 1579 Lesbum,
818 1553 853 1573 ex
872 1544 984 1573 adverso
1004 1543 1125 1572 maxime
1143 1541 1319 1580 Erythrarum
1331 1562 1341 1577 ,

224 1590 307 1618 quam
318 1580 462 1610 AEthaliam
474 1580 597 1618 Ephorus
605 1580 693 1618 prisco
703 1582 819 1611 nomine
829 1581 958 1620 appellat.
1001 1581 1177 1610 Metrodorus
1186 1582 1211 1610 ἃ
1223 1579 1342 1609 Cleobu-

224 1618 267 1648 lus
278 1617 375 1648 Chiam
387 1640 395 1653 ,
416 1629 430 1647 a
442 1618 549 1648 Chione
558 1619 699 1657 nympha:
719 1619 805 1656 aliqui
821 1621 926 1649 anive:
949 1621 974 1649 δι
992 1619 1100 1648 Macrin
1114 1640 1122 1652 ,
1147 1619 1173 1647 ὃς
1195 1617 1339 1655 Pityusam.

223 1655 313 1685 Verba
323 1655 385 1686 sunt
399 1656 466 1685 Plin.
483 1655 530 1686 lib.
544 1667 568 1692 5.
580 1666 640 1694 cap.
655 1666 698 1693 31.
721 1657 752 1686 In
769 1657 821 1687 hac
839 1657 975 1694 templum
993 1657 1129 1694 Apollinis
1140 1677 1148 1690 ,
1168 1657 1244 1685 unde
1255 1655 1341 1685 Chius

224 1693 325 1731 Apollo
336 1716 344 1728 ,
366 1694 479 1729 &Cliii,
500 1695 529 1723 in
542 1704 574 1724 ea
588 1694 752 1724 habitantes.
792 1695 826 1724 Et
843 1697 1066 1733 promontorium
1083 1693 1233 1729 Arvisium,
1254 1703 1270 1723 a
1285 1702 1340 1731 quo

222 1731 320 1762 Arviiia
330 1732 402 1761 vina.
426 1731 526 1761 Lucan.
542 1732 590 1762 lib.
602 1738 627 1766 8.
641 1742 701 1769 ¹95-

304 1769 381 1806 Qias
396 1770 478 1798 Asinae
487 1775 580 1800 cautes
590 1792 598 1805 ‚
619 1771 644 1799 ὃς
653 1780 718 1806 quas
729 1770 814 1800 Chios
825 1769 931 1808 asperat
938 1770 1037 1799 undas.
1173 1805 1179 1812 .

221 1807 293 1837 Sunt
305 1808 350 1844 qui
362 1807 599 1844 quadrigeminam
610 1807 712 1837 Chium
721 1808 774 1838 effe
790 1814 905 1845 putant:
927 1815 958 1837 ut
974 1808 1063 1845 prima
1078 1806 1110 1836 sit
1128 1806 1214 1836 Chios
1233 1804 1337 1849 insula:

239 1844 357 1874 secunda
378 1845 464 1874 Cariae
483 1845 547 1874 urbs
566 1845 613 1874 sub
630 1852 726 1875 monte
742 1845 871 1875 Pelleno:
894 1848 975 1875 tertia
992 1847 1022 1874 in
1048 1845 1169 1874 Euboea:
1192 1850 1288 1882 quarta
1308 1852 1339 1872 m

241 1881 412 1912 Cherroneso
426 1882 597 1912 Rhodiorum
609 1884 687 1919 juxta
696 1884 848 1920 Triopiam.
872 1884 937 1913 Hor.
953 1893 975 1912 1.
994 1883 1073 1920 Epist.
1090 1893 1099 1911 i
1110 1893 1131 1911 ι.
1145 1892 1189 1912 21.

315 1920 548 1950 Romaelaudetur
558 1921 671 1956 Samos,
694 1923 719 1951 δι
740 1922 823 1951 Chios
841 1943 849 1956 ,
872 1924 896 1952 Sc
914 1921 1029 1951 Rhodos
1046 1920 1153 1950 absens.

239 1957 323 1995 vulgo
333 1958 433 1987 dicitur
444 1961 507 1988 Xio:
529 1959 575 1988 alii
584 1961 767 1996 pronuntiant
777 1962 835 1986 Scio.
1141 1984 1145 1986 .

221 1996 299 2025 ΧὶΘι.
321 1997 333 2024 ἦ
354 1997 430 2034 irio-539-
449 1997 545 2030 λέγω
566 1994 608 2028 καὶ
629 1996 706 2025 ἑξιθλη
720 2019 728 2032 ‚
749 1997 856 2027 Suidas,
877 1997 912 2028 H,
928 1997 967 2026 St,
1237 2031 1243 2039 ι

185 2033 207 2064 C
217 2043 238 2063 H
248 2037 260 2063 ῖ
270 2043 288 2062 u
298 2043 326 2068 S,
348 2034 436 2068 [Χιίῡυ
448 2055 455 2068 ,
478 2032 588 2070 Χιακὲς]
611 2034 669 2070 Adi.
692 2035 814 2072 priorem
824 2035 964 2073 producit.
998 2034 1070 2065 Cum
1081 2038 1176 2064 tamen
1191 2030 1277 2064 Chios
1293 2030 1338 2063 In-

221 2070 279 2101 sula
295 2072 417 2109 priorem
429 2072 568 2109 corripiat.
590 2072 653 2101 Hor.
672 2081 698 2101 a.
714 2073 800 2102 Serm.
817 2082 840 2108 ³·
858 2082 919 2108 1¹5·

299 2109 327 2138 Si
341 2109 433 2145 politis
445 2109 519 2138 intus
535 2108 596 2139 Chii
609 2131 617 2145 ‚
639 2110 793 2148 veterisque
805 2109 912 2140 Falerni

301 2146 382 2176 Mille
392 2147 482 2182 cadis,
504 2148 556 2176 &c.
639 2146 724 2177 Chius
736 2170 743 2183 ‚
765 2157 842 2177 nunc
853 2148 935 2185 vulgo
947 2148 1059 2175 Chiotin.
1308 2182 1314 2189 ο

222 2184 297 2221 Quia
315 2184 416 2217 Chius,
441 2194 490 2222 pro
504 2185 582 2219 cive,
603 2184 706 2214 dicitur
724 2196 772 2223 per
791 2186 877 2215 crafin
900 2195 936 2215 ex
954 2185 1046 2215 Χίιῶ.
1086 2183 1156 2214 Vide
1174 2183 1289 2214 Suidam
1306 2190 1337 2212 in

240 2226 324 2255 Tuon,
347 2222 422 2256 quod
432 2222 530 2251 itidem
541 2232 574 2251 ex
587 2226 665 2252 Tit&
676 2223 742 2252 facit
754 2226 822 2254 TI&
836 2233 885 2261 per
898 2223 994 2253 crasin.
1017 2222 1100 2252 H.St.

220 2260 305 2289 Aristo
318 2259 412 2288 Chius.
436 2259 494 2289 Cic.
505 2260 540 2288 de
549 2260 657 2289 Seneet.
674 2270 697 2295 3.
721 2261 844 2290 Omnem
852 2267 945 2290 autem
955 2260 1111 2289 sermonem
1121 2258 1269 2289 tribuimus
1278 2265 1336 2288 non

239 2296 364 2326 Tithono
374 2319 382 2330 ,
403 2302 433 2325 ut
445 2298 528 2326 Aristo
537 2297 623 2326 Chius
633 2319 640 2332 ,
662 2308 698 2327 ne
709 2308 806 2335 parum
819 2298 886 2329 effet
895 2298 1066 2328 auctoritatis
1078 2298 1108 2327 in
1117 2296 1217 2327 fabula.

220 2334 311 2364 Cadus
324 2335 416 2364 Chius.
440 2334 506 2364 Hor.
521 2344 544 2371 3.
561 2335 650 2364 Carm.
669 2346 709 2370 ¹9·
728 2347 755 2372 ς.

221 2371 321 2401 Vinum
333 2372 442 2401 Chium.
486 2370 514 2401 V.
537 2382 600 2401 cni
611 2382 629 2401 A
650 2372 736 2411 supra.

182 2409 205 2438 C
215 2419 235 2438 H
248 2421 255 2437 1
266 2420 281 2437 a
292 2421 316 2438 ia
326 2432 333 2443 ,
356 2407 469 2445 [χέῃ-ι]
487 2417 621 2440 vocantur
634 2410 764 2449 Rupturae
773 2411 827 2441 illae
837 2419 897 2449 quae
910 2410 983 2442 fiunt
998 2411 1026 2440 in
1040 2410 1164 2448 pedibus
1176 2431 1184 2446 ,
1204 2409 1280 2439 unde
1297 2409 1336 2440 ita

220 2447 643 2485 affettiChiropodesappellati,
665 2448 740 2479 velut
750 2449 932 2487 rhagopodes.
955 2450 1030 2478 Aust.
1047 2448 1111 2478 Cael.
1124 2448 1171 2476 lib.
1184 2458 1210 2481 4.
1223 2457 1333 2484 capua.

180 2482 204 2513 C
213 2494 233 2514 H
242 2487 255 2513 ‘i‘
265 2495 279 2513 a
290 2489 307 2514 J.
317 2495 334 2514 o
345 2495 360 2513 R
372 2495 389 2514 A
398 2506 406 2519 ,
427 2495 457 2514 ae.
479 2486 498 2514 f.
521 2483 679 2522 [aerqqlaeoe]
699 2486 786 2516 Dolor
796 2496 929 2516 manuum
946 2486 1020 2524 ipsos
1038 2486 1167 2515 articulos
1186 2486 1285 2522 frigido
1308 2487 1335 2515 Sc

218 2521 295 2551 lento
313 2523 433 2559 quodam
451 2521 568 2553 humore
584 2523 714 2553 afficiens.
755 2524 822 2554 Plin.
839 2525 886 2555 lib.
897 2534 943 2561 24.
960 2534 1020 2562 cap.
1032 2534 1075 2560 19.
1105 2524 1176 2554 Item
1191 2522 1335 2561 parotidi,

239 2560 346 2598 odagrae
356 2582 363 2595 ,
384 2559 514 2597 chiragrae
523 2582 531 2595 ,
553 2560 674 2590 articulis
685 2583 693 2596 ,
716 2563 768 2592 Sec.

216 2570 351 2635 {lapidosa
363 2597 494 2633 chiragra.
516 2597 583 2627 Pers
600 2609 622 2632 ς.
636 2599 690 2627 Sat.
704 2604 747 2633 <8.
786 2610 789 2611 ⁷

910 1015 1060 1046 Turnebus
1083 1015 1211 1045 Ecliineae
1226 1013 1347 1043 seriben-

1253 1918 1339 1948 Nunc

409 2634 500 2664 ——sed
512 2645 596 2673 quum
606 2635 726 2673 lapidosa
734 2636 857 2674 chiragra
870 2659 879 2673 ,

307 2671 427 2709 Fregerit
436 2673 567 2703 articulos
578 2675 675 2703 veteris
685 2675 798 2704 ramalia
807 2675 871 2712 fagi.

215 2709 336 2740 Nodosa.
362 2711 428 2739 Hor.
444 2720 465 2739 i.
479 2711 560 2748 Epist.
576 2721 596 2740 1.
609 2719 652 2747 31.

216 2748 374 2778 Contundit
391 2747 529 2778 articulos.
568 2748 634 2778 Hor.
648 2758 673 2778 2.
685 2748 772 2779 Serm.
786 2758 812 2785 7.
824 2758 867 2785 ις.
900 2749 979 2785 [Sed
1002 2748 1132 2779 omnibus
1139 2746 1182 2778 his
1192 2746 1262 2779 locis
1272 2770 1280 2784 ‚
1302 2751 1333 2779 ut

235 2786 316 2815 metri
328 2786 395 2814 ratio
413 2786 520 2815 constet
531 2807 538 2819 ,
561 2785 696 2824 Cheragra
706 2786 856 2824 legendum
866 2788 983 2817 videtur.

180 2824 230 2854 CH
239 2834 248 2852 1
260 2833 275 2851 R
286 2834 304 2852 A
316 2832 334 2852 o
344 2833 360 2852 a
371 2825 406 2852 Te
415 2833 432 2852 u
442 2833 454 2853 s
464 2845 472 2858 ,
489 2820 547 2860 Adj.
569 2825 754 2860 [χῑςφρξικρς]
775 2824 831 2861 Qui
840 2824 895 2854 hoc
902 2825 998 2854 morbo
1006 2824 1123 2854 laborat.
1135 2823 1284 2861 Cels.4.27.
1310 2834 1332 2854 r.

179 2862 201 2890 C
211 2871 230 2890 H
241 2872 248 2889 i
258 2871 273 2889 R
282 2871 300 2889 A
313 2871 333 2889 Μ
344 2871 363 2889 A
374 2870 393 2889 x
404 2872 412 2889 1
423 2871 441 2890 u
452 2871 472 2890 M
481 2883 489 2895 ,
511 2861 529 2890 i.
552 2871 579 2890 n.
601 2861 760 2891 Curriculus
769 2884 777 2897 ,
800 2863 875 2899 quod
886 2872 969 2892 manu
987 2862 1124 2891 servorum
1136 2860 1260 2891 trahitur.
1283 2834 1330 2891 ξε-

215 2906 286 2927 trori.
299 2908 330 2928 ca
354 2903 416 2932 ag.
439 2898 615 2928 praecedente
633 2899 819 2935 cliiramaxio,
840 2900 869 2928 in
883 2910 937 2937 quo
954 2901 1061 2929 deliciae
1079 2901 1138 2936 ejus
1156 2900 1328 2930 ferebantur.

215 2909 352 2966 Nonnulli
361 2937 574 2974 interpretantur
585 2936 733 2966 Puerorum
745 2937 930 2973 gestatorium.

177 2973 200 3004 C
209 2984 229 3003 H
240 2985 250 3002 1
260 2984 275 3002 R
286 2983 300 3003 a
310 2984 351 3002 Ma
361 2983 378 3003 o
389 2984 428 3002 Lo
441 2984 459 3002 N
471 2996 479 3010 ,
501 2972 686 3011 [χᾴςέμ-ίῖσλον]
709 2974 767 3004 Vox
779 2974 888 3009 Graeca,
910 2985 963 3012 qua
982 2975 1068 3005 utitur
1083 2974 1216 3012 Ulpianus
1227 2975 1255 3003 in
1267 2974 1285 3004 l.
1303 2985 1326 3005 r.

212 3013 234 3050 §.
258 3012 303 3048 qui
323 3011 386 3041 sunt
400 3012 489 3047 igitur.
514 3011 545 3041 D.
561 3018 665 3046 nautae,
686 3021 847 3049 caupones,
868 3012 1015 3042 stabularii.
1039 3014 1071 3043 Et
1089 3013 1151 3052 sunt
1171 3013 1284 3050 quidum
1298 3013 1328 3041 in

210 3050 336 3082 navibus.
349 3050 395 3086 qui
406 3049 535 3078 custodiae
546 3050 630 3086 gratia
642 3050 757 3080 navibus
768 3058 976 3088 praeponuntur,
995 3058 1026 3080 ut
1037 3056 1190 3084 ιιωφυλικκες
1202 3052 1227 3080 ἃ
1235 3051 1328 3079 diaeta-

210 3087 253 3116 rii.
291 3087 381 3124 Siquis
392 3088 475 3124 igitur
485 3096 520 3116 ex
530 3086 572 3117 his
588 3088 741 3125 receperit,
762 3095 831 3125 puto
853 3088 881 3117 in
901 3088 1083 3118 exercitorem
1101 3088 1223 3117 dandam
1243 3089 1327 3117 acrio-

210 3134 294 3154 nem:
315 3126 379 3161 quia
399 3126 437 3159 is,
461 3125 509 3162 qui
526 3134 574 3154 eos
587 3120 745 3161 hujusmodi
759 3125 853 3155 officio
871 3127 1026 3163 praeponit,
1048 3126 1186 3154 committi
1204 3126 1244 3155 eis
1265 3135 1326 3163 per-

211 3162 305 3190 mittit.
325 3172 481 3199 quanquam
500 3162 557 3200 ipse
574 3162 618 3192 vel
638 3162 836 3198 navicularius,
865 3162 909 3193 vel
929 3164 1053 3201 magister
1070 3163 1099 3192 id
1120 3164 1220 3199 faciat,
1250 3163 1326 3200 quod

211 3199 298 3228 Graeci
306 3199 447 3235 χίρέμξαλον
458 3200 609 3238 appellant.
647 3200 789 3237 Significat
797 3207 889 3230 autem
900 3222 908 3236 ,
930 3207 960 3230 ut
977 3201 1081 3230 Alciato
1098 3200 1189 3238 placet
1199 3202 1226 3229 in
1237 3200 1327 3230 Parer-

211 3237 267 3273 gis,
288 3237 346 3266 liaec
356 3247 410 3266 vox
429 3237 529 3267 Manus
547 3238 753 3267 immissionem.
800 3238 853 3268 Hic
873 3247 939 3268 vero
958 3239 1014 3268 dici
1039 3239 1155 3275 Signum
1175 3238 1250 3275 quod
1270 3248 1326 3267 ma-

211 3273 325 3311 gisterin
334 3285 412 3312 prora
423 3275 520 3305 sedens
536 3276 601 3311 dat,
623 3285 710 3313 quum
725 3277 818 3306 nautis
836 3277 953 3314 imperat
971 3282 1002 3305 ut
1022 3275 1128 3313 aliquid
1139 3276 1257 3311 faciant,
1279 3276 1325 3306 seu

211 3310 330 3347 aliquem
339 3312 474 3350 recipiant
484 3335 492 3348 ,
512 3314 556 3343 vel
568 3323 636 3343 non.
808 3340 815 3349 ,

173 3347 243 3377 Cui
254 3350 290 3377 ni
301 3359 317 3377 r)
328 3352 345 3378 ὃ
356 3359 375 3378 τ
387 3360 405 3379 A
416 3371 424 3385 ‚
445 3360 476 3379 ae.
497 3350 516 3380 f.
539 3344 705 3388 [merch-1235]
726 3349 811 3381 Vestis
821 3350 923 3381 dicitur
940 3361 999 3389 quae
1019 3351 1142 3380 manicas
1161 3349 1245 3380 habet
1264 3348 1324 3381 lon·

210 3385 300 3428 giores
310 3408 317 3420 ,
338 3388 364 3416 ἃ
375 3397 461 3425 prope
473 3387 557 3426 usque
567 3390 600 3418 ad
611 3387 722 3425 digitos.
765 3388 846 3418 Unde
861 3389 954 3426 Scipio
973 3388 1052 3418 Gallo
1074 3388 1181 3417 homini
1203 3389 1323 3418 delicato

211 3422 332 3458 obieetat
341 3445 349 3459 ‚
370 3426 444 3461 quod
453 3435 518 3456 cum
530 3426 666 3456 chiridota
678 3427 771 3456 tunica
782 3427 951 3456 accubuerit.
991 3427 1047 3456 Has
1061 3426 1147 3456 vestes
1156 3426 1267 3456 Plautus
1276 3436 1324 3456 vo-

210 3466 255 3489 cat
266 3460 444 3492 manuleatus.
484 3463 516 3493 V.
538 3463 609 3493 Gell.
619 3464 666 3493 lib.
679 3472 705 3501 7.
717 3474 777 3502 cap.
794 3473 836 3494 12.

173 3495 197 3526 C
205 3506 223 3525 ii
236 3507 266 3525 iR
277 3507 294 3525 o
304 3508 321 3526 c
330 3508 343 3526 R
355 3502 371 3528 A
381 3509 400 3527 ‘r
411 3510 424 3528 a
434 3510 446 3529 s
457 3522 465 3534 ,
487 3500 598 3530 Nomen
607 3501 750 3532 architecti
758 3501 885 3538 celebris,
899 3501 945 3539 qui
956 3511 971 3531 a
983 3500 1147 3539 quibusdam
1159 3499 1322 3531 Dinocrates

210 3534 265 3563 dici
275 3534 349 3564 solet.
372 3537 436 3566 Plin.
449 3536 496 3568 lib.
511 3546 553 3574 34.
565 3549 625 3575 cap.
644 3549 685 3574 14.
719 3540 747 3569 V.
768 3549 786 3569 c
795 3548 815 3570 ι
827 3549 865 3569 BR
874 3550 888 3568 a
898 3550 944 3568 Μο
953 3550 969 3568 e
978 3549 993 3568 R
1004 3549 1022 3568 A
1032 3549 1052 3568 ¹1·
1063 3549 1076 3568 s
1086 3548 1108 3568 S.

172 3569 502 3610 Ci-iiaooiiAi’uus,
536 3578 562 3605 ἃ
592 3577 931 3611 CurnocRAri-ium,
964 3577 980 3606 i.
1004 3586 1032 3606 n.
1063 3576 1253 3612 [χέρὸκαΦθΙ]
1283 3576 1321 3605 est

209 3608 402 3652 Cautionianu
413 3611 527 3648 ¹alicujus
537 3613 683 3651 subscripta
694 3636 702 3651 ‚
724 3615 866 3645 annulove
876 3614 1018 3653 obflgnata
1028 3636 1037 3651 ,
1057 3623 1140 3652 quam
1149 3612 1206 3651 ipse
1216 3613 1321 3643 inliciu-

205 3656 229 3676 n
237 3653 339 3682 nequit.
362 3648 459 3682 Juven.
477 3659 515 3685 ιι.
528 3652 581 3679 Sat.
602 3661 660 3688 ¹37-

300 3684 372 3713 Viina
390 3685 547 3729 supervacui
566 3689 663 3718 dicunt
672 3688 945 3728 chirographaligni.
1063 3689 1082 3718 i.
1101 3698 1127 3719 e.
1147 3685 1270 3718 Tabellae
1287 3687 1320 3718 li-

225 3729 302 3762 gne'ge
314 3731 395 3750 manu
409 3725 637 3762 proprialcriptae.

205 3757 326 3787 officina
337 3758 588 3796 chirographorum.
630 3763 660 3792 ln
680 3773 697 3792 o
706 3775 718 3793 i·
728 3775 741 3793 F
753 3775 762 3793 r
772 3774 789 3793 e
798 3775 807 3792 1
819 3773 839 3793 si
851 3773 879 3794 A.

206 3795 582 3840 chirographi'appellatione
594 3801 632 3828 uti
644 3810 693 3829 nos
712 3812 760 3838 pro
781 3802 944 3832 Actionibus
968 3802 1031 3839 iplis
1048 3801 1142 3839 palam
1159 3801 1212 3837 est,
1233 3810 1318 3839 quum

222 3834 342 3876 venditis
354 3833 539 3871 chirographis
552 3836 732 3874 intelligimus
741 3849 844 3868 nomen
854 3839 964 3869 venisse.
987 3840 1053 3869 Haec
1062 3839 1165 3875 Julian.
1184 3840 1214 3869 in
1226 3839 1245 3869 1.
1270 3840 1317 3877 qui

223 3870 445 3908 chirographum.
470 3872 500 3899 D.
515 3872 549 3900 de
560 3872 636 3909 legat.
653 3884 677 3910 3.
822 3882 824 3890 '

200 3908 443 3943 Commentarioli,
460 3907 652 3947 chirographi,
672 3911 805 3942 &iibeili.
844 3914 903 3944 Cic.
917 3923 942 3945 x.
962 3913 1082 3952 Philipp.
1098 3917 1142 3944 16.
1173 3914 1215 3944 An
1235 3923 1314 3945 com-

1897 104 1931 138 ·C
2027 103 2063 139 H
2157 104 2174 139 I

1445 183 1617 252 {nentarioilis
1627 185 1653 214 δι
1663 183 1852 252 Ξὶῑῑποςταρὴίε
1864 186 1890 216 &
1903 184 2005 215 libellis
2015 185 2041 215 se
2055 194 2113 215 uno
2123 186 2236 216 audiere
2250 185 2364 224 prolatis
2373 207 2382 223 ‚
2402 193 2435 217 ac
2453 195 2487 216 ne
2495 194 2554 227 pro.
2581 189 2583 207 ⁴

1458 230 1507 252 atis
1542 232 1635 251 uicem
1695 232 1718 251 c.
2581 237 2582 255 i

1448 233 1546 289 Cantici)
1556 243 1739 297 cliirog'raphi.
1752 259 1810 288 Cic.
1825 268 1851 296 7.
1865 260 1938 289 Fam.
1951 265 1993 293 18-
2013 259 2107 297 [taque
2115 262 2226 297 quando
2236 261 2328 291 vestrae
2339 261 2479 292 cautiones
2486 263 2554 293 infir·
2580 258 2584 287 l

1465 306 1516 327 rnae
1525 297 1602 331 sunt,
1624 297 1777 326 Graeculam
1789 297 1837 325 tibi
1852 298 1910 326 misi
1926 299 2087 327 cautionem
2098 299 2273 336 chirographi
2285 299 2350 329 mei.
2581 299 2583 303 '

1446 334 1595 371 Exemplar
1605 335 1790 371 chirographi.
1814 335 1872 363 Cic.
1890 344 1929 363 io,
1946 335 2020 364 Fam.
2035 345 2078 364 21.
2580 354 2581 370 3

1446 373 1629 403 Tributorum
1638 371 1788 401 solutorum
1800 372 1992 410 chirographa.
2013 372 2135 403 Scaevola
2147 372 2204 402 inl.
2218 373 2347 403 creditor.
2364 373 2399 403 D.
2411 373 2446 403 de
2456 374 2553 407 astion.
2580 374 2604 410 ἠ,

1464 410 1569 477 ῗτηᾱρῑί,
1579 409 1866 476 feujillsthiimg-fflpha
1874 410 2041 440 tributorum
2058 420 2074 439 a
2090 410 2216 440 debitore
2226 417 2299 440 retro
2314 410 2465 441 solutorum
2484 410 2554 451 apud
2580 422 2581 426 ¹

1477 458 1491 477 e
1522 455 1624 477 emita
1660 454 1766 476 aeat.
2579 473 2595 483 ¹,

1446 459 1759 521 Inanelchirograplium
1767 484 1870 514 fastum
1881 484 2026 514 solutione.
2067 483 2129 523 Ulp.
2141 486 2170 514 in
2184 485 2202 515 l.
2218 485 2366 515 solutione.
2385 485 2420 515 D.
2438 487 2471 516 ad
2482 489 2555 520 exhi.
2593 481 2604 522 ,ἶ

1466 523 1550 551 bend.
1571 522 1716 551 Solutione
1730 521 1913 559 chirographo
1928 523 2003 551 inani
2020 522 2111 557 fac'to,
2133 524 2159 552 ἃ.
2175 523 2339 561 pignoribus
2360 523 2481 554 liberatis
2492 547 2500 561 ,
2515 528 2554 556 ni.
2578 523 2581 537 ³

1465 560 1616 590 hiloniinus
1629 560 1750 588 creditor
1764 566 1794 589 ut
1812 560 1992 589 instrumenta
2005 560 2041 589 ad
2060 569 2125 589 eum
2145 562 2319 591 contractum
2340 562 2505 599 pertinentia
2520 564 2552 594 ab
2578 574 2580 596 ς

1465 598 1520 626 alio
1535 607 1617 635 quam
1629 597 1755 626 debitore
1767 597 1966 631 exhibeantur,
1987 607 2067 633 agere
2077 598 2174 635 potest.
2578 604 2580 644 j

1446 635 1620 664 Convincere
1632 635 1826 672 chirographo.
1849 635 1907 664 Cic.
1919 644 1943 664 2.
1955 635 2074 672 Philipp.
2090 640 2135 669 81.
2578 645 2583 653 ¹⁴

1446 673 1565 701 Credere
1576 694 1583 707 ,
1605 674 1630 702 ὅ(
1641 672 1724 701 fidem
1734 672 1836 702 habere
1848 672 2045 710 chirographis.
2069 672 2126 702 Cic.
2140 682 2182 702 10.
2196 672 2271 702 Fam.
2285 680 2331 703 21.
2577 705 2579 712 .
2597 689 2601 700 ·

1445 711 1604 741 Defendere
1615 711 1806 747 chirographa.
1848 710 1906 740 Cic.
1922 720 1964 740 12.
1984 711 2058 740 Fam.
2076 720 2100 740 1.
2133 710 2218 747 Cuius
2237 720 2291 741 aera
2311 710 2425 749 refigere
2442 711 2554 746 debebas
2593 716 2599 737 «¹

1465 758 1543 782 mus,
1564 749 1623 783 ejus
1639 748 1723 776 etiam
1733 749 1915 785 chirographa
1924 748 2109 778 defendimus.
2579 762 2581 766 ·
2595 758 2598 766 ·

1445 785 1560 815 Deferre
1572 785 1764 823 chirographa.
1805 785 1861 815 Cic.
1873 786 1908 814 de
1918 785 1989 815 Clar.
1998 785 2074 815 Orat.
2088 794 2152 822 277.
2172 785 2290 824 Seseque
2304 786 2499 825 chirographa,
2516 795 2554 821 tie.
2596 786 2600 795 “

1463 824 1639 852 stificationes
1651 845 1658 858 ,
1689 823 1792 852 indicia
1803 844 1812 858 ,
1843 824 2005 861 quaestiones
2015 845 2024 859 ,
2061 824 2233 854 manifestam
2262 834 2321 854 rem
2351 825 2458 855 deferre
2486 826 2555 858 diue.
2586 855 2595 866 ,Ἴ

1465 871 1476 889 r
1495 866 1526 895 t,
1564 870 1595 890 ’3.
2580 869 2581 875 ’

1444 871 1493 928 Este
1503 899 1531 927 in
1541 863 1642 927 fibulis
1651 898 1859 937 chirographus.
1882 898 2002 935 Quintil.
2015 898 2063 928 lib.
2077 902 2102 928 6.
2115 908 2176 937 cap.
2189 906 2215 936 3.
2579 923 2581 927 .
2598 911 2600 913 ·

1445 936 1666 973 Chirographum
1676 937 1785 966 imitari.
1826 937 1884 966 Cic.
1900 947 1923 972 3-
1941 937 1977 966 de
1991 936 2056 966 Nat.
2074 936 2159 966 Deor.
2173 946 2219 973 74.
2240 936 2273 967 Id
2290 947 2401 976 quoque
2417 937 2448 969 1..
2460 938 2549 972 Labie·
2591 941 2594 948 '

1462 983 1514 1003 nus
1526 975 1592 1003 fecit
1601 995 1609 1008 ,
1631 984 1717 1010 quum
1727 975 1941 1012 chirographum
1950 974 1998 1004 sex
2007 975 2160 1012 primorum
2168 975 2291 1005 imitatus
2303 976 2350 1005 est.
2592 991 2595 1005 i

1442 1010 1544 1049 Legare
1556 1012 1779 1049 chirographum.
1821 1012 1884 1049 Ulp.
1905 1012 1969 1042 inl.
1985 1012 2102 1042 servum.
2123 1013 2144 1050 §.
2166 1022 2231 1042 eum
2242 1014 2297 1051 qui.
2318 1013 2351 1042 D.
2375 1012 2411 1043 de
2430 1013 2507 1052 legat.
2525 1019 2549 1049 t.
2573 1002 2579 1097 ¹

1461 1050 1533 1079 Eum
1547 1048 1594 1085 qui
1606 1049 1820 1087 chirographum
1830 1050 1920 1087 legat,
1941 1050 2166 1088 debitumlegare
2177 1072 2186 1086 ,
2206 1057 2265 1081 non
2277 1050 2497 1089 solumtabulas,
2514 1063 2552 1085 ar.
2600 1055 2601 1060 ¹

1460 1095 1595 1125 gumento
1609 1088 1647 1116 est
1658 1088 1795 1118 venditio,

1441 1124 1556 1154 Mittere
1568 1124 1752 1162 chirographo
1759 1124 1807 1155 suo
1817 1125 1930 1154 litteras.

1460 1162 1640 1192 sanstiffimus
1654 1163 1702 1192 suo
1716 1163 1902 1201 chirographo
1917 1162 2002 1192 mittit
2011 1163 2081 1192 mihi
2092 1163 2205 1193 litteras.
2539 1191 2541 1193 ,
2576 1180 2578 1202 L
2592 1188 2594 1192 .

1440 1199 1565 1238 Pungere
1576 1200 1760 1238 chirographo
1769 1200 1900 1239 aliquem.
1941 1200 2000 1231 Cio.
2012 1210 2038 1231 2.
2050 1201 2126 1231 Fam.
2141 1211 2184 1232 12.
2204 1201 2334 1231 Extrema
2349 1202 2457 1240 pagella
2467 1213 2551 1244 pupu.
2576 1207 2578 1214 '

1461 1239 1501 1275 git
1512 1247 1557 1267 me
1567 1244 1616 1268 tuo
1627 1238 1819 1277 chirographo.
2600 1243 2602 1251 '

1440 1275 1543 1305 Venire
1554 1276 1745 1313 chirographa.
1785 1276 1895 1315 Ulpian.
1906 1276 1936 1305 in
1946 1276 1964 1306 l.
1975 1276 2091 1306 servum.
2106 1276 2129 1313 ς.
2142 1286 2206 1306 eum
2217 1276 2274 1314 qui.
2284 1276 2319 1308 D.
2331 1277 2368 1308 de
2378 1276 2432 1317 leg.
2446 1287 2470 1310 1.
2482 1278 2549 1314 Nam
2586 1292 2588 1295 ¹

1459 1323 1545 1350 quum
1554 1313 1738 1351 chirographa
1745 1321 1869 1344 veneunt
1878 1337 1886 1349 ,
1906 1324 2010 1344 nomen
2018 1314 2123 1344 veniffe
2133 1315 2254 1345 videtur.
2586 1320 2587 1324 ’

1443 1352 1489 1380 Uti
1500 1351 1685 1389 chirographo
1697 1354 1723 1382 ἃ
1737 1351 1821 1388 signo.
1843 1353 1902 1382 Cic.
1915 1362 1941 1382 2.
1952 1353 2005 1382 Att.
2015 1361 2060 1381 20.
2574 1371 2595 1379 η,

1439 1389 1514 1420 Inter
1524 1389 1740 1427 chirographum
1751 1390 1964 1428 &syngraphas
1986 1389 2118 1420 Asconius
2128 1390 2157 1418 in
2174 1389 2286 1425 3.Veri·.
2298 1400 2342 1427 91.
2365 1390 2441 1420 Inter
2450 1390 2548 1430 syngrfn
2593 1398 2599 1430 ζ

1456 1427 1559 1465 phas&
1569 1434 1659 1456 cetera
1671 1427 1854 1465 chirographa
1865 1428 1921 1457 hoc
1931 1428 2044 1457 interest
2052 1450 2060 1462 ‚
2082 1427 2158 1465 quod
2168 1427 2197 1455 in
2205 1429 2304 1458 ceteris
2314 1434 2422 1458 tantum
2438 1439 2495 1467 quae
2504 1437 2548 1469 ge-
2590 1432 2592 1466 ᾗ

1457 1465 1495 1494 sta
1503 1464 1564 1494 sunt
1579 1464 1661 1494 scribi
1671 1465 1777 1495 solent:
1799 1467 1829 1494 in
1849 1466 2011 1504 syngraphis
2022 1466 2107 1495 etiam
2121 1471 2218 1495 contra
2235 1465 2320 1496 fidem
2333 1467 2453 1498 veritatis
2463 1469 2548 1506 panio

1456 1502 1551 1537 venit,
1575 1503 1668 1532 &non
1680 1509 1823 1532 numerata
1831 1503 1969 1541 pecunia,
1989 1510 2103 1533 autnon
2113 1504 2220 1540 integre
2233 1509 2396 1539 numerata,
2416 1514 2468 1543 pro
2485 1511 2549 1538 tem.
2574 1522 2575 1528 .
2591 1525 2594 1530 ·

1456 1541 1564 1578 poraria
1575 1541 1717 1570 voluntate
1727 1540 1876 1570 hominum
1884 1541 1966 1570 scribi
1975 1541 2080 1577 solent,
2101 1551 2179 1571 more
2188 1541 2368 1580 institutoque
2376 1542 2546 1576 Graecoruirit
2574 1555 2575 1558 ¹
2586 1539 2598 1571 ..⁸

1458 1579 1485 1608 <St
1495 1584 1592 1608 ceterae
1602 1578 1701 1608 tabulae
1713 1579 1746 1607 ab
1757 1589 1812 1608 una
1822 1586 1900 1617 parte
1910 1579 2006 1608 servari
2024 1579 2130 1609 solent:
2151 1579 2311 1618 syngraphae
2333 1580 2444 1618 fignatae
2460 1581 2548 1613 utrius·
2582 1611 2589 1621 ,,

1458 1625 1512 1653 que
1527 1626 1612 1645 manu
1622 1638 1630 1650 ‚
1652 1617 1762 1654 utrique
1772 1618 1842 1654 parti
1851 1616 1990 1647 servandae
1999 1618 2155 1647 traduntur.
2186 1617 2253 1648 Haec
2268 1617 2324 1647 ille.
2588 1627 2591 1646 ¹.

1400 1651 1424 1685 C
1433 1663 1455 1683 H
1466 1664 1475 1682 1
1484 1664 1500 1682 R
1510 1663 1554 1683 oo
1563 1664 1579 1682 R
1588 1664 1607 1682 A
1616 1663 1659 1683 PH
1669 1664 1688 1683 A
1697 1664 1758 1683 Rru
1769 1664 1781 1684 s
1793 1676 1802 1690 ,
1823 1655 1885 1691 Adj.
1908 1661 1939 1684 ut
1953 1676 1961 1691 ,
1991 1655 2109 1685 Debitor
2123 1655 2373 1693 chirographarius.
2396 1655 2504 1694 Ulpian.
2519 1657 2548 1689 ih
2572 1658 2591 1670 ’·’

1438 1692 1456 1721 l.
1479 1691 1498 1720 si
1509 1697 1539 1721 ut
1552 1698 1638 1721 certo.
1661 1693 1682 1730 §.
1707 1692 1837 1730 denique.
1860 1693 1893 1722 D.
1912 1693 2053 1722 commod.
2076 1692 2106 1722 Si
2119 1692 2170 1722 tibi
2181 1694 2311 1723 codicem
2320 1694 2548 1733 commodavero,
2580 1699 2587 1730 ¹,

1436 1731 1462 1760 ἃ
1475 1730 1504 1758 in
1519 1739 1553 1758 eo
1563 1729 1818 1767 chirographarium
1829 1730 1985 1760 debitorem
1994 1737 2073 1760 tuum
2085 1740 2183 1760 cavere
2192 1730 2309 1766 seceris,
2329 1733 2382 1761 διο.
2571 1731 2594 1771 j,

1435 1768 1563 1797 Creditor
1574 1767 1822 1805 cliirographarius.
1864 1768 1962 1798 Paulus
1975 1769 2004 1797 in
2020 1768 2039 1798 1.
2058 1768 2138 1798 bonis
2151 1769 2279 1799 venditis.
2301 1769 2335 1798 D.
2356 1769 2392 1798 de
2404 1770 2548 1808 privilegiis
2571 1792 2587 1808 ,Α

1453 1805 1553 1835 credit.
1590 1805 1755 1843 Respublica
1764 1805 1896 1835 creditrix
1909 1806 2041 1836 omnibus
2052 1806 2279 1844 chirographariis
2290 1807 2472 1837 creditoribus
2480 1819 2547 1846 prae.
2572 1819 2593 1845 ¹¹,

1454 1844 1548 1873 fertur.
1587 1843 1695 1872 Dicitur
1707 1849 1801 1873 autem
1814 1843 2059 1882 Chirographarius
2077 1845 2199 1874 creditor
2210 1866 2218 1879 ,
2239 1845 2275 1874 ad
2291 1845 2476 1875 differentiam
2494 1846 2547 1884 Hp
2571 1864 2582 1874 .

1453 1880 1607 1919 pothecarii
1618 1881 1772 1911 creditoris.
1811 1881 1921 1919 Ulpian.
1934 1882 1990 1911 inl.
2008 1892 2031 1911 1.
2053 1883 2074 1919 §.
2090 1882 2236 1911 sciendum
2247 1883 2285 1912 est
2295 1890 2396 1912 autem.
2418 1883 2451 1912 D.
2467 1884 2501 1913 de
2509 1885 2545 1914 se-
2568 1915 2569 1918 ,

1452 1919 1661 1956 parationibus,
1683 1920 1830 1954 Attamen,
1853 1920 1961 1957 inquit,
1983 1919 2001 1948 si
2019 1919 2190 1950 haereditaria
2204 1920 2275 1955 fuit,
2293 1921 2354 1957 jure
2372 1921 2546 1959 separationis
2578 1924 2583 1938 ²

1453 1956 1654 1994 hypothecario
1663 1957 1801 1986 creditore
1811 1958 1950 1995 potiorem
1967 1957 2020 1987 effe
2035 1967 2100 1988 eum
2115 1958 2162 1995 qui
2171 1957 2372 1996 separationem
2381 1959 2545 1997 impetravi&
2584 1986 2586 1993 ,

1451 1995 1536 2024 etiam
1550 1994 1567 2022 si
1577 1995 1814 2032 chirographarius
1825 1995 1880 2031 est,
1900 1995 1993 2032 inquit
2008 1996 2156 2025 Accurfius.
2399 2017 2402 2020 -

1432 2031 1477 2062 Est
1489 2034 1514 2062 ἃ
1526 2032 1757 2070 Chirographaria
1765 2033 1885 2070 pecunia
1898 2042 1905 2062 :
1927 2035 1953 2062 δι
1964 2032 2223 2072 Chirograpliarium
2234 2033 2370 2064 debitum.
2390 2033 2409 2065 l.
2421 2036 2504 2066 unica
2511 2032 2541 2067 C.

1455 2070 1544 2099 Etiam
1556 2070 1592 2098 ob
1605 2070 1855 2107 chirograpliariam
1866 2071 2015 2107 pecuniam
2026 2071 2135 2109 pignori
2147 2071 2244 2101 teneri.
2265 2071 2335 2101 Bud.

1397 2105 1449 2137 CH
1460 2118 1468 2136 ι
1478 2117 1671 2137 socruum
1684 2129 1691 2142 ,
1714 2107 1811 2138 Insula.
1848 2108 1916 2138 Plin.
1932 2108 1980 2138 lib.
1994 2120 2018 2145 5·
2033 2119 2093 2148 cap.
2109 2118 2153 2145 3¹·
2188 2108 2244 2139 Sed
2262 2114 2360 2139 contra
2381 2109 2541 2142 Chimaerain

1435 2145 1587 2212 DOlichste
1600 2164 1608 2175 »
1640 2146 1849 2183 Chirngyliuin,
1880 2146 2055 2183 Crambuisa,
2085 2147 2200 2185 Rhoge,
2219 2147 2353 2185 Euagora.
2393 2148 2436 2178 De
2453 2147 2559 2180 insulis

1432 2189 1497 2212 ante
1544 2191 1608 2212 iam.

1396 2219 1418 2250 C
1429 2231 1447 2249 H
1456 2224 1468 2249 ῑ
1478 2231 1493 2249 κ
1502 2224 1518 2251 ὁ
1529 2232 1550 2249 Μ
1560 2231 1579 2250 A
1590 2230 1608 2249 c
1617 2229 1636 2248 τ
1646 2229 1662 2249 a
1672 2230 1689 2249 o
1699 2230 1719 2249 n
1731 2242 1739 2257 ,
1759 2221 1972 2257 [χέρόμρικψν]
1992 2222 2098 2260 Capitis
2117 2228 2312 2264 ornamentum
2328 2244 2336 2258 ‚
2357 2229 2405 2253 aut
2425 2224 2475 2260 (ut
2498 2222 2543 2254 alii

1435 2259 1557 2293 dicunt)
1578 2258 1705 2288 Mantile.
1745 2259 1775 2288 V.
1796 2259 1921 2296 Bayfium
1936 2261 1972 2289 de
1984 2259 2024 2289 Re
2035 2260 2172 2289 Vestiaria.

1395 2296 1445 2326 Cu
1455 2299 1543 2326 raom
1554 2306 1572 2324 A
1583 2305 1601 2324 Ν
1612 2300 1679 2325 τῙΑ
1691 2318 1699 2331 ,
1720 2306 1750 2325 ae.
1771 2297 1790 2326 f.
1820 2299 1836 2333 [
1844 2298 2028 2334 'monam-ia]
2048 2298 2149 2327 dicitur
2163 2297 2305 2328 Divinatio
2315 2319 2324 2334 ‚
2345 2307 2406 2335 quae
2414 2307 2450 2328 ex
2458 2297 2541 2330 linea.-

1408 2365 1412 2367 ,
1432 2344 1493 2363 runi
1507 2356 1516 2370 ,
1542 2344 1602 2371 quae
1616 2334 1645 2362 in
1657 2335 1784 2364 manibus
1796 2334 1858 2365 sunt
1872 2357 1879 2369 ,
1901 2334 2072 2372 inspectione
2081 2335 2141 2365 fieri
2150 2335 2228 2366 solet.

1391 2369 1417 2401 C
1429 2381 1448 2400 u
1459 2382 1494 2438 1¹3<
1504 2382 1521 2401 o
1530 2383 1549 2400 Μ
1559 2382 1577 2438 ἓ
1588 2381 1607 2400 N
1618 2381 1638 2400 ‘r
1648 2383 1656 2400 1
1667 2382 1688 2407 s,
1710 2371 1898 2409 [ademar-ns]
1918 2373 1975 2409 Qui
1982 2373 2063 2403 lineis
2069 2383 2205 2404 manuum
2214 2372 2346 2412 inspeetis
2352 2373 2442 2404 futura
2451 2372 2540 2405 nosce-
2572 2380 2573 2383 ’

1432 2420 1460 2438 re
1482 2419 1497 2439 e
1527 2419 1557 2438 ro
1578 2415 1660 2439 tetur.
2567 2414 2569 2419 ¹

1395 2446 1417 2476 C
1427 2457 1446 2476 H
1456 2451 1468 2476 ῑ
1477 2457 1493 2476 R
1502 2420 1524 2476 (ξ
1528 2457 1548 2476 Ν
1557 2469 1565 2482 ,
1587 2448 1657 2477 onis.
1680 2447 1806 2483 [Χάρων]
1827 2448 1938 2477 Saturni
1949 2449 1974 2477 ἃ
1982 2447 2109 2484 Phillyrae
2117 2448 2198 2478 filius.
2238 2447 2396 2479 Laecantius
2402 2454 2493 2480 tamen
2501 2446 2540 2480 di-

1430 2486 1469 2514 cit
1480 2494 1545 2514 eum
1561 2495 1596 2514 ex
1606 2484 1724 2522 Pelopea
1733 2491 1913 2523 conceptum.
1956 2487 2027 2516 Dum
2038 2487 2114 2515 enim
2124 2508 2131 2521 ,
2151 2493 2183 2516 ut
2193 2487 2265 2516 auo.
2286 2487 2325 2516 est
2340 2488 2450 2517 Servius
2469 2488 2496 2517 in
2512 2487 2538 2524 3⁴.

1430 2522 1529 2560 Georg.
1545 2533 1607 2558 550-
1629 2532 1693 2553 cum
1705 2524 1793 2552 amica
1805 2524 1924 2561 Phillyra
1934 2524 2068 2554 Saturnus
2077 2525 2181 2560 coiret,
2203 2525 2264 2562 Ops
2274 2525 2414 2560 uxorejus
2421 2524 2539 2562 advenit,
2569 2543 2575 2558 ι.

1428 2561 1508 2597 'cujus
1517 2560 1688 2598 praesentiam
1700 2562 1801 2591 veritus
1816 2583 1824 2596 ,
1845 2560 1872 2591 se
1883 2561 1912 2590 in
1921 2572 2024 2598 equum
2041 2563 2187 2592 convertit.
2209 2563 2313 2592 exinde
2326 2569 2407 2592 natus
2424 2562 2461 2592 est
2477 2562 2538 2595 Chi-
2570 2576 2573 2597 5
2602 2582 2604 2595 v.

1429 2607 1482 2629 ron
1493 2620 1501 2634 ,
1522 2599 1639 2627 dimidia
1649 2604 1726 2636 parte
1735 2599 1822 2628 homo
1834 2621 1842 2635 ‚
1864 2600 1979 2629 dimidia
1997 2609 2093 2637 equus.
2135 2600 2191 2636 Qui
2214 2610 2300 2637 quum
2314 2600 2490 2634 excrevisset,
2507 2600 2544 2631 in'

1429 2635 1506 2665 silvas
1515 2636 1582 2666 abiit
1594 2658 1600 2670 ,
1622 2636 1720 2672 easque
1730 2637 1825 2667 coluit.
1847 2637 1921 2666 Huic
1930 2644 2023 2666 autem
2035 2647 2050 2666 a
2060 2637 2183 2667 Thetide
2195 2637 2314 2667 Achilles
2325 2648 2394 2675 puer
2400 2647 2537 2668 commen·
2569 2673 2572 2678 ,

1428 2674 1508 2703 datus
1518 2696 1526 2708 ,
1547 2683 1630 2711 quem
1644 2675 1717 2711 ipse,
1739 2674 1816 2705 timul
1829 2685 1893 2705 cum
1903 2675 2058 2712 AEsculapio
2070 2676 2184 2705 nutrivit
2197 2677 2223 2705 &
2238 2676 2344 2705 docuit.
2382 2676 2435 2706 Hic
2445 2677 2535 2712 enim*
2569 2697 2573 2710 s

1427 2718 1459 2740 ut
1469 2713 1563 2741 auc‘tor
1577 2712 1615 2740 est
1625 2712 1692 2741 Plin.
1705 2712 1753 2741 lib.
1771 2722 1796 2748 7.
1812 2723 1872 2750 cap.
1887 2716 1928 2746 56.
1951 2713 2098 2742 herbarum
2111 2714 2182 2743 vires
2197 2720 2281 2751 atque
2289 2714 2490 2743 medicamenta
2498 2722 2542 2752 ri!-⁴

1427 2749 1507 2785 perit.
1547 2750 1684 2779 Postremo
1695 2759 1780 2786 quum
1791 2760 1855 2780 eum
1864 2750 1990 2780 visitasset
2001 2750 2134 2780 Hercules
2144 2773 2152 2786 ,
2174 2750 2236 2781 casu
2247 2751 2349 2780 factum
2363 2751 2418 2787 est,
2438 2757 2468 2781 ut
2483 2755 2536 2782 una

1426 2787 1583 2824 sagittarum
1593 2797 1607 2816 e
1609 2788 1652 2823 jus
1664 2787 1777 2817 Lernaeo
1786 2798 1894 2817 veneno
1905 2788 2002 2826 perlita
2013 2810 2021 2823 ,
2043 2788 2122 2826 super
2132 2789 2234 2826 pedem
2244 2790 2303 2824 eius
2313 2789 2433 2819 caderet.
2466 2789 2536 2819 Atta-

1427 2834 1492 2853 men
1513 2835 1599 2862 quum
1620 2835 1634 2854 a
1653 2826 1813 2862 parentibus
1833 2825 1923 2855 fuisset
1936 2826 2043 2863 genitus
2059 2826 2224 2856 immortalis
2237 2848 2245 2862 ,
2266 2834 2298 2856 ut
2313 2826 2437 2863 Ocyroes
2447 2826 2536 2856 vatici-

1424 2863 1504 2891 nium
1516 2863 1693 2900 impleretur‚
1714 2873 1769 2900 quo
1778 2863 2180 2901 praedixerateumoptaturum
2190 2863 2243 2894 effe
2264 2872 2295 2893 ut
2315 2865 2436 2894 mortalis
2454 2864 2530 2900 foret,

1425 2900 1500 2937 gravi
1528 2908 1642 2930 vexatus
1666 2901 1764 2930 morbo
1790 2903 1861 2931 mori
1888 2902 2020 2938 cupiens,
2042 2902 2130 2931 oravit
2147 2901 2258 2939 superos
2276 2908 2306 2930 ut
2323 2902 2363 2930 illi
2380 2902 2450 2932 mori
2471 2909 2533 2931 corb
2578 2931 2581 2935 ,

1424 2939 1565 2968 cederent.
1606 2937 1671 2975 Quo
1689 2939 1834 2974 concesso,
1865 2939 1900 2968 ab
1921 2938 2023 2968 eisdem
2048 2938 2078 2968 in
2097 2939 2196 2969 caelum
2216 2939 2361 2969 translatus
2376 2939 2431 2976 est,
2460 2940 2486 2970 ἅ
2502 2939 2532 2969 in
2568 2955 2576 2973 ·,

1424 2975 1549 3005 Zodiaco
1567 2976 1692 3011 locatus,
1715 2978 1740 3006 ἃ
1756 2977 1916 3014 Sagittarius
1937 2976 2100 3014 appellatus.
2141 2977 2182 3007 Ex
2199 2977 2327 3008 Bocatio.
2577 2976 2579 2981 ’

1424 3013 1559 3043 Geminus
1570 3013 1683 3043 Chiron.
1706 3014 1789 3043 Ovid.
1801 3025 1826 3044 2.
1841 3015 1910 3045 Met.
1922 3018 1985 3050 630.

1616 3067 1653 3072 —-
1660 3051 1707 3080 sed
1717 3058 1812 3081 natum
1823 3052 1941 3082 flammis
1950 3058 2082 3089 uteroque
2091 3052 2214 3088 parentis

1515 3088 1639 3126 Eripuit,
1660 3090 1819 3127 geminique
1828 3091 1891 3120 tulit
1903 3089 2031 3119 Chironis
2041 3090 2071 3118 in
2081 3096 2199 3120 antrum.
2586 3108 2587 3113 =

1421 3125 1588 3164 Phillyrides
1607 3127 1729 3162 Chiron,
1760 3128 1886 3166 Pliillyrae
1907 3137 1942 3157 ex
1963 3127 2082 3158 Saturno
2103 3127 2195 3164 filius,
2223 3127 2371 3158 medicinae
2396 3127 2530 3159 inventor.
2566 3163 2567 3167 Ἰ
2600 3137 2604 3165 5

1443 3164 1513 3201 Virg.
1529 3173 1553 3199 ³-
1568 3164 1665 3202 Georg.
1681 3175 1743 3200 550.

1421 3202 1545 3231 Semifer.
1568 3202 1636 3232 Stat.
1649 3213 1674 3232 2.
1693 3204 1760 3233 Siiv.
1777 3212 1799 3233 1.
1811 3205 1857 3239 89.
2499 3215 2501 3219 ¹
2588 3223 2604 3243 ;

1384 3239 1535 3269 Carras
1547 3243 1617 3269 {ou
1629 3262 1636 3275 ‚
1657 3240 1701 3270 vel
1719 3241 1944 3274 Garamum,
1965 3239 2124 3277 [χᾴςῶνειαν]
2144 3239 2284 3270 Herbaest
2296 3262 2304 3275 ,
2325 3239 2530 3278 tertiumgemu
2567 3245 2603 3267 ι’

1421 3286 1549 3314 panaces.
1590 3277 1658 3307 Plin.
1673 3278 1721 3307 lib.
1732 3288 1777 3313 25·
1788 3288 1848 3316 cap.
1860 3289 1886 3314 4.
1909 3278 2036 3308 Tertium
2046 3287 2175 3316 panaces,
2195 3278 2348 3308 chironeon
2358 3278 2531 3314 cognomina,
2570 3311 2571 3314 Ἴ
2596 3308 2604 3318 ,Ι

1419 3323 1464 3344 tur
1477 3315 1511 3343 ab
1522 3315 1678 3345 inventore.
1699 3316 1799 3346 folium
1811 3317 1869 3352 ejus
1879 3316 1991 3354 lapatho
2012 3316 2098 3345 simile
2110 3338 2118 3351 ,
2139 3317 2228 3352 majus
2245 3322 2339 3344 tamen
2360 3315 2528 3346 &hirsutius.
2571 3324 2578 3350 'q

1419 3352 1471 3383 flos
1482 3362 1580 3382 aureus
1592 3375 1600 3387 ,
1620 3354 1696 3383 radix
1712 3363 1804 3391 parva.
1825 3353 1981 3384 nasciturin
1993 3353 2145 3392 pinguibus
2155 3352 2232 3383 locis.
2263 3351 2333 3382 lbid.
2345 3363 2405 3391 cap.
2414 3357 2439 3383 6.
2461 3353 2529 3383 Cen·
2570 3367 2577 3390 ¹,

1418 3396 1512 3420 taurea
1526 3397 1635 3420 curatus
1643 3391 1744 3421 dicitur
1754 3388 1955 3429 Chiron,quum
1967 3391 2095 3421 Herculis
2105 3392 2215 3428 excepti
2226 3390 2345 3428 hospitio
2357 3388 2528 3428 pertractanti
2571 3419 2573 3424 ,

1418 3437 1509 3495 ἵξιηείι,
1522 3428 1625 3495 ¹sq'gitta
1643 3430 1787 3459 excidisset
1801 3430 1831 3459 in
1852 3429 1972 3467 pedem:
1994 3439 2078 3466 quare
2094 3429 2178 3465 aliqui
2192 3428 2339 3459 chironion
2351 3435 2459 3458 vocant.

1447 3476 1479 3495 ue
1504 3489 1509 3495 .
1534 3466 1541 3495 i
1565 3489 1570 3495 .
1602 3490 1607 3496 .
1619 3476 1649 3496 ca
1673 3490 1678 3496 .
1691 3471 1717 3496 6.
2600 3487 2603 3491 ·

1380 3498 1403 3532 C
1412 3508 1468 3569 iii-{a
1478 3507 1495 3533 6
1506 3513 1543 3532 N!
1556 3476 1595 3539 ΑΞ
1615 3477 1708 3534 ῦεξιιιε
1717 3504 1790 3541 vitis,
1813 3513 1873 3542 quae
1881 3503 2011 3542 Ampelos
2021 3503 2137 3533 dicitur:
2159 3513 2175 3533 a
2188 3503 2308 3533 Chirone
2318 3504 2442 3535 inventa.
2457 3498 2524 3533 Prin.
2556 3545 2557 3551 ἵ
2574 3499 2575 3502 ’
2588 3533 2589 3536 ,

1429 3551 1435 3569 z
1460 3564 1464 3569 .
1476 3550 1490 3570 2
1514 3563 1519 3569 .
1532 3550 1562 3570 ca
1586 3563 1591 3569 .
1623 3565 1629 3571 .
2580 3551 2584 3569 .·

1378 3572 1429 3607 Cu
1440 3582 1476 3606 iR
1487 3552 1588 3608 guolsi
1600 3553 1639 3609 ils
1649 3601 1657 3615 ,
1678 3579 1696 3608 i.
1717 3588 1754 3609 m.
1776 3578 1963 3616 [χτςονὸμῶι]
1984 3577 2041 3615 Qui
2064 3577 2193 3608 manibus
2208 3577 2383 3616 gesticulatur
2398 3577 2424 3609 &z
2444 3577 2521 3608 ludit.
2567 3607 2570 3613 .
2598 3571 2601 3581 ¹

1414 3615 1548 3651 Budaeus,
1570 3615 2033 3653 Chironomisuntgesticulatores3
2055 3616 2279 3651 &Chironomia‚
2299 3615 2406 3646 saltatio
2415 3616 2522 3654 gesticu—
2570 3624 2572 3626 ¹

1414 3652 1513 3683 latrix:
1535 3654 1622 3690 qualis
1632 3655 1671 3684 est
1684 3665 1767 3692 quam
1784 3656 1914 3690 marescum
1932 3663 2072 3683 vocamus.
2093 3652 2192 3689 Juven.
2203 3658 2229 3683 6.
2242 3653 2299 3684 Sat.
2311 3657 2356 3691 63.
2396 3661 2400 3664 ‘
2554 3663 2555 3666 ¹

1507 3691 1699 3721 chironomon
1712 3693 1813 3721 Ledam
1824 3691 1903 3721 molli
1914 3691 2027 3721 saltante
2036 3690 2163 3728 Bathyllo
2172 3713 2179 3726 ‚
2485 3721 2488 3724 Α

1506 3729 1606 3760 Tuscia
1623 3731 1716 3759 velicae
1726 3740 1782 3758 non
1796 3731 1922 3767 imperat.
2018 3728 2089 3758 Leda
2108 3735 2200 3758 autem
2211 3727 2401 3759 chironomica
2411 3733 2466 3758 erat
2474 3722 2520 3758 sal³

1414 3765 1491 3794 tatio.
1531 3767 1640 3804 Alioqui
1661 3767 1859 3801 Chironomia,
1881 3766 1925 3796 lex
1945 3765 2034 3802 gestus
2053 3776 2068 3795 a
2090 3765 2265 3802 Quintiliano
2275 3766 2412 3796 diciturin
2422 3766 2517 3804 primo,

1412 3812 1471 3839 cap.
1486 3813 1495 3831 1
1504 3813 1526 3833 1.
1548 3804 1582 3833 ab
1594 3806 1711 3834 heroicis
1720 3805 1776 3842 ipsa
1785 3804 1958 3841 temporibus
1968 3811 2026 3832 orta
2035 3825 2043 3837 ,
2065 3805 2090 3833 ἃ
2099 3814 2114 3833 a
2123 3803 2235 3833 summis
2246 3803 2356 3834 Graeciae
2369 3804 2432 3833 viris
2440 3807 2520 3839 atque

1413 3839 1446 3868 ab
1464 3841 1523 3877 ipso
1541 3842 1627 3871 etiam
1644 3843 1756 3872 Socrate
1773 3842 1902 3880 probata,
1931 3851 1946 3870 a
1963 3840 2076 3869 Platone
2096 3850 2206 3877 quoque
2224 3841 2253 3869 in
2268 3851 2383 3871 numero
2398 3835 2518 3870 civilium
2564 3845 2566 3848 ·

1412 3877 1498 3914 posita
1515 3880 1647 3910 virtutum
1659 3903 1667 3916 ,
1689 3882 1715 3910 8<
1734 3891 1748 3910 a
1764 3876 1917 3917 Chrysippo
1930 3879 1959 3907 in
1978 3879 2124 3915 praeceptis
2136 3879 2170 3907 de
2180 3878 2341 3908 Liberorum
2356 3877 2518 3913 educatione
2551 3885 2553 3892 ⁴

1413 3916 1571 3954 compositis
1595 3927 1654 3947 non
1670 3914 1785 3947 ‘omissa
1824 3916 1916 3954 Quam
1945 3922 2031 3945 artem
2056 3916 2159 3945 oratori
2183 3915 2359 3946 necess'ariam
2377 3913 2430 3945 effe
2447 3913 2519 3980 idle?
2552 3926 2553 3931 ¹

2479 3959 2521 3980 ae
2547 3959 2552 3980 ,¹

1970 1124 2028 1154 Cic.
2043 1135 2086 1155 10.
2103 1125 2232 1155 Famar.
2264 1126 2300 1155 At
2316 1125 2501 1157 Lateranenfis
2512 1127 2550 1160 vir
2577 1119 2594 1147 3·

2583 3701 2604 3960 mgffi-ffiffssfff-
2582 3654 2604 3695 Ξῖ
