2600 4177
480 126 508 162 C
609 127 644 163 H
741 128 768 164 A

54 204 240 246 Ci-rAnssffl,
268 205 299 238 V.
320 209 463 239 CARssie.

55 245 107 274 CH
118 256 136 274 A
147 257 189 275 RT
199 257 217 276 A
230 269 237 282 ‚
259 247 301 276 vel
312 248 404 283 potius
425 247 475 275 CA
485 256 501 274 R
511 255 530 274 τ
540 255 585 275 HA
597 267 605 278 ,
625 245 696 275 Urbs
717 246 783 284 Tyri
801 247 874 276 dic'ta
888 248 926 277 est
937 270 945 283 ‚
966 258 1001 278 er:
1015 259 1067 286 qua
1089 249 1115 280 &
1132 249 1208 280 Dido

94 291 152 311 orta
164 285 263 318 fertur,
289 286 312 313 6<
326 286 359 312 ab
370 285 428 317 ejus
440 284 553 312 nomine
563 294 577 312 a
591 283 644 312 sese
655 285 799 314 conditam
815 285 910 315 urbem
922 308 930 321 ‚
953 286 1148 325 Chartaginem
1162 298 1211 325 ap-

96 320 216 357 pellasse.
258 322 289 350 V.
312 321 385 349 Serv.
396 321 431 349 ad
446 331 467 349 ι.
480 320 540 350 AEn.
560 329 621 356 343.

58 357 109 386 Cn
121 368 162 385 AR
172 366 218 387 TA
230 380 237 392 ‚
259 367 288 387 ae.
307 358 325 387 f.
347 357 473 392 [galeni]
494 357 615 395 papyrus
625 358 662 387 est
678 359 832 396 appellata,
855 361 929 396 quod
941 360 1044 390 scilicet
1054 369 1088 389 ex
1104 371 1210 399 papyro

94 394 179 424 fieret.
221 395 313 424 Postea
323 405 387 423 vero
401 395 429 423 id
438 405 523 432 genus
536 397 636 425 chartae
648 397 791 425 inventum
803 398 839 426 est
851 420 859 431 ‚
883 407 937 434 quo
948 408 1024 428 nunc
1043 399 1139 436 pallini
1159 400 1212 428 uti-

93 442 155 461 mur
166 454 174 467 ‚
195 433 280 469 fitque
290 442 325 461 ex
334 431 457 462 linteolis
471 433 498 461 in
509 442 578 468 aqua
590 434 724 462 contritis.
766 434 879 464 Martial
905 435 951 463 lib.
964 439 989 464 6.
1002 440 1047 472 64.

286 469 441 498 —miseras
453 471 477 499 6:
490 471 606 507 perdere
616 472 732 499 chartas.
885 472 953 501 l‘lin.
968 472 1015 502 lib.
1035 482 1075 508 13.
1090 483 1150 511 cap.
1167 482 1210 503 11.

94 506 199 535 Chartae
208 506 257 536 usu
272 508 391 536 maxime
408 507 563 537 humanitas
579 508 640 537 vitae
660 509 766 537 constat
780 511 805 538 Sc
827 511 969 539 memoria.
1013 511 1044 540 Et
1061 511 1133 540 hanc
1152 511 1210 539 Ale-

93 544 190 572 xandri
203 544 298 582 ,Magni
309 545 422 573 victoria
434 552 579 582 repertam,
602 547 698 575 auctor
708 546 744 575 est
761 546 801 576 M.
815 547 906 581 Varro,
926 548 1039 577 condita
1051 549 1078 577 in
1092 549 1210 586 lligypto

93 580 273 611 Alexandria:
296 588 359 611 ante
368 592 425 611 non
436 582 514 612 fuisse
525 583 680 612 chartarum
693 583 779 612 usum.
802 584 831 612 in
855 585 1009 623 pulmarum
1030 586 1104 614 foliis
1121 587 1210 623 primo

92 618 293 656 scriptitatum:
316 620 420 649 deinde
433 621 603 656 quarundam
616 621 745 649 arborum
762 621 845 651 libris.
886 622 976 651 Postea
989 623 1100 660 publica
1112 633 1211 652 monu-

92 663 186 686 menta
200 656 339 693 plumbeis
351 657 541 687 voluminibus
552 680 560 692 ,
581 668 647 687 mox
657 660 682 688 81
693 659 797 695 privata
811 659 904 688 linteis
916 660 1014 690 confici
1029 669 1122 698 coepta
1133 682 1141 694 ,
1163 666 1210 689 aut

92 695 185 761 feris&
194 694 223 723 V.
246 695 363 724 omnino
374 696 479 733 reliqua
491 718 499 731 ,
522 697 557 725 de
568 697 723 725 chartarum
736 695 784 725 usu
802 699 827 727 δι
839 699 1041 735 praeparatione
1057 699 1132 736 apud
1141 699 1209 728 l'lin.

106 741 147 761 .c.
199 741 230 761 ca
253 751 260 761 .
276 741 317 761 12.

93 771 131 836 ΛΕ
141 770 216 807 apud
264 769 388 807 emphim
402 770 500 800 urbem
509 770 720 801 celeberrimam
729 792 737 806 ‚
758 770 880 809 primum
892 773 1049 802 confectam
1060 773 1114 803 effe
1121 778 1211 802 narrat

132 816 212 836 ucan.
228 817 252 844 3.
267 816 330 837 222.

183 845 320 874 Nondum
331 846 476 876 flumineas
486 846 628 884 Memphis
637 852 787 875 contexere
803 846 895 877 biblos

182 881 315 912 Noverat.
410 883 503 913 Biblus
513 893 633 922 papyrus
644 884 700 919 est,
721 884 834 920 ejusque
845 885 967 922 plagulas
989 885 1035 915 hic
1053 884 1145 915 biblos
1163 893 1211 914 vo·

109 924 162 950 cat.
187 921 260 956 [Nisi
269 921 314 950 hic
324 920 463 958 Memphis
474 931 523 959 per
535 921 730 959 synecdochen
744 923 884 959 poeticam
896 933 945 960 pro
957 924 1075 961 AEgypto
1086 923 1207 961 ponitur.

91 957 204 987 codicis
214 958 320 988 chartas
331 959 480 996 explicare.
489 959 709 995 Qiinril.Quum
718 967 814 997 aperto
823 962 922 991 codice
931 962 1038 991 chartas
1047 961 1210 999 explicaret.

90 995 189 1033 Inopia
199 996 298 1025 chartae
312 997 404 1025 minus
412 996 546 1026 scribitur.
568 997 625 1026 Cic.
643 1008 666 1032 5.
684 998 771 1033 titt-4.

88 1034 202 1063 Sonitus
213 1033 314 1071 fragilis
324 1034 489 1063 chartarum.
512 1033 620 1063 Lucrct.
636 1034 685 1063 lib.
700 1039 727 1064 6.
742 1044 803 1064 111.

90 1072 165 1101 Anus
176 1071 283 1106 charta,
305 1071 415 1101 Victum
423 1072 471 1101 diu
486 1093 493 1106 ‚
516 1082 574 1101 non
585 1072 661 1101 brevi
671 1072 802 1109 peritura.
824 1071 913 1102 Catul.
926 1076 970 1102 66.
987 1077 1032 1109 46.

91 1109 225 1147 Augustea
237 1109 333 1138 charta
345 1131 353 1145 ,
374 1118 452 1146 equa
467 1108 584 1147 religiosi
595 1117 703 1139 tantum
718 1110 842 1148 sacrique
857 1110 919 1139 libri
929 1111 1129 1148 scriberentur,
1150 1119 1211 1150 quae

108 1147 177 1176 olim
190 1147 329 1177 Hieratica
339 1147 560 1185 nuncupabatur.
602 1148 634 1177 V.
656 1146 725 1177 Plin.
742 1157 784 1184 13·
804 1158 845 1177 11.
863 1152 888 1177 ὅς
901 1149 976 1178 alibi.

90 1183 188 1214 Bibula
198 1185 300 1214 charta.
340 1184 372 1214 In
393 1195 484 1215 3130.

89 1222 222 1252 Deletitia
232 1223 333 1253 charta.
374 1222 484 1261 Ulpian.
500 1222 559 1253 inl.
573 1233 599 1259 4.
615 1222 649 1252 D.
665 1222 700 1252 de
715 1221 782 1252 bon.
794 1223 900 1261 possess.
911 1224 1024 1254 secund.
1036 1225 1091 1254 tab.
1102 1223 1210 1254 Chartae

108 1260 260 1298 appellatio
274 1262 299 1290 δι
316 1261 351 1289 ad
361 1270 462 1290 novam
473 1261 597 1291 chartam
609 1261 726 1290 refertur
737 1283 745 1296 ‚
767 1262 793 1290 ἃ
803 1263 837 1290 ad
851 1262 1012 1292 deletitiam.

88 1298 208 1328 Dentata
218 1298 312 1328 charta
322 1308 381 1327 reni
390 1308 478 1336 agere.
520 1298 577 1328 Cic.
589 1308 615 1328 2.
628 1299 662 1335 Q.
674 1299 732 1328 frat.
747 1309 789 1333 14.
813 1299 926 1329 Calamo
939 1302 963 1330 ἃ
976 1305 1131 1329 atramento
1141 1305 1210 1329 tem*-

107 1343 203 1374 perato
214 1357 222 1370 ,
242 1336 335 1366 charta
343 1337 427 1366 etiam
438 1336 550 1366 dentata
561 1346 604 1366 res
612 1343 714 1373 agetur.
755 1336 875 1366 Dentata
896 1338 1029 1367 dicuntur
1047 1338 1192 1367 Mordacia
1200 1359 1209 1373 ,

105 1374 189 1440 utlait
206 1370 330 1440 erasmus
350 1374 380 1403 in
398 1373 581 1404 Chiiiadibus.
621 1375 728 1404 Seneca
743 1375 828 1405 etiam
848 1375 977 1406 dentatos
998 1375 1065 1406 sales
1078 1375 1133 1406 effe
1150 1384 1210 1405 non

105 1422 142 1441 vu
155 1419 173 1441 t.
239 1432 244 1439 .
264 1420 295 1440 111
315 1421 414 1441 oritis.

87 1448 184 1480 Doctae
196 1450 221 1479 δι
232 1449 372 1479 laboriosae
381 1450 490 1479 chartae.
514 1449 606 1480 Catul.
620 1459 642 1480 1.
658 1454 684 1480 6.

87 1487 253 1525 Epistolares
263 1487 372 1517 chartae.
391 1487 510 1518 Martial.
527 1487 575 1517 lib.
597 1498 640 1523 14.
657 1497 700 1517 11.

87 1524 194 1562 Ineptis
205 1525 307 1555 chartis
317 1526 450 1562 quicquid
461 1525 596 1556 amicitur.
619 1525 687 1556 Hor.
698 1534 725 1555 α.
742 1524 825 1564 Epist.
843 1537 864 1556 1.
877 1534 941 1564 270.

88 1562 201 1599 Liviana
211 1564 314 1593 charta.
336 1563 403 1593 Plin.
420 1573 462 1599 13.
476 1574 519 1593 12.

86 1598 221 1632 Plumbea
230 1602 332 1630 charta.
372 1602 448 1631 Suet.
464 1602 494 1630 in
504 1597 617 1631 Nerone
627 1623 635 1636 ‚
648 1610 708 1638 cap.
721 1609 767 1630 20.
788 1600 948 1631 Plumbeam
961 1602 1084 1632 chartam
1093 1601 1208 1641 supinus

107 1639 369 1706 {fstoirebsustinuie
406 1640 424 1668 i.
441 1649 466 1669 e.
495 1639 640 1669 Laminam
657 1639 826 1677 plumbeam.
854 1639 891 1670 sic
912 1641 989 1670 enim
1013 1640 1209 1679 interpretatur

140 1677 178 1707 in.
204 1678 242 1706 i.
293 1687 342 1707 .ca
369 1682 433 1711 -18-

85 1713 161 1745 Purae
173 1686 290 1746 change?
324 1687 434 1752 Ul'pian.
447 1715 477 1744 in
490 1713 509 1743 l.
531 1714 676 1743 Librorum
683 1713 880 1752 appellatione.
904 1715 926 1753 §.
949 1715 1035 1753 Quod
1046 1722 1148 1745 tamen.
1172 1714 1204 1745 D.

105 1753 149 1783 De
155 1751 210 1797 leg.
227 1762 251 1797 ³:
275 1752 345 1782 Nam
360 1762 412 1783 nec
421 1752 521 1782 chartae
528 1762 605 1790 purae
615 1751 753 1782 debentur
762 1752 841 1782 libris
853 1753 950 1791 legatis
958 1775 968 1790 ‚
989 1764 1044 1784 nec
1054 1753 1156 1784 chartis
1170 1753 1210 1784 le·

87 1797 178 1859 1323&
185 1790 529 1895 lplllggiggke‘lijbjrlbtsucrhartas
538 1827 690 1866 appellant.
713 1828 745 1857 V.
756 1838 774 1857 u
783 1838 795 1858 s
804 1838 822 1857 υ
831 1838 853 1859 s.
868 1828 903 1860 H.
914 1830 953 1859 St.
965 1829 996 1858 V.
1009 1830 1034 1858 Sc
1044 1839 1071 1867 p.
1084 1839 1112 1867 p.
1124 1827 1208 1859 Char-

107 1873 135 1895 ta
169 1876 199 1895 ro
222 1877 229 1895 i
252 1876 290 1896 ro.

88 1905 130 1934 Ad
148 1877 263 1934 pchartas
286 1914 379 1942 parare
397 1913 542 1942 papyrum.
582 1901 694 1941 Ulpian.
713 1904 744 1933 in
764 1903 781 1934 l.
802 1903 947 1934 Librorum
962 1903 1158 1942 appellatione.
1183 1905 1206 1941 §.

109 1941 217 1972 Chartis
226 1942 329 1980 legatis.
351 1942 384 1972 D.
397 1943 432 1971 de
442 1942 495 1981 leg.
509 1951 534 1978 3.
558 1941 665 1971 chartis
679 1941 786 1979 legatis,
807 1951 898 1980 neque
907 1952 1046 1980 papyrum
1054 1943 1088 1971 ad
1099 1942 1208 1972 chartas

106 1987 234 2016 paratum
246 2002 253 2015 ,
274 1990 365 2017 neque
380 1981 480 2009 chartae
491 1981 617 2009 nondum
628 1980 757 2017 perfectae
767 1980 997 2009 continebuntur.

87 2017 195 2047 Charta:
205 2027 316 2055 quoque
329 2028 392 2055 quae
406 2018 483 2047 illam
499 2019 642 2056 pristin-im
660 2017 835 2047 severitatem
847 2018 1047 2054 continebant,
1068 2015 1209 2048 obsolevea

106 2061 177 2084 runt.
200 2056 257 2084 Cic.
274 2065 324 2093 pro
337 2055 407 2085 Coel.
421 2064 466 2091 40.
580 2059 583 2070 s

87 2092 191 2123 Delatae
200 2093 301 2130 chartis
312 2103 427 2123 merces.
468 2091 526 2123 Cic.
540 2102 590 2131 pro
601 2092 691 2122 Rabir.
708 2092 797 2122 Posth.
812 2101 856 2129 39.
878 2092 986 2122 Auditae
1003 2093 1120 2129 visaeque
1138 2103 1208 2122 mer-

107 2140 161 2166 ces,
173 2130 283 2161 fallaces
293 2131 406 2168 quidem
416 2133 443 2161 &
451 2130 664 2165 fucosae‚charris
676 2133 702 2160 όὶ
714 2131 848 2166 linteis‚&
858 2131 929 2160 vitro
941 2130 1205 2161 delatae.Ai.Celatae.

87 2168 232 2206 Explicare
242 2179 325 2198 omne
336 2179 424 2198 aevum
436 2169 523 2198 tribus
534 2169 642 2198 chartis.
666 2168 754 2198 Catul.
768 2178 791 2198 1.
806 2172 833 2199 6.

86 2206 190 2237 Illinire
200 2206 301 2236 chartis
318 2206 433 2244 aliquid.
459 2207 524 2236 Hor.
543 2216 565 2235 1.
581 2206 667 2235 Serrn.
679 2218 704 2242 4.
718 2211 762 2243 36.

166 2245 200 2274 Et
210 2245 399 2282 quodcunque
410 2244 494 2274 semel
504 2244 605 2274 chartis
616 2244 736 2274 illeverit
744 2266 751 2279 ‚
774 2253 873 2273 omnes

166 2283 269 2313 Gestiet
279 2293 294 2312 a
306 2282 386 2312 furno
398 2283 549 2312 redeuntes
562 2281 637 2311 scire.
676 2283 719 2311 Est
728 2291 821 2311 autem
835 2292 883 2319 per
892 2287 1088 2319 contemptum
1098 2282 1208 2313 dictum

104 2319 225 2354 illinere.
238 2320 311 2358 quasi
322 2322 398 2350 dicat
408 2320 471 2349 Non
483 2320 659 2355 scribere,sed
670 2319 989 2349 chartasCommaculare
1000 2321 1206 2351 tantummodo.

86 2356 276 2396 impallescere
284 2358 426 2388 nocturnis
439 2358 548 2388 chartis.
572 2358 639 2387 Pers.
655 2369 677 2393 ς.
693 2359 749 2388 Sat.
762 2362 806 2387 62.

85 2396 187 2427 Notata
196 2397 290 2426 charta
300 2395 410 2433 digitis,
430 2397 448 2426 i.
460 2406 484 2425 e.
507 2396 623 2433 Scripta.
647 2396 729 2426 Ovid.
744 2405 766 2425 1.
780 2394 862 2433 Epist.
874 2398 920 2424 62.

84 2434 129 2465 Ne
138 2444 189 2464 nos
198 2435 299 2472 prodat
307 2434 410 2464 charta.
450 2434 507 2464 Cic.
519 2443 544 2463 2.
559 2436 612 2463 Att.
627 2443 671 2463 20.
694 2434 735 2463 De
746 2433 855 2470 Repub.
868 2433 987 2463 breviter
996 2433 1032 2462 ad
1039 2438 1068 2463 te
1077 2432 1207 2464 scribam:

104 2473 161 2509 jam
171 2473 247 2502 enim
258 2472 351 2502 charta
362 2472 418 2510 ipsa
430 2481 466 2501 ne
476 2481 527 2502 nos
538 2472 638 2509 prodat
651 2470 824 2510 pertimesco

84 2509 212 2540 Promere
223 2510 323 2539 chartis
334 2509 482 2539 Hetruscis.
504 2510 563 2540 Cic.
578 2520 600 2539 1.
612 2511 646 2539 de
660 2510 750 2539 Divin.
764 2519 808 2538 20.

167 2548 255 2577 Voces
267 2548 403 2577 tristificas
413 2548 515 2577 chartis
525 2548 672 2585 promebat
687 2546 834 2577 Hetruscis.

84 2584 170 2616 Silere
179 2586 278 2615 chartae
290 2586 422 2615 dicuntur
436 2607 444 2621 ,
466 2585 563 2623 Quum
576 2595 661 2615 nemo
675 2585 778 2616 scribit.
800 2584 868 2614 Hor.
879 2593 906 2620 4.
917 2582 1010 2613 Carm.
1024 2588 1051 2618 8.
1062 2592 1107 2615 21.

279 2640 316 2644 —-
330 2633 423 2661 neque

82 2698 85 2699 .
163 2661 191 2691 Si
203 2661 303 2691 chartte
317 2661 412 2691 sileant
419 2661 494 2698 quod
506 2660 579 2690 bene
588 2660 695 2691 feceris.

83 2698 164 2730 Sileri
179 2699 279 2729 chartis
290 2721 299 2734 ‚
320 2700 339 2728 i.
352 2709 376 2729 e.
398 2699 508 2729 Nullius
517 2698 624 2742 scriptis
634 2698 775 2729 celebrari.
797 2697 865 2728 Hor.
877 2706 904 2734 4.
917 2696 1009 2726 Carni.
1019 2706 1045 2733 9.
1059 2704 1103 2732 31.

278 2752 316 2758 —
327 2747 385 2766 non
398 2746 450 2774 ego
463 2743 491 2766 te
502 2746 572 2766 meis

171 2773 280 2804 Chartis
290 2775 449 2804 inornatum
460 2775 531 2804 sileri
545 2796 554 2809 ‚

207 2812 298 2842 Totve
307 2818 371 2842 tuos
383 2813 471 2850 patiar
480 2812 598 2842 labores.

92 2846 127 2881 ln
137 2849 229 2880 charta
238 2850 329 2880 aversa
339 2850 465 2880 scribere.
485 2850 606 2880 Martial.
618 2848 667 2880 lib.
680 2855 706 2884 8.
720 2852 765 2880 62.

93 2888 198 2919 Ponere
211 2888 308 2918 thura.
331 2888 424 2918 charta
432 2887 527 2918 soluta.
548 2888 646 2924 Juven.
662 2897 703 2923 13.
715 2889 768 2918 Sat.
783 2888 845 2917 116.

93 2927 213 2960 Charta.
234 2936 285 2964 pro
304 2925 393 2955 Libro.
418 2926 502 2955 Ovid.
516 2933 539 2962 3.
555 2927 633 2955 Trist.
650 2935 672 2954 r.
688 2937 713 2960 4.

188 2963 287 2994 Nullus
296 2964 325 2993 in
337 2964 388 2993 hac
402 2964 495 2993 charta
503 2964 593 2993 versus
604 2973 696 2993 amare
710 2963 803 2993 docet.

95 3001 200 3032 Vacare
219 3002 339 3037 chartis⁷
361 3001 459 3031 Libris.
481 3001 599 3032 Martial.
612 3001 660 3030 lib.
672 3011 696 3037 7.
713 3011 758 3036 79.

0 3044 12 3065 ²
54 3037 108 3070 Cir
117 3051 135 3069 A
143 3050 160 3068 a
168 3043 208 3069 τῑ
217 3050 236 3069 N
246 3051 264 3069 A
275 3062 282 3075 ‚
304 3050 335 3069 ae.
361 3040 380 3069 f.
403 3039 503 3069 Dixere
512 3047 618 3069 veteres
623 3049 678 3106 rpro
690 3038 801 3067 Charta.
823 3035 949 3066 Priscian.
962 3031 1010 3066 lib.
1022 3042 1049 3072 4.

5 3088 8 3101 1
56 3075 184 3107 cnm
194 3088 210 3107 u
221 3088 232 3107 s
243 3100 251 3114 ,
271 3079 290 3108 i.
313 3078 441 3116 Antiqua.
461 3077 573 3115 Legitur
583 3078 612 3106 in

1 3432 13 3442 ;
7 3394 11 3402 -
10 3375 11 3380 .
5 3351 8 3363 ⁴
0 3158 18 3339 srzoess.⁸*-«
0 3118 6 3143 'r

644 3076 730 3106 ucilio
742 3075 817 3114 apud
827 3075 953 3105 Nonium
966 3084 989 3110 3.
1000 3085 1046 3110 40.
1067 3072 1123 3104 Ubi
1134 3082 1210 3104 nunc

93 3115 225 3145 Socratici
239 3116 335 3145 chatti.

57 3151 108 3184 CH
119 3163 138 3182 A
148 3163 192 3182 RT
201 3156 219 3182 ὖ
230 3163 273 3182 LA
285 3175 293 3189 ‚
314 3163 344 3182 ae.
364 3153 384 3183 f.
404 3152 502 3182 dimin.
525 3149 663 3188 [χωρ-ἦεν]
685 3151 742 3181 Cic.
753 3160 779 3187 7.
793 3150 867 3180 Fam.
882 3155 922 3183 18.
948 3149 1034 3178 Miror
1043 3149 1110 3187 quid
1121 3150 1150 3179 in
1161 3149 1210 3179 illa

91 3191 220 3221 chartula
229 3191 313 3221 fuerit
323 3213 330 3226 ‚
352 3191 428 3229 quod
437 3190 530 3220 delere
540 3189 669 3220 malueris
678 3211 686 3225 ,
709 3194 792 3226 quam
800 3187 861 3217 haec
868 3187 994 3217 scribere.
1038 3187 1108 3216 Alibi
1127 3187 1211 3217 Char-

93 3228 166 3264 tula,
187 3239 238 3267 pro
248 3229 357 3259 Scheda
367 3228 412 3258 vel
425 3227 665 3258 commentariolo
676 3228 790 3264 ponitur
801 3236 809 3261 ;
834 3226 907 3255 inter
919 3224 1055 3254 chartulas
1068 3225 1208 3255 confiscati

93 3266 222 3297 inventus
232 3267 271 3296 est
284 3266 372 3296 brevis
382 3265 540 3296 debitorum
557 3265 670 3294 nomina
679 3266 836 3294 continens.
857 3263 984 3293 Budaeus.

57 3300 107 3334 Cir
116 3314 135 3333 A
144 3314 160 3333 r<
170 3314 189 3333 τ
197 3314 216 3333 u
226 3316 242 3334 L
250 3315 266 3334 A
277 3315 294 3333 R
303 3315 313 3333 r
324 3314 342 3333 u
351 3314 373 3338 s,
393 3304 412 3334 i.
432 3313 469 3333 m.
491 3303 668 3340 [χοιεπφύλαξ
679 3303 693 3337 ]
704 3301 801 3331 Officii
809 3309 913 3331 nomen
922 3306 990 3337 erat,
1001 3300 1080 3337 cuius
1090 3299 1122 3330 fit
1131 3308 1210 3330 men-

95 3342 134 3371 tio
146 3343 177 3372 iri
188 3342 206 3372 l.
221 3351 244 3378 3.
257 3342 293 3372 de
301 3342 387 3372 Cano.
420 3341 519 3378 Largit.
539 3340 588 3370 lib.
604 3350 646 3371 10.
662 3340 732 3370 Cod.
749 3339 876 3370 Budaeus.

93 3380 164 3410 Vide
183 3389 298 3410 scam
309 3385 445 3409 iAarus.
465 3379 554 3413 H.St.

57 3413 109 3446 Cir
118 3427 137 3446 A
147 3428 162 3446 a
171 3428 190 3447 τ
198 3428 218 3447 A
228 3427 245 3447 c
253 3428 266 3446 a
277 3427 315 3447 us
329 3439 338 3452 ,
362 3417 421 3453 Adj.
444 3413 605 3453 [χάςπνΘι]
625 3420 657 3446 ut
666 3437 674 3451 ‚
696 3414 815 3444 Codices
833 3413 979 3444 chartacei.
1021 3412 1132 3450 Ulpian.
1146 3414 1176 3442 in
1187 3412 1207 3443 1.

92 3455 226 3485 librorum
236 3454 433 3494 appellatione.
455 3455 488 3484 D.
505 3454 541 3483 de
552 3454 605 3492 leg.
616 3463 641 3489 3.
665 3453 749 3490 Quod
762 3452 780 3482 si
791 3453 819 3481 in
837 3452 981 3482 codicibus
1002 3450 1054 3494 sint
1070 3451 1210 3481 membra.

61 3505 64 3507 Α
94 3494 154 3523 neis
167 3515 175 3529 ,
196 3493 241 3524 vel
251 3494 402 3523 chartaceis
410 3514 419 3528 ,
439 3492 484 3522 vel
496 3492 582 3522 etiam
592 3491 700 3521 eboreis
713 3512 719 3525 ,
743 3490 788 3519 vel
797 3489 909 3520 alterius
921 3496 1040 3519 materiae
1050 3510 1058 3524 ‚
1072 3490 1125 3519 διο.

11 3550 13 3557 1
57 3530 81 3560 C
90 3541 111 3560 H
122 3541 165 3560 AR
174 3541 217 3560 ΤΕ
226 3542 244 3560 u
254 3541 285 3567 s,
306 3530 382 3560 aliud
398 3530 456 3566 Adj.
480 3529 578 3559 Auson.
594 3539 635 3558 10.
651 3529 733 3566 Epist.
745 3538 790 3563 40.

9 3573 14 3580 “
57 3567 109 3599 Gn
118 3579 137 3598 A
146 3579 162 3597 11
171 3578 191 3597 'r
201 3579 220 3598 A
229 3579 245 3598 11
254 3580 263 3598 1
272 3579 290 3598 u
299 3579 337 3604 M,
358 3569 375 3598 i.
397 3578 425 3598 n.
448 3566 727 3610 Chartophylaciurm
740 3566 853 3596 Hieron.
868 3564 905 3594 ad
914 3563 988 3593 Ruff.
1001 3572 1027 3600 3.
1039 3565 1064 3593 6.
1081 3562 1138 3593 Cur
1145 3566 1207 3594 eam

93 3607 123 3635 in
131 3606 264 3636 Romanae
275 3606 400 3636 Ecclesiae
413 3605 548 3635 chartario
558 3614 613 3640 non
627 3611 752 3641 requiris.
810 3640 816 3646 ι
916 3639 921 3645 .
978 3639 984 3645 ι

58 3642 108 3673 ca
120 3655 138 3673 A
148 3653 192 3673 R'r
201 3654 221 3673 A
230 3655 245 3673 R
255 3655 263 3672 i
274 3654 322 3679 us,
333 3654 358 3677 a,
370 3654 426 3673 um.
441 3644 502 3679 Adi.
524 3650 562 3678 ut,
585 3641 731 3672 Chartariae
744 3640 870 3670 officinm.
883 3639 952 3669 Phn.
965 3638 1014 3668 lib.
1030 3644 1073 3674 18.
1084 3647 1145 3678 cap.
1161 3649 1205 3670 10.

95 3681 156 3711 Hoc
163 3682 261 3711 aerariae
269 3682 389 3711 officinae
400 3704 408 3715 ,
430 3681 626 3717 chartariaeque
637 3686 761 3709 utuntur.

57 3717 109 3748 CH
118 3729 138 3748 A
147 3729 218 3748 ivr-A
226 3729 242 3748 a
253 3730 261 3747 i
271 3730 288 3748 u
298 3729 328 3757 sq,
349 3720 368 3748 i.
390 3729 426 3748 m.
447 3719 526 3748 Idem
537 3728 569 3748 ac
580 3717 777 3747 chartularius.
797 3714 943 3753 Inscriptio
958 3714 1069 3751 Roniae3
1090 3714 1206 3746 LOCVS

94 3756 283 3786 VALERiANl
314 3756 522 3786 CHARTARH.

62 3793 113 3824 Cir
121 3804 141 3823 A
149 3803 193 3822 R‘r
202 3805 211 3822 ι
221 3803 240 3823 A
249 3803 269 3823 τ
277 3795 288 3823 ῑ
297 3804 341 3824 eu
350 3805 373 3824 Μ
385 3816 393 3830 ‚
412 3794 431 3824 i,
451 3804 480 3824 n,
502 3789 708 3830 [χαςπαπκᾶι]
728 3790 787 3820 inl.
800 3790 907 3828 penult.
920 3790 954 3820 D.
976 3790 1011 3819 de
1029 3789 1094 3820 bon.
1111 3791 1205 3822 damn.

94 3833 121 3861 ἃ
131 3832 205 3869 apud
213 3831 351 3861 Zonaram
359 3854 367 3867 ,
388 3838 458 3861 tom.
474 3841 498 3868 3.
512 3837 582 3869 ptito
593 3830 646 3860 eise
664 3830 750 3866 Quod
760 3839 810 3867 pro
822 3830 914 3857 charta
925 3828 1091 3858 officialibus
1103 3829 1208 3866 praebea·

60 3875 61 3879 ’
92 3868 182 3898 batur.
222 3869 294 3898 Nam
305 3868 434 3899 ministris
451 3869 654 3906 magistratuum
667 3869 775 3896 chartas
788 3866 918 3905 praestitas
929 3875 963 3894 ex
977 3866 1108 3895 Frontino
1120 3867 1168 3896 lib.
1178 3876 1205 3897 2.

93 3906 129 3935 de
143 3907 326 3943 iiquaeduetib.
337 3907 492 3944 intelligere
502 3907 578 3937 licet.
600 3906 630 3935 V.
653 3906 808 3941 Cujacium,
827 3903 877 3934 lib.
887 3915 914 3940 4.
927 3903 1071 3934 observat.
1084 3914 1146 3943 cap.
1161 3911 1205 3940 18.

93 3943 231 4011 Novnnulli
239 3944 336 4012 lizgunt
346 3944 535 3975 Charisticum.
574 3944 607 3974 V.
628 3942 719 3980 supra.

159 3991 212 4012 ⁰1..
263 4003 272 4012 .

1651 131 1680 170 C
1779 132 1936 173 ΗΛ
2353 153 2423 189 499

1264 214 1285 245 C
1297 224 1315 243 u
1327 224 1345 243 A
1354 224 1369 243 a
1378 223 1397 243 T
1406 214 1423 244 ὅ
1433 225 1446 243 1’
1455 224 1473 244 u
1484 215 1504 245 ἦ
1514 227 1528 244 r.
1540 226 1557 244 A
1567 226 1583 246 c
1593 227 1602 245 r
1610 226 1628 245 u
1636 226 1667 251 ir,
1689 217 1937 254 [χαξπφυλοέκιον]
1957 219 2045 251 Graeci
2056 227 2157 251 vocant
2167 223 2318 255 Scrinium.
2329 224 2357 253 in
2368 234 2423 261 quo

1302 252 1363 280 libri
1377 254 1401 281 S:
1414 252 1551 289 scriptura:
1566 261 1746 291 reponuntur.

1265 290 1314 319 Cu
1327 294 1341 317 ἴ.
1353 299 1420 321 aus.
1435 291 1477 319 vel
1493 292 1586 331 potius
1599 292 1620 320 C
1632 301 1650 319 A
1661 302 1675 320 R
1689 302 1705 320 u
1715 301 1735 320 s.
1759 293 1810 329 [q.
1825 292 1855 323 V.
1879 303 1943 323 nam
1962 304 2108 332 perperam
2119 296 2179 326 hacc
2189 297 2327 333 disjuncta
2340 297 2423 333 sunt]

1303 327 1363 369 Adi.
1387 328 1546 368 [a3arra⁷=;‚
1567 334 1675 370 φεεσφι)
1683 330 1723 361 ³35,
1735 329 1839 363 xoeest‘m
1851 353 1858 366 ‚
1876 333 1999 368 fflssrgne]
2022 333 2121 363 Gratus
2131 336 2257 366 &amore
2269 336 2421 364 devinctus.

1302 365 1352 393 Cic
1375 375 1398 392 2.
1416 364 1489 393 iiiiii.
1511 376 1551 400 ις.
1576 366 1668 402 Quem
1680 367 1730 395 tibi
1742 367 1856 397 charum
1871 369 1926 398 ell‘e
1937 371 2056 407 gaudem

1301 403 1404 433 Amicis
1416 402 1521 431 charus.
1550 403 1615 432 Hor.
1630 415 1650 432 i.
1663 404 1749 433 Serrn.
1761 408 1787 434 6.
1800 413 1846 441 70.

1302 439 1389 467 Amici
1400 439 1484 467 chari.
1509 440 1573 469 lior.
1586 453 1613 475 4.
1626 442 1715 470 Carni.
1731 452 1756 477 9.
1772 452 1815 479 51.

1300 476 1460 512 Amplexus.
1483 477 1567 506 Ovid.
1582 488 1607 513 9.
1629 479 1696 508 met.
1709 489 1772 516 749.

1301 513 1401 549 Caput.
1427 513 1496 549 virg.
1509 524 1534 548 4.
1549 515 1610 544 AEn.
1625 525 1688 551 354-

1302 550 1403 592 Comes
1414 550 1512 580 charus
1523 554 1765 588 atquejucundus.
1789 555 1846 586 Cic.
1859 566 1885 592 4.
1899 555 1928 585 in
1945 556 2025 587 Catil.
2041 567 2084 588 11.

1303 589 1443 622 Conjunx.
1466 588 1550 618 ovid.
1567 590 1680 624 5.Trist.
1697 600 1777 627 §.21-

1303 625 1420 661 Corpus.
1441 625 1505 654 Seri.
1524 626 1637 664 Hippol.
1654 638 1696 658 12.

1303 663 1435 699 Corpora.
1457 664 1540 692 Ovid.
1553 666 1581 692 in
1594 665 1655 694 ibin
1671 687 1678 699 ,
1704 674 1765 701 3¹1-

1332 736 1337 742 ⁸
1381 737 1387 743 ι
1396 700 1483 735 Inque
1493 710 1691 745 pyram-tecum
1700 703 1854 734 charissima
1865 716 1980 744 corpora
1992 708 2094 738 mittas.
2171 709 2206 740 al.
2228 710 2356 748 Pignora.

1302 735 1430 773 Dignitas
1441 739 1466 767 ὃ(
1477 738 1564 775 gloria
1574 739 1725 769 liberorum
1740 742 1821 772 nobis
1831 744 1921 773 chara.
1944 746 2001 775 Cic.
2019 756 2040 775 1.
2058 748 2092 776 de
2102 746 2179 777 Orat.
2197 759 2238 783 ¹9·
2263 749 2425 780 nortemur.

1323 776 1482 846 ‹ciffirpqtiitu's
1495 775 1595 842 §Sigeros
1606 778 1727 814 nostros,
1748 781 1908 819 ceterosque
1917 804 1925 818 ,
1945 793 2065 820 quorum
2078 784 2165 822 gloria
2173 786 2254 816 nobis
2265 788 2290 817 ἃ
2303 788 2425 824 dignitas

1302 849 1418 879 Fratres.
1441 850 1505 880 Sen.
1519 850 1635 889 Hippoi.
1655 862 1680 888 ς.

1303 887 1427 919 Genitor.
1451 888 1523 926 Virg.
1535 898 1577 918 10.
1591 890 1653 919 ΖΕΗ.
1666 895 1730 926 789.

1303 925 1439 955 Genitrix.
1462 925 1535 963 Virg.
1550 936 1572 956 1.
1590 926 1650 957 [Eri.
1668 932 1732 964 693.

1302 962 1425 998 Juvenis.
1457 963 1552 993 Tibul.
1569 965 1616 994 lib.
1629 974 1652 1001 3.
1666 975 1692 995 2.
1711 975 1734 996 1.

1300 1000 1420 1029 Labores
1430 1002 1510 1031 uteri.
1533 1001 1629 1032 Claud.
1646 1013 1668 1032 1.
1681 1003 1716 1033 de
1731 1003 1812 1043 Rapt.
1823 1003 1946 1045 Proserp.
1962 1016 2022 1044 194.
2044 1010 2130 1040 Ceres
2138 1010 2174 1040 de
2185 1011 2231 1042 sua
2242 1012 2307 1044 filia.

1299 1038 1398 1067 Mater.
1421 1039 1503 1068 Ovid.
1521 1049 1562 1071 ¹2·
1580 1041 1659 1078 Epist.
1673 1051 1733 1071 112.

1300 1076 1390 1106 Natus
1399 1076 1497 1106 charus
1510 1078 1595 1113 magis
1606 1080 1671 1108 vita.
1694 1079 1767 1115 Virg.
1782 1090 1806 1115 ς.
1820 1080 1882 1110 AEn.
1892 1091 1955 1118 725.

1395 1114 1466 1144 Nate
1477 1137 1485 1149 ,
1507 1116 1575 1145 mihi
1588 1117 1643 1146 vita
1655 1139 1662 1152 ‚
1685 1118 1826 1152 quondam
1839 1119 1907 1148 dum
1922 1121 1976 1149 vita
1987 1123 2137 1160 manebat,

1393 1151 1482 1182 Chare
1490 1154 1577 1190 magis
1589 1176 1596 1188 ,
1619 1162 1682 1184 nate
1693 1154 1781 1185 iliacis
1792 1158 1914 1188 exercite
1927 1158 1999 1189 fatis.

1300 1189 1436 1228 Nepotes.
1461 1190 1532 1228 Virg.
1546 1197 1571 1221 6.
1590 1192 1651 1222 IEn.
1668 1197 1733 1227 682.

1300 1228 1410 1257 Nutrix.
1434 1227 1505 1265 Virg.
1515 1240 1541 1263 4·
1563 1230 1699 1267 AEn.634.

1300 1265 1409 1295 Parens.
1434 1266 1483 1295 Sil.
1499 1266 1547 1296 lib.
1565 1277 1604 1302 ¹3·
1619 1272 1684 1304 624.

1300 1303 1439 1333 Parentes.
1465 1304 1570 1334 Lucret.
1582 1305 1630 1334 lib.
1647 1316 1671 1339 ι.
1685 1311 1732 1342 8ς.

1298 1341 1428 1371 Parentes
1438 1341 1607 1372 charissimos
1619 1344 1728 1375 habere.
1750 1344 1809 1375 Cic.
1820 1344 1881 1376 Post
1891 1347 1950 1377 red.
1961 1347 1992 1377 iri
2002 1347 2066 1378 Sen.
2076 1357 2104 1378 2.

1299 1379 1386 1414 Pater.
1410 1379 1482 1416 Virg.
1495 1390 1521 1410 2.
1544 1381 1603 1411 IEn.
1620 1391 1683 1419 707.

1299 1412 1426 1455 Pignora.
1451 1419 1535 1447 Ovid.
1552 1428 1575 1454 3.
1592 1414 1660 1449 Fast.
1676 1427 1740 1455 218.

1379 1456 1476 1493 Quum
1488 1464 1570 1499 raptae
1580 1458 1696 1487 veniunt
1706 1459 1779 1489 inter
1788 1458 1933 1497 patresque
1942 1460 2067 1499 virosque
2078 1483 2087 1496 2

1371 1526 1373 1529 ⁴
1422 1494 1508 1531 Inque
1519 1498 1575 1523 unu
1588 1503 1665 1525 natos
1678 1498 1795 1534 pignora
1809 1497 1889 1528 chara
1900 1504 2006 1529 tenent.

1296 1530 1458 1569 Propinqui.
1483 1532 1548 1562 Hor.
1564 1543 1586 1562 1.
1599 1534 1687 1563 Serrn.
1704 1545 1727 1564 1.
1740 1541 1785 1572 83.

1302 1569 1365 1598 Res.
1389 1570 1472 1599 Ovid.
1486 1579 1510 1599 2.
1527 1569 1607 1600 Trist.
1621 1577 1685 1606 484.

1298 1607 1469 1637 Societatum
1486 1607 1595 1638 charior
1608 1609 1703 1645 nulla,
1723 1620 1815 1647 quam.
1856 1610 1915 1641 Cic.
1931 1621 1954 1641 1.
1970 1610 2028 1641 Off.
2041 1620 2083 1649 57.
2104 1612 2241 1644 Omnium
2258 1614 2422 1649 societatum

1317 1645 1392 1674 nulla
1403 1646 1443 1712 esstt
1447 1646 1548 1684 gratior
1560 1668 1569 1682 ‚
1590 1647 1668 1677 nulla
1678 1648 1801 1685 charior,
1823 1658 1906 1686 quarn
1924 1658 1956 1679 ea
1967 1659 2028 1687 quae
2040 1659 2106 1681 cum
2125 1651 2233 1691 Repub.
2253 1653 2292 1683 est
2313 1655 2423 1685 unicui..

1320 1692 1373 1720 que
1384 1693 1421 1712 no
1446 1694 1516 1713 rum.

1298 1720 1423 1750 sodales.
1448 1720 1514 1751 Hor.
1529 1732 1552 1751 1.
1566 1721 1656 1752 Carni.
1675 1726 1716 1758 36.
1737 1734 1761 1759 ς.

1298 1758 1382 1788 Patrii
1392 1758 1472 1794 lares,
1487 1759 1569 1789 chara
1578 1767 1658 1790 terra.
1680 1761 1743 1791 Sen.
1759 1762 1897 1799 Agamem.
1910 1772 1937 1792 v.
1951 1768 2014 1800 783.

1299 1797 1419 1832 Thorus.
1443 1797 1526 1827 Ovid.
1540 1803 1566 1832 8.
1580 1797 1661 1835 Epist.
1672 1804 1718 1829 26.

1299 1834 1399 1864 Ubera.
1428 1835 1492 1865 Seri.
1505 1834 1623 1874 Hippoi.
1636 1842 1663 1866 2.

1299 1872 1420 1902 Verbum
1433 1872 1522 1910 ipsum
1533 1874 1646 1903 charum
1656 1874 1695 1903 est
1707 1875 1807 1904 amoris
1818 1896 1826 1911 ,
1848 1884 1884 1904 ex
1902 1883 1959 1913 quo
1974 1876 2103 1906 amicitiae
2120 1886 2225 1908 nomen
2240 1879 2279 1909 est
2296 1879 2422 1913 dustum.

1320 1910 1378 1940 Cic.
1393 1921 1417 1941 1.
1433 1912 1468 1940 de
1476 1911 1538 1941 Nat.
1552 1911 1634 1941 Deor.
1651 1922 1711 1948 ¹23·

1300 1946 1347 1976 Vir
1360 1948 1457 1978 charus
1468 1950 1493 1978 ἃ
1504 1949 1653 1985 iucundus.
1694 1950 1751 1980 Cic.
1761 1960 1812 1988 pro
1821 1949 1932 1980 Cluent.
1945 1960 1990 1981 20.
2020 1951 2106 1983 Recte
2120 1952 2177 1982 hoc
2194 1955 2329 1991 repetitur
2346 1966 2361 1985 a
2376 1966 2426 1986 vo..

1320 1986 1379 2022 bis,
1402 1993 1432 2016 ut
1441 1988 1530 2016 virum
1540 1988 1679 2025 optimum
1699 1994 1783 2025 atque
1800 1989 2056 2019 innocentissimum
2070 2013 2079 2025 ‚
2122 1991 2281 2030 lurimisque
2303 1995 2427 2024 mortali-

1314 2024 1370 2066 ⁹bus
1383 2025 1496 2061 charum
1506 2031 1588 2062 atque
1598 2026 1837 2062 iucundissimum,
1853 2027 1894 2056 his
1908 2026 2057 2065 aliquando
2068 2038 2087 2058 c
2115 2029 2275 2060 amitatibus
2287 2031 2422 2063 liberetis.

1298 2060 1370 2091 Vita.
1393 2062 1476 2092 Ovid.
1501 2073 1542 2092 io.
1560 2060 1627 2092 Met.
1646 2070 1709 2093 612.

1299 2099 1421 2166 Clilarum
1431 2100 1540 2167 {algere
1577 2100 1635 2131 Cic.
1647 2111 1673 2137 9.
1692 2102 1744 2131 Att.
1762 2111 1789 2137 9.
1811 2101 1854 2131 Te
1875 2102 1945 2131 tanti
1967 2102 2057 2140 facio,
2079 2110 2111 2134 ut
2126 2114 2231 2143 paucos
2247 2115 2324 2145 aeque
2343 2117 2376 2138 ac
2396 2114 2426 2138 te

1320 2147 1336 2166 c
1345 2147 1415 2167 iaros
1455 2148 1468 2167 a
1490 2148 1558 2167 earn.

1299 2173 1410 2205 Habere
1420 2176 1575 2205 chariorem
1584 2175 1706 2213 aliquem
1719 2175 1816 2214 seipso.
1858 2177 1917 2207 Cic.
1930 2187 1973 2208 10.
1991 2178 2045 2208 Art.
2059 2188 2101 2214 13.
2124 2179 2233 2210 Omnes
2250 2181 2321 2218 suos,
2339 2183 2426 2214 etiam

1318 2214 1420 2258 quibus
1429 2213 1551 2244 irascitur
1560 2214 1681 2244 crebrius
1691 2236 1699 2249 ,
1721 2221 1815 2244 tamen
1828 2214 1925 2245 cha-ros
1934 2215 2018 2246 habet
2028 2238 2037 2252 ,
2057 2226 2103 2246 me
2116 2218 2232 2256 quidem
2251 2219 2339 2258 seipso
2361 2221 2426 2251 cha.

1319 2261 1431 2281 florem.

1300 2291 1415 2325 Amare,
1439 2291 1464 2320 &
1479 2290 1592 2320 charum
1604 2288 1717 2319 habere.
1758 2289 1817 2319 Cic.
1832 2299 1855 2319 1.
1868 2290 1944 2321 Fam.
1961 2300 1986 2329 7.
2010 2291 2105 2329 Quem
2118 2302 2169 2323 nos
2181 2314 2189 2330 ,
2210 2295 2262 2324 &c
2288 2295 2319 2324 in
2330 2297 2428 2334 primis

1302 2359 1307 2361 .
1321 2332 1446 2357 amamus
1457 2350 1464 2359 .
1486 2328 1656 2364 charumque
1668 2327 1812 2357 habemus.

1302 2365 1427 2403 Diligere
1437 2367 1463 2396 Sc
1474 2366 1588 2395 charum
1598 2365 1708 2395 habere.
1737 2366 1796 2395 Cic.
1811 2375 1862 2403 pro
1873 2365 1958 2395 Corn.
1970 2365 2045 2396 Balb.
2065 2377 2107 2402 59.
2130 2368 2281 2407 Speroque,
2301 2371 2426 2409 Judices,

1322 2410 1352 2433 ut
1366 2413 1413 2433 eos
1425 2425 1433 2438 ‚
1455 2405 1501 2440 qui
1517 2404 1656 2441 principes
1668 2403 1780 2432 fuerunt
1801 2403 1994 2434 conservandae
2016 2404 2110 2435 salutis
2119 2414 2168 2436 aut
2181 2408 2324 2445 dignitatis
2335 2420 2404 2440 meze
2417 2433 2429 2447 ‚

1322 2441 1438 2479 diligitis
1456 2441 1589 2471 &charos
1599 2441 1728 2471 habetis:
1747 2441 1805 2475 sic,
1826 2442 1878 2470 &c

1301 2479 1424 2508 Charum
1435 2479 1488 2508 esse
1500 2481 1524 2509 ἃ
1537 2479 1626 2513 diligi.
1657 2479 1715 2508 Cic.
1731 2489 1754 2512 ι.
1767 2479 1802 2507 de
1814 2478 1903 2509 Finib.
1916 2488 1960 2516 ¹53.
1982 2479 2119 2511 Postulare
2131 2492 2147 2512 a
2161 2482 2214 2512 diis
2224 2483 2429 2516 immortalibus

1320 2523 1354 2546 ut
1364 2518 1440 2547 chari
1451 2517 1535 2546 simus
1546 2539 1554 2551 ,
1576 2518 1601 2547 &
1612 2517 1646 2545 ab
1659 2516 1713 2546 illis
1724 2517 1882 2551 diligamur.

1302 2554 1361 2585 Sibi
1374 2555 1489 2584 charum
1507 2554 1560 2583 effe
1574 2576 1582 2590 ,
1604 2554 1714 2591 seseque
1734 2554 1860 2591 diligere.
1903 2554 1961 2584 Cic.
1973 2565 1997 2591 ς.
2010 2555 2045 2584 de
2054 2555 2143 2587 Finib.
2154 2566 2199 2593 29.
2233 2558 2336 2589 Eorum
2349 2562 2427 2591 enim

1321 2593 1360 2622 est
1374 2593 1433 2622 haec
1441 2592 1563 2629 querela,
1585 2592 1629 2627 qui
1642 2591 1689 2621 sibi
1700 2591 1775 2621 chari
1783 2592 1845 2627 sunt
1855 2615 1863 2630 ἲ
1877 2591 1988 2629 seseque
1998 2593 2127 2630 diligunt.
2149 2595 2215 2627 Ter.
2226 2597 2303 2628 Adel.
2320 2607 2423 2636 1.1.a4.

1398 2629 1430 2660 In
1447 2640 1482 2660 eo
1494 2639 1538 2659 nie
1550 2629 1662 2659 oblecto
1674 2653 1681 2665 ,
1699 2629 1791 2659 'solum
1806 2630 1834 2658 id
1845 2631 1882 2659 est
1893 2630 2005 2660 charum
2020 2631 2099 2662 mihi.

1303 2667 1393 2698 Nobis
1407 2668 1500 2698 vivere
1511 2668 1585 2697 chari
1593 2667 1732 2697 volumus.
1756 2668 1823 2697 Hor.
1840 2677 1862 2697 1.
1879 2668 1962 2706 Epist.
1978 2679 2000 2705 3.
2017 2678 2062 2705 29·

1303 2705 1433 2744 Compar.
1457 2704 1545 2735 Valer.
1560 2711 1585 2739 8.
1604 2706 1702 2743 Argon.
1724 2715 1764 2734 i2.

1497 2758 1536 2764 ·—
1544 2752 1579 2772 ne
1589 2744 1672 2773 crede
1685 2750 1781 2781 pater:
1802 2753 1861 2772 non
1873 2743 1981 2773 charior
1990 2743 2039 2774 ille
2051 2743 2108 2780 est,

1384 2781 1479 2817 Quem
1489 2780 1634 2818 sequimur.

1304 2819 1378 2848 Auro
1389 2819 1497 2848 charior
1507 2819 1625 2854 juvenis.
1649 2818 1742 2849 Tibul.
1752 2819 1803 2848 lib.
1816 2829 1838 2848 1.
1852 2823 1878 2854 8.
1890 2827 1934 2855 31.

1305 2855 1382 2886 Luce
1392 2856 1508 2886 charior.
1529 2856 1626 2886 Claud.
1642 2857 1677 2886 de
1690 2856 1759 2886 Bell.
1772 2857 1833 2886 Get.
1847 2862 1910 2893 308.

1304 2893 1379 2924 Mihi
1389 2904 1433 2924 me
1445 2894 1563 2924 charior.
1587 2894 1670 2925 Ov'id.
1685 2905 1707 2930 ς.
1720 2895 1799 2924 Trist.
1817 2905 1859 2930 14.
1873 2905 1898 2924 2.

1303 2932 1403 2971 Necte
1413 2932 1482 2961 mihi
1493 2932 1600 2961 charior
1608 2932 1686 2962 alter.
1709 2933 1794 2963 Ovid.
1808 2942 1832 2968 ζ.
1847 2932 1927 2962 Trist.
1938 2935 1965 2962 6.
1980 2940 2005 2970 3.

1305 2969 1405 2999 Oculis
1416 2970 1533 2999 charius.
1556 2970 1644 2999 Catul.
1664 2980 1725 3000 101.
1735 2980 1761 3000 2.

1304 3006 1367 3037 Vita
1377 3007 1495 3037 charior.
1518 3007 1575 3037 Cic.
1587 3008 1621 3037 ad
1632 3008 1710 3045 Quir.
1723 3008 1784 3046 post
1793 3007 1851 3037 red.
1864 3016 1888 3037 2.
1905 3007 1977 3037 Mihi
1986 3012 2050 3037 vero
2060 3009 2086 3038 8<
2095 3014 2209 3046 propter
2218 3009 2425 3050 indulgentiam

1323 3054 1431 3080 meam,
1452 3046 1479 3075 81
1491 3053 1605 3083 propter
1617 3046 1757 3076 excellens
1769 3055 1866 3074 eorum
1877 3045 2020 3082 ingenium
2032 3047 2087 3076 vita
2102 3046 2164 3076 sunt
2174 3056 2234 3077 mea
2245 3050 2392 3081 chariores.

1303 3082 1419 3121 Superl.
1435 3082 1646 3114 Charisianus&
1658 3083 1865 3113 amantissimus.
1899 3084 1957 3112 Cic.
1970 3095 1998 3118 4.
2012 3084 2042 3112 in
2051 3083 2135 3113 Catil.
2152 3094 2174 3120 3.
2198 3086 2258 3115 Nec
2266 3095 2358 3117 tamen
2371 3098 2425 3127 ego

1322 3120 1383 3149 sum
1395 3120 1443 3150 ille
1454 3121 1572 3157 ferreus,
1594 3122 1641 3159 qui
1655 3122 1744 3152 fratris
1758 3120 1906 3152 charissimi
1916 3127 1998 3158 atque
2014 3121 2188 3151 amantissimi
2199 3124 2340 3160 praesentis
2355 3135 2425 3157 mce-

1325 3168 1386 3188 rore
1396 3168 1454 3187 non
1465 3168 1584 3188 movear.

1305 3195 1484 3226 Charissimiis
1496 3198 1521 3226 &
1533 3196 1719 3226 amicissimus.
1741 3196 1800 3226 Cic.
1814 3204 1840 3225 2.
1856 3196 1891 3224 de
1903 3195 1980 3225 Orat.
1991 3206 2035 3231 ις.
2058 3196 2153 3233 Quum
2163 3198 2238 3236 apud
2246 3208 2291 3230 me
2301 3201 2425 3234 viderem

1321 3233 1453 3264 'nomines
1460 3234 1531 3264 mihi
1542 3234 1714 3264 charissimos
1725 3236 1750 3265 &
1763 3233 1939 3263 amiciffimos
1949 3255 1957 3267 .
1981 3235 2034 3263 ἃς.

1305 3271 1410 3301 Charus
1420 3282 1470 3309 pro
1482 3272 1609 3302 Pretioso.
1650 3273 1680 3302 V.
1703 3282 1722 3301 c
1734 3282 1751 3301 A
1761 3281 1776 3300 a
1787 3281 1805 3300 u
1815 3281 1836 3300 s.
1870 3271 1934 3307 Quo
1945 3273 1971 3300 δι
1983 3270 2120 3308 superiora
2129 3293 2137 3306 ,
2157 3273 2184 3302 ἃ
2196 3272 2248 3310 seq.
2268 3275 2347 3306 refer.

1268 3306 1292 3337 C
1302 3319 1322 3338 H
1332 3313 1349 3338 Ti
1359 3319 1376 3338 a
1387 3311 1455 3339 iTA
1465 3319 1477 3339 s
1490 3332 1498 3345 ‚
1518 3311 1578 3339 fitis.
1600 3310 1618 3339 f.
1641 3306 1772 3346 [apol-mr]
1792 3309 1895 3337 dicitur
1911 3309 2010 3343 Amor,
2041 3307 2088 3338 sed
2103 3316 2212 3339 tantum
2230 3311 2378 3343 hominum
2393 3315 2426 3347 in

1302 3345 1433 3377 homines
1443 3369 1451 3382 ,
1473 3349 1498 3377 ὁὶ
1509 3348 1624 3385 quidem
1635 3347 1788 3377 secundum
1798 3345 1975 3383 personarum
1987 3346 2160 3383 dignitatem.
2190 3349 2248 3379 Cic.
2263 3349 2298 3380 de
2313 3353 2423 3384 Amicit.

1305 3394 1351 3422 27.
1374 3384 1496 3414 Primum
1506 3395 1541 3414 ex
1552 3395 1582 3414 ea
1594 3385 1736 3419 charitate,
1745 3392 1804 3421 quae
1813 3383 1851 3413 est
1862 3384 1934 3412 inter
1950 3390 2029 3414 natos
2042 3386 2068 3414 &
2082 3392 2228 3422 parentes:
2251 3398 2311 3424 quae
2319 3390 2423 3427 dirimi,

1304 3422 1355 3451 nisi
1366 3423 1518 3452 detestabili
1530 3423 1630 3452 scelere
1641 3432 1697 3451 non
1709 3422 1807 3459 potest.

1304 3460 1336 3490 In
1346 3460 1479 3490 charitate
1490 3460 1544 3490 esse
1557 3482 1565 3496 ‚
1586 3460 1707 3489 Cliarum
1717 3459 1780 3488 esse.
1825 3457 1883 3487 Liv.
1899 3468 1922 3488 1.
1934 3463 2056 3500 39.extr.
2078 3458 2112 3488 Et
2127 3470 2246 3498 puerum
2267 3463 2297 3493 in
2310 3465 2395 3495 domo
2407 3476 2424 3496 a

1323 3502 1407 3536 parvo
1421 3500 1553 3527 edut‘tum
1563 3519 1571 3532 ,
1592 3499 1620 3526 in
1636 3497 1768 3526 charitate
1779 3502 1862 3533 atque
1871 3495 1978 3525 honore
1989 3496 2076 3525 tuisse.

1303 3535 1511 3566 Benevolentiae
1524 3536 1648 3564 charitas.
1690 3534 1749 3563 Cic.
1762 3534 1797 3563 de
1805 3534 1913 3562 Amicit.
1926 3543 1936 3568 3
1946 3545 1968 3562 i.
1991 3533 2041 3571 ipsi
2049 3540 2142 3564 autem
2151 3535 2339 3575 intelligamus
2349 3551 2364 3570 a
2373 3551 2425 3571 na.

1322 3580 1383 3603 tura
1392 3574 1468 3611 gigni
1477 3572 1581 3602 sensum
1597 3572 1754 3609 diligendi,
1774 3573 1801 3601 &
1816 3571 2021 3603 benevolentiae
2039 3571 2203 3604 charitatem
2215 3597 2224 3611 ,
2242 3578 2313 3607 fasta
2324 3579 2430 3616 signifi-

1326 3612 1436 3641 catione
1454 3611 1607 3649 probitatis.

1305 3648 1461 3679 Hominum
1472 3648 1598 3677 charitati
1611 3646 1791 3684 parcendum.
1812 3645 1872 3675 Cic.
1885 3655 1909 3676 1.
1920 3646 1955 3675 de
1964 3647 2042 3676 Orat.
2055 3657 2118 3684 237.
2141 3649 2313 3682 Parcendum
2322 3654 2360 3683 est
2375 3665 2422 3684 au.

1306 3718 1309 3720 ,
1325 3695 1381 3716 tem
1392 3687 1512 3715 maxime
1521 3685 1645 3714 charitati
1655 3684 1811 3715 hominum.
1822 3693 1858 3712 ne
1870 3691 1973 3714 temere
1986 3685 2016 3713 in
2028 3695 2077 3714 ecs
2087 3687 2172 3721 dicas,
2194 3691 2244 3725 qui
2256 3692 2420 3725 diliguntur.

1305 3723 1466 3753 Liberorum
1476 3721 1793 3758 charitas.Cic.Brut.Ep.
1803 3731 1809 3749 1
1818 3721 1896 3750 2.Sed
1904 3723 1959 3751 hoc
1966 3723 2098 3759 -praeclare
2107 3724 2214 3758 leuibus
2230 3725 2423 3759 comminatum.

1325 3761 1364 3790 est
1375 3783 1384 3796 ‚
1406 3768 1437 3789 ut
1453 3761 1570 3789 charitas
1581 3760 1728 3788 liberorum
1742 3759 1887 3788 amiciores
1895 3767 2025 3797 parentes
2036 3762 2207 3799 Reipublicae
2218 3760 2352 3796 redderet.

1305 3798 1403 3828 Patriae
1414 3798 1538 3828 charitas.
1581 3798 1639 3826 Cic.
1653 3806 1702 3836 pro
1714 3799 1779 3826 δεῖν.
1798 3807 1840 3829 tr.
1865 3797 2051 3835 l'atriamque,
2072 3808 2132 3837 quae
2151 3801 2220 3831 mihi
2237 3812 2295 3833 efge
2304 3804 2424 3834 charmi,

1325 3846 1388 3870 ma,
1410 3835 1610 3873 propteripsius
1620 3835 1714 3872 patrice
1730 3835 1892 3864 charitatem
1903 3857 1912 3871 ,
1932 3835 2096 3873 reliquissem
2109 3860 2117 3872 ,
2133 3840 2184 3868 ἃς.
2223 3846 2226 3851 ’

1306 3872 1478 3910 Reipublicae
1491 3873 1624 3902 charitate
1634 3873 1733 3901 facere.
1774 3871 1833 3901 Cic.
1849 3882 1890 3901 11.
1910 3873 2025 3912 Philippv
2041 3885 2086 3904 20.
2116 3876 2178 3904 Nori
2198 3878 2306 3914 poffum
2326 3879 2423 3908 animo

1325 3920 1404 3946 aequo
1417 3911 1509 3940 videre
1518 3918 1559 3939 tor
1576 3932 1583 3944 ‚
1604 3917 1660 3939 tam
1672 3910 1848 3947 importunos
1858 3932 1865 3945 ‚
1887 3918 1944 3941 tarn
1953 3911 2099 3943 sceler-aros
2109 3913 2200 3944 hostes
2209 3936 2218 3952 ,
2237 3925 2292 3946 nec
2307 3917 2336 3945 id
2349 3917 2424 3946 fasti-

1324 3948 1374 3977 dio
1386 3955 1450 3978 meo
1464 3970 1474 3985 ‚
1493 3947 1541 3978 sed
1550 3948 1685 3978 charitate
1694 3946 1878 3987 Reipublicae.

1802 3985 1829 4016 R
1837 3996 1850 4016 1
1857 3996 1870 4015 1
1889 3995 1907 4017 2
2339 3989 2426 4029 Aptis-
