2600 4177
549 107 579 141 C
676 107 710 142 U
806 105 841 140 N

139 185 278 217 Perfeclus
287 187 371 226 plene
382 187 587 224 cumulateque.
627 187 685 216 Cic.
700 197 726 216 2.
740 187 775 216 de
789 187 882 217 Divin.
895 197 921 217 2.
944 186 1014 223 Quae
1028 193 1059 216 ut
1072 185 1156 224 plene
1167 193 1263 214 cumu-

161 225 270 253 lateque
284 227 404 263 perfecta
419 248 427 259 ,
448 226 484 254 de
495 225 669 254 divinatione
680 224 788 261 ingressi
799 224 891 254 sumus
900 226 943 254 his
955 225 1031 254 libris
1042 224 1169 254 scribere.

143 261 272 299 Compar.
293 272 340 293 ut.
366 265 468 299 Augere
479 262 654 290 cumulatius.
679 262 737 291 Cic.
748 263 776 291 in
793 262 870 291 Orat.
886 273 929 297 54.

142 299 250 333 Superi.
293 301 403 329 Referre
414 300 527 335 gratiam
539 299 758 328 cumulatissime.
780 300 839 329 Cic.
855 312 878 335 ς.
896 300 970 329 Fam.
989 309 1030 328 11.
1052 299 1114 328 Nec
1130 298 1206 327 enim
1216 296 1267 325 mi-

164 337 192 365 hi
202 345 231 365 tu
241 337 357 366 habuisti
372 337 457 365 modo
472 337 586 372 gratiam
595 359 602 370 ,
623 346 718 366 verum
729 338 813 366 etiam
824 337 1038 367 cumulatissime
1050 336 1172 365 retulisti.

108 371 344 403 Cuncti-rim
358 394 366 407 ‚
397 373 464 402 Adv.
487 370 703 409 [πωεώμᾚως]
734 375 783 404 Ρο1
807 375 944 405 cumulos.
985 374 1061 403 Varr.
1080 383 1105 409 3.
1122 373 1158 402 de
1180 372 1211 401 R.
1232 371 1267 400 R.

146 420 206 454 cap.
224 422 265 445 15.
289 410 399 448 Quibus
411 411 581 446 intenebris,
602 421 688 448 quum
699 412 862 442 cumulatim
873 412 992 451 politum
1002 412 1080 441 estin
1093 410 1186 445 doliis,
1196 409 1268 438 fiunt

148 457 275 485 pingues.

111 483 357 550 Ctivigucirro,
379 486 450 517 finis.
473 487 492 516 f.
513 486 703 517 Coacervatio.
726 493 776 523 ut,
799 487 952 518 Buccarum
975 485 1139 517 cumulat-io.
1165 483 1269 514 Arnob.

190 544 196 551 .
211 531 235 558 3.
248 532 274 557 p.
290 528 350 557 108.

111 557 134 588 C
145 563 328 603 unanima,
350 561 418 591 Adv.
440 561 518 591 Idem
529 562 604 600 quod
617 562 715 592 Valde.
731 576 734 577 ⁷
751 562 824 593 Gell.
836 561 885 591 lib.
901 571 944 598 17.
957 572 1017 600 cap.
1028 571 1054 591 2.
1085 561 1158 591 Nam
1178 560 1217 590 M.
1231 560 1274 588 in.

149 603 224 634 quit,
247 598 371 628 Manlius
382 622 389 634 ,
414 609 496 634 quem
508 600 679 638 Capitolium
688 600 802 630 servasse
817 610 832 629 a
851 600 938 629 Gallis
948 600 1028 638 supra
1038 599 1145 628 ostendi
1156 621 1163 632 ,
1186 596 1275 631 cuius-

149 643 204 668 que
213 645 325 673 operam
335 646 400 666 cum
407 637 447 666 M.
460 637 542 667 Furio
557 638 699 667 Dictatore
710 639 786 676 apud
798 638 893 667 Gallos
907 638 1062 676 cumprime
1078 638 1178 666 fortem
1190 658 1198 668 ,
1220 636 1273 665 &c.

148 669 184 700 Et
194 674 277 711 paulo
290 675 367 712 post,
390 675 520 712 Apprime
537 675 662 705 crebrius
681 676 719 705 est
731 698 740 710 ,
762 676 924 713 Cumprime
939 677 1038 705 rarius:
1062 675 1277 710 traductumque

149 712 298 786 {xuii’eigg
314 712 746 780 ι113011011111111111113(1100113111,
767 723 820 752 pro
834 723 870 743 eo
889 714 967 751 quod
989 713 1028 750 est
1044 712 1077 742 ln
1096 712 1203 751 primis.
1244 710 1274 739 V.

555 828 586 863 C
682 828 715 863 U
811 828 849 864 N

115 898 140 929 C
147 901 166 929 u
175 908 196 929 Ν
205 911 228 930 n
237 922 246 936 ‚
255 911 354 945 arum.
376 903 396 932 f.
418 902 489 941 plur.
511 908 619 932 tantum
630 903 737 932 numeri
750 924 758 937 ,
780 899 913 938 [welhe
934 902 1034 938 λῖιιηι]
1053 902 1129 932 Lecti
1139 902 1168 932 in
1180 901 1281 939 quibus

151 946 245 974 jacent
254 940 381 969 infantes.
421 940 481 970 Cic.
493 941 529 970 de
539 941 649 970 Senec’t.
662 945 707 976 83.
729 939 763 969 Et
772 940 790 969 si
799 941 860 978 quis
870 941 938 970 deus
949 941 1018 970 mihi
1034 940 1163 978 largiatur
1173 961 1182 976 ,
1202 945 1234 969 ut
1243 947 1280 969 ex

152 977 206 1006 hac
217 983 297 1006 :etate
307 977 497 1015 repuerascam
505 1000 514 1013 ,
536 980 562 1009 &
574 979 603 1007 in
614 979 694 1007 cunis
701 979 809 1015 vagiarn
821 1000 830 1015 ,
849 978 932 1008 valde
942 977 1076 1008 recusem.

153 1014 296 1044 Cunarum
308 1022 409 1045 motor.
431 1015 552 1046 Martial.
563 1016 615 1045 lib.
629 1025 670 1045 rr.
682 1025 728 1050 ⁴0·

246 1052 388 1083 Cunarum
397 1054 603 1089 fuerasmotor,
624 1053 810 1090 charidewe,
830 1062 976 1090 mearum,

285 1090 319 1119 Et
327 1092 407 1128 pueri
417 1092 522 1127 custos,
543 1093 596 1121 &c.

153 1125 284 1157 Eximere
295 1138 411 1166 puerum
423 1129 513 1159 cunis.
534 1128 602 1159 Pers.
613 1137 639 1158 2.
652 1128 708 1158 Sat.
720 1137 734 1165 3
742 1137 766 1159 1.

154 1164 266 1195 Violare
276 1176 370 1197 curias.
394 1166 478 1196 Ovid.
489 1170 515 1197 6.
528 1167 594 1197 Fast.
609 1170 669 1202 167.

249 1203 310 1233 Post
319 1203 390 1234 illud
401 1214 492 1242 neque
505 1214 568 1234 aves
580 1213 666 1234 cunas
681 1202 795 1234 violaffe
804 1203 938 1235 feruntur.

154 1240 242 1271 Filius
252 1248 330 1271 tener
339 1243 369 1271 in
379 1243 469 1272 cunis.
490 1242 575 1272 Ovid.
586 1252 614 1277 4.
629 1242 695 1271 Fast.
708 1253 722 1277 5
731 1251 774 1271 12.

154 1279 254 1310 Primis
263 1281 343 1310 cunis
353 1280 481 1310 educare.
505 1279 590 1310 Ovid.
601 1289 627 1316 3.
641 1279 711 1309 Met.
724 1288 788 1316 313.

237 1317 343 1385 {grtim
353 1317 433 1347 illum
443 1317 539 1356 primis
547 1318 600 1347 Ino
611 1323 756 1348 matertera
765 1318 846 1348 cunis

278 1361 351 1385 ucat.

155 1392 343 1430 Segmentatae
353 1402 444 1423 cunae.
464 1393 480 1430 J
483 1403 565 1424 uven.
574 1397 600 1424 6.
613 1394 668 1424 Sat.
680 1400 726 1430 89.

157 1430 245 1460 Cunae
255 1453 263 1466 ,
284 1441 335 1469 pro
345 1432 442 1461 Avium
453 1432 532 1462 nido.
554 1432 639 1462 Ovid.
654 1441 679 1469 3.
688 1431 769 1462 Trist.
781 1440 825 1462 12.
835 1437 880 1463 re.

238 1469 331 1506 thue
340 1469 420 1499 malae
431 1470 537 1499 crimen
550 1471 644 1500 matris
654 1471 779 1509 deponat
792 1470 834 1499 hir
875 1469 913 1499 do
921 1492 932 1505 ,

275 1507 334 1537 Sub
345 1507 470 1537 trabibus
478 1517 565 1538 cunas
575 1530 584 1544 ,
604 1519 744 1546 parvaque
759 1510 836 1537 tecta
865 1509 930 1538 acit.
1024 1506 1119 1539 Curiae
1136 1512 1220 1539 vocat
1239 1505 1289 1538 Hi-

176 1544 346 1574 rundiriinos
354 1545 447 1575 nidos.
488 1546 561 1575 Nota
571 1546 610 1576 est
619 1546 713 1576 fabula
723 1546 844 1584 Prognes
853 1568 862 1582 ,
883 1556 944 1584 quae
953 1546 1018 1584 Ityn
1029 1546 1117 1577 filium
1126 1547 1269 1576 interfecit
1279 1566 1288 1582 ,

177 1582 215 1611 ob
224 1583 254 1612 id
265 1583 294 1612 in
304 1582 484 1613 hirundinem
491 1583 574 1614 versa.

157 1618 298 1658 Singulari
308 1628 401 1651 autem
414 1621 477 1651 usus
489 1622 528 1651 est
539 1621 721 1657 Prudentius,
741 1621 796 1652 live
805 1621 928 1659 quisquis
944 1622 1041 1651 auctor
1053 1622 1092 1652 est
1107 1621 1243 1661 Diptycbi
1257 1631 1287 1651 11.

121 1691 145 1722 c
155 1658 636 1736 ..2²35Eiaesei'tffe‘ss‘ssfifflaffit
657 1659 1048 1734 ἕὲυῗιέἳῗόἒῶῗζὶὸῗῗὲ.

300 1718 309 1732 ς
410 1720 416 1727 ι
451 1720 457 1727 ι
511 1720 519 1727 ·
632 1721 638 1728 .
785 1720 791 1727 -
904 1717 906 1719 ’
928 1720 935 1728 0
966 1719 972 1727 α

252 1735 332 1766 Fletu
342 1734 505 1765 madescunt
514 1736 694 1775 parvulorum
704 1735 825 1765 cunulae.

124 1770 149 1801 C
161 1775 361 1809 υΝῑιΒῠιΑ,
381 1777 472 1803 (irum.
494 1783 522 1804 n.
544 1774 583 1812 pl.
605 1769 761 1810 [walaia]
782 1773 869 1803 Idem.
890 1773 948 1802 Cic.
962 1783 985 1803 1.
1007 1773 1043 1803 de
1058 1772 1153 1803 Divin.
1167 1781 1213 1810 79.
1232 1773 1293 1810 Qui

159 1811 330 1879 &in-effa
340 1812 369 1842 in
380 1811 527 1843 cunabulis
536 1834 545 1849 ,
564 1812 785 1850 educareturque
795 1812 826 1841 in
836 1810 953 1841 Solonio
966 1833 976 1848 ,
997 1811 1045 1849 qui
1058 1811 1096 1841 est
1107 1821 1223 1850 campus
1234 1812 1294 1850 agri

218 1858 268 1879 ini.

160 1887 182 1917 A
194 1887 350 1918 cunabulis.
377 1888 406 1918 h.
420 1897 445 1918 e.
465 1889 488 1918 A
498 1888 616 1925 pueritia
626 1909 635 1923 ‚
655 1888 689 1918 ab
700 1897 733 1918 ea
748 1891 827 1917 aetate
838 1896 898 1923 quae
909 1887 939 1916 in
955 1886 1102 1917 cunabulis
1120 1887 1219 1926 agitur,
1240 1892 1292 1924 ut,

179 1926 355 1956 Acunabulis
365 1926 467 1964 sapere.
488 1927 573 1956 Plaut.
587 1925 682 1956 Pseud.
693 1935 720 1955 2.
735 1936 761 1961 4.
781 1929 827 1961 48.

160 1964 185 1994 A
199 1964 296 2001 primis
307 1964 461 1994 cunabulis.
500 1964 639 1995 Columel.
654 1974 678 1994 1.
691 1973 717 2000 3.
739 1964 836 2000 Quum
851 1973 866 1993 a
876 1963 974 2001 primis
985 1962 1148 1999 cunabulis,
1168 1962 1188 1992 {i
1206 1963 1294 1993 modo

181 2000 275 2031 liberis
285 2003 447 2040 parentibus
457 2002 496 2032 est
507 2002 642 2032 oriundus
652 2024 661 2038 ,
682 2001 779 2032 audire
789 2002 922 2039 potuerit.

161 2038 195 2071 In
206 2040 353 2070 cunabulis
367 2046 476 2071 creatus
492 2039 614 2071 Consul:
636 2040 684 2071 cui
702 2039 857 2078 opponitur
869 2038 904 2069 In
921 2048 1023 2077 campo
1038 2044 1154 2070 creatus.
1193 2038 1253 2069 Cic.
1266 2047 1294 2069 2.

179 2084 278 2108 eontra
288 2078 363 2108 Rull.
376 2088 441 2108 100.

161 2115 309 2146 Cunabula
321 2117 424 2146 avium.
446 2115 515 2147 Plin.
527 2116 578 2147 lib.
592 2124 637 2145 10.
647 2126 708 2154 cap.
720 2125 765 2153 33.

162 2154 325 2191 Cunabula,
345 2164 397 2192 pro
406 2154 496 2184 Initiis
507 2153 599 2193 posuit
609 2154 683 2192 Virg.
695 2163 719 2191 3.
734 2154 796 2184 AEn.
811 2162 876 2191 2ος.

258 2193 343 2237 Moris
354 2193 444 2223 Idaeus
464 2192 529 2229 ubi,
551 2194 578 2223 &
599 2193 691 2230 gentis
706 2191 846 2222 cunabula
864 2191 973 2222 nostrae.
1066 2190 1179 2223 Servius
1197 2191 1296 2222 Nutri-

183 2238 278 2261 menta
288 2237 495 2269 interpretatur.

163 2268 310 2298 Cunabula
318 2270 395 2306 juris.
416 2268 591 2307 Pomponius
599 2268 628 2298 in
641 2268 660 2297 l.
670 2276 697 2298 2.
710 2269 732 2307 ξ.
745 2268 848 2297 deinde
857 2267 966 2298 Sextus.
978 2266 1013 2297 D.
1023 2266 1058 2297 de
1066 2268 1164 2305 origin.
1177 2267 1255 2303 juris.

163 2306 311 2337 Cunabula
320 2329 329 2342 ‚
349 2306 425 2345 apud
434 2306 561 2337 Plautum
570 2306 633 2336 sunt
643 2306 741 2336 Fasciae
749 2308 774 2336 &
784 2306 870 2343 panni
880 2327 888 2339 ,
913 2305 1013 2343 quibus
1024 2307 1103 2343 pueri
1118 2306 1147 2334 in
1162 2306 1292 2335 0111113111-

181 2344 333 2414 ἍοΙνυέῐιπ
345 2367 354 2381 ,
384 2344 583 2382 involucraque
600 2354 699 2375 eorum
717 2344 797 2374 lanea
819 2345 845 2374 ἃ
863 2344 957 2374 lintea.
997 2343 1044 2373 Sic
1061 2344 1139 2373 enim
1154 2341 1249 2373 scribit
1265 2344 1297 2373 in

210 2393 237 2412 m
282 2406 288 2412 .
306 2393 330 2418 ς.
345 2392 369 2413 1.
401 2392 427 2412 2.

240 2393 362 2459 pNeque
373 2394 438 2451 gum
448 2420 590 2458 quisquam
600 2420 689 2457 quivit
697 2418 831 2457 colligare
842 2419 870 2449 in
877 2418 1034 2449 cunabulis.
1130 2419 1201 2449 Nam
1211 2419 1239 2448 in
1250 2428 1299 2448 cu-

186 2459 230 2489 nis
239 2460 318 2497 pueri
328 2458 505 2489 incunabulis
516 2458 634 2489 involuti
646 2457 824 2497 colligantur.
847 2457 1005 2487 Turnebus.
1032 2456 1074 2487 Al.
1095 2456 1297 2494 incunabulis,

186 2505 257 2527 voce
267 2497 430 2535 compofita.
453 2506 481 2534 q.
501 2496 534 2525 V.

129 2534 155 2566 C
164 2537 183 2565 ῦ
191 2545 211 2565 Ν
219 2539 238 2565 ἰ
247 2545 265 2564 R
273 2546 284 2564 1
292 2545 330 2572 A,
348 2545 381 2565 ae.
401 2535 422 2565 f.
444 2534 554 2565 Ancilla
562 2556 571 2571 ,
591 2543 652 2572 quae
663 2543 753 2602 1131111ἳιγςΙ
765 2532 908 2564 movebat.
930 2533 1038 2563 Gruter.
1049 2531 1176 2572 Inscript.
1189 2544 1218 2572 p.
1231 2542 1294 2570 31¹·

264 2610 381 2642 TEIAE.
407 2609 584 2641 TREPTAE.
613 2610 751 2640 SOROR.
781 2609 942 2640 PllSSlME.
975 2608 1166 2641 CVNARIAE.

348 2648 514 2680 RUFINAE.
545 2648 575 2678 V.
598 2648 631 2678 V.
654 2647 824 2678 GLYPTVS.
854 2646 1004 2677 FRATER.
1029 2648 1081 2677 &c.

135 2687 185 2719 C&
193 2691 233 2718 Νῑ
242 2697 264 2717 N
272 2697 293 2717 A
303 2709 312 2722 ,
333 2697 363 2717 ae.
386 2687 406 2716 f.
429 2687 487 2717 Dea
495 2692 554 2716 erat
563 2686 638 2724 apud
648 2693 756 2716 veteres
764 2708 772 2722 ,
794 2695 854 2723 quae
864 2685 984 2715 infantes
992 2686 1021 2714 in
1032 2685 1112 2715 cunis
1122 2685 1195 2715 tueri
1204 2685 1300 2715 crede-

104 2727 105 2737 *
173 2727 270 2760 batur,
291 2725 460 2756 &fascinum
469 2725 653 2754 summovere.
675 2726 778 2754 Auctor
789 2723 949 2753 Lactantius
968 2733 992 2753 1.
1009 2733 1055 2753 20.
1076 2723 1112 2753 ad
1123 2722 1171 2754 fin.
1193 2723 1298 2754 Eadem

171 2774 251 2802 paene
264 2764 404 2802 Augustin.
415 2772 450 2793 011
460 2763 601 2797 Varrone,
621 2772 673 2792 nec
687 2761 779 2792 semel.
807 2762 838 2791 V.
860 2762 935 2791 Non.
945 2771 972 2791 2.
984 2765 1050 2798 756.

134 2802 183 2833 Cu
194 2812 213 2832 Ν
223 2811 295 2832 cru
306 2812 337 2838 s,
361 2811 393 2837 a,
414 2811 472 2831 um.
495 2801 556 2834 Adi.
579 2797 729 2837 [σύμ-ητις]
750 2800 790 2830 Ad
800 2799 904 2837 singula
921 2809 981 2837 quae
996 2800 1067 2829 ratio
1081 2799 1205 2829 nominis
1222 2807 1299 2830 coni-

167 2840 317 2880 plectitur,
337 2840 490 2877 generatim
500 2839 625 2869 refertur.
648 2839 720 2876 Virg.
737 2848 760 2867 1.
776 2838 876 2876 Georg.
895 2846 958 2874 343.

261 2877 429 2907 Cunctatibi
441 2877 569 2907 Cererem
583 2876 671 2914 pubes
687 2876 796 2914 agrestis
813 2877 919 2906 adoret.
1002 2874 1061 2904 Cie.
1083 2875 1180 2912 Anteq.
1197 2875 1250 2904 iret
1266 2875 1297 2904 in

168 2914 236 2945 exil.
253 2924 294 2951 13.
317 2916 461 2952 Quoniam
470 2915 594 2945 laborem
606 2925 657 2952 pro
669 2915 777 2944 cunctis
787 2913 858 2943 ferre
869 2913 1022 2943 consuevit.

168 2954 246 2985 Inter
255 2953 357 2983 Cunc'ti
368 2955 394 2984 &
408 2954 525 2984 Omnes.
563 2952 664 2983 Cuncti
685 2952 818 2990 significat
835 2952 949 2988 quidem
965 2951 1074 2980 Omnes
1086 2972 1094 2982 .
1115 2950 1162 2980 sed
1179 2950 1298 2987 conjun-

190 2993 251 3060 ftos
266 2993 490 3059 &Pcngregatos
530 2990 564 3020 At
574 3000 642 3021 vero
652 2990 761 3020 Omnes
772 2990 904 3020 dicuntur
915 3011 924 3027 ,
945 2990 1029 3019 etiam
1044 2987 1063 3018 si
1075 2988 1169 3018 sintin
1185 2988 1299 3019 diversis

203 3038 271 3060 ocis.
317 3038 331 3059 e
355 3040 397 3060 us.

170 3069 307 3106 Egyptus
319 3069 429 3097 cuncta.
450 3067 510 3096 Cic.
523 3075 549 3096 2.
566 3066 601 3095 de
612 3066 684 3104 Lege
695 3066 753 3104 Agr.
763 3074 811 3101 41.

170 3107 276 3137 Civitas
288 3107 397 3136 cuncta.
437 3105 496 3134 Cic.
507 3113 534 3134 2.
545 3103 665 3143 Philipp.
677 3113 723 3134 21.
744 3103 777 3134 In
787 3108 865 3133 tanta
881 3101 978 3134 laetitia
993 3103 1102 3133 cunc-tae
1118 3102 1239 3132 civitatis
1252 3110 1300 3133 me

190 3154 278 3173 unum
284 3144 390 3173 tristem
400 3143 456 3173 effe
466 3142 635 3180 oportebat?

173 3182 260 3212 Gens.
284 3182 355 3218 Virg.
371 3190 395 3217 3.
411 3181 511 3218 Georg.
523 3188 587 3216 473.

172 3220 254 3286 ordio
262 3221 390 3287 0111161υέ.
430 3218 489 3248 Cic.
501 3226 526 3255 3.
539 3218 575 3248 de
586 3217 680 3255 Legib.
694 3225 738 3254 32.
762 3217 851 3255 Atque
861 3215 922 3246 haec
930 3215 978 3246 lex
988 3214 1104 3246 dilatata
1119 3215 1149 3245 in
1166 3216 1302 3246 cunctum

191 3267 223 3287 or
246 3267 321 3287 inem
332 3278 341 3289 ,
381 3266 406 3287 c.

173 3295 304 3333 Populus.
325 3295 384 3325 Cic.
397 3303 421 3331 3.
431 3293 508 3324 Fam.
520 3302 565 3324 11.

173 3333 327 3364 Provincia.
350 3332 467 3362 Cic.10.
486 3331 617 3362 ramat,

173 3372 292 3402 Senatus
302 3372 427 3400 cunctus.
451 3369 509 3400 Cic.
522 3381 548 3405 4.
563 3369 640 3399 Fam.
652 3379 681 3406 4.

174 3410 269 3441 Terra.
309 3408 369 3438 Cic.
381 3417 407 3437 2.
418 3407 454 3437 de
465 3407 528 3437 Nat.
540 3407 624 3438 Deor.
637 3417 682 3444 99·
704 3406 797 3437 Nemo
813 3406 945 3436 cunctam
960 3405 1074 3435 intuens
1091 3409 1191 3435 terram
1209 3404 1246 3435 de
1259 3404 1302 3434 di-

194 3450 260 3477 vina
267 3446 374 3477 ratione
385 3445 534 3475 dubitaret.

176 3486 472 3522 Cunctacamporum,
491 3483 510 3512 i.
521 3492 546 3512 e.
567 3482 668 3512 Cuncti
679 3482 783 3520 campi.
802 3480 893 3512 Tacit.
908 3490 933 3517 ς.
946 3479 1015 3510 Hist.
1031 3490 1074 3512 io.

176 3524 283 3554 Cuncta
292 3530 435 3553 terrarum.
458 3521 525 3551 Hor.
535 3530 561 3551 2.
575 3520 667 3550 Carm.
682 3532 705 3550 1.
717 3529 762 3557 23.

270 3561 304 3590 Et
313 3561 412 3590 cuncta
427 3566 562 3588 terrarum
571 3558 682 3588 subacta
693 3580 702 3592 ,

198 3636 215 3665 s
306 3598 406 3628 Praeter
416 3604 538 3627 atrocem
548 3597 675 3626 animum
687 3595 813 3626 Catonis.
899 3593 917 3623 i.
927 3603 951 3623 e.
975 3592 1084 3624 Cuncta
1096 3602 1162 3638 quae‚
1177 3592 1207 3623 in
1224 3593 1306 3624 terris

211 3642 270 3666 unt.

177 3673 282 3705 cuncti
292 3674 415 3704 &Cunei
429 3695 438 3707 ,
458 3672 528 3702 item
542 3671 644 3702 Cuncti
658 3672 684 3702 &
695 3670 790 3707 Juncti
800 3692 809 3704 ,
829 3667 901 3707 saepe
916 3668 1146 3705 confunduntur,
1168 3667 1263 3699 Heini‘.
1277 3668 1305 3699 δε

200 3711 341 3741 Drakenb.
351 3712 385 3741 ad
397 3711 445 3741 Sil.
462 3721 489 3744 4.
505 3720 577 3746 144:
593 3713 617 3739 6.
632 3713 697 3743 690.
711 3711 736 3739 &
747 3718 774 3744 9.
787 3712 853 3743 ⁶4¹·

144 3752 167 3782 C
178 3760 224 3780 υΝ
235 3759 328 3778 ετιΜ
339 3771 347 3784 ,
369 3750 437 3778 Adv.
461 3748 541 3786 Apul.
553 3757 578 3777 2.
601 3747 702 3776 Florid.
718 3756 746 3784 p.
760 3754 823 3783 347.
844 3745 911 3775 Non
931 3743 1068 3782 sigillatim
1091 3753 1124 3773 ac
1144 3743 1283 3774 discretim
1295 3765 1305 3781 ,

183 3788 229 3818 sed
239 3788 362 3816 cunctim
374 3789 399 3816 ἀ
409 3786 595 3816 coacervatim
605 3785 713 3814 offerre.

145 3828 168 3858 C
179 3836 198 3856 υ
207 3836 227 3855 Ν
236 3828 304 3891 ετῐῑ
316 3835 332 3853 1.
342 3835 351 3853 1
360 3834 383 3860 s,
404 3834 429 3854 e.
450 3824 512 3860 Adi.
534 3822 689 3853 Generalis.
702 3821 785 3851 Mart.
797 3819 910 3858 Capella
924 3820 1003 3849 lib.1.
1016 3822 1093 3858 p.16.
1117 3818 1166 3848 Lar
1177 3819 1307 3849 omnium

182 3864 283 3895 cuncta
297 3863 328 3892 is.

145 3903 168 3935 C
180 3909 441 3935 vacuemus,
459 3910 490 3936 a,
511 3909 569 3929 um.
592 3898 655 3932 Adi.
676 3897 766 3928 Idem.
788 3895 871 3926 Mart.
885 3894 1000 3933 Capella
1008 3894 1057 3925 lib.
1070 3904 1096 3932 9.
1117 3904 1146 3934 p.
1163 3896 1226 3931 306.
1249 3893 1308 3924 Ple-

182 3939 282 3970 nitudo
293 3938 458 3968 cuncticinae
468 3937 628 3976 voluptatis.

1727 95 2019 130 CUN
2421 105 2489 141 735

1321 183 1344 212 C
1353 193 1372 211 u
1382 192 1403 211 Ν
1412 191 1428 211 c
1437 190 1456 210 τ
1465 181 1477 210 ἴ
1486 179 1527 209 r'ix'
1537 189 1553 208 11
1562 187 1606 209 nr
1616 188 1628 208 s
1641 201 1649 213 ‚
1670 177 1752 207 entis.
1774 177 1835 213 Adj.
1867 177 1965 205 Parens
1982 177 2110 206 omnium
2131 184 2234 209 natura.
2266 179 2397 209 Prudent.
2421 178 2486 208 Paff.

1358 222 1455 255 Aenet.
1473 229 1498 247 v.
1515 223 1575 251 ¹²8.

1382 251 1393 258 ⁸
1453 256 1504 284 Cui
1518 254 1594 293 poil‘e
1605 254 1655 283 soli
1669 253 1865 290 cunctiparens
1875 251 1964 280 dedit.

1321 295 1344 325 C
1355 304 1403 324 υΝ
1414 295 1620 327 crima-ax,
1641 293 1700 320 tris.
1723 300 1759 320 m.
1783 290 1920 319 Omnium
1935 295 2022 327 pater.
2043 287 2222 319 Tlieodulfus
2234 300 2256 320 1.
2278 291 2368 321 Carm.
2385 301 2409 320 v.
2424 294 2469 325 69.

1452 331 1505 360 Cui
1516 331 1566 359 tria
1577 330 1752 366 cunctipater
1762 327 1852 357 voluit
1862 327 2047 365 superaddere
2056 326 2145 355 lustra.

1323 370 1346 399 C
1357 380 1373 398 υ
1384 379 1403 398 Ν
1412 379 1430 399 c
1439 370 1576 398 vivoru
1587 377 1607 395 Ν
1618 377 1630 395 3
1642 389 1650 401 ,
1668 367 1749 395 entis.
1773 365 1832 401 adj.
1856 366 2055 401 Omnipotens.
2075 364 2203 394 Prudent.
2217 364 2284 395 Pais.
2296 366 2486 402 Quirin.v.<⁶.

1362 407 1424 442 Jesu
1439 406 1645 443 cunctipotens.
1672 404 1749 433 Adde
1760 403 1881 440 Drepan.
1894 403 1986 432 Carni.
2001 403 2037 431 ad
2048 403 2137 431 Amic.

1324 444 1348 474 C
1358 455 1377 473 U
1387 453 1512 474 NCTOR
1522 465 1531 476 ⁴»
1551 444 1653 479 [Imma
1663 463 1671 476 ’
1689 442 1836 476 lugam-mim,
1859 440 2030 475 ἁνιζνζλλομοοα
2040 461 2047 474 ‚
2065 441 2147 473 bieria,
2167 434 2301 473 ω’ὲιμᾙω]
2322 440 2370 468 firi.
2395 440 2493 469 Differ-

1362 492 1403 516 re,
1424 481 1533 510 morari.
1573 480 1706 509 Tractum
1716 479 1750 508 ab
1764 488 1798 508 eo
1810 501 1819 513 ,
1840 479 1915 514 quod
1929 478 2040 512 cuncti,
2063 477 2091 505 id
2104 478 2141 506 est
2152 486 2250 506 omnes
2259 476 2335 505 simul
2346 498 2354 508 .
2374 477 2428 506 sine
2440 477 2493 506 dif-

1363 519 1486 549 ficultate
1497 518 1604 547 moveri
1620 527 1676 546 non
1688 516 1807 554 posl'unt.
1849 516 1984 544 Scribitur
1999 517 2025 544 ἀ
2040 514 2064 543 C
2073 525 2090 544 o
2101 524 2121 544 Ν
2131 523 2175 543 το
2186 525 2202 543 R
2212 536 2221 550 ,
2242 520 2272 543 ut
2286 515 2312 543 δι
2323 515 2441 544 deducta
2459 515 2493 544 ab

1365 567 1400 586 eo
1411 579 1419 591 ,
1440 566 1490 594 per
1506 565 1524 584 0
1534 578 1542 590 ,
1564 555 1620 584 line
1639 565 1662 584 c.
1686 554 1757 590 quasi
1769 564 1783 583 a
1799 554 1892 583 Conto
1903 553 2069 582 derivatum.
2111 553 2143 583 V.
2163 562 2179 582 a
2188 562 2229 582 1111
2238 561 2255 582 c
2265 562 2282 582 0
2291 561 2312 581 Ν
2321 561 2366 580 το
2377 561 2402 581 a.

1365 595 1479 624 Diutius
1490 593 1650 623 cunc'tariin
1663 593 1727 621 vita.
1751 592 1810 621 Cic.
1827 602 1848 620 1.
1863 590 2020 620 Tusc.111.

1366 633 1407 662 Ad
1418 632 1543 661 medium
1555 631 1607 659 iter
1618 630 1751 659 cunctari.
1775 628 1865 658 Valer.
1881 638 1905 663 3.
1923 631 2022 665 Argon.
2035 631 2100 663 656.

1366 670 1473 707 magno
1485 668 1603 704 alicujus
1616 677 1719 696 amore.
1741 666 1828 696 Valer.
1848 675 1871 701 3,
1889 668 1990 704 Argon.
2004 669 2068 696 606.

1367 708 1449 737 Metu
1460 706 1591 736 cunctari.
1614 705 1687 742 Virg.
1704 714 1745 733 12.
1760 706 1821 734 AEn.
1835 707 1900 738 916.

1367 744 1498 774 Haesitare
1510 766 1518 779 ‚
1539 743 1671 773 cunctari.
1709 743 1769 771 Cic.
1785 752 1810 770 2.
1828 742 1857 770 in
1867 741 1946 770 Catil.
1964 750 2006 777 13.
2031 741 2129 777 Quum
2148 740 2300 774 haesitaret.
2321 749 2408 778 quum
2430 749 2501 769 cun-

1388 784 1526 849 ctaretfiir,
1548 780 1656 838 9113111νί
1666 780 1734 816 quid
1745 780 1887 809 dubitaret
1898 778 2033 818 proficisci
2045 789 2079 808 eo
2100 788 2155 815 quo
2176 780 2231 815 jam
2255 778 2364 816 pridem
2381 784 2499 816 pararat.

1385 822 1404 856 '[
1416 822 1456 849 An
1487 826 1575 848 araret
1591 842 1596 847 .

1369 857 1501 888 Cunctari
1510 858 1536 887 &
1545 855 1739 893 Tergiversari.
1761 854 1820 885 Cic.
1831 864 1857 891 7.
1871 855 1924 884 Att.
1939 860 1984 889 81.
2007 856 2048 885 An
2059 855 2175 884 cuncter
2187 855 2213 884 81
2226 853 2386 891 tergiverser
2397 875 2406 889 ,
2427 854 2455 883 6:
2467 852 2501 882 iis

1391 906 1436 925 me
1451 897 1516 925 dem
1530 894 1577 932 qui
1590 900 1706 926 tenent,
1728 894 1777 929 qui
1787 893 1956 930 potiuntur?

1369 933 1563 963 Cunctabatur
1572 941 1618 966 an,
1637 941 1688 968 pro
1699 930 1857 960 Dubitabat.
1881 930 1946 960 vide
1958 930 1986 959 in
2000 930 2099 960 Histor.
2110 929 2235 959 editione
2245 928 2350 958 Franci-1
2374 929 2408 958 H.
2423 929 2463 958 St.

1371 971 1538 1008 Quiescere,
1558 970 1697 1003 cunctari,
1716 969 1826 998 timere.
1865 968 1923 998 Cic.
1936 978 1988 1006 pro
1998 969 2074 998 Sext.
2086 973 2131 1002 81.
2154 969 2196 998 An
2207 968 2293 997 etiam
2304 974 2372 997 tunc
2380 966 2503 1004 quiesce·

1392 1010 1457 1039 retis
1467 1031 1474 1044 ,
1496 1007 1698 1038 cunctaremini
1709 1028 1717 1041 ,
1739 1006 1873 1035 timeretis
1884 1007 1898 1034 ⁶?

1371 1046 1527 1077 Restituere
1537 1056 1596 1075 rem
1606 1044 1776 1075 cunctando.
1798 1044 1869 1080 Virg.
1885 1047 1911 1073 6.
1927 1043 1989 1073 AEn.
2001 1045 2068 1078 846.

1371 1084 1526 1121 Cunctari,
1546 1084 1682 1118 Manere,
1702 1082 1770 1112 teste
1782 1081 1887 1111 Nonio.
1908 1081 1980 1119 Virg.
1993 1093 2020 1115 4·
2033 1081 2131 1119 Georg.
2152 1089 2215 1117 107.

1569 1137 1606 1143 —-
1617 1130 1677 1150 non
1691 1120 1747 1149 illis
1758 1119 1901 1156 quisquam
1915 1119 2112 1149 cunctantibus
2122 1119 2211 1150 altum

1468 1159 1512 1190 {re
1523 1160 1576 1189 iter
1590 1181 1598 1194 ,
1619 1165 1668 1188 aut
1678 1158 1770 1188 castris
1780 1157 1897 1187 audebit
1910 1157 2013 1186 vellere
2023 1156 2106 1194 ligna.

1333 1197 1514 1233 Conci-o,
1536 1196 1712 1233 [diacoma]
1732 1199 1787 1226 are.
1807 1196 1898 1225 active
1924 1195 1998 1224 dixit
2019 1195 2107 1225 Plaut.
2126 1194 2186 1224 Cas.
2197 1205 2224 1231 4.
2237 1203 2263 1225 2.
2279 1203 2322 1231 13.
2359 1193 2505 1224 Cunctas?

1374 1238 1451 1267 intus
1462 1236 1509 1265 alii
1523 1235 1661 1265 festinant.

1372 1275 1456 1305 Fides
1464 1275 1596 1304 cunctata
1603 1273 1652 1302 est.
1689 1271 1718 1302 11.
1730 1281 1755 1302 0.
1778 1271 1844 1301 Non
1856 1271 1946 1301 statim
1968 1269 2095 1300 adhibita
2106 1270 2144 1300 est
2156 1269 2226 1300 fides
2249 1270 2358 1300 nuntio.
2396 1270 2508 1300 Distulit

1395 1313 1519 1342 credere.
1570 1311 1661 1347 [Haec
1678 1320 1733 1348 quo
1746 1311 1903 1348 pertineant
1913 1308 2015 1339 nescio.

1333 1350 1360 1381 C
1370 1360 1419 1381 υΝ
1430 1360 1476 1380 ετ
1486 1359 1555 1379 Ans
1568 1371 1576 1385 ,
1597 1350 1678 1378 antis.
1701 1348 1838 1385 [ὀκνηρὸς]
1859 1354 1890 1377 ut
1900 1370 1909 1381 ,
1932 1347 2038 1383 Regina
2048 1347 2191 1376 cunctans..
2213 1346 2286 1384 Virg.
2299 1345 2398 1382 4.}En.
2413 1355 2476 1383 133.

1375 1387 1526 1426 Impellere
1534 1388 1725 1417 cunctantem.
1745 1386 1846 1416 Claud.
1860 1389 1885 1415 6.
1899 1385 1980 1415 Coris.
1996 1385 2068 1414 Hori.
2081 1388 2145 1419 3⁶0-

1374 1428 1492 1457 Animus
1500 1427 1644 1455 cunctans.
1667 1424 1766 1454 Claud.
1779 1434 1802 1453 1.
1817 1425 1846 1453 in
1862 1433 1886 1453 1.
1898 1423 1979 1452 Cons.
1995 1422 2104 1453 Stilich.
2118 1430 2165 1459 75.

1375 1464 1471 1494 Corda
1482 1463 1651 1494 cunctantia.
1676 1462 1764 1492 Valer.
1778 1471 1803 1498 3.
1816 1463 1914 1499 Argon.
1928 1465 1993 1498 693.

1374 1502 1471 1547 Glebae
1482 1503 1656 1532 cunctantes.
1676 1501 1695 1531 i.
1707 1510 1731 1530 e.
1755 1499 1859 1530 Validae
1868 1509 1973 1538 graves.
1997 1499 2107 1536 Virg.4.
2122 1497 2223 1535 Geesg.
2239 1500 2303 1535 236.
2338 1496 2370 1527 V.
2391 1496 2432 1526 ibi
2448 1497 2510 1528 Ser·

1393 1550 1487 1570 vium.

1373 1577 1417 1609 Ira
1428 1580 1579 1609 cunctante
1593 1578 1754 1608 modestior.
1775 1577 1842 1608 Stat.
1858 1588 1881 1614 ς.
1895 1575 1988 1607 Theb.
2002 1578 2067 1611 680.

1375 1617 1486 1648 Malum
1495 1618 1640 1648 cunctans.
1663 1618 1732 1646 Stat.
1750 1626 1773 1646 r.
1789 1616 1857 1645 Silv.
1871 1628 1897 1649 4.
1916 1626 1958 1650 5²-

1572 1671 1610 1676 —
1620 1657 1645 1685 &
1656 1655 1738 1684 subiti
1749 1664 1873 1692 praeceps
1888 1652 2012 1690 juvenile
2022 1651 2121 1691 pericli

1471 1692 1679 1723 Nilcuric‘tante
1690 1692 1774 1722 malo.

1377 1730 1493 1762 Pectora
1506 1732 1674 1761 cunctantia.
1698 1731 1785 1760 Valet.
1796 1740 1822 1767 7.
1838 1732 1937 1767 Argon.
1952 1732 2014 1766 176.
2044 1729 2063 1758 i.
2075 1737 2100 1758 e.
2119 1728 2191 1765 Quae
2201 1726 2263 1757 sunt
2275 1728 2304 1757 in
2314 1728 2410 1758 dubio.

1375 1771 1465 1800 Tauri
1476 1770 1656 1803 cunctantes,
1675 1768 1733 1805 Qui
1748 1768 1872 1805 subjugo
1880 1774 1948 1797 eunt
1957 1767 2043 1796 tarde.
2066 1766 2155 1796 Valet.
2171 1777 2196 1797 7.
2214 1769 2312 1802 Argon.
2324 1773 2369 1803 64.

1380 1808 1571 1838 Cunctantes.
1593 1807 1787 1836 deliberantes.
1827 1807 1904 1840 Suet.
1922 1805 2026 1835 Domit.
2047 1813 2087 1840 17.
2111 1804 2313 1834 Cunclantibus
2329 1804 2512 1842 conspiratis,

1401 1846 1514 1883 quando
1525 1847 1552 1875 ἃ
1563 1845 1708 1883 quomodo
1722 1867 1728 1879 ,
1750 1845 1779 1873 id
1790 1844 1828 1873 est
1838 1866 1847 1879 ,
1867 1843 2045 1873 lavantemne
2056 1852 2091 1871 an
2110 1849 2269 1871 coenantem
2287 1844 2513 1880 aggrederentur.

1377 1883 1587 1913 Cunctantibus
1598 1905 1606 1919 ‚
1629 1882 1845 1912 Consulentibus
1858 1904 1866 1917 ,
1888 1882 1952 1911 vide
1968 1882 1997 1909 in
2009 1881 2103 1909 indice
2114 1880 2221 1910 Francf.
2245 1881 2344 1910 Histor.
2369 1880 2403 1909 H.
2415 1880 2455 1910 St.

1382 1921 1514 1959 Compar.
1535 1929 1584 1956 ut,
1606 1922 1646 1951 Ad
1662 1921 1858 1950 dimicandum
1867 1920 2044 1949 cunctantior
2055 1919 2152 1948 factus.
2174 1919 2249 1948 Suet.
2261 1919 2327 1948 Caes.
2337 1922 2437 1956 cap.6.

1385 1961 1468 1989 Actus
1478 1960 1664 1990 cunctantior.
1687 1959 1797 1988 Lucret.
1808 1958 1855 1987 lib.
1869 1967 1892 1994 3.
1909 1967 1970 1993 193.

1345 1998 1639 2033 CUNCTANTER,
1661 1997 1730 2026 Adv.
1755 1996 1897 2033 [ὀκνηςῶς]
1919 1996 1992 2025 Cum
2016 2004 2094 2024 mora
2120 1996 2146 2024 &
2163 1994 2304 2025 tarditate.
2344 1994 2403 2024 Liv.
2423 2004 2447 2026 1.
2466 1997 2512 2030 36.

1384 2035 1460 2066 Τ11111
1472 2035 1552 2065 11111111
1562 2035 1636 2065 haud
1648 2036 1812 2064 cunctanter
1822 2033 1959 2064 discidiffe
1967 2038 2065 2062 cotem
2076 2033 2178 2063 ferunt.

1384 2074 1557 2104 Cunctanter
1567 2073 1672 2110 aliquid
1685 2073 1785 2102 facere.
1806 2072 1876 2102 Plin.
1889 2072 1938 2101 lib.
1948 2080 1992 2106 ³3-
2007 2081 2068 2108 cap.
2084 2080 2107 2100 r.

1385 2111 1517 2149 Compar.
1558 2111 1648 2141 Tacit.
1661 2111 1765 2140 1.Ann.
1780 2119 1825 2147 71.
1849 2109 2146 2147 Datautriquevenia:
2166 2107 2251 2138 facile
2263 2108 2425 2146 Segimero:
2447 2117 2515 2138 cun-

1404 2150 1525 2180 ctantius
1538 2149 1606 2179 filio.
1627 2149 1706 2179 Adde
1719 2148 1807 2178 Valer.
1822 2148 1897 2178 Max.
1912 2157 1939 2182 9.
1957 2156 1982 2184 3.
1995 2153 2022 2180 8.

1345 2187 1394 2219 Cu
1404 2198 1424 2216 N
1433 2197 1451 2217 c
1460 2197 1480 2216 T
1491 2197 1510 2216 A
1521 2197 1541 2216 τ
1553 2197 1570 2216 u
1581 2197 1604 2222 s,
1625 2197 1640 2216 a
1650 2208 1657 2221 ‚
1678 2195 1735 2216 um.
1759 2186 1857 2215 Partic.
1879 2185 1954 2214 Curt.
1968 2195 1993 2220 ς.
2008 2188 2034 2214 6.
2047 2193 2074 2214 2.
2094 2184 2154 2213 Rex
2164 2183 2342 2222 phalangem,
2355 2183 2394 2213 nil
2403 2186 2517 2215 cuncta.

1385 2232 1441 2260 tus,
1461 2225 1582 2254 inducit.
1621 2225 1697 2255 Suet.
1715 2224 1780 2254 Caes
1800 2228 1845 2258 80.
1868 2223 1926 2260 Qui
1944 2223 2066 2261 primum
2087 2223 2228 2258 cunctati,
2249 2230 2380 2251 utrumne
2396 2222 2517 2253 illumin

1380 2263 1683 2300 Δ(1111111111111111111310111,
1704 2271 1739 2291 an
1750 2262 1780 2290 in
1790 2261 1864 2291 sacra
1872 2262 1935 2295 via,
1952 2262 2004 2291 810.
2027 2260 2105 2290 Adde
2115 2270 2176 2296 cap.
2189 2265 2233 2294 8¹-
2251 2261 2277 2289 &
2291 2259 2377 2297 Caiig.
2390 2267 2433 2295 58-

1383 2301 1516 2338 Compar.
1557 2300 1626 2330 Plin.
1640 2309 1665 2329 2.
1680 2300 1761 2337 Epist.
1779 2303 1820 2329 16.
1843 2297 2123 2328 Cunctatiorfortaffe
2135 2300 2159 2327 81
2171 2298 2277 2326 cautior
2293 2297 2352 2327 -esl'e
2369 2299 2515 2329 deberem.

1402 2338 1610 2375 [Cunctantior
1629 2337 1666 2367 H.
1678 2337 1718 2367 St.
1758 2337 1805 2367 Sic
1815 2338 1840 2367 &
1849 2336 1907 2372 Jac.
1921 2336 2071 2366 Thomasio
2081 2335 2217 2372 placebat.

1346 2376 1606 2411 Cunerum-io,
1628 2376 1700 2405 onis.
1720 2375 1739 2404 f.
1762 2375 1891 2412 [pedaneis
1906 2396 1915 2409 ,
1935 2372 2039 2409 Ἂκνΰι]
2058 2373 2211 2408 Tardatio,
2232 2381 2316 2402 mora.
2340 2372 2399 2403 Cic.
2415 2383 2436 2402 r.
2456 2373 2516 2404 Off.

1386 2424 1432 2451 72.
1453 2414 1509 2444 Sed
1529 2414 1562 2443 iis
1582 2414 1630 2451 qui
1653 2413 1760 2442 habent
1779 2423 1795 2442 a
1818 2419 1917 2441 natura
1942 2411 2104 2448 adjumenta
2131 2421 2223 2441 rerum
2246 2411 2450 2448 gerendarum,
2472 2413 2520 2440 ab·

1385 2454 1459 2520 {elicta
1478 2453 1558 2519 egini
1574 2451 1776 2487 cunctatione,
1803 2450 1979 2488 adipiscendi
2000 2450 2172 2487 magistratus
2185 2471 2194 2485 ,
2221 2450 2247 2479 &
2272 2452 2394 2487 gerenda
2413 2449 2519 2489 Respu-

1419 2500 1462 2520 ica
1478 2500 1494 2520 e
1519 2512 1526 2520 .

1385 2529 1453 2559 Sine
1464 2528 1645 2558 cunctatione
1655 2527 1748 2557 dicere
1758 2526 1832 2564 qnod
1847 2525 1990 2556 sentimus.
2010 2525 2071 2555 Cic.
2082 2525 2110 2554 in
2121 2524 2213 2554 Vatin.
2228 2534 2270 2561 15.

1386 2566 1661 2597 Preffa&decorain
1671 2565 1799 2595 sermone
1808 2565 1960 2595 cunctatio.
1983 2563 2053 2594 Plin.
2069 2573 2091 2593 1.
2105 2563 2187 2601 Epist.
2202 2573 2247 2593 22.
2267 2562 2302 2592 ad
2322 2562 2455 2593 Catilium
2466 2564 2516 2594 Se-

1405 2614 1512 2634 verum.
1534 2603 1613 2634 idern
1629 2614 1653 2633 1.
1666 2603 1716 2641 Ep.
1726 2609 1753 2637 8.
1772 2602 1881 2640 saepius.
2229 2628 2236 2633 ,

1384 2642 1538 2673 'Cunctatio
1556 2649 1603 2671 aut
1621 2651 1699 2671 mora
1717 2641 1799 2670 rebus
1817 2639 1940 2678 agendis.
1980 2639 2053 2669 Hirt.
2073 2638 2142 2669 Bell.
2163 2639 2240 2668 Alex.
2262 2647 2289 2668 2.
2322 2638 2422 2675 Neque
2451 2650 2518 2669 vero

1405 2680 1600 2748 Ibllexandrinis
1626 2680 1657 2709 in
1674 2679 1807 2718 gerendis
1833 2677 1955 2716 negotiis
1983 2678 2125 2707 cunctatio
2155 2677 2212 2706 ulla
2246 2682 2293 2706 aut
2316 2686 2396 2707 mora
2418 2677 2519 2708 insere-

1404 2723 1405 2726 ’
1427 2725 1494 2748 atur.

1385 2756 1517 2788 Eximere
1531 2756 1749 2786 cunctationem.
1785 2754 1846 2784 Liv.
1874 2753 1950 2791 Quae
1970 2762 2013 2783 res
2031 2752 2148 2784 Senatui
2169 2761 2285 2783 omnem
2306 2754 2519 2784 cunctatIonem

1408 2794 1587 2825 Macedonici
1595 2793 1662 2823 belli
1672 2792 1786 2823 exemit.
2338 2807 2339 2810 =

1386 2833 1516 2869 injicere.
1557 2832 1588 2861 V.
1612 2841 1772 2867 injicio.

1387 2871 1552 2905 Cunctatio,
1574 2869 1734 2901 Dubitatio.
1752 2868 1894 2898 haesitatio.
1924 2866 2190 2902 CoeliusCiceroni‚
2210 2875 2253 2896 1ο.
2273 2866 2324 2895 Α11.
2338 2877 2365 2901 9.
2388 2866 2518 2903 Denique

1407 2909 1477 2938 illud
1487 2910 1593 2946 cogita,
1614 2908 1692 2945 quod
1703 2906 1814 2937 offensae
1824 2906 1923 2941 fuerit,
1945 2907 1974 2934 in
1984 2906 2034 2934 ista
2046 2906 2225 2935 cunctatione
2233 2912 2261 2933 te
2275 2903 2396 2935 subiiffe.

1350 2947 1487 2977 Cunezr
1500 2955 1614 2981 A'roR,
1636 2946 1701 2976 6113.
1726 2955 1764 2974 m.
1792 2944 1953 2981 [perunit]
1982 2943 2041 2980 Qui
2057 2945 2222 2977 cunctatur,
2254 2943 2280 2972 &
2302 2943 2447 2981 negligens
2465 2943 2515 2974 est.

1387 2985 1445 3015 Liv.
1457 2989 1483 3014 6.
1495 2994 1539 3019 23.
1562 2984 1759 3014 Cunctatorem
1772 2992 1806 3012 ex
1817 2982 1951 3011 acerrimo
1964 2981 2099 3010 bellatore
2113 2981 2226 3010 factum.

1388 3023 1498 3054 Tardus
1512 3023 1701 3053 &cunctatoin
1741 3021 1799 3050 Cic.
1812 3026 1837 3054 8.
1853 3018 1928 3048 Fam.
1945 3029 1986 3048 10.
2010 3019 2086 3048 Nosti
2107 3017 2274 3048 Marcellum
2287 3027 2369 3055 quam
2381 3019 2476 3049 tardus
2489 3020 2516 3050 ἃ

1408 3071 1508 3099 parum
1518 3060 1616 3090 efficax
1626 3059 1656 3090 fit
1668 3082 1676 3094 ,
1697 3060 1820 3095 itemque
1830 3057 1939 3087 Servius
1950 3066 2031 3094 quam
2042 3058 2195 3086 cunctator.

1388 3099 1542 3130 Cunctator
1553 3100 1579 3128 &
1587 3098 1684 3135 Segnis
1695 3095 1941 3135 oppolita.Liv.²2.
1950 3105 1959 3123 1
1967 3104 1992 3125 2.
2002 3103 2073 3123 extr.
2082 3094 2152 3123 Dein
2166 3092 2306 3132 propalam
2317 3093 2346 3122 in
2355 3093 2455 3131 vulgus
2465 3104 2517 3132 pm

1407 3138 1572 3167 ‘cunctatore
1581 3135 1701 3174 segnem,
1713 3145 1763 3173 pro
1772 3141 1858 3163 cauto
1868 3133 1997 3162 timidum
2008 3155 2015 3166 ,
2035 3131 2168 3168 affingens
2178 3132 2269 3161 vicina
2278 3132 2427 3161 virtutibus
2438 3133 2516 3168 vitia,

1406 3174 1609 3213 compellabat.
1646 3174 1728 3203 Unde
1740 3173 1838 3202 Fabius
1854 3171 1902 3200 ille
1918 3172 2054 3200 maximus
2072 3180 2087 3199 a
2107 3171 2239 3199 Romanis
2257 3171 2402 3199 cunctator
2419 3173 2517 3208 potius

1407 3213 1581 3251 appellatus,
1604 3211 1720 3240 honoris
1731 3211 1815 3247 gratia
1827 3232 1834 3242 ,
1858 3219 1940 3245 quani
1953 3208 2066 3237 Dilator.
2087 3208 2122 3237 de
2134 3217 2189 3245 quo
2200 3207 2323 3240 Ennius,

1480 3250 1559 3280 Unus
1571 3249 1656 3278 homo
1666 3249 1747 3279 nobis
1757 3247 1916 3278 cunctando
1928 3246 2045 3276 restituit
2058 3255 2127 3275 rem.
2210 3246 2237 3275 h.
2254 3254 2278 3273 0.
2301 3245 2468 3276 Cunctando
2490 3248 2517 3277 &

1409 3288 1536 3318 modeste
1547 3288 1668 3324 agendo.

1390 3327 1457 3357 Non
1470 3328 1615 3356 cunctator
1625 3324 1722 3362 iniqui.
1745 3323 1813 3352 Stat.
1826 3332 1849 3357 3.
1863 3321 1954 3352 Theb.
1970 3330 2014 3358 79.
2036 3320 2148 3351 Paratus
2159 3321 2193 3350 ad
2205 3321 2299 3357 inique
2309 3322 2460 3358 agendum.

1352 3365 1432 3395 Curi
1443 3368 1563 3394 (1τῆ1111
1574 3373 1594 3392 Ν
1605 3373 1622 3392 r>
1634 3373 1680 3396 us,
1689 3373 1713 3397 a,
1725 3371 1781 3391 um.
1799 3361 1859 3395 adj.
1873 3359 2038 3396 [μελληπῶν]
2052 3359 2107 3389 Liv.
2121 3364 2145 3388 6.
2160 3369 2185 3395 7.
2208 3359 2292 3395 Quod
2303 3359 2351 3388 ubi
2361 3361 2450 3390 aciem
2460 3361 2517 3396 jam

1388 3402 1532 3432 instruenti
1547 3400 1666 3430 Camillo
1682 3400 1866 3429 Centuriones
1878 3398 2108 3427 renuntiaverunt
2126 3397 2247 3426 turbatas
2266 3397 2387 3426 militum
2408 3407 2516 3428 mentes

1389 3440 1446 3471 esse
1456 3463 1463 3475 ,
1485 3439 1605 3477 segniter
1615 3448 1689 3469 arma
1701 3444 1782 3475 capta
1790 3459 1799 3470 ‚
1820 3435 2089 3472 cunctabundosque
2099 3436 2125 3465 Sc
2135 3435 2286 3464 resistentes
2297 3435 2414 3471 egressos
2427 3438 2518 3466 castris

1391 3478 1447 3508 effe
1486 3479 1538 3507 &c.

1390 3500 1533 3553 Nusquam
1543 3513 1770 3545 cunctabundus,
1792 3512 1842 3541 nifi
1853 3521 1939 3549 quum
1954 3511 1983 3539 in
1997 3509 2098 3539 Senatu
2109 3509 2278 3545 loqueretur.
2299 3509 2389 3540 Tac-it.
2404 3520 2427 3540 1.
2444 3513 2516 3542 Ann.

1411 3563 1438 3590 7.
1460 3554 1495 3582 de
1505 3553 1622 3583 Tiberio
1637 3551 1739 3580 Caesare
1751 3550 1881 3586 loquitur.

1392 3591 1492 3629 Appul.
1536 3590 1604 3619 Met.
1616 3595 1641 3623 8.
1653 3599 1680 3626 p.
1690 3597 1754 3624 203.
1777 3588 1909 3617 Dentium
1918 3584 2065 3623 compulsu
2075 3607 2084 3620 ‚
2106 3594 2190 3622 quem
2202 3585 2325 3622 primum
2334 3585 2440 3616 insiliat
2451 3596 2517 3616 cun.

1414 3628 1554 3660 ctabunda
1565 3629 1686 3657 rimatur.
1728 3626 1766 3655 Al.
1791 3625 1986 3655 Contabunda.

1355 3668 1403 3698 Οὔ
1413 3676 1432 3696 Ν
1441 3677 1456 3695 a
1466 3677 1483 3695 u
1492 3676 1504 3695 s
1515 3687 1523 3701 ,
1543 3666 1560 3694 i.
1583 3675 1619 3694 m.
1642 3664 1749 3700 [σφὸν]
1770 3664 1985 3693 instrumentum
1994 3660 2119 3698 ligneum
2128 3659 2172 3689 vel
2184 3660 2304 3691 fei-reum
2314 3683 2323 3696 ,
2344 3671 2399 3698 quo
2416 3661 2450 3691 ad
2469 3660 2517 3690 ali.

1394 3705 1462 3743 quid
1471 3703 1657 3733 scindendum
1669 3703 1695 3731 &
1705 3701 1890 3730 dividendum
1901 3701 2011 3729 utimur.
2035 3699 2092 3727 Cic.
2107 3708 2133 3727 2.
2154 3698 2235 3728 Tusc.
2249 3708 2296 3735 23.

1488 3741 1548 3771 Hos
1559 3740 1606 3769 ille
1614 3749 1720 3769 cuneos
1730 3739 1832 3768 fabrica
1840 3738 1945 3767 crudeli
1958 3737 2079 3766 inferens

1491 3779 1614 3815 Perrupit
1626 3785 1708 3806 artus.
1814 3776 1853 3805 Al.
1877 3775 2011 3805 inserens.

1396 3817 1478 3849 Findi
1492 3817 1598 3847 cuneis.
1620 3815 1693 3851 Virg.
1706 3823 1733 3844 2.
1751 3813 1854 3881 (ἱεέιτςἸ
1863 3822 1907 3848 79.

1747 3867 1784 3872 —-—
1831 3862 1844 3879 a
1858 3859 1885 3879 te

1490 3891 1616 3922 Finditur
1627 3891 1655 3919 in
1666 3889 1784 3919 solidum
1794 3889 1890 3919 cuneis
1901 3888 1958 3917 via:
1984 3885 2087 3916 deinde
2100 3885 2204 3915 feraces

1490 3929 1592 3960 Plantae
1609 3929 1807 3958 immittuntur.
2431 3960 2454 3991 G
2505 3961 2511 3967 .

2458 3969 2525 3991 emit
