2641 4187
450 148 475 185 A
576 150 609 185 G
706 153 745 187 M

65 229 138 262 'Gali
159 233 183 260 Ῐι
194 231 305 260 marche.
333 232 579 267 Quemadmodum
592 238 683 261 autem
698 234 800 269 Agmen
814 237 839 265 ἃ·
859 242 966 266 motum
977 237 1021 266 seu
1033 236 1164 266 incessum

66 270 156 308 ipsum
180 271 317 300 exercitus
335 270 484 305 aliquando
499 270 632 305 denotat3
669 272 705 299 itai
721 273 841 303 similiter
858 276 891 303 ad
909 275 960 303 aliu
979 283 1088 311 quoque
1109 276 1168 304 haec

65 315 122 337 vox
132 308 306 341 transfei·tur;
329 316 358 336 ut
372 307 407 335 ud
421 307 563 336 decursum
573 309 719 345 :istumque
735 310 863 340 fluminis.
889 313 960 346 vii-ig.
975 322 998 340 2.
1030 314 1089 341 sliu.
1104 318 1167 346 783.

141 363 177 367 -—
198 344 253 374 leni
269 345 346 372 sonat
362 345 471 381 agmine
486 344 597 381 Tybris.
738 347 802 376 Leni
823 343 950 386 impetui,
973 342 1169 386 interpretatur

66 383 194 414 Servius.
217 381 258 411 vel
270 383 364 410 fluore.
416 381 485 410 Item
500 382 535 410 ad
553 382 718 419 Serpentum
731 393 818 414 tortus
836 387 888 416 sive
904 387 1065 422 volumina3
1091 387 1170 416 idem

66 421 167 457 dejain
177 420 323 449 deficiente
333 419 493 452 huiusmodi
508 419 592 448 bestia
609 430 631 454 3.
652 422 750 457 Ceorg.
768 433 831 459 423.

129 458 199 485 Cum
218 457 303 485 medii
323 464 412 485 nexus
428 462 613 494 extremasque
635 459 744 495 agmina
766 462 859 490 ciiuda‘

127 494 291 528 Solvuntur,
320 494 467 531 tardosque
485 495 570 523 trahit
589 495 662 525 sinus
682 496 796 527 ultimus
816 499 903 528 orbes.

49 528 128 565 ldein
143 542 168 561 2.
189 532 251 562 AEu.
269 541 332 560 212.

206 585 244 590 —
262 569 302 598 illi
323 568 432 606 agmine
456 575 532 598 certo

129 606 288 636 Laocoonta
311 612 420 644 petunt.

0 669 1 674 ,
49 645 189 683 Aligerum
215 654 323 681 agmen.
347 644 417 682 Virg.
434 654 476 673 12.
491 643 552 674 AEn.
566 654 629 681 249.
687 676 691 679 ,

40 685 159 715 'Armata
181 683 299 719 agmina.
322 681 419 711 Claud.
433 692 458 711 2.
473 683 503 711 in
516 682 589 712 Ruff.
603 686 646 720 76.
679 683 769 713 Tacit.
787 692 811 720 3.
823 683 891 716 Ilist.
904 695 947 724 70.

49 721 214 752 Attonitum.
240 721 306 749 Stat.
325 731 348 754 ς.
370 720 462 749 Theb.
827 734 829 738 v

49 760 153 790 Atrum.
176 757 249 795 Virg.
263 767 304 787 12.
323 758 384 788 AEn.
396 768 460 793 449.
486 757 512 786 h.
527 767 550 787 e.
571 758 691 788 Pulveris
702 758 776 788 nube
787 767 961 798 coopertum.
995 763 1112 792 Servius.

49 797 168 827 Castum.
189 795 286 825 Claud.
300 805 324 831 3.
350 796 386 824 de
394 793 475 833 Rapt.
491 795 613 835 Proserp.
628 804 689 831 322.

129 833 265 871 Reginam
283 833 355 862 casto
375 835 526 862 cinxerunt
535 835 644 871 agmine
660 841 760 863 matres

48 871 147 904 Celere
168 881 268 908 agmen
284 880 433 900 remorum.
455 871 528 907 Virg.
541 882 564 907 ς.
586 872 647 902 AEn.
663 881 726 900 211.

129 910 164 939 At
181 909 261 938 laetus
277 908 438 939 Mnestheus
450 931 458 943 ,
479 908 656 946 successuque
674 909 761 938 acrior
774 910 832 947 ipso

129 947 247 984 Agmine
259 956 401 976 remorum
421 946 524 982 celeri,
552 947 699 984 ventisque
714 948 820 978 vocatis

50 1018 53 1021 .
73 1017 76 1020 ,
128 983 219 1015 Prona
240 985 313 1023 petit
332 985 425 1014 maria.

14 1059 20 1063 ⁴
50 1022 154 1054 Citum.
176 1022 267 1052 Tacit.
288 1022 333 1051 lib.
352 1033 374 1061 1.
391 1026 436 1058 63.

51 1061 194 1099 Clypeata.
217 1061 289 1097 Virg.
305 1070 330 1098 7.
352 1060 415 1090 AEn.
430 1068 493 1097 793.

51 1098 208 1129 Condensa.
242 1097 292 1127 Sil.
315 1097 364 1127 lib.
377 1106 409 1127 ·2.

32 1136 35 1141 '
52 1137 226 1166 Confertum.
255 1135 328 1174 Virg.
342 1145 365 1172 3.
386 1135 486 1172 Georg.
500 1138 563 1172 369.

52 1174 175 1206 Densum
199 1183 301 1211 agmen
317 1183 405 1212 agere.
429 1173 501 1210 Virg.
520 1185 545 1209 5·
574 1173 636 1205 AEn.
651 1178 714 1211 834.

12 1214 17 1221 ’
53 1211 192 1250 Equestre.
221 1211 307 1241 Ovid.
323 1222 350 1248 9.
372 1211 456 1250 Epist.
477 1221 537 1241 100.

51 1250 224 1281 Exanimata.
254 1249 328 1288 Virg.
344 1261 368 1285 ς.
393 1249 455 1279 AEn.
468 1255 532 1285 8ος.

51 1288 169 1320 Ferrata.
191 1288 259 1318 Hor.
283 1299 309 1324 4.
332 1287 535 1323 Carm.13.29.

1 1325 3 1329 '
28 1326 32 1329 ⁷
51 1326 204 1357 Foeniinea.
232 1325 306 1363 Virg.
325 1336 367 1355 11.
388 1325 450 1355 AEn.
468 1329 534 1362 663.

53 1363 216 1396 Fortiffima.
237 1363 340 1393 Lucan.
359 1363 407 1392 lib.
421 1372 449 1399 7.
464 1371 528 1392 221.

133 1404 167 1432 At
183 1401 269 1430 medii
285 1401 369 1430 robur
388 1400 455 1430 belli
473 1400 617 1430 fortissima
630 1397 748 1430 densant

54 1439 220 1476 Frementia.
242 1438 301 1470 Val.
323 1443 350 1468 6.
368 1440 467 1477 Argon.
489 1444 550 1476 183.

53 1478 172 1508 Grande.
193 1477 300 1507 Lucret.
315 1476 364 1507 lib.
380 1487 402 1506 1.
416 1485 448 1513 43
457 1486 480 1512 ς.

53 1515 228 1546 Graniferum
246 1525 347 1552 agmen
366 1515 384 1544 s
398 1524 500 1553 argere.
522 1514 551 1545 h.
572 1522 613 1545 ex
632 1514 848 1546 Multitudinem
859 1516 1036 1548 formicarum
1049 1516 1180 1556 granafe-

16 1557 21 1562 '
71 1554 202 1584 rentium.
225 1553 310 1583 Ovid.
322 1563 348 1591 7.
364 1525 435 1583 niet.
453 1556 517 1590 638.

52 1591 203 1623 Horrentia
216 1592 334 1630 agmina.
356 1591 425 1621 Hor.
435 1600 461 1620 2.
486 1591 573 1620 Serm.
594 1601 618 1620 1.
635 1599 678 1629 13.

54 1629 171 1661 Hostile.
193 1630 278 1660 Ovid.
292 1635 317 1664 8.
336 1629 406 1659 Met.
423 1638 466 1666 39.

54 1667 224 1699 Immensum
234 1675 334 1706 agmen
350 1677 490 1705 aquarum.
512 1666 588 1704 Virg.
608 1676 631 1696 1.
650 1666 749 1706 Georg.
772 1675 835 1704 322.

54 1705 284 1745 Incompositum.
322 1705 680 1736 V.1NCOM'P081TUS.

8 1776 9 1780 Ἰ
54 1743 208 1774 Infernum.
230 1744 293 1774 Sen.
315 1743 393 1774 Med.
423 1752 465 1773 12.

55 1781 197 1812 Infestum.
219 1784 283 1812 Seii.
303 1781 384 1812 Herc.
405 1781 457 1811 fur.
472 1789 515 1819 13.

9 1838 10 1849 2
55 1819 194 1858 Longum.
216 1819 288 1857 Virg.
305 1830 328 1857 ς.
348 1819 410 1850 AEn.
423 1830 472 1855 90.

10 1890 11 1896 χ
57 1858 156 1889 Molle.
176 1858 267 1888 Tacit.
286 1867 310 1896 3.
332 1857 400 1888 Hist.
424 1868 471 1894 40.

10 1928 11 1933 ,
56 1896 186 1934 Nigrum.
207 1896 279 1933 Virg.
298 1907 325 1931 4.
346 1896 408 1926 AEn.
421 1906 486 1932 404.

56 1933 252 1964 Numerosum.
304 1933 336 1964 V.
367 1934 474 1972 Agmen
487 1932 572 1971 carpi.

9 1972 11 2010 j
56 1971 187 2002 Palantia.
209 1970 377 2007 Sil.lib.15.

55 2008 182 2040 Parvum.
204 2003 314 2039 Lucret.
325 2009 373 2039 lib.
391 2017 456 2046 1.43
465 2019 488 2045 5.
916 2042 918 2044 ³

56 2047 234 2086 Perpetuum.
257 2047 316 2077 Cic.
330 2048 360 2076 in
371 2047 459 2077 Pison.
477 2056 521 2082 51.
540 2046 574 2076 At
583 2056 663 2077 meus
674 2045 789 2085 quidem
799 2044 905 2077 reditus
915 2045 938 2076 is
947 2046 1017 2080 fuit,
1031 2046 1185 2079 utaBrune

77 2086 154 2116 dusio
165 2095 253 2123 usque
265 2085 385 2115 Romam
396 2094 497 2122 agmen
509 2092 677 2123 perpetuum
696 2086 781 2116 totius
793 2085 877 2116 Italiae
889 2085 1021 2115 viderem.

57 2123 152 2155 Pilata.
175 2123 248 2161 Virg.
267 2133 309 2153 12.
330 2123 394 2154 AEn.
420 2133 482 2152 121.

11 2163 13 2169 '
137 2162 267 2193 Procedit
282 2161 357 2199 legio
371 2160 542 2190 Ausonidum
552 2182 562 2197 ,
580 2160 722 2199 pilataque
735 2160 827 2199 plenis

139 2201 255 2238 Agmina
268 2199 296 2229 se
309 2200 432 2229 fundunt
454 2199 551 2237 portis.
685 2199 737 2229 Ubi
751 2199 851 2238 pilata,
868 2199 963 2230 retulit
979 2199 1015 2229 ad
1030 2199 1183 2237 Romanos,

10 2260 15 2277 ἶ
80 2239 127 2276 qui
147 2238 211 2277 pilis
227 2238 269 2267 uti
290 2237 415 2267 solebant
431 2238 461 2266 iri
478 2236 574 2270 bello.j

12 2285 15 2303 2
60 2275 176 2309 Puerile.
198 2276 272 2314 Virg.
294 2287 318 2312 5.
339 2275 402 2305 AEn.
429 2285 491 2312 549.

59 2313 262 2345 Pulverulenta.
296 2314 370 2352 Virg.
385 2325 412 2350 4.
430 2313 492 2343 AEn.
512 2321 573 2350 154.

15 2372 17 2375 ν
61 2353 245 2390 Quadratum.
276 2351 334 2382 Cic.
355 2361 382 2381 2.
406 2349 525 2389 Philipp.
548 2355 611 2386 108.

81 2397 203 2429 quuntut·
222 2391 319 2420 scutati
367 2389 448 2419 ilites.

60 2423 211 2468 Rapidtim.
231 2428 336 2458 Lucan.
365 2427 402 2457 ib.
413 2437 440 2457 2.
462 2436 527 2462 491.
621 2442 660 2448 —
678 2436 732 2456 nec
750 2426 831 2465 plura
850 2426 982 2465 loquutus

38 2466 45 2504 ”,
141 2466 272 2497 Devolvit
290 2466 421 2504 rapidum
437 2465 626 2502 nequicquam
637 2464 779 2495 moenibus
795 2475 904 2503 agmen.

53 2504 165 2545 ,Rauca
188 2505 257 2535 Stat.
283 2515 307 2541 5.
337 2503 429 2534 Theb.

39 2552 42 2558 ¹
63 2543 185 2574 Servilia.
205 2542 310 2581 Lucan.
334 2541 384 2571 lib.
402 2551 428 2572 2.
448 2551 493 2577 94.

18 2588 19 2593 ¹
142 2581 181 2611 Ut
193 2582 317 2619 primum
331 2579 442 2609 fortuna
453 2578 542 2614 redit,
558 2577 666 2609 servilia
683 2576 764 2608 solvit

66 2653 78 2656 ‚.
143 2620 267 2658 Agmina.
307 2618 334 2648 h.
357 2628 382 2647 e.
414 2617 506 2647 Servis
524 2616 560 2645 ad
578 2616 735 2646 libertatem
751 2616 856 2646 vocatis
873 2617 995 2647 confecit
1021 2618 1185 2648 exercitum.

65 2656 198 2688 Tardum.
223 2657 293 2694 Virg.
313 2667 339 2692 9.
357 2656 420 2686 AEn.
432 2663 480 2694 47.
522 2654 541 2684 i.
563 2664 588 2684 e.
610 2655 753 2690 Peditum,
774 2655 822 2692 qui
832 2656 960 2692 equitum
979 2657 1188 2694 comparatione

49 2708 52 2711 κ
83 2695 243 2725 tardirsunt.
283 2695 401 2724 Servius.

21 2751 24 2771 1
51 2731 212 2763 (Terrestre.
233 2734 260 2763 h.
282 2742 307 2762 e.
328 2732 440 2762 Turmae
454 2730 579 2761 militum
597 2740 647 2768 per
664 2736 765 2761 terram
783 2731 984 2761 incedentium.
1016 2731 1120 2762 Lucan.
1138 2730 1187 2761 lib.

37 2815 43 2819 '
65 2776 241 2839 Tiiriffgim.
263 2807 362 2838 Claud.
388 2807 496 2845 Gigant.
511 2816 558 2845 75.

39 2854 42 2860 ⁴
69 2846 204 2882 Torvum.
226 2846 293 2877 Stat.
308 2852 335 2881 8.
350 2845 442 2876 Theb.

67 2883 234 2923 Trepidum.
255 2884 362 2922 Lucan.
376 2882 427 2913 lib.
440 2893 466 2913 2.
478 2891 541 2920 392.

58 2924 155 2960 Agere
167 2932 267 2960 agmen
284 2923 417 2960 equitum.
438 2921 511 2958 Virg.
521 2930 547 2958 7.
568 2919 631 2950 AEn.
648 2926 712 2957 804.

68 2961 198 2999 Carpitur
207 2970 316 2998 agmen.
336 2959 405 2989 Plin.
424 2968 449 2996 3.
470 2957 554 2997 Epist.
565 2959 600 2988 ad
610 2958 811 2994 Minutianum‚
826 2957 1004 2988 numerosum
1022 2966 1122 2996 agmen
1130 2969 1190 2989 reoa

88 3009 150 3028 rum
162 3021 171 3035 ,
195 2998 234 3027 ita
242 2998 356 3027 demum
365 2997 528 3027 videbamus
538 2996 615 3035 poss'e
624 2996 763 3040 superari,
788 2996 806 3025 fi
825 2996 1004 3035 persingulos
1023 3002 1188 3035 carperetur.

54 3070 57 3073 ¹
88 3037 162 3066 Nam
180 3035 262 3074 Carpi
270 3044 368 3074 agmen
381 3035 499 3071 dicitur,
522 3042 609 3072 quum
621 3035 743 3064 militum
754 3034 853 3071 aliquis
868 3035 1052 3072 intercipitur.

38 3079 47 3084 “
60 3073 152 3113 „cingi
170 3074 336 3112 agminibus.
358 3073 442 3104 Ovid.
459 3084 482 3102 1.
504 3072 585 3102 Trist.
603 3083 630 3108 4.
645 3081 688 3109 30.

40 3117 46 3121 '
149 3113 184 3142 At
197 3112 277 3142 simul
292 3112 431 3147 intonuit,
452 3110 582 3148 fugiunt,
599 3119 652 3140 nec
666 3109 788 3139 noscitur
798 3108 850 3139 ulli
861 3131 869 3145 ‚

854 835 956 874 Elysiae.

860 1403 985 1441 Agmina.

659 2350 777 2389 Agmine
796 2351 928 2389 quadrato
949 2362 1014 2383 cum
1032 2351 1130 2390 gladiis
1146 2350 1186 2381 se-

187 3150 350 3188 Agminibus
369 3149 505 3179 comitum
523 3149 571 3185 qui
590 3148 677 3178 modo
693 3149 799 3178 cinstus
813 3156 879 3177 erat.

200 3198 309 3227 agmen.
331 3187 416 3217 Ovid.
433 3197 459 3216 2.
482 3186 552 3216 Met.
575 3196 636 3221 114.

229 3243 268 3247 —-
286 3235 404 3264 quorum
425 3225 537 3262 agmina
553 3224 630 3262 cogit
722 3223 841 3253 Lucifer.
978 3223 1077 3253 Cicero
1106 3221 1196 3253 Meta*-

48 3261 290 3303 ,fphoricasusus
300 3264 354 3300 est,
379 3274 420 3299 ις.
443 3264 496 3292 Att.
519 3271 562 3299 13.
585 3261 718 3291 Assentior
727 3262 794 3297 tibi,
820 3268 851 3291 ut
864 3260 1120 3296 necducesi'imus,
1142 3271 1195 3290 nec

48 3304 77 3341 Ὗ,
91 3311 190 3340 agmen
202 3313 342 3340 cogamus,
358 3301 498 3331 faveamus
512 3306 615 3329 tamen.
652 3300 677 3330 Is
692 3300 769 3337 cogit
785 3309 900 3336 agmen,
922 3300 1077 3337 quiatergo
1090 3299 1197 3336 colligit

91 3341 246 3370 exercitum
258 3363 266 3377 ,
283 3340 338 3369 hoc
346 3339 477 3369 videlicet
486 3347 586 3367 curans
599 3359 607 3372 ‚
630 3347 667 3366 ne
680 3338 742 3381 quis'
758 3338 832 3367 forte
841 3337 987 3374 aberrans,
1013 3345 1060 3367 aut
1076 3337 1196 3374 reliquos

71 3388 83 3398 ν
93 3378 169 3416 sequi
189 3388 247 3407 nori
258 3378 368 3413 valens,
383 3377 417 3406 ab
428 3376 551 3406 hostibus
568 3376 769 3414 intercipiatur.

75 3415 232 3446 Concitare.
253 3416 336 3446 Ovid.
358 3426 399 3452 14.
421 3415 491 3445 Met.
506 3423 569 3452 239.

33 3471 36 3478 ι
77 3453 226 3490 Coniurata
243 3455 362 3492 agmina.
393 3452 478 3482 Ovid.
497 3463 520 3489 5.
544 3451 616 3482 Met.
633 3461 697 3488 151.

76 3487 195 3522 Densare
209 3492 328 3530 agmina.
349 3489 398 3521 Sil.
420 3490 470 3520 lib.
483 3496 509 3524 8.

35 3531 37 3535 '
73 3528 230 3565 ‘Deturbare
241 3529 342 3568 gladio.
364 3529 412 3559 Sil.
428 3528 475 3558 lib.
493 3536 519 3565 7.

35 3578 38 3586 ⁴
77 3566 220 3604 Devastata
229 3568 302 3597 ferro
313 3567 429 3605 agmina.
466 3565 551 3596 Ovid.
565 3574 607 3603 13.
624 3564 694 3596 Met.
708 3574 773 3602 255.

76 3605 187 3635 Ducent
207 3606 325 3643 agmina.
347 3605 420 3642 Virg.
434 3614 457 3634 1.
480 3605 542 3634 ffin.
561 3614 627 3640 490.

19 3668 22 3672 .
37 3668 42 3678 .-
77 3643 184 3673 Metere
195 3653 304 3681 agmen.
325 3643 372 3673 Sil.
385 3643 432 3672 lib.
447 3651 488 3679 13.

76 3680 325 3719 Partitumagmen.
347 3681 419 3718 Virg.
444 3692 467 3716 5.
488 3679 549 3709 AEn.
567 3681 629 3714 562.

39 3723 43 3739 ·“
76 3718 263 3757 Prorumpunt
275 3718 392 3756 agmina.
421 3718 522 3747 Lucan.
536 3716 584 3746 lib.
604 3727 627 3746 1.
639 3724 705 3751 493.

76 3757 208 3795 Spargere
227 3766 327 3794 agmen
346 3759 375 3786 in
389 3757 468 3786 arvis.
490 3755 573 3785 Ovid.
590 3762 616 3792 7.
635 3754 706 3784 Met.

2 3801 20 3819 ι’
41 3819 43 3826 .
77 3794 217 3833 Stipatum
230 3804 339 3832 agmen.
363 3794 433 3824 Gell.
456 3792 504 3823 lib.
524 3802 548 3823 1.

81 3829 273 3871 Tripartitum.
295 3833 386 3862 Tacit.
397 3832 445 3861 lib.
463 3841 487 3869 3.
499 3837 544 3877 74.
764 3867 770 3873 ⁸
921 3865 928 3873 .
993 3866 999 3872 .

10 3879 19 3899 ι
52 3869 264 3906 lemmatis,
284 3870 345 3906 Adj.
367 3869 565 3906 [mmeramme]
587 3867 678 3902 Unde,
694 3865 850 3904 Agminales
865 3876 939 3903 equi,
953 3876 1001 3903 qui
1013 3875 1111 3904 agmen
1124 3878 1201 3899 exer.

44 3936 45 3941 ,
80 3909 150 3938 citus
161 3908 311 3946 sequuntur
325 3908 360 3937 ad
375 3906 781 3944 convehendaimpedimenta.
803 3904 871 3934 Bud.
889 3905 1039 3934 in-Annot.
1050 3906 1119 3942 post.

19 3961 23 3970 ·
55 3951 286 3979 GMiNTiTiM,
319 3947 386 3975 Adv.
405 3944 516 3974 Solinus
535 3954 596 3982 cap.
611 3949 654 3979 38.
679 3943 713 3972 de
729 3942 884 3980 elephantis
901 3941 1093 3979 Mauritaniae3
1114 3943 1203 3975 Ober-

79 3984 321 4052 ranbagmitiatim.
342 3983 421 4022 Apul.
432 3994 459 4020 4.
481 3982 570 4013 Miles
584 3992 612 4020 p.
631 3985 692 4017 146.
714 3980 824 4011 foculis
833 3980 996 4018 agminatim
1005 3981 1126 4018 ingestis.

152 4031 205 4052 οι..
248 4043 256 4052 .

73 3167 180 3227 Cogere

720 3756 784 3791 638.
806 3753 842 3782 de
854 3749 987 3783 formicis.

1666 159 1693 196 A
1792 161 1825 196 G
1922 163 1956 197 N

2309 178 2375 211 123

1222 240 1347 273 AGNA.
1369 249 1399 269 ae.
1440 241 1470 269 V.
1495 249 1512 269 Α
1526 249 1631 270 ortus.

1222 278 1298 305 Λῃκ
1312 287 1445 319 incon,
1475 278 1693 321 [maweu-‚gend
1727 278 1788 307 asci.
1811 288 1845 308 ex
1870 280 1927 314 Ad,
1954 282 1979 310 ὁὶ·
1996 280 2111 312 Nascor:
2133 283 2180 313 sed
2198 294 2215 312 n
2236 285 2384 321 euphoniae

1261 316 1339 343 ciiuiit
1358 324 1492 343 mutatum
1512 315 1550 343 est
1570 326 1596 343 in
1612 326 1638 344 (2.
1675 317 1733 346 Cic.
1754 317 1822 346 nde
1837 318 1913 346 Orat.
1927 327 1990 352 241.
2044 320 2171 357 Nunquis
2191 331 2224 349 co
2244 323 2387 350 testamen-

1260 358 1318 393 to,-
1336 352 1409 387 quod
1422 353 1614 394 paterlhniilias
1626 361 1688 383 :inte
1698 354 1780 387 fecit,
1803 364 1883 391 quam
1902 356 1926 383 ei
1945 355 2014 384 lilius
2032 366 2111 386 natus
2123 359 2177 389 est.
2200 359 2386 387 liitredituteni

1262 395 1333 425 petit
1348 390 1360 416 ἱ)
1381 399 1472 417 nemo.
1491 400 1553 424 quini
1570 392 1674 420 constat
1689 392 1861 427 agnascendo
1879 393 1968 424 rumpi
1981 393 2173 423 testamentum
2187 405 2192 424 :
2215 406 2280 425 eruo
2295 397 2321 424 in
2332 396 2386 424 hoc

1264 434 1363 467 genere
1379 427 1444 460 juris⁴
1458 427 1562 469 ⁴iudicia
1576 428 1651 457 nulla
1669 429 1736 458 sunt.
1774 430 1813 458 Ex
1825 429 1913 458 verbis
1924 430 2065 459 Ciceronis
2078 432 2138 461 stitis
2155 426 2285 469 apparet,
2307 443 2389 467 agna-

1263 462 1299 490 sti
1312 472 1359 490 eos
1376 472 1487 527 proprie
1501 464 1572 505 dici,
1595 467 1639 502 qui
1658 467 1805 496 nascuntur
1819 467 1900 496 alicui
1913 472 2054 505 postquam
2073 470 2265 498 testamentum
2281 471 2384 499 fecerit.

1264 498 1362 527 Paulus
1383 509 1410 541 in
1444 501 1509 535 ,qui
1527 511 1554 528 in
1578 503 1769 538 adoptionem.
1809 504 1842 534 D.
1865 506 1900 534 de
1916 506 2039 543 adoptio.

1266 537 1346 564 datur
1358 557 1365 569 ,
1388 537 1420 564 iis
1439 537 1537 572 quibus
1551 540 1704 575 agnascitur
1716 563 1723 575 ,
1745 544 1771 571 ἃ
1788 551 1921 579 cognatus
1933 542 1970 572 iit.

1227 573 1249 603 A
1260 583 1276 601 o
1289 583 1335 616 ΝΛ
1343 582 1362 600 T
1373 584 1390 615 p
1402 583 1413 601 s
1426 595 1433 606 ,
1469 574 1563 602 l'.1rtic.
1597 579 1611 611 {2
1629 576 1826 613 παρμφυάμᾯῷ-
1836 598 1842 608 ,
1874 581 2027 614 vraegfzou'mr
2046 580 2058 616 ]

1267 611 1400 647 quicquid
1428 610 1499 639 ultra
1526 619 1628 641 naturit-
1653 615 1776 644 debitum
1797 625 1892 646 natum
1919 618 1965 647 est.
2025 617 2107 647 Unde
2126 620 2151 648 v&
2172 619 2343 655 agnascentia
2363 624 2389 650 δε

1267 656 1365 681 agnatii
1387 648 1510 689 membra
1521 650 1718 690 appellantur,
1747 663 1806 689 quae
1824 654 1973 684 abundant.
2034 655 2100 684 Plin.
2121 656 2169 684 lib.
2195 667 2235 685 11.
2262 667 2321 693 cap.
2346 668 2388 690 52-

1267 684 1397 750 ll1leu2bra
1415 685 1579 715 animalibus
1606 696 1722 724 agnata,
1746 691 1855 720 inutilia
1868 692 1938 727 sunt,
1959 693 2028 722 licut
2049 693 2140 723 sextus
2160 694 2267 723 homini
2286 696 2392 732 semper

1273 732 1283 750 t
1295 732 1330 758 igi
1347 732 1386 750 us.

1230 760 1253 790 A
1263 769 1279 788 G
1292 758 1314 787 Ν
1323 769 1338 787 Α
1348 768 1406 801 ἰἰ.ἱ
1417 758 1504 787 Subst.
1521 759 1646 803 [dspexit.
1668 762 1686 788 ai
1702 765 1757 794 πξὸς
1767 763 1850 797 &Aah
1869 767 1969 802 οἰκεῖοι]
1991 769 2123 798 dicuntur
2134 770 2179 806 qui
2193 779 2241 807 per
2257 770 2341 798 virilis
2355 769 2393 799 se-

1269 806 1320 826 xus
1340 798 1468 834 personas
1493 804 1660 833 cognatione
1686 801 1828 840 coniuncti
1846 803 1920 832 sunt:
1953 806 2024 841 quali
2047 817 2062 835 a
2082 814 2158 844 parre
2177 809 2287 841 cognati
2306 807 2392 836 veluti

1268 835 1350 864 frater
1368 834 1469 877 eodem
1488 841 1673 871 patronatus,
1694 836 1766 866 iilius
1787 840 1888 874 nattis,
1911 851 2031 878 neposve
2054 854 2089 873 ex
2109 855 2160 874 eo:
2184 846 2250 874 item
2271 852 2393 882 patrum,

1271 874 1297 901 ἃ
1318 880 1406 915 patrui
1420 872 1508 907 tilius,
1530 882 1652 909 neposve
1674 883 1709 902 ex
1723 884 1766 903 en.
1807 876 1946 906 Hactenus
1971 881 2053 910 Caius
2069 882 2095 909 in
2116 882 2132 911 Ι,
2161 883 2231 912 Sunt
2247 890 2337 911 autem
2359 883 2391 913 Ι),

1270 909 1313 952 ἷξε
1327 910 1440 953 legium.
1453 916 1535 939 tutor.
1579 910 1651 953 luter
1662 912 1779 947 Aguatos
1788 914 1813 941 ἃ
1823 914 1961 950 Cognatos
1970 917 2022 946 hoe
2033 919 2157 948 interest:
2179 920 2254 956 quod
2275 921 2300 948 in
2313 930 2393 957 agna-

1271 954 1306 976 tis
1321 954 1500 976 continentur
1513 957 1640 981 cognati:
1664 949 1692 976 in
1707 951 1831 986 cognatis
1851 961 1906 979 non
1918 954 2010 989 utiquc
2022 957 2121 991 agnati.
2162 956 2199 986 Ut
2210 965 2291 994 put-t.
2312 959 2394 989 titire-r

1270 986 1356 1023 patris
1368 1007 1375 1020 ,
1398 986 1427 1014 id
1440 986 1478 1014 est
1498 992 1612 1023 patruus
1623 1008 1631 1020 ,
1657 986 1694 1014 est
1705 996 1819 1023 agnatus
1833 1010 1841 1022 ,
1872 992 1897 1018 ἃ
1913 999 2054 1024 cognatus.
2105 994 2201 1023 Matris
2214 1006 2278 1023 veno
2298 998 2379 1024 trater

1271 1023 1303 1066 id
1318 1024 1355 1051 est
1367 1023 1520 1052 avunculus
1530 1045 1537 1057 ,
1550 1030 1693 1066 *cognatus
1706 1025 1744 1053 est
1755 1046 1762 1059 ,
1784 1024 1830 1054 sed
1841 1035 1897 1054 non
1906 1036 2026 1061 agnatus.
2049 1030 2192 1060 Gentilitiis
2201 1040 2264 1060 vero
2277 1036 2301 1061 ἃς
2315 1019 2396 1070 agna:

1271 1066 1380 1089 tionem
1401 1062 1426 1090 δ’(
1445 1067 1643 1095 cognationem
1664 1062 1870 1099 complectitur.
1910 1064 2007 1095 l’iiulus
2026 1067 2052 1094 in
2073 1066 2315 1102 [jurisconsultus
2358 1071 2393 1100 de

1272 1098 1410 1127 Gradibus
1431 1098 1568 1128 &affinio
1611 1099 1684 1128 Inter
1701 1108 1814 1143 agnatos
1831 1102 1856 1130 Sc
1873 1111 2004 1138 cognatos
2022 1104 2074 1132 hoc
2087 1105 2209 1140 interest,
2231 1108 2304 1143 quoil
2326 1093 2396 1138 inter

1272 1146 1361 1174 genus
1383 1138 1408 1165 ἃ
1426 1136 1555 1179 speciem.
1594 1136 1667 1165 Nam
1681 1147 1729 1173 qui
1748 1138 1786 1167 est
1801 1146 1915 1175 agnatus
1930 1161 1937 1174 ‚
1959 1142 1984 1168 ot
1996 1150 2128 1177 cognatus
2145 1144 2200 1172 est:
2232 1154 2288 1173 non
2302 1147 2397 1182 utique

1273 1181 1369 1203 autem
1390 1184 1436 1210 qui
1455 1181 1589 1211 cognatus
1601 1175 1656 1208 est,
1678 1176 1704 1204 δε
1722 1182 1838 1213 agnatus
1857 1177 1904 1206 est.
1945 1177 2067 1208 Alterum
2082 1180 2155 1209 enini
2168 1181 2263 1217 civile,
2282 1182 2397 1213 alterum

1274 1211 1400 1240 naturale
1419 1221 1524 1240 nomen
1543 1212 1589 1240 est.

1274 1250 1295 1279 A
1308 1250 1384 1283 rnati,
1396 1250 1431 1278 de
1441 1250 1502 1279 diis.
1526 1250 1583 1278 Cic.
1596 1249 1631 1279 de
1644 1249 1765 1279 Univers.
1787 1258 1831 1285 35.
1851 1250 1892 1281 Ex
1904 1251 1936 1281 iis
1948 1253 2095 1282 Saturnum
2109 1256 2134 1284 Sa
2148 1255 2250 1292 Opem,
2266 1257 2399 1296 deinceps

1293 1260 1394 1323 ⁴lovem
1403 1294 1485 1324 atque
1494 1287 1635 1322 Junonem
1646 1288 1766 1326 reliquos
1774 1288 1870 1319 fratres
1880 1290 1951 1319 inter
1958 1290 1984 1320 se
2002 1299 2171 1329 agnatosque
2180 1293 2307 1331 usurpare
2318 1304 2398 1332 atque

1294 1324 1437 1364 appellare
1457 1326 1591 1354 videmus.

1275 1363 1390 1401 Agnati,
1418 1363 1454 1392 de
1469 1364 1554 1392 mutis
1568 1364 1652 1392 etium
1675 1364 1871 1394 animantibus.
1904 1364 2016 1404 Ulpion.
2043 1365 2104 1396 inl.
2120 1367 2213 1397 Vetus.
2236 1368 2269 1398 D.
2290 1370 2324 1398 dc
2341 1370 2402 1399 usu.

1295 1402 1376 1444 fruct.
1388 1400 1510 1430 Debebit
1522 1408 1557 1430 ex
1565 1402 1671 1438 agnatis
1680 1411 1789 1439 gregem
1801 1402 1929 1441 supplere
1947 1425 1954 1438 ,
1976 1404 2052 1433 idest
2071 1405 2098 1432 in
2119 1404 2210 1434 locuni
2223 1407 2344 1443 capitum
2357 1408 2403 1437 de-

1295 1439 1464 1468 tunctorum.
1486 1439 1645 1468 Haloander
1656 1439 1742 1477 legit,
1762 1440 1803 1469 Ex
1814 1441 1894 1470 natis.
1911 1441 1994 1470 Pand.
2011 1442 2128 1472 florent.
2142 1443 2181 1472 Ex
2191 1444 2322 1480 adgnatis.

1277 1477 1377 1514 Agnati
1398 1478 1425 1506 δε
1440 1477 1575 1506 Gentiles.
1589 1496 1591 1498 -
1605 1477 1663 1506 Cic.
1682 1487 1707 1506 2.
1723 1478 1758 1507 de
1770 1478 1877 1508 Invent.
1892 1484 1952 1515 148.
1994 1479 2022 1509 Si
2037 1480 2153 1510 furiosus
2170 1481 2208 1510 cst
2220 1503 2228 1516 ,
2243 1490 2404 1519 agnatorum

1297 1514 1501 1552 gentiliumque
1517 1515 1545 1543 in
1562 1524 1596 1544 eo
1609 1516 1784 1553 pecuniaque
1806 1517 1865 1552 ejus
1884 1517 2001 1554 potestas
2016 1518 2082 1547 esto.

1277 1554 1320 1582 Ad
1333 1560 1446 1590 agnatos
1462 1554 1487 1583 Sc
1498 1552 1616 1590 gentiles
1632 1552 1753 1589 aliquem
1772 1553 1920 1583 deducere.
1945 1555 2026 1584 Varro
2051 1566 2073 1585 1.
2092 1555 2128 1586 de
2139 1554 2171 1585 R.
2185 1555 2217 1585 R.
2244 1566 2340 1594 capa.
2363 1558 2405 1587 Ad

1297 1598 1411 1628 agnatos
1431 1592 1457 1620 ὅ(
1476 1590 1593 1627 gentiles
1612 1591 1649 1620 est
1667 1591 1859 1621 deducendus.
1899 1591 2071 1622 Proverbiale
2089 1594 2145 1622 anti
2167 1595 2209 1622 uis
2226 1594 2297 1629 fiiit,
2319 1605 2405 1631 quum

1298 1629 1390 1658 furere
1412 1628 1532 1665 aliquem
1554 1635 1602 1658 aut
1621 1634 1715 1658 mente
1732 1636 1846 1667 captum
1865 1629 1919 1659 esse
1943 1630 2091 1667 significare
2114 1641 2148 1660 vo
2163 1632 2262 1664 ebant,
2285 1642 2314 1661 ut
2329 1633 2405 1662 dice-

1296 1674 1359 1696 rent
1380 1667 1421 1695 Ad
1445 1674 1558 1703 agnatos
1578 1669 1604 1696 &
1627 1666 1744 1704 gentiles
1771 1667 1970 1697 deducendum
2004 1668 2067 1698 else.
2129 1669 2209 1699 Unde
2235 1670 2404 1705 justinianus

1297 1704 1347 1733 lib.
1367 1714 1390 1734 1.
1412 1704 1622 1734 Institutionum
1640 1704 1676 1733 de
1697 1704 1889 1739 Curatoribus,
1911 1706 2012 1735 furiosi
2029 1716 2138 1744 quoque
2153 1710 2179 1737 ἃ
2193 1708 2318 1745 prodigi,
2338 1706 2404 1737 licet

1298 1743 1418 1779 majores
1440 1742 1664 1779 vigintiquinque
1682 1743 1761 1771 annis
1777 1744 1848 1777 lint,
1872 1744 1899 1772 in
1922 1745 2065 1774 curatione
2086 1745 2148 1774 sunt
2169 1754 2346 1782 agnatorum,
2368 1756 2402 1775 ex

1298 1778 1351 1816 leg.
1370 1790 1411 1809 12.
1426 1779 1592 1809 tabularum.
1622 1780 1747 1809 Budaeus.
1804 1780 1919 1810 Tacitus
1934 1782 1969 1811 de
1983 1782 2075 1812 Germ.
2096 1793 2135 1818 19.
2152 1786 2177 1812 6.
2218 1785 2336 1821 Agnatos
2352 1794 2402 1822 pro

1299 1817 1405 1847 Liberis
1418 1818 1498 1847 dixit.
1538 1818 1694 1847 Numerum
1711 1817 1862 1848 liberorum
1881 1819 1960 1849 finire
1974 1842 1982 1854 ,
2003 1827 2050 1849 aut
2070 1830 2227 1858 quenquam
2245 1830 2279 1850 ex
2300 1824 2403 1858 agnatis

1299 1856 1547 1894 necare,flagititim
1557 1855 1680 1885 habetur.
1695 1856 1725 1885 V.
1738 1856 1777 1885 ibi
1789 1856 1927 1894 Lipsium3
1942 1859 2081 1896 praecipue
2089 1868 2154 1888 vero
2164 1858 2334 1888 Colei·u1n.n.
2344 1870 2401 1895 109.

1241 1893 1321 1925 AGN
1331 1904 1379 1923 AT
1389 1905 1397 1922 1
1408 1904 1440 1929 o,
1462 1894 1532 1923 onis.
1555 1893 1573 1922 f.
1597 1894 1760 1930 [wlago-2¹0⁶]
1781 1894 1815 1923 ab
1838 1895 1969 1932 Agnascoi·
1984 1906 1991 1931 ς
2013 1897 2051 1925 est
2063 1898 2230 1934 [ignatorum
2245 1897 2405 1931 consangui-

1281 1933 1361 1961 nitas.
1384 1932 1442 1961 Cic.
1460 1942 1483 1961 ι.
1499 1932 1534 1961 de
1544 1931 1637 1969 Legib.
1648 1941 1700 1968 C.7.
1713 1931 1746 1960 Et
1757 1932 1831 1968 quod
1841 1933 1869 1961 in
1879 1934 2037 1962 civitatibus
2048 1935 2156 1963 ratione
2166 1934 2293 1971 quadarn,
2305 1936 2339 1964 de
2348 1928 2404 1972 qua

1280 1970 1392 1999 dicetur
1407 1970 1511 1999 idoneo
1526 1970 1600 2005 loco,
1617 1969 1812 2007 agnationibus
1821 1970 1986 2000 familiarum
1998 1972 2202 2009 distinguuntur
2212 1972 2294 2002 status
2304 1995 2311 2007 ,
2332 1973 2359 2002 id
2375 1974 2405 2002 in

1280 2018 1374 2037 rerum
1388 2014 1484 2037 natura
1492 2015 1570 2038 tanto
1581 2007 1618 2036 est
1636 2007 1858 2045 magnificentius
1868 2030 1876 2045 ,
1897 2016 2032 2047 tantoque
2040 2009 2197 2048 praeclarius
2208 2032 2216 2047 ‚
2236 2018 2268 2040 ut
2275 2011 2403 2040 homines

1282 2046 1400 2075 deorum
1410 2046 1558 2084 agnatione
1572 2047 1598 2075 Sc
1617 2054 1698 2083 gente
1708 2054 1863 2076 teneantur.

1243 2082 1462 2119 Amemus,
1484 2084 1670 2113 AGNiNus.
1710 2083 1743 2113 V.
1766 2094 1903 2114 AGNUS.

1243 2123 1437 2157 AGN1¹1·10,
1475 2120 1505 2150 V.
1530 2131 1717 2150 AGNosco.
2124 2154 2127 2156 q

1243 2161 1267 2190 A
1277 2169 1342 2189 oNi
1365 2159 1411 2189 Co
1421 2170 1437 2188 R
1447 2169 1467 2188 N
1477 2170 1495 2188 υ
1505 2181 1513 2194 ,
1535 2159 1623 2195 [9.va
1645 2160 1727 2196 κέρως]
1751 2158 1973 2190 promontorium
1990 2161 2028 2190 est
2044 2159 2150 2191 humile
2162 2162 2189 2192 &
2203 2162 2283 2193 valde
2301 2163 2406 2201 exposi·

1267 2204 1362 2233 tum,
1383 2207 1471 2235 prope
1481 2197 1650 2226 Bolbiticum
1664 2197 1840 2227 Niliostium.
1863 2198 1951 2228 Strab.
1972 2198 2019 2228 lib.
2040 2209 2080 2236 17.

1247 2236 1269 2265 A
1279 2245 1326 2265 GN
1337 2247 1346 2264 1
1356 2245 1374 2264 c
1385 2246 1393 2263 i
1403 2245 1414 2264 s
1425 2258 1432 2270 ,
1454 2235 1567 2265 Fluvius
1581 2236 1610 2264 in
1622 2235 1728 2272 Tigrim
1739 2236 1867 2265 influens.
1890 2236 1959 2265 Plin.
1977 2236 2024 2266 lib.
2039 2240 2065 2265 6.
2078 2246 2138 2274 cap.
2152 2245 2196 2274 27.
2237 2237 2315 2273 [Sed
2329 2247 2404 2268 menae

1287 2274 1356 2303 dum
1367 2273 1420 2302 effe
1431 2273 1528 2302 docuit
1537 2273 1619 2302 Hard.
1634 2284 1658 2310 q.
1673 2273 1702 2302 V.
1731 2273 1832 2302 Nullus
1843 2274 1927 2310 igitur
1936 2274 1989 2303 hoc
2001 2284 2076 2303 nom.
2087 2274 2114 2303 fl.

1245 2312 1293 2342 Aa
1302 2321 1322 2340 N
1334 2323 1342 2339 i
1352 2321 1371 2339 T
1380 2321 1394 2340 F.
1403 2321 1415 2340 s
1427 2333 1434 2346 ‚
1464 2322 1485 2340 ae
1497 2321 1502 2340 :
1530 2311 1574 2340 vel
1595 2314 1614 2339 A
1624 2321 1642 2339 o
1651 2321 1670 2339 N
1683 2321 1721 2340 1T
1729 2321 1747 2339 A
1760 2333 1768 2346 ‚
1798 2321 1827 2340 ae.
1850 2312 1997 2350 IEsculapii
2011 2318 2230 2349 cognomentum
2241 2313 2315 2350 apud
2326 2314 2405 2351 Spar-

1281 2356 1363 2379 tanos
1376 2371 1384 2384 ,
1406 2349 1484 2385 cujus
1499 2348 1671 2378 simulacrum
1684 2359 1717 2378 ex
1732 2359 1804 2386 agno
1814 2371 1822 2384 ‚
1844 2359 1904 2387 quae
1914 2349 2008 2388 planta
2017 2350 2056 2379 est
2068 2372 2076 2385 ,
2101 2358 2159 2380 erat
2168 2350 2289 2380 excisum
2298 2351 2408 2380 consor·-

1283 2395 1453 2424 matumque.
1477 2386 1541 2416 Cael.
1563 2387 1653 2424 Antiq.
1668 2387 1715 2416 lib.
1730 2397 1771 2416 10.
1792 2396 1852 2424 cap.
1873 2398 1895 2423 5.

1245 2426 1268 2456 A
1277 2435 1323 2455 cN
1333 2435 1349 2454 o
1362 2447 1371 2460 ,
1393 2427 1407 2461 [
1420 2425 1511 2461 Αγνὼ]
1534 2424 1592 2453 Una
1601 2434 1617 2454 e
1626 2425 1702 2460 Jovis
1716 2425 1880 2455 nutricibus.
1921 2425 2065 2463 Nymphas
2077 2426 2153 2455 enim
2165 2435 2224 2462 quae
2235 2425 2331 2460 Jovem
2339 2427 2406 2455 edu-

1284 2471 1401 2498 carunt,
1422 2463 1501 2491 fuisse
1515 2464 1609 2497 aiunt,
1631 2463 1759 2498 Θετσιῖιω,
1780 2463 1908 2497 Nedam,
1929 2465 1954 2493 Sc
1976 2465 2054 2500 Αγνὼ.
2111 2465 2131 2492 Α
2148 2473 2202 2500 qua
2225 2466 2251 2494 St
2266 2465 2295 2492 in
2317 2464 2406 2495 cheo

1284 2501 1406 2531 Arcadiae
1418 2500 1480 2530 fons
1495 2500 1710 2538 appellationem
1722 2501 1800 2530 ducit
1813 2523 1821 2536 ,
1843 2502 1921 2536 cujus
1930 2511 1960 2530 ea
1970 2501 2023 2530 fuit
2033 2500 2101 2530 olim
2109 2501 2164 2534 vis,
2180 2508 2212 2530 ut
2226 2512 2254 2531 re
2263 2498 2355 2531 divina
2366 2503 2405 2531 ibi

1285 2549 1302 2569 a
1314 2539 1394 2577 Lycei
1411 2538 1486 2574 Jovis
1501 2539 1642 2568 sacerdote
1655 2539 1784 2568 curiosius
1794 2540 1904 2576 peraGta
1917 2560 1924 2572 ,
1946 2540 1970 2568 ok
1982 2539 2064 2568 fusius
2083 2538 2211 2576 precibus
2221 2561 2229 2574 ,
2247 2549 2406 2577 quernoque

1284 2587 1362 2606 ramo
1378 2576 1476 2606 leviter
1485 2587 1556 2614 aqua
1567 2584 1724 2611 commota,
1747 2586 1814 2605 mox
1825 2576 1933 2605 densior
1950 2576 2125 2613 surrigeretur
2137 2585 2222 2614 vapor
2230 2577 2336 2607 nebulae
2348 2577 2407 2606 assi-

1286 2615 1360 2644 milis
1374 2638 1380 2650 ‚
1402 2625 1462 2652 quae
1479 2625 1536 2644 non
1551 2614 1640 2644 multo
1651 2614 1711 2652 post
1732 2614 1830 2644 effecta
1841 2613 1929 2643 nubes
1939 2636 1946 2649 ,
1968 2615 2119 2652 aggregatis
2133 2616 2200 2644 item
2218 2614 2278 2644 aliis
2290 2637 2298 2651 ,
2319 2615 2406 2653 largos

1287 2654 1446 2683 demitteret
1459 2652 1568 2682 imbres.
1594 2652 1658 2682 eccl.
1671 2653 1760 2689 Antiq.
1775 2652 1847 2681 Lect.
1867 2652 1915 2681 lib.
1936 2662 1979 2688 13.
1996 2663 2056 2690 cap.
2078 2662 2120 2688 17.

1249 2692 1297 2722 Ao
1307 2701 1327 2720 N
1337 2701 1354 2719 o
1364 2700 1451 2725 iris,
1483 2691 1654 2729 [timori-ivn]
1685 2690 1815 2719 Haeretici
1829 2689 1891 2719 sunt
1903 2712 1911 2725 ‚
1932 2690 1965 2719 ab
1976 2691 2131 2727 ignorantia
2144 2691 2211 2720 dit‘ti
2225 2712 2233 2725 ,
2265 2690 2338 2727 quod
2353 2689 2406 2719 csse

1288 2729 1460 2758 novissimam
1477 2729 1573 2757 horam
1588 2728 1835 2765 Christoignotain,
1847 2729 2034 2766 opinarentur.
2056 2728 2120 2757 Cael.
2143 2728 2234 2757 Rhod.
2245 2728 2263 2757 l.
2289 2739 2309 2757 1.
2325 2738 2347 2757 c.
2364 2739 2404 2763 14.

1249 2768 1271 2798 A
1281 2777 1327 2796 GN
1338 2771 1354 2796 ὃ
1364 2777 1436 2796 ΜΕΝ
1448 2788 1456 2801 ,
1492 2767 1556 2796 inis.
1587 2764 1753 2802 [im-vivftix]
1783 2766 1820 2795 est
1834 2765 1921 2802 Quod
1941 2765 2108 2795 extrinsecus
2132 2766 2222 2802 aliqua
2240 2766 2345 2794 ratione
2363 2765 2408 2794 vel

1289 2805 1368 2834 causa
1381 2804 1520 2842 quaesitum
1535 2804 1573 2833 est
1585 2814 1591 2833 t
1623 2811 1653 2833 ut
1664 2804 1805 2833 Africanus
1818 2825 1826 2839 ,
1848 2804 2036 2833 Numantinus
2048 2826 2055 2839 ,
2077 2806 2103 2834 δ’(
2115 2804 2208 2833 similia
2222 2803 2250 2832 id
2261 2803 2407 2840 aliquando

1292 2845 1318 2873 ἃ
1331 2843 1511 2879 Cognomen,
1533 2844 1559 2871 8:
1579 2842 1806 2879 Cognomentum
1824 2842 1934 2871 dicitur.
1974 2843 2019 2871 Sic
2036 2842 2184 2871 Priscianus
2200 2843 2225 2871 ἃ
2241 2841 2330 2873 caeteri
2351 2840 2408 2870 scre

1289 2881 1478 2911 Grammatici.
1516 2880 1653 2909 Caeterum
1670 2902 1677 2913 ,
1700 2880 1865 2917 Cognomen
1878 2880 1906 2908 id
1916 2880 2027 2917 proprie
2038 2881 2140 2909 dicitur
2155 2901 2162 2914 ,
2184 2879 2256 2916 quod
2267 2878 2305 2906 illi
2323 2881 2410 2914 Agno-

1289 2925 1474 2947 menvocant.
1504 2918 1562 2947 Cic.
1584 2928 1608 2946 2.
1622 2919 1656 2946 de
1669 2918 1776 2947 invent.
1796 2923 1841 2952 28.
1874 2918 1985 2947 Nomen
1998 2922 2091 2947 autem
2111 2927 2194 2954 quum
2204 2917 2338 2949 uicimus,
2363 2926 2410 2944 co*

1289 2966 1412 2994 gnomen
1425 2966 1535 2994 quoque
1546 2958 1572 2985 ὃς
1582 2965 1720 2991 agnomen
1738 2955 1907 2992 intelligatur
1916 2962 2035 2993 oportet.
2074 2955 2132 2984 Nec
2142 2954 2307 2989 ineleganter
2320 2953 2410 2982 Aduo-2

1290 3004 1357 3023 men
1373 2993 1517 3029 scribitur,
1539 2995 1615 3031 quod
1627 3003 1703 3030 aeque
1721 3003 1872 3029 oreon-apem
1896 2993 1982 3022 sonat.
2028 2993 2199 3030 Capitolinus
2221 2993 2246 3019 in
2264 2991 2333 3019 Vero
2345 3000 2368 3019 c.
2383 3000 2407 3025 3.

1290 3032 1351 3062 Nec
1366 3031 1440 3060 iili'ud
1456 3032 1480 3060 ei
1494 3031 1713 3061 honorificentiae
1721 3031 1861 3060 adnomen
1873 3031 2035 3064 adiiiiicluin
2046 3052 2053 3066 ,
2075 3039 2156 3068 quam
2170 3030 2244 3066 quod
2258 3029 2368 3066 Augusti
2380 3028 2411 3057 fia

1290 3070 1344 3099 lius
1356 3070 1394 3098 est
1410 3069 1574 3108 appellatus.
1597 3070 1641 3098 adi
1656 3069 1817 3098 Salmasiuin
1837 3079 1870 3097 eo
1890 3069 1964 3098 loco.

1290 3109 1435 3145 Agnomen
1447 3108 1610 3145 genitivum.
1634 3107 1718 3136 Ovid.
1731 3116 1754 3143 3.
1775 3107 1810 3136 de
1818 3106 1896 3136 Pont.
1909 3117 1934 3136 2.
1951 3115 2007 3143 ·07.

1310 3146 1474 3183 Adjectique
1492 3145 1612 3183 probent
1630 3146 1751 3182 genitiva
1768 3146 1917 3182 agnomina
1936 3144 2040 3173 Cottae:

1326 3184 1353 3213 si
1364 3190 1393 3212 tu
1408 3192 1466 3212 nori
1481 3184 1705 3218 ess‘es,interitura
1715 3183 1822 3212 domus.
1845 3182 1885 3211 Ad
1902 3183 2015 3211 nomina
2024 3178 2411 3216 Heinssdivise‚q.verrinum.

1254 3222 1276 3252 A
1285 3231 1303 3250 G
1313 3232 1330 3250 N
1341 3232 1358 3250 o
1367 3233 1387 3250 M
1397 3232 1411 3250 u
1421 3231 1441 3250 Ν
1450 3231 1470 3250 Τ
1480 3232 1498 3250 υ
1507 3232 1538 3257 M,
1559 3222 1577 3250 i.
1593 3232 1620 3250 n.
1635 3221 1720 3250 ldein.
1735 3220 1813 3258 Apul.
1825 3220 1901 3257 Apol.
1914 3230 1940 3257 p.
1954 3219 2195 3254 310.Aguomenta
2208 3218 2232 3245 ei
2243 3217 2300 3261 duo
2312 3218 2410 3247 indita.

1254 3261 1302 3290 Ao
1315 3263 1534 3288 ΝοΜιΝᾸτῐο
1549 3281 1556 3294 ,
1589 3260 1641 3288 live
1662 3260 1963 3290 ΛΝΝοΜιΝΑ-Γιο.
1985 3256 2054 3285 onis.
2077 3255 2095 3284 f.
2118 3256 2338 3291 [παρωνομκσικ]
2371 3256 2416 3285 fia

1293 3307 1368 3335 guni,
1385 3307 1444 3334 quae
1460 3294 1639 3326 similitudine
1649 3297 1801 3326 litterarum
1810 3295 1930 3324 deflectit
1942 3303 2038 3322 vocem
2048 3293 2076 3321 in
2088 3292 2268 3327 contrarium,
2282 3301 2320 3328 ut,
2346 3293 2411 3323 Ter.

1294 3335 1364 3365 And.
1382 3346 1403 3365 1.
1418 3345 1441 3372 3.
1461 3344 1502 3369 13.
1540 3336 1666 3372 Inceptio
1678 3335 1715 3363 est
1726 3335 1887 3367 amentium,
1900 3332 1972 3360 haud
1983 3330 2144 3372 amantium2
2175 3330 2232 3359 Cic.
2247 3332 2276 3359 in
2289 3331 2360 3360 Verr.
2374 3332 2418 3360 Si·-

1293 3373 1360 3403 cilia
1368 3381 1395 3402 te
1405 3383 1463 3402 non
1474 3373 1617 3402 Praetorem
1628 3395 1635 3405 .
1658 3372 1704 3402 sed
1717 3372 1876 3401 i'riedonein
1887 3369 1992 3397 habuit.
2015 3367 2117 3397 Deliae
2129 3370 2214 3405 rigui-a
2232 3367 2262 3397 V.
2279 3369 2355 3398 Auel.
2379 3369 2414 3398 ad

1295 3412 1420 3441 Herenn.
1431 3422 1457 3446 4.
1473 3421 1517 3446 29.
1541 3413 1567 3441 Sc
1578 3410 1649 3440 Vols.
1665 3411 1746 3439 Rliet.
1763 3420 1785 3444 5.
1799 3420 1822 3443 ς.
1836 3418 1857 3436 1.
2069 3438 2074 3444 ,

1295 3449 1414 3486 Quintil.
1432 3449 1493 3478 lust.
1506 3448 1540 3477 O.
1554 3459 1578 3484 9.
1596 3458 1619 3485 3.
1653 3448 1727 3477 Huic
1747 3455 1848 3475 nomen
1869 3444 1906 3473 est
1919 3453 2110 3479 παρωνομαστσι,
2136 3452 2196 3480 quae
2211 3443 2312 3472 dicitur
2327 3444 2415 3480 iignoa

1314 3488 1443 3516 minatio.
1466 3486 1502 3515 H.
1517 3487 1554 3515 St.

1258 3525 1308 3555 Ac,
1317 3535 1335 3553 N
1346 3535 1362 3554 o
1371 3536 1392 3554 M
1401 3535 1418 3553 o
1429 3534 1448 3553 N
1459 3534 1472 3553 ε
1481 3534 1509 3558 s,
1541 3522 1718 3560 [ἀγνώμονες]
1738 3520 1806 3557 Equi
1822 3519 1951 3548 dicuntur
1963 3517 2067 3553 vetuli,
2089 3526 2124 3546 ex
2143 3528 2261 3555 quorum
2285 3519 2416 3548 dentibus

1295 3562 1487 3600 aetasamplius
1497 3561 1618 3598 dignosci
1633 3570 1687 3588 uon
1704 3559 1798 3596 potest.
1823 3557 1886 3585 Csel.
1902 3557 1992 3592 Antiq.
2007 3555 2079 3586 Lect.
2093 3556 2141 3584 lib.
2156 3566 2197 3585 12.
2214 3566 2272 3594 cap.
2286 3567 2311 3591 9.
2323 3556 2414 3586 obelo

1296 3601 1357 3630 haec
1367 3601 1475 3629 notavit
1485 3600 1518 3629 Η.
1532 3602 1570 3628 St.
1593 3599 1700 3634 Nempe
1712 3597 1774 3633 quia
1785 3599 1858 3631 arud
1869 3593 2011 3623 Pollucem
2021 3591 2038 3622 l.
2054 3604 2074 3622 1.
2086 3594 2113 3622 S.
2131 3599 2190 3626 182.
2206 3596 2279 3623 uude
2289 3595 2347 3623 hzec
2358 3598 2416 3623 Cae-

1295 3638 1350 3667 lius
1362 3637 1547 3675 descripiit,ex
1558 3636 1641 3666 Suida
1649 3637 1674 3664 oz
1685 3633 1751 3670 Hesy
1757 3632 1820 3661 chio
1832 3633 1997 3669 {zmyrus-mm
2009 3631 2160 3669 legendum
2171 3632 2250 3668 vidit,
2271 3640 2301 3661 ut
2310 3631 2415 3660 ibidem

1297 3677 1441 3706 adnotavit
1454 3676 1593 3712 Jungerm.

1262 3715 1284 3744 A
1294 3724 1312 3743 G
1322 3725 1341 3743 N
1353 3725 1370 3743 o
1380 3724 1401 3742 Ν
1415 3736 1423 3747 ,
1449 3715 1465 3748 [
1476 3712 1576 3749 :sym-2]
1606 3710 1689 3739 Nom.
1706 3708 1761 3736 Viri
1773 3716 1865 3745 propr.

1297 3754 1397 3790 Agnon
1413 3751 1508 3783 Teius,
1519 3747 1666 3778 Alexandri
1681 3747 1774 3783 magni
1784 3745 1938 3783 praefeftus,
1957 3743 2002 3780 qui
2018 3743 2107 3773 aureis
2121 3742 2203 3772 clavis
2213 3744 2339 3781 crepidas
2348 3743 2416 3772 suffi-

1317 3790 1407 3827 gebat,
1421 3795 1451 3817 ut
1459 3786 1553 3816 scribit
1563 3785 1629 3814 Plin.
1640 3784 1656 3813 l.
1675 3793 1715 3820 33.
1732 3794 1756 3813 c.
1775 3793 1797 3818 3.
1812 3782 1884 3812 Plut.
1896 3783 1925 3811 in
1937 3782 2012 3811 Alex.
2028 3792 2055 3819 p.
2067 3785 2129 3815 688.
2141 3781 2228 3811 Clem.
2243 3783 2281 3810 Al.
2296 3782 2313 3811 i.
2326 3792 2350 3810 2.
2366 3782 2417 3810 1>ae-

1316 3829 1377 3864 dag.
1390 3825 1489 3856 AElian.
1502 3824 1532 3852 V.
1543 3823 1577 3853 H.
1596 3831 1657 3858 9.3.
1678 3821 1725 3850 ubi
1735 3821 1819 3851 Periz.
1842 3820 1886 3863 V„
2010 3858 2013 3862 Ι
2091 3856 2096 3862 ,
2242 3857 2246 3861 .

1298 3865 1373 3895 Alius
1396 3862 1450 3892 hoc
1467 3862 1583 3890 nomine
1600 3860 1647 3897 qui
1662 3859 1753 3889 Artem
1773 3859 1951 3889 Rhetoricam
1966 3856 2067 3895 scripto
2088 3863 2270 3894 impugnavit.

1317 3900 1436 3938 Quintil.
1453 3899 1543 3928 1nst.l.
1561 3908 1586 3927 2.
1599 3908 1622 3927 c.
1641 3905 1682 3934 17.
2035 3926 2039 3931 ¹

1297 3938 1430 3971 Meminit
1444 3937 1566 3974 Agnonis
1575 3935 1721 3966 cuiusdam
1733 3935 1816 3964 etiam
1826 3932 1986 3962 Plutarchus
2000 3954 2008 3966 ‚
2025 3932 2060 3960 de
2069 3931 2167 3966 Solert.
2187 3930 2300 3973 Animal.
2314 3930 2332 3958 f.
2351 3934 2414 3964 908.

1319 3977 1354 4006 ἀι·
1366 3975 1515 4012 elephante
1524 3975 1554 4004 in
1562 3974 1655 4011 Syria.
1681 3974 1728 4010 qui
1745 3971 1917 4044 magistriAEpi
1928 3970 2071 4005 fraudem,
2101 3980 2116 3998 a
2128 3979 2182 4005 quo
2197 3968 2344 3997 dimidium
2356 3967 2418 4033 ligrf

1914 4017 1930 4036 2
2392 4014 2417 4033 ei

2081 507 2139 542 Qui
2159 508 2186 535 in
2206 508 2388 545 adoptionem

2094 581 2228 618 Aguntum
2271 582 2388 612 dicimus

2312 3856 2346 3884 de
2362 3864 2417 3893 quo
