2604 4222
191 103 260 140 428
627 92 655 125 C
751 90 778 125 A
874 86 898 122 P

231 176 364 213 Suffragia
375 181 486 213 captare
497 173 604 212 populi.
627 171 694 201 Hor.
704 182 728 201 2.
742 169 823 207 Epist.
839 177 864 196 2.
877 178 888 197 1
898 177 938 203 ¹3·

232 214 431 251 Tenipestates.
471 213 528 241 Liv.
544 223 565 248 ς,
580 216 605 241 6.
622 220 661 247 pr.
694 209 807 238 Adeone
818 205 976 234 effeminata
987 210 1102 238 corpora
1113 199 1234 228 rnilitum
1246 197 1350 240 nostro-

253 262 314 281 rum
336 251 389 280 csse
414 257 557 288 putamus,
581 251 631 278 818.
665 254 714 280 ut,
737 252 868 279 tanquam
886 241 983 271 navale
996 239 1120 272 bellurn,
1142 235 1351 274 tempestatibus

254 289 398 327 captandis
409 311 415 319 .
438 290 462 317 δι
474 286 644 316 observando
654 292 778 320 tempore
790 280 853 309 anni
864 302 871 313 ‚
894 279 1009 316 gerant?
1083 313 1088 318 ι

236 327 371 364 Tempus.
395 326 451 354 Liv.
464 329 488 354 6.
502 325 568 354 Bell.
582 324 646 353 Pun.
671 320 778 351 Utinde
789 326 914 354 tempore
925 322 1037 352 captato
1047 313 1162 342 abirent.

235 365 408 401 'temporum
420 369 560 392 momenta
569 367 686 398 captare.
727 358 802 386 Suet.
815 356 842 383 in
857 354 932 391 Vesp.
948 363 1008 390 cap.
1022 361 1066 380 21.
1104 350 1162 378 Nec
1175 348 1233 392 ull-o
1242 353 1353 391 ¹tempo..-

256 412 286 432 re
294 402 415 436 facilior,
437 398 680 435 autindulgentior
695 395 809 423 traditur
820 415 826 427 ‚
849 401 935 428 eaque
949 395 1092 419 momenta
1104 386 1248 416 domestici
1261 386 1296 414 ad
1306 384 1354 413 ali-

256 440 323 477 quid
339 439 491 476 petendum
504 443 672 473 magnopere
686 431 844 469 captabant.
909 466 915 472 .
937 466 942 471 ι
1069 464 1074 469 .
1115 468 1116 471 ¹
1137 463 1141 469 .
1276 460 1292 466 ..

238 478 411 508 Testamenta
422 483 538 511 captare.
579 473 644 502 Hor.
659 481 684 499 2.
700 470 785 499 Serm.
800 479 822 501 ς.
832 476 876 502 23.
888 467 999 499 dicitur,
1020 464 1076 500 Qui
1088 463 1157 492 fictis
1169 460 1307 503 obsequiis
1317 459 1354 488 se-

258 525 307 544 nes
318 514 399 542 orbos
411 513 512 545 ambit,
535 517 564 539 ut
578 511 607 538 in
618 504 749 546 supremis
759 505 916 535 testamenti
925 503 1025 533 tabulis
1035 508 1082 531 aut
1093 501 1178 530 haeres
1189 521 1196 535 ,
1218 505 1265 528 aut
1283 505 1354 527 inter

258 552 402 589 legatarios
417 550 556 579 scribatur.
939 579 944 585 ¹
1034 578 1039 583 ι
1248 575 1254 580 ψ
1316 574 1320 579 .

240 591 391 627 Trigonem
403 594 512 624 captare
524 586 620 614 dextra
630 583 761 619 lazvaque.
784 581 819 609 de
836 579 900 609 Pilae
912 576 1055 616 trigonalis
1069 576 1146 606 ludo.
1172 573 1290 605 Martial.
1303 572 1352 602 lib.

239 632 498 694 U'ssssffi'mbomm
508 682 515 695 ,
537 658 737 688 fonticulorum
747 655 950 690 amoenitatem,
971 653 1016 684 vel
1025 662 1095 683 aurae
1105 651 1354 688 refrigerationem.

276 702 307 713 '⁷'
332 700 394 728 niel.
414 700 461 728 lib.
477 708 498 726 1.
514 707 545 726 ca
568 720 573 726 .
595 706 636 725 11.

241 702 327 767 1ξὲἑέ
338 737 456 765 auribus.
479 708 614 764 Cumplib.
623 743 664 762 10.
677 743 700 769 5.
716 736 757 761 16.
782 731 916 761 Fremitus
924 738 1062 766 vocesque
1074 727 1184 757 auribus
1194 725 1354 764 captabant.

238 776 398 804 Voliiniates
409 774 564 802 hominum.
587 772 645 800 Cic.
657 781 683 800 2.
695 770 730 800 de
742 770 816 800 Orat.
833 778 874 805 3¹·
895 768 993 805 legitur
1010 770 1035 796 <82
1051 767 1194 802 Excipere.
1303 800 1308 805 θ

237 813 425 850 Voluptatem.
449 811 506 840 Cic.
522 820 543 839 1.
561 809 595 838 de
608 809 667 839 Fin.
679 818 724 843 24-
749 808 784 837 Ut
794 817 852 836 non
864 808 950 836 modo
961 805 1068 835 nullam
1080 809 1172 841 captet
1184 824 1192 838 ,
1215 801 1356 830 sedetiam

255 857 402 888 praetereat
412 859 456 877 orn
462 858 509 877 nes
518 847 681 884 voluptates.

236 888 413 925 Voluptatem
426 895 535 923 captare
548 894 581 914 ex
593 884 683 922 aliqua
693 893 730 913 re.
771 881 839 912 Plin.
854 881 900 911 lib.
913 887 938 915 8.
958 880 1040 918 Epist.
1054 885 1078 915 8.
1102 883 1171 908 extr.
1195 877 1293 914 Capias
1312 885 1359 905 vo-

234 937 236 940 *
256 926 391 962 luptatem
407 925 506 960 legitur
520 924 548 951 in
559 923 604 952 ed.
618 921 713 951 noviss.
1218 952 1223 958 .
1250 952 1255 958 ¹

237 964 355 1001 Captare
372 962 513 999 aliquem,
544 962 561 989 i.
578 970 602 989 e.
624 960 744 990 Tentare
765 959 790 988 &
809 956 903 988 conari
918 962 948 986 ut
962 955 1081 992 aliquem
1102 953 1145 983 vel
1163 953 1355 990 decipiamus,

255 1000 300 1030 vel
312 999 507 1029 illectamentis
517 997 750 1037 pertrahamusad
760 1006 826 1025 nos:
852 994 985 1025 insidiari.
1009 993 1074 1022 Ter.
1092 993 1161 1022 Hec.
1178 1000 1200 1020 1.
1217 1001 1239 1020 1.
1256 995 1296 1020 16.

329 1037 465 1073 injurium
476 1044 568 1066 autem
581 1037 619 1065 est
629 1035 721 1065 ulcisci
733 1033 921 1064 adversarios?

330 1077 383 1105 Aut
393 1086 444 1112 qua
458 1076 501 1104 via
511 1080 625 1112 captent
636 1081 662 1102 te
673 1073 823 1105 illi.eadem
833 1071 905 1108 ipsos
915 1069 978 1106 capi
987 1070 1000 1097 e?
1016 1065 1350 1102 AliterMartial.lib.9.9o.

330 1113 404 1142 Dum
417 1123 460 1142 nic
471 1118 595 1149 captares
605 1134 612 1145 ,
634 1110 763 1140 mittebas
777 1118 892 1138 munera
903 1108 999 1136 nobis:

366 1151 508 1188 Postquam
519 1150 631 1187 cepisti,
655 1149 703 1177 das
719 1148 806 1182 mihi,
829 1146 914 1181 Rufe,
935 1144 1014 1174 nihil.

235 1189 325 1219 Dot‘te
334 1196 415 1226 atque
427 1189 512 1217 astute
523 1188 651 1224 aliquem.
675 1186 759 1215 Plaut.
771 1184 878 1214 stlostel.
893 1195 915 1219 5.
932 1193 954 1212 1.
969 1192 1013 1211 21.

234 1227 434 1257 Emolumenro
451 1227 542 1259 aliquo
561 1232 669 1263 captare
685 1223 814 1260 aliquem.
857 1221 915 1251 Cic.
929 1230 955 1250 2.
972 1221 1006 1249 de
1017 1219 1124 1249 iuvent.
1142 1227 1204 1255 157.
1234 1216 1306 1246 Nam
1317 1216 1355 1245 est

255 1265 389 1302 quiddam
403 1265 477 1302 quod
490 1264 572 1293 suavi
587 1273 637 1291 nos
650 1262 753 1291 alliciat
765 1261 798 1290 ad
815 1260 868 1289 sese
878 1282 886 1294 ,
908 1268 965 1287 non
980 1257 1172 1286 emolumento
1183 1262 1296 1299 captans
1308 1254 1355 1283 ali-

256 1313 311 1341 quo
321 1324 330 1337 ,
351 1302 397 1331 sed
409 1303 518 1331 trahens
528 1302 574 1331 sua
584 1300 735 1334 dignitate:
757 1299 832 1336 quod
845 1306 940 1335 genus.
952 1297 1048 1330 virtus⁷
1061 1295 1185 1330 scientia,
1197 1301 1295 1323 veritas
1306 1293 1351 1321 est.

236 1340 371 1379 Captare,
393 1339 531 1375 absolute,
552 1348 603 1376 pro
619 1337 844 1367 Divitiisiiihiare
855 1358 862 1371 ,
884 1334 1036 1371 seduloque
1047 1342 1142 1363 curare
1154 1337 1186 1362 ut
1200 1342 1245 1362 eas
1256 1331 1291 1361 ad
1304 1338 1355 1360 rios

255 1379 444 1415 undecunque
454 1377 651 1415 pertrahamus.
673 1374 792 1405 Martial.
806 1373 853 1403 lib.
871 1383 913 1403 12.
929 1382 972 1402 10.

315 1416 459 1446 Africanus
467 1415 550 1444 habet
560 1414 660 1443 millies
670 1435 678 1447 ,
698 1418 791 1442 tamen
803 1417 904 1450 captat.

316 1454 437 1483 Fortuna
450 1453 543 1482 multis
555 1453 602 1482 dat
614 1452 714 1486 nimis,
735 1451 796 1479 satis
808 1449 888 1479 nulli.

237 1491 354 1529 Captare
365 1514 373 1525 ,
394 1490 598 1527 Jurisconsultis
610 1489 705 1519 Venari
721 1511 729 1523 ,
751 1488 917 1525 &aucupari
928 1485 1045 1515 lucrum.
1066 1483 1131 1522 Ulp.
1146 1482 1164 1513 l.
1180 1493 1203 1513 1.
1220 1482 1254 1513 D.
1267 1481 1353 1520 siquis

256 1530 320 1567 aliq.
332 1530 418 1559 testar.
431 1529 540 1567 prohib.
551 1528 694 1564 Justinian.
715 1528 736 1565 §.
749 1532 852 1556 manet.
866 1524 952 1556 lnstit.
965 1524 1000 1553 de
1008 1522 1131 1552 societat.
1168 1520 1200 1552 V.
1223 1522 1286 1551 Ant.
1305 1521 1356 1550 Au-

255 1568 321 1604 gust.
331 1568 378 1597 lib.
393 1577 416 1601 1.
429 1568 572 1597 Emendat.
589 1576 649 1604 cap·
664 1575 706 1600 ις.

237 1605 354 1644 Captare
363 1607 446 1635 etiarn
458 1604 580 1634 absolute
592 1626 600 1639 ,
621 1613 670 1641 pro
683 1601 879 1632 Haereditatem
893 1605 996 1639 petere.
1019 1598 1118 1635 Juven.
1130 1600 1173 1627 16.
1185 1596 1240 1627 Sat.
1253 1607 1297 1634 54.

431 1659 467 1664 —-
477 1653 542 1680 ergo
558 1642 697 1672 Coranum
709 1663 717 1674 ,

328 1681 475 1719 Signoruni
486 1681 618 1710 comitem
628 1679 833 1715 castrorumque
844 1686 896 1706 aera
907 1681 1060 1706 merentem
1071 1695 1079 1710 ‚

329 1719 463 1756 Quamvis
472 1720 526 1755 jam
538 1717 671 1747 tremulus
684 1721 776 1754 captat
789 1721 876 1753 pater.
1146 1744 1148 1747 .

196 1760 349 1792 CAPTANS,
361 1756 522 1793 [μςίξνέῖων]
544 1756 688 1790 partimur,
702 1753 813 1784 Collum
823 1751 964 1790 captantia
971 1746 1351 1784 brachia.Ovid.3.Met.428.

197 1797 249 1827 CA
260 1804 408 1825 i‘TATus
424 1816 432 1829 ‚
453 1804 483 1826 a.
505 1802 562 1824 um.
584 1800 635 1828 ut,
656 1794 801 1822 Secretum
816 1796 966 1828 captatum.
999 1789 1074 1818 Suet.
1093 1787 1160 1817 Oth.
1172 1796 1232 1824 cap.
1247 1797 1288 1815 10.
1312 1786 1352 1815 Ab

234 1832 364 1871 amplexu
377 1835 401 1862 ἃ
414 1832 507 1862 osculo
516 1833 563 1862 suo
574 1831 676 1860 dimisit
684 1839 782 1860 omnes
793 1851 801 1865 ,
822 1828 984 1865 secretoque
995 1832 1106 1865 captato
1114 1847 1123 1862 ‚
1146 1825 1227 1855 binos
1237 1823 1354 1855 codicil-

235 1872 277 1901 los
288 1872 409 1900 exaravit
418 1871 452 1899 ad
462 1870 581 1899 sororem
593 1869 800 1899 consolatorios.

231 1910 357 1946 Tempus
367 1915 518 1946 captatum.
540 1908 624 1937 Ovid.
639 1917 663 1944 3.
677 1907 716 1944 *de
729 1906 805 1935 Pont.
820 1913 917 1941 1.129.

311 1947 415 1983 Eligito
425 1953 535 1983 tempus
548 1968 556 1981 ,
576 1951 717 1983 captatum
731 1944 802 1981 saepe
812 1964 819 1978 ,
842 1941 968 1980 rogandi.
992 1973 993 1976 Ἴ

193 1986 217 2017 C
226 1996 245 2015 A
254 1995 268 2014 i>
278 1994 297 2014 T
309 1994 328 2013 A
340 1994 359 2012 T
369 1995 378 2012 1
389 1994 420 2019 o,
443 1986 513 2013 onis.
536 1984 554 2013 f.
578 1983 722 2020 [Jigqm]
743 1982 780 2011 est
791 1981 923 2016 Venatio,
943 1978 1030 2009 veluti
1047 1977 1196 2008 Honorum
1210 1975 1332 2014 captatio
1342 1995 1350 2011 ,

232 2033 314 2061 quam
328 2022 532 2051 Prensationem
545 2022 644 2051 Cicero
658 2026 746 2050 vocat.
770 2019 838 2049 Plin.
852 2018 899 2048 lib.
912 2028 957 2047 20.
971 2027 1032 2055 cap.
1046 2027 1088 2051 14.
1105 2023 1173 2045 extr.
1214 2014 1248 2044 Et
1265 2014 1351 2052 paulo

234 2060 408 2096 antejuliuin
422 2060 567 2089 Vindicem
579 2081 587 2094 ,
609 2059 775 2088 adsertorem
788 2057 868 2086 illum
890 2066 906 2085 a
917 2056 1029 2086 Nerone
1043 2054 1196 2088 libertatis,
1216 2053 1351 2090 captatio-

231 2110 267 2128 ne
282 2099 436 2127 testamenti
448 2098 482 2127 sic
498 2098 696 2126 lenocinatum.

230 2137 384 2165 Verborum
399 2136 529 2173 captatio.
556 2135 613 2164 Cic.
625 2136 653 2163 in
670 2134 760 2163 Partit.
775 2138 819 2167 81.
842 2132 875 2162 Et
893 2131 968 2161 illam
979 2129 1137 2168 disputandi
1151 2127 1329 2167 prudentiam
1339 2147 1347 2163 ,

251 2174 422 2203 concertatio
432 2193 439 2204 ‚
461 2174 638 2210 captatioque
647 2172 804 2201 verborum.
825 2170 931 2208 Supple
942 2169 1076 2199 Imitatur.

232 2213 378 2242 Geminata
389 2212 519 2249 captatio.
543 2210 661 2247 Quintil.
677 2209 723 2238 lib.
741 2220 764 2244 ς.
777 2219 836 2246 cap.
852 2218 891 2244 13.
915 2207 990 2236 conf.
1014 2216 1032 2236 c
1044 2216 1062 2234 A
1073 2214 1116 2234 PT
1127 2215 1136 2233 1
1146 2214 1172 2233 o.

196 2251 218 2281 C
230 2261 247 2279 A
257 2260 299 2278 PT
309 2254 325 2278 Ᾰ
335 2259 379 2278 ‘ro
389 2259 419 2283 a,
441 2249 503 2278 oris.
528 2257 565 2278 m.
588 2248 738 2284 [ἳκρριςιὲς]
769 2248 825 2283 Qui
848 2252 964 2275 venatur
984 2246 1010 2274 Sc
1027 2243 1114 2273 ambit
1127 2242 1233 2279 aliquid
1251 2241 1348 2278 quovis

230 2287 325 2317 inodo.
350 2293 397 2322 ut,
420 2286 551 2324 Captator
561 2296 631 2315 aune
648 2285 799 2323 popularis.
840 2283 897 2313 Liv.
913 2292 936 2319 3.
952 2292 994 2319 3³·
1028 2283 1160 2318 Adeoque
1176 2289 1279 2308 novum
1299 2279 1349 2308 sihi

230 2326 373 2392 ingenipgpi
386 2325 532 2360 induerat,
556 2330 588 2353 ut
596 2323 735 2362 plebicola
746 2328 870 2360 repente,
892 2320 1037 2358 omnisque
1051 2329 1121 2349 aurae
1132 2317 1274 2356 popularis
1285 2327 1348 2354 cap-

228 2371 300 2393 tator
312 2386 318 2396 ,
360 2372 384 2391 c.

230 2402 361 2439 Captator
371 2422 379 2434 ,
400 2410 450 2437 pro
460 2399 637 2437 Haeredipeta
650 2400 674 2428 ἃ
684 2398 835 2427 inescatore
848 2397 944 2427 senum
959 2395 1106 2429 orborum,
1128 2394 1227 2431 quibus
1241 2392 1348 2422 biandi-

247 2446 292 2469 tur
302 2446 332 2468 ut
344 2438 391 2467 libi
403 2438 545 2467 ha‘reditas
553 2444 600 2466 aut
608 2437 716 2474 quidvis
727 2435 802 2465 aliud
814 2435 992 2470 relinquatur.
1015 2433 1113 2468 Juven.
1129 2442 1171 2462 10.
1186 2432 1242 2461 Sat.
1253 2441 1317 2461 202.

309 2476 399 2513 Usque
412 2475 481 2504 adeo
494 2476 581 2512 gravis
596 2475 674 2504 uxori
684 2496 692 2508 ,
713 2472 853 2509 narisque,
875 2473 977 2508 sibique
989 2491 997 2507 ,

306 2515 343 2545 Ut
353 2514 488 2551 captatori
500 2520 609 2542 moveat
618 2512 724 2542 fastidia
733 2512 824 2541 Cosso.
921 2510 954 2540 Et
964 2509 1031 2538 Hor.
1044 2517 1069 2538 2.
1081 2508 1169 2538 Serm.
1183 2517 1207 2544 ς.
1223 2515 1266 2543 57.

419 2566 456 2571 —-
465 2550 629 2588 plerumque
640 2551 764 2579 recocsus

310 2588 404 2618 Scriba
415 2597 449 2618 ex
460 2589 582 2626 quinque
593 2589 653 2618 viro
668 2597 782 2617 corvum
797 2585 912 2615 deludet
921 2585 1061 2619 hiantem,

310 2627 496 2665 Captatorque
508 2626 586 2655 dabit
595 2626 660 2655 risus
670 2626 765 2655 Nasica
778 2625 898 2654 Corano.

225 2663 356 2695 Extrema
369 2665 546 2700 reliquiaium
556 2663 675 2693 Petronii
686 2663 769 2692 etiam
780 2663 815 2691 ad
827 2660 1021 2691 describendos
1032 2664 1206 2697 captatorum
1219 2658 1299 2689 dolos
1312 2668 1346 2688 ac

245 2702 365 2732 miserias
375 2703 524 2740 pertinent.
556 2701 585 2731 V.
609 2711 670 2738 cap.
684 2711 744 2735 ¹4¹-
767 2701 840 2729 conf.
854 2709 914 2736 cap.
930 2708 990 2733 124.
1003 2700 1028 2727 &a
1042 2707 1103 2732 125.

189 2741 211 2771 C
223 2750 293 2770 A12'r
306 2749 419 2769 Arriix
433 2761 440 2773 ,
460 2740 522 2768 icis.
545 2738 563 2768 f.
587 2745 636 2775 ut,
667 2737 805 2768 Adiilandi
831 2737 962 2772 scientia,
993 2736 1127 2773 captatrix
1146 2734 1344 2765 verisimilium.

227 2778 306 2816 Apul.
317 2778 411 2807 DoCtr.
424 2776 489 2806 Plat.
499 2787 526 2815 p.
541 2780 583 2806 16.

188 2817 210 2846 C
221 2827 239 2845 A
253 2826 319 2844 PTA
331 2825 350 2843 'r
360 2825 376 2844 o
386 2826 401 2843 R
411 2826 419 2843 1
430 2826 446 2843 u
456 2825 468 2844 s
483 2836 490 2847 ,
513 2825 527 2843 a
538 2836 546 2849 ‚
568 2823 624 2843 uni.
647 2811 821 2849 [θηρᾳςτκὲς]
844 2812 903 2846 Adi.
926 2817 978 2847 ut,
998 2810 1163 2848 Captatoriae
1183 2809 1322 2848 scripturae
1333 2831 1342 2846 ,

225 2853 426 2891 &Captatoriae
439 2853 639 2882 institutiones:
660 2852 677 2880 i.
688 2861 712 2881 e.
736 2850 903 2880 Adulatoriae
917 2871 925 2885 ,
946 2855 977 2878 ut
987 2850 1203 2887 interpretantur
1219 2848 1343 2886 Papinia-

225 2901 277 2921 nus
286 2893 308 2921 §z
320 2892 402 2921 Caius
412 2889 611 2926 jurisconsulti.

225 2928 524 2966 Captatoriainstitutio
534 2928 636 2956 dicitur
648 2948 656 2961 ,
678 2924 749 2963 Quae
760 2931 864 2955 mutiiae
875 2925 1054 2954 institutionis
1065 2923 1209 2961 captandae
1225 2924 1251 2953 Sc
1270 2923 1341 2960 quasi

243 2967 415 3004 aucupanda:
425 2966 541 2995 faesaest
553 2987 560 3000 ,
582 2964 738 3001 cujusmodi
755 2964 793 2992 est
805 2963 862 2992 inl.
875 2973 919 2992 20.
937 2964 965 2991 in
985 2963 1048 2991 fine.
1072 2962 1106 2991 D.
1129 2962 1164 2990 de
1182 2961 1338 2990 condition.

242 3005 325 3033 instit.
367 3004 459 3033 Titius
470 3004 487 3032 ii
503 3013 549 3032 me
568 3003 707 3032 haeredem
722 3002 862 3036 instituet,
883 3001 968 3030 haeres
989 3000 1054 3029 est0.
1095 3001 1148 3028 Aut
1168 2999 1236 3028 haec.
1277 2999 1341 3035 Qua

240 3052 275 3072 ex
289 3048 367 3080 parte
378 3051 423 3071 mc
432 3042 524 3071 Titius
536 3041 676 3070 haeredem
687 3040 819 3077 scriptum
837 3039 865 3067 in
877 3037 976 3068 tabulis
996 3038 1049 3066 suis
1068 3037 1240 3071 recitaverit,
1260 3046 1294 3065 ex
1308 3046 1339 3066 ca

242 3080 415 3118 partehaeres
427 3080 492 3109 esto.
513 3079 531 3108 l.
545 3089 567 3107 1.
592 3079 625 3108 D.
643 3076 731 3107 dehis
742 3087 800 3113 qua:
818 3086 869 3114 pro
890 3086 947 3105 non
968 3075 1058 3113 script.
1082 3075 1174 3112 Quare
1188 3075 1204 3103 si
1217 3075 1339 3103 118111111-

242 3117 618 3153 111110118111111111611118113101·
630 3115 758 3152 loquatur
769 3136 776 3150 ‚
798 3124 856 3143 non
870 3115 922 3143 erit
934 3113 1101 3151 captatoria:
1124 3112 1208 3142 veluti
1217 3112 1234 3140 si
1247 3112 1337 3147 dicat,

243 3156 305 3191 Qua
317 3165 350 3185 ex
368 3162 444 3191 parte
456 3155 548 3184 Titius
564 3163 609 3183 me
628 3153 767 3183 haeredem
779 3152 913 3186 instituit,
934 3161 968 3180 ex
985 3160 1016 3180 ea
1029 3157 1107 3188 parte
1119 3150 1238 3179 Maevius
1253 3150 1338 3179 haeres

240 3194 303 3222 est0.
345 3193 392 3222 1111
405 3193 539 3222 institutio
550 3193 702 3229 captatoria
712 3200 768 3219 non
781 3190 836 3219 est:
860 3190 923 3226 quia
934 3189 963 3217 in
975 3189 1142 3226 praeteritum
1155 3210 1162 3222 ‚
1185 3197 1242 3216 non
1256 3188 1283 3216 in
1296 3188 1337 3216 su.

240 3237 331 3296 {prum
342 3231 478 3296 {institutio
489 3230 590 3260 collata
600 3230 647 3265 est,
668 3227 784 3258 aitPaul.
794 3228 824 3256 in
834 3226 854 3258 1.
867 3236 911 3264 71.
928 3228 953 3256 &
966 3235 1010 3261 29.
1033 3226 1066 3255 D.
1086 3226 1121 3254 de
1131 3225 1285 3254 haeredibus
1293 3225 1337 3254 »111-

264 3275 338 3296 ituen
364 3278 392 3297 is.

185 3305 233 3333 CA
245 3315 419 3334 PTATfiLA
434 3328 442 3340 ‚
461 3315 491 3334 ae.
514 3306 533 3334 f.
558 3304 706 3342 Acceptis),
727 3302 861 3341 receptio.
883 3307 931 3337 ut,
952 3300 1029 3331 Pallii
1045 3300 1189 3338 captatela.
1217 3299 1333 3329 Tertull.

221 3342 255 3371 de
267 3342 351 3372 Pallio
361 3365 368 3377 ,
391 3343 419 3372 V.
443 3342 553 3373 Salmas.
573 3353 603 3380 p.
617 3346 678 3379 367.

182 3378 205 3408 C
216 3389 301 3408 Ari-i
313 3390 332 3408 'r
343 3390 374 3415 o,
396 3384 449 3409 sire.
471 3381 605 3418 frequent.
619 3390 634 3409 a
646 3379 744 3417 Capto.
765 3384 812 3413 ut,
834 3377 937 3407 Omina
955 3375 1039 3412 vulgo
1056 3375 1231 3412 loquentium
1248 3376 1335 3412 capti.

219 3416 293 3446 tasse.
317 3418 393 3454 apul.
410 3419 445 3446 <ie
463 3418 521 3447 Deo
533 3419 636 3447 Socrat.
649 3428 675 3454 p.
690 3427 732 3453 52.
764 3416 781 3445 i.
795 3425 818 3445 e.
841 3415 881 3445 Ex
893 3415 1019 3444 sermone
1038 3421 1142 3442 temere
1157 3412 1333 3450 loquentium

219 3454 321 3491 aliquid
334 3456 472 3492 arripuisse
482 3477 489 3487 .
511 3456 584 3492 quod
596 3457 624 3484 in
634 3464 718 3484 omen
726 3459 852 3484 verteret.

184 3490 205 3520 C
216 3501 236 3519 A
247 3501 260 3519 P
271 3501 323 3520 sss
333 3502 349 3520 o
360 3514 367 3526 ,
389 3493 435 3528 iii,
455 3493 523 3522 ssum
536 3515 543 3529 ,
563 3493 715 3522 secundum
739 3491 923 3521 Diomedem:
942 3489 985 3518 vel
1001 3488 1062 3518 ssivi
1075 3510 1082 3523 ,
1104 3486 1216 3522 ssrtum.
1237 3487 1332 3517 secun-

218 3529 285 3558 dum
309 3529 489 3565 Priscianum,
516 3531 697 3566 [ἐφάπ7ο,ιια4,
723 3528 909 3563 immamus]
929 3528 984 3557 ere.
1016 3526 1131 3555 verbum
1150 3526 1188 3554 est
1202 3526 1332 3554 at‘tivum.

218 3575 282 3595 nani
294 3567 410 3596 dicimus
422 3568 535 3604 Capelli)
548 3590 554 3602 ,
579 3567 723 3605 Capeisor:
748 3566 882 3604 significat
896 3571 990 3595 autem
1002 3564 1115 3602 Capere.
1137 3570 1186 3599 ut,
1207 3562 1331 3601 Capesse-

216 3612 244 3632 re
254 3603 355 3640 fugam.
380 3604 463 3633 l’laut.
477 3605 533 3633 Aul.
548 3617 573 3640 4.
592 3616 612 3635 1.
625 3616 651 3640 4.

230 3678 232 3680 ,
298 3642 325 3669 1η
337 3642 431 3670 herum
443 3650 563 3677 matura,
582 3644 610 3671 in
627 3643 653 3672 se
666 3642 721 3671 sera
733 3642 871 3671 condecet
881 3639 1026 3678 capessere.

216 3677 358 3720 Capesscre
368 3678 459 3708 cibum
470 3679 543 3708 hiatu
553 3681 607 3709 oris
618 3682 642 3710 ἃ
652 3680 781 3708 dentibus
792 3680 863 3717 ipsis.
884 3679 942 3708 Cic.
953 3687 979 3707 2.
991 3678 1025 3706 de
1035 3677 1098 3706 Nat.
1110 3676 1193 3706 Deor.
1208 3683 1269 3705 122.

216 3716 358 3752 Capeslcre
368 3737 375 3749 ,
397 3716 431 3744 (le
446 3716 543 3745 itinere
555 3718 668 3746 dictum.
690 3717 773 3746 Plaut.
788 3717 859 3746 Rud.
882 3727 904 3745 1.
919 3726 944 3745 2.
957 3722 1001 3750 89.

293 3753 319 3781 Si
333 3753 367 3781 ad
382 3752 473 3794 saxum
483 3775 491 3788 ,
512 3755 585 3789 quod
597 3755 709 3791 capessit
719 3776 727 3789 ,
749 3765 779 3783 ea
791 3753 917 3783 deorsum
929 3754 1011 3782 cadit.

213 3789 278 3826 Quo
293 3790 487 3832 UPfflCFssinlffl
502 3799 531 3819 ru
543 3797 568 3819 te
579 3792 644 3820 hinc
654 3792 764 3820 advorsa
777 3793 841 3821 via‘?
863 3792 948 3820 l'laut.
958 3789 1087 3820 Bacchid.
1100 3798 1123 3818 1.
1137 3797 1163 3819 2.
1178 3798 1202 3825 ς.

213 3828 514 3864 Capcsierelcdoinurn
526 3849 533 3861 ,
557 3828 695 3865 Recipere.
721 3829 805 3857 l'laut.
818 3830 916 3865 limph.
933 3838 954 3857 1.
973 3839 994 3856 1.
1012 3833 1071 3856 106.

253 3865 336 3893 Nunc
347 3874 457 3901 pergam
469 3865 525 3905 heri
536 3865 681 3901 imperium
694 3867 802 3902 exequi,
815 3869 840 3895 ὅς
851 3876 893 3894 inc
903 3867 1017 3894 domum
1031 3863 1176 3903 capessere.
1205 3860 1324 3894 Nonius.

208 3901 336 3934 Montem
346 3902 465 3937 celeres,
486 3901 634 3938 silvamque
642 3902 792 3940 capessunt.
817 3903 904 3933 Valet.
916 3915 941 3939 4.
955 3907 1052 3939 Argon.
1066 3907 1128 3939 316.

1393 2010 1442 2042 CK
1453 2022 1467 2040 i»
1477 2022 1497 2040 A
1507 2021 1525 2041 x
1536 2034 1543 2047 ,
1565 2013 1629 2041 acis.
1652 2012 1712 2047 Adj.
1734 2008 1879 2047 [δῖκτυώς.
1890 2009 2029 2047 χωξητικὲς,
2048 2010 2205 2046 ὲνξιῇριςῶ]
2227 2009 2313 2046 Quod
2329 2009 2406 2047 capit
2422 2008 2468 2039 seu
2482 2018 2546 2039 con»
2568 2020 2570 2030 1

1377 3449 1400 3479 C
1410 3459 1429 3478 A
1440 3459 1453 3477 1’
1464 3459 1482 3478 A
1493 3451 1528 3478 ci
1538 3459 1557 3478 T
1568 3459 1587 3478 A
1598 3459 1610 3478 s
1622 3471 1630 3484 ,
1651 3450 1710 3478 sitis.
1732 3449 1750 3478 f.
1772 3446 1888 3484 [χάςκστς
1897 3469 1905 3479 ,
1924 3445 2075 3484 ammaim]
2097 3446 2257 3483 Amplitudo
2269 3445 2334 3479 loci,
2356 3455 2414 3482 quae
2428 3450 2521 3482 capere

1377 3674 1600 3704 CAPAcfraa
1613 3698 1620 3711 ,
1644 3675 1709 3705 Adv.
1733 3680 1781 3710 ut,
1801 3673 1953 3702 Primordia
1972 3672 2108 3702 seminum
2128 3671 2276 3701 efficaciter
2295 3673 2320 3701 8:
2336 3671 2470 3709 capaciter
2482 3667 2518 3698 se·
2540 3693 2541 3707 .

1374 3749 1397 3778 C
1408 3760 1425 3778 A
1434 3759 1448 3777 1²
1457 3754 1472 3778 Fi
1483 3761 1500 3779 c
1509 3761 1525 3780 u
1536 3762 1551 3779 L
1563 3761 1579 3779 υ
1589 3760 1601 3779 s
1613 3773 1620 3785 ‚
1641 3761 1656 3780 a
1665 3772 1672 3785 ‚
1694 3759 1749 3779 um.
1774 3750 1947 3786 Aliquantum
1958 3757 2053 3785 capax.
2078 3747 2186 3777 Cathol.

1374 3787 1397 3815 C
1407 3797 1425 3815 A
1435 3797 1447 3814 i‘
1457 3798 1491 3816 10
1502 3798 1521 3816 N
1531 3800 1539 3816 1
1550 3798 1562 3817 s
1586 3788 1697 3823 Turris,
1720 3784 1880 3823 [Ka-aim&—
1903 3787 2034 3821 miev&]
2056 3786 2084 3814 111
2102 3785 2231 3822 Hispania
2243 3784 2281 3814 est
2291 3805 2298 3817 ‚
2322 3783 2356 3812 ad
2366 3783 2458 3813 Baetim
2468 3780 2517 3811 flu·
2541 3798 2543 3807 1

1889 77 1917 110 C
2019 77 2045 111 A
2137 76 2160 110 Ρ

1436 157 1471 186 Se
1486 157 1515 185 in
1527 155 1632 190 altum,
1656 166 1704 192 pro
1716 156 1878 185 immittere.
1902 156 1981 185 Plaut
2012 157 2078 186 [isin.
2098 166 2121 185 1.
2135 166 2158 192 3.
2179 159 2204 186 6.
2594 182 2596 193 ,

1529 194 1621 229 Qiarn
1633 194 1717 230 magis
1731 202 1757 222 te
1769 195 1796 222 in
1806 194 1862 223 altu
1869 204 1893 222 ni
1903 194 2017 230 capessis
2028 217 2034 227 .
2058 202 2113 223 tam
2124 195 2200 224 aestus
2212 194 2275 223 rein
2287 200 2400 231 portum
2415 197 2503 228 refert.
2594 201 2596 220 l

1436 232 1471 261 Se
1484 232 1801 269 1111101111181111111111105
1814 241 1912 261 mores.
1937 232 2020 260 Pia-ir.
2043 232 2171 261 ssacchid.
2183 245 2210 267 4.
2229 242 2268 260 10.
2283 241 2309 260 2.
2594 246 2595 251 =

1437 270 1571 300 Armave'i
1586 269 1697 297 beilum.
1728 269 1783 298 Liv.
1797 281 1821 303 4.
1838 270 1909 305 Virg.
1925 279 1948 303 3.
1968 270 2028 299 ffivi.
2046 279 2110 304 2³4·

1632 323 1668 346 .—
1682 307 1758 335 l'ociis
1774 329 1781 341 ,
1802 314 1870 336 tunc
1883 317 1955 335 arma
1971 306 2110 345 capessant
2224 306 2323 336 Edico.

1439 343 1600 373 Consilium.
1626 344 1709 373 l'laut.
1723 345 1793 373 itud.
1810 354 1831 373 1.
1846 354 1869 379 3.
1883 354 1926 376 27.

1439 382 1522 424 Cuias
1535 382 1660 423 imperii,
1675 381 1852 418 &invigilare
1863 382 1982 418 publicis
1990 381 2165 412 utilitatibus.
2182 381 2250 411 Plin.
2261 382 2290 411 i'n
2301 381 2392 418 Paneq
2404 387 2553 424 cap.66.pr.
2592 387 2593 391 ’

1440 419 1554 448 Curium
1563 419 1595 448 ad
1607 421 1734 455 aliquem.
1758 419 1843 448 Plaut.
1856 420 1935 457 Capt.
1949 431 1975 455 4.
1993 430 2015 449 1.
2025 430 2049 455 9.
2375 411 2384 422 ⁸

1439 457 1541 493 Fugam
1554 479 1561 491 ‚
1585 457 1696 493 Fugere.
1720 457 1774 486 Liv.
1796 467 1819 487 1.
1841 468 1884 492 2ς.

1439 494 1593 524 Honorem.
1635 495 1724 524 Tacit.
1740 504 1780 530 13.
1799 497 1867 524 Ann.
1878 504 1922 530 25.
1944 494 2035 529 Julius
2050 492 2163 530 quidem
2173 494 2325 524 Montanus
2338 494 2474 524 Senatorii
2487 497 2555 528 ordi.
2590 487 2591 494 ¹

1459 533 1501 561 nis
1512 554 1519 567 ‚
1541 532 1587 561 sed
1600 533 1645 569 qui
1659 532 1782 561 nondum
1791 533 1930 562 honorem
1945 531 2096 570 capessisset
2106 554 2113 567 ,
2135 532 2291 569 congressus
2302 532 2371 561 forte
2381 555 2388 567 ‚
2405 534 2457 562 ἃς.

1438 569 1558 607 Imperia
1569 569 1716 607 capessere.
1738 570 1823 600 Plaut.
1836 570 1913 600 Trin.
1934 580 1959 599 2.
1974 580 1999 599 2.
2016 580 2057 606 19.
2080 570 2109 599 Si
2128 578 2190 599 mea
2204 571 2319 608 imperia
2331 569 2460 608 capesses.
2488 572 2506 601 i.
2528 581 2552 604 e.

1459 607 1598 644 Praecepta
1613 608 1758 637 custodies.

1438 644 1512 680 Jussa
1523 646 1640 689 alicujus
1652 646 1788 683 capessere
1798 669 1806 683 ,
1827 647 1846 676 i.
1859 656 1883 676 e.
1904 645 2037 676 Perficere
2049 644 2094 674 vel
2106 644 2210 682 Saepius
2224 654 2331 682 capere,
2354 651 2386 674 ut
2400 646 2439 675 ait
2449 646 2553 680 Servius
2586 667 2587 670 1

1458 683 1493 711 ad
1507 683 1576 720 Virg.
1591 693 1613 712 1.
1626 684 1686 713 JEn.
1700 690 1743 718 81.
1940 683 2054 712 -—mihi
2067 682 2131 716 iussa
2144 682 2281 720 capessere
2294 683 2333 712 fas
2347 684 2392 712 est.
2587 709 2588 719 ,

1438 720 1617 750 Libertatem.
1652 722 1709 751 Cic.
1727 732 1766 751 10.
1779 722 1898 759 Philipp.
1913 731 1954 757 19.
1977 721 2077 750 Omnis
2091 720 2129 749 est
2141 720 2247 749 miseria
2261 720 2389 750 servitus:
2415 719 2460 750 sed
2474 722 2554 755 fuerit
2585 734 2588 757 1

1457 759 1582 795 quaedam
1592 759 1926 797 necessai‘ia‚ecquodnam
1935 759 2105 797 principium
2114 760 2217 796 putatis
2227 758 2361 788 libertatis
2370 758 2552 795 capessendae?
2584 770 2588 802 'i

1439 795 1545 825 Locum
1558 796 1711 834 capessere,
1737 808 1787 836 pro
1800 798 1933 827 Affed‘rare
1943 819 1951 832 ,
1973 798 1998 826 ἃ
2010 806 2128 833 vergere.
2169 796 2226 826 Cic.
2240 806 2264 825 2.
2278 797 2312 825 de
2324 797 2383 826 Nat.
2397 797 2476 826 Deor.
2494 808 2550 835 ιις.
2586 803 2588 826 i

1460 834 1495 862 de
1504 835 1615 878 Sphaera
1624 857 1632 870 ‚
1655 836 1762 865 Omnes
1774 836 1850 865 enim
1864 842 1955 873 partes
1965 836 2023 870 ejus
2034 834 2159 871 undique
2170 834 2296 864 medium
2312 833 2407 864 locum
2417 832 2551 873 capeffen-
2584 833 2587 864 ‚¹

1457 877 1500 900 tes
1512 879 1641 901 nituntur
1652 874 1801 910 aequaliter.
1823 873 1949 902 Budaeus.
2549 875 2558 880 ”
2584 882 2586 896 ’

1439 910 1630 950 magistratum
1641 911 1786 948 capessere.
1808 911 1897 941 Tacit.
1914 918 1956 947 13.
1970 911 2038 940 Ann.
2050 919 2095 946 29.
2583 912 2587 960 1

1439 947 1548 977 Munia.
1570 948 1707 978 Columel.
1719 949 1766 978 lib.
1786 958 1828 978 12.
1841 959 1901 986 cap.
1917 959 1939 978 1.

1439 986 1555 1015 Obsidia
1567 986 1678 1016 urbium
1693 987 1812 1017 Romani
1820 986 1999 1025 capesserent.
2021 984 2112 1015 Tacit.
2128 993 2170 1014 12.
2188 985 2258 1014 Ann.
2274 995 2316 1021 ις.
2329 989 2400 1015 extr.
2581 995 2584 1004 ¹

1438 1023 1560 1054 Noc¹tem
1571 1024 1717 1062 capessere.
1757 1025 1848 1055 Tacit.
1860 1035 1887 1061 4.
1899 1026 1969 1054 Ann.
1983 1029 2028 1060 48.
2042 1033 2083 1061 pr.
2105 1023 2281 1061 Noctemque
2291 1024 2320 1052 in
2332 1023 2424 1054 castris
2433 1027 2553 1058 tutam&
2581 1026 2585 1055 ι’

1458 1062 1571 1099 vigilem
1586 1062 1766 1101 capesserent.
2417 1066 2421 1067 ⁷
2582 1057 2583 1076 l

1438 1099 1538 1129 Oculis
1547 1099 1652 1137 aliquid
1667 1123 1675 1135 ‚
1696 1098 1906 1139 Contemplari,
1928 1099 2040 1129 intueri.
2061 1098 2118 1128 Liv.
2131 1108 2157 1137 7.
2169 1098 2238 1128 Bell.
2250 1098 2361 1130 Maced.

1438 1137 1546 1167 Partem
1557 1148 1693 1168 curarum.
1715 1139 1806 1168 Tacit.
1824 1149 1866 1168 12.
1885 1138 2011 1172 Α1111.2ς.

1436 1173 1552 1205 Pastum.
1576 1176 1634 1205 Cic.
1647 1186 1673 1205 2.
1688 1177 1722 1206 de
1735 1177 1798 1206 Nat.
1810 1177 1894 1206 Deor.
1911 1185 1970 1210 131.
1986 1175 2071 1205 Dedit
2081 1175 2180 1204 eadem
2192 1181 2289 1204 natura
2300 1174 2400 1204 belluis
2410 1175 2515 1206 sensum
2525 1178 2552 1208 ἃ
2578 1191 2582 1217 5

1457 1214 1622 1251 appetitum,
1645 1221 1677 1243 ut
1684 1214 1768 1244 altero
1780 1220 1913 1244 conatum
1924 1213 2059 1243 haberent
2069 1213 2104 1242 ad
2115 1213 2252 1242 naturales
2263 1213 2352 1250 pastus
2363 1213 2548 1251 capessendos.

1436 1250 1560 1295 Pericula
1569 1252 1713 1289 capessere.
1736 1253 1792 1282 Liv.
1803 1262 1847 1282 21.
1860 1263 1886 1287 4.
1898 1251 2050 1281 Plurimum
2061 1251 2184 1281 audaciae
2198 1251 2233 1281 ad
2242 1251 2367 1289 pericula
2377 1251 2546 1290 capessenda.
2578 1249 2585 1286 ‚l

1436 1289 1563 1319 Praelium
1576 1290 1713 1328 capessere
1725 1290 1839 1320 fortiter.
1867 1290 1942 1319 Curt.
1955 1301 1981 1325 4.
1995 1300 2037 1325 14.
2048 1292 2075 1319 ⁶.

1436 1327 1607 1365 Principium
1619 1328 1758 1358 facinoris.
1781 1328 1871 1358 Tacit.
1888 1338 1928 1364 15.
1949 1328 2018 1357 Ann.
2032 1337 2078 1363 49.
2579 1354 2583 1361 ,

1434 1363 1567 1403 Pugnam.
1602 1366 1659 1395 Liv.
1671 1375 1697 1396 2.
1710 1371 1734 1395 6.
1758 1367 1898 1396 Decorum
1908 1373 1967 1395 erat
1977 1372 2037 1394 tum
2051 1365 2113 1403 ipsis
2124 1364 2261 1403 capessere
2272 1374 2393 1403 pugnam
2406 1365 2533 1397 ducibus.
2558 1388 2561 1391 -
2579 1366 2583 1399 .'

1434 1404 1519 1472 Rgcta
1530 1404 1667 1442 capessere
1682 1425 1690 1440 ,
1711 1404 1826 1434 Rectam
1841 1404 1915 1433 viam
1926 1404 2050 1441 ingredi,
2072 1403 2102 1432 id
2116 1403 2153 1433 est
2167 1403 2316 1433 honestum
2334 1403 2421 1441 sequi.
2443 1404 2509 1435 Hor.
2520 1413 2546 1436 ι.
2578 1410 2579 1416 ’

1474 1451 1540 1472 erm.
1553 1451 1578 1479 7.
1591 1446 1616 1471 6.
2578 1439 2582 1454 ³

1513 1480 1574 1509 Pars
1584 1480 1731 1509 hominum
1741 1475 1814 1509 vitiis
1826 1479 1927 1517 gaudet
1938 1479 2094 1508 constanter
2105 1500 2113 1514 ,
2134 1480 2161 1509 ἃ
2176 1485 2256 1516 urget

1514 1517 1699 1556 Propositum:
1722 1527 1784 1555 pars
1792 1517 1880 1547 multa
1890 1524 1965 1547 natat
1978 1539 1986 1553 ‚
2006 1518 2093 1546 modo
2104 1518 2176 1546 reesa
2185 1516 2326 1554 capessens
2336 1538 2346 1553 ‚

1433 1587 1435 1589 ,
1516 1556 1659 1586 Interdum
1670 1556 1760 1594 pravis
1774 1555 1905 1585 obnoxia.
2024 1554 2063 1584 Al.
2086 1555 2183 1584 Nutat.
2579 1570 2581 1575 .

1433 1591 1650 1631 Rempublicam
1670 1593 1808 1632 capessere
1822 1615 1830 1629 ,
1865 1594 1883 1622 i.
1904 1603 1928 1622 e.
1960 1592 2154 1622 Administrare
2165 1614 2172 1627 ,
2195 1591 2349 1630 gubernare
2360 1613 2368 1626 ,
2389 1591 2544 1624 defendere.
2574 1590 2579 1624 f
2599 1607 2604 1625 1

1453 1632 1559 1662 Sallust.
1573 1631 1653 1661 Catil.
1669 1641 1729 1670 cap.
1748 1641 1790 1667 5²-
1812 1630 2040 1669 Expergiscimini
2055 1630 2225 1668 aliquando,
2247 1630 2414 1669 &capessite
2431 1630 2549 1671 Rempu·
2568 1625 2580 1661 ..-
2599 1645 2604 1675 Ι

1454 1670 1557 1699 blicam
1567 1692 1574 1705 ‚
1608 1671 1622 1706 [
1634 1670 1650 1698 i.
1661 1680 1684 1699 e.
1710 1669 1857 1699 Tuendam
1867 1669 2004 1707 suscipite.
2574 1691 2576 1694 .

1434 1708 1521 1746 Spem
1534 1708 1679 1746 capessere.
1701 1707 1788 1737 Plaut.
1803 1707 1876 1737 Rud.
1896 1719 1918 1737 1.
1932 1716 1957 1743 3.
1969 1716 2014 1737 21.
2280 1730 2283 1731 ⁷

1433 1746 1566 1776 Solennia
1576 1746 1661 1783 regni.
1683 1745 1773 1775 Tacit.
1786 1749 1811 1775 6.
1828 1746 1898 1775 Arm.
1909 1755 1955 1780 42.
2575 1739 2579 1773 ι’

1431 1784 1580 1822 Superiora
1591 1783 1736 1822 capessere.
1777 1784 1836 1813 Cic.
1856 1793 1877 1813 1.
1894 1782 1977 1812 Tusc.
1993 1791 2038 1819 42.
2060 1782 2087 1812 Is
2097 1787 2190 1811 autem
2204 1781 2313 1811 animus
2324 1803 2333 1817 ,
2359 1781 2406 1820 qui
2421 1781 2440 1811 fi
2458 1781 2548 1813 estho-
2568 1779 2578 1810 i

1454 1830 1515 1851 rum
1527 1829 1646 1859 quatuor
1657 1831 1790 1859 generum
1801 1843 1808 1857 ‚
1821 1822 1873 1851 &c.
1893 1820 2031 1858 superiora
2042 1819 2164 1858 capessat
2174 1818 2282 1849 necesse
2293 1820 2339 1850 est.
2574 1845 2576 1850 .

1431 1859 1577 1898 Capessere
1586 1860 1684 1889 urbem
1694 1859 1829 1896 aliquam,
1852 1869 1902 1897 pro
1913 1859 2044 1889 Conferre
2058 1858 2084 1887 se
2095 1858 2130 1887 ad
2138 1867 2208 1887 eam.
2231 1858 2287 1887 Cic.
2302 1868 2344 1888 10.
2358 1858 2409 1887 Att.
2420 1868 2446 1895 9.
2467 1857 2544 1889 Meli.
2570 1855 2578 1891 'd

1452 1904 1510 1927 tam
1519 1899 1602 1935 igitur
1612 1920 1619 1933 ,
1643 1897 1743 1936 opinor
1753 1919 1761 1932 ‚
1783 1897 1953 1934 capessamus
1967 1919 1974 1932 ‚
1996 1897 2063 1926 dum
2078 1896 2145 1933 quid
2156 1896 2186 1924 in
2199 1896 2338 1934 Hispania.
2574 1895 2577 1923 Ξ

1433 1936 1476 1965 Ad
1488 1936 1665 1974 capessendas
1677 1937 1855 1965 caeremonias
1862 1935 2019 1973 promptior
2029 1934 2147 1964 animus.
2169 1933 2261 1963 Tacit.
2275 1945 2302 1970 4.
2316 1936 2384 1964 Arin.
2399 1936 2441 1964 16.
2569 1947 2575 1966 ,ι

1432 1973 1589 2004 inimicitiis
1600 1973 1771 2012 capessendis
1783 1973 1881 2003 facilis.
1903 1973 1993 2003 Tacit.
2006 1983 2030 2008 5.
2043 1974 2112 2002 Ann.
2130 1982 2171 2001 11.
2573 1970 2575 1985 ”

2576 1699 2579 1724 i

1430 2050 1517 2086 tinet,
1538 2056 1586 2079 aut
1595 2050 1739 2079 continere
1746 2049 1843 2087 potest.
1884 2049 1952 2079 Plin.
1964 2048 2011 2078 lib.
2024 2059 2064 2078 10.
2078 2058 2139 2086 cap.
2154 2057 2195 2084 33.
2231 2048 2402 2077 Hirundines
2413 2055 2491 2077 utero
2503 2056 2543 2077 ca·
2567 2071 2569 2085 ,

1429 2089 1502 2130 paci.
1544 2087 1612 2117 Plin.
1626 2088 1675 2116 lib.
1693 2097 1734 2116 11.
1752 2097 1812 2126 cap.
1825 2096 1867 2125 37.
1890 2088 1910 2116 Α
1921 2087 2022 2125 quibus
2033 2086 2177 2124 capaciora
2188 2086 2316 2116 intestina
2325 2086 2360 2115 ad
2373 2085 2475 2116 alvum.
2566 2084 2573 2118 's

1430 2126 1510 2155 Calix
1521 2135 1609 2163 capax
1621 2126 1654 2154 ad
1666 2125 1797 2155 sextarios
1810 2131 1873 2155 tres.
1896 2125 1964 2155 Pliii.
1977 2124 2024 2153 lib.
2036 2133 2079 2161 37.
2096 2134 2157 2161 cap.
2171 2133 2197 2153 2.
2570 2120 2572 2133 *

1430 2164 1529 2201 Campi
1542 2173 1665 2202 capaces.
1687 2163 1735 2192 Sil.
1753 2172 1794 2200 17.
1809 2172 1871 2200 321.
1903 2163 1933 2193 V.
1956 2162 2092 2192 Drakenb.
2106 2163 2141 2191 ad
2155 2162 2259 2191 locum.

1429 2201 1512 2236 Cibi,
1533 2202 1645 2239 vinique
1655 2202 1777 2230 eundem
1789 2201 2004 2239 capacissimum.
2025 2200 2082 2229 Liv.
2095 2210 2119 2236 9.
2134 2204 2176 2230 16.
2199 2201 2234 2230 de
2249 2199 2358 2237 Papirio
2370 2198 2495 2230 Cursore.

1431 2238 1527 2269 Circus
1538 2249 1625 2276 capax
1641 2239 1748 2277 populi.
1772 2239 1856 2269 Ovid.
1872 2250 1893 2269 1.
1907 2239 1942 2268 de
1952 2240 2013 2268 Arte
2025 2241 2082 2268 [lm.
2096 2241 2156 2273 136.

1524 2277 1614 2306 Multa
1624 2287 1712 2315 capax
1723 2277 1822 2315 populi
1834 2278 1983 2307 commoda
1991 2278 2079 2306 circus
2089 2275 2183 2306 habet.

1429 2312 1546 2344 Domus.
1569 2315 1652 2344 Ovid.
1667 2316 1702 2344 ad
1715 2315 1769 2344 Liv.
1784 2319 1847 2345 262.
2531 2328 2541 2339 1«
2563 2326 2566 2335 ·

1431 2352 1523 2382 Insula
1530 2363 1635 2390 magna:
1645 2353 1716 2382 sedis
1727 2353 1801 2382 haud
1809 2361 1904 2391 capax.
1931 2353 2007 2382 Curt.
2019 2363 2046 2389 4.
2060 2357 2085 2387 8.
2097 2361 2123 2382 2.
2500 2369 2503 2371 >

1431 2389 1532 2420 Puteus
1542 2400 1640 2428 capax.
1662 2391 1746 2420 Ovid.
1761 2401 1786 2426 7.
1804 2392 1875 2421 Met.
1892 2395 1951 2425 568.

1429 2427 1567 2465 Regnum.
1589 2429 1653 2457 Sen.
1667 2429 1748 2458 Herc.
1764 2429 1816 2458 fur.
1827 2434 1891 2465 659.

1428 2466 1507 2503 Ripis
1521 2467 1671 2504 capacibus
1682 2466 1782 2496 effusus
1796 2467 1893 2496 amnis.
1916 2466 2001 2496 Ovid.
2013 2474 2037 2503 3.
2051 2466 2142 2495 Amor.
2157 2467 2182 2495 6.
2200 2473 2243 2501 19.

1426 2504 1530 2541 Scyphi
1542 2506 1709 2542 capaciores.
1737 2505 1804 2534 Hor.
1819 2505 1907 2543 Epod.
1921 2515 1946 2540 9.
1961 2513 2005 2542 33.
2559 2533 2561 2538 .

1427 2541 1510 2571 Urna.
1533 2542 1599 2572 Hor.
1615 2552 1639 2578 3.
1654 2544 1744 2572 Carni.
1764 2553 1786 2572 1.
1807 2547 1849 2573 16.

1507 2580 1600 2609 Omne
1612 2590 1699 2619 capax
1711 2587 1805 2610 movet
1816 2591 1883 2610 urna
1893 2589 2006 2610 nornen.
2102 2578 2145 2608 De
2155 2586 2225 2608 urna
2239 2577 2366 2607 Manium
2382 2575 2505 2607 deorum.
2558 2568 2563 2616 l

1425 2617 1511 2647 Aures
1520 2628 1643 2655 capaces.
1666 2619 1723 2648 Cic.
1737 2619 1766 2648 in
1777 2619 1854 2649 Orat.
1870 2629 1930 2654 104.
1953 2618 2062 2647 Tamen
2070 2626 2127 2646 non
2139 2617 2246 2654 semper
2256 2615 2354 2653 implet
2364 2625 2441 2644 aures
2449 2620 2533 2644 meast
2556 2619 2563 2634 ¹¹

1444 2656 1483 2684 ita
1493 2655 1652 2685 suritzividae
1669 2659 1695 2686 Sc
1714 2666 1829 2695 capaces
1840 2679 1847 2692 ,
1871 2658 1896 2686 ἃ
1916 2656 2022 2693 semper
2037 2654 2143 2692 aliquid
2162 2654 2329 2684 immensum
2346 2652 2536 2690 infinitumque

2577 2579 2603 2979 ᾗ

1785 3146 1883 3177 Vellei.
1896 3146 1999 3176 Patere.
2012 3154 2038 3176 2.
2051 3153 2112 3182 127.
2133 3144 2226 3183 Ipsum
2234 3154 2299 3174 vero
2314 3144 2415 3173 laboris
2425 3152 2457 3173 ac
2468 3139 2528 3172 fidei
2547 3130 2554 3178 1
2579 3150 2595 3179 :11

1417 3223 1522 3252 Officii.
1548 3224 1644 3253 Claud.
1658 3234 1679 3253 1.
1692 3224 1719 3252 in
1731 3223 1843 3260 Eutrop.
1857 3232 1902 3259 79.
2551 3210 2552 3222 ¹
2580 3211 2604 3257 {l

1416 3261 1558 3290 Scelerum
1570 3271 1656 3298 capax
1674 3261 1792 3297 juvenis.
1815 3262 1878 3290 Sen.
1894 3259 1992 3289 Ot‘tav.
2007 3266 2068 3295 153.
2371 3282 2373 3285 .
2550 3259 2552 3267 ¹
2598 3249 2604 3279 i:

1416 3299 1703 3365 {.‘-'⁶fet}1⁶³¹[f²-{³-¹¹³⁰¹³
1715 3299 1806 3328 omnis
1817 3307 1894 3328 uxor.
1916 3297 1985 3327 Plin.
2002 3307 2024 3326 1.
2039 3295 2123 3334 Epist.
2140 3302 2182 3325 12.

1416 3347 1668 3411 Clissiixjpainie.
1690 3372 1716 3402 h.
1728 3383 1752 3403 e.
1775 3372 1953 3410 Capiendus,
1976 3371 2119 3410 posteriori
2130 3380 2188 3400 aevo
2202 3369 2350 3399 invenitur.
2378 3369 2434 3399 Pet.
2445 3366 2523 3406 Chry·
2548 3363 2549 3385 ἶ

1433 3411 1637 3441 sol.Serm.160.
1650 3410 1780 3441 Universo
1790 3410 1882 3439 seculo
1894 3420 1950 3439 non
1963 3419 2093 3448 capacem
2103 3408 2234 3437 concludi
2245 3417 2360 3451 corppre
2370 3405 2522 3445 perpusillo.
2548 3406 2549 3419 ³

2560 2476 2562 2524 1

1444 2693 1607 2723 desiderant.
1650 2694 1690 2724 De
1707 2695 1893 2724 Demosthene
1907 2694 2039 2731 loquitur.
2556 2691 2561 2726 ξ’

1424 2731 1541 2774 Animus
1555 2733 1589 2761 ad
1599 2740 1737 2770 przecepta
1747 2742 1841 2771 capax.
1862 2732 1946 2761 Ovid.
1960 2737 1985 2766 8.
2000 2731 2068 2760 Met.
2079 2739 2142 2767 243.
2555 2731 2561 2759 ζ’

1423 2771 1526 2799 Animo
1540 2771 1635 2807 capaci
1653 2770 1811 2808 concipere.
1831 2770 1915 2800 Ovid.
1932 2780 1973 2804 ις.
1986 2768 2055 2798 Met.
2071 2779 2094 2803 ς.
2560 2767 2561 2787 i

1423 2808 1559 2874 Agricsiktiae
1573 2807 1689 2843 alicujus
1700 2808 1783 2846 usque
1805 2809 1836 2838 in
1846 2808 1974 2837 intimam
1984 2805 2201 2836 familiaritatem
2213 2813 2344 2842 capacem
2353 2803 2416 2834 esse.
2438 2802 2532 2833 plina.
2557 2810 2560 2838 ζ

1466 2855 1493 2882 pi
1520 2854 1579 2881 ,i3.
1593 2853 1661 2875 extr.
2524 2858 2530 2862 »
2557 2846 2559 2879 ·]

1423 2883 1529 2912 Animae
1540 2893 1627 2921 capax
1640 2882 1746 2922 pulmo.
1767 2883 1830 2913 Seri.
1843 2883 1951 2921 OEdip.
1965 2885 2028 2919 367.
2050 2882 2068 2911 i.
2081 2892 2105 2911 8.
2127 2881 2254 2919 Spiritus.
2553 2866 2557 2910 i

1422 2920 1612 2950 fortuitorum
1628 2931 1724 2990 cgpax.
1764 2921 1854 2951 Tacit.
1873 2931 1916 2957 14.
1934 2922 2005 2950 111111.
2021 2929 2044 2957 3.
2066 2918 2145 2949 Nihil
2163 2926 2219 2948 tam
2247 2927 2334 2955 capax
2351 2916 2532 2953 fortuitorum,
2555 2925 2558 2977 }

1440 2968 1523 2994 quam
1534 2968 1607 2988 mare
1619 2981 1626 2993 ‚
1671 2969 1695 2988 c.

1421 2996 1523 3026 Gloriae
1534 3005 1637 3034 capax,
1664 2997 1777 3034 Dignus.
1796 3008 1797 3017 1
1819 2996 1894 3026 Curt.
1907 3007 1933 3032 4.
1947 3003 1973 3032 7.
1985 3005 2030 3030 ²9·
2059 2995 2182 3024 Fortuna
2191 3003 2290 3031 magna
2300 3002 2336 3022 ex
2346 2997 2424 3031 parte
2439 2991 2530 3023 avidos
2553 3006 2556 3025 2

1442 3034 1534 3071 gloriae
1548 3035 1649 3071 magis,
1673 3044 1755 3072 quam
1765 3043 1879 3071 capaces
1889 3034 1964 3063 facit.
2007 3033 2036 3062 V.
2060 3032 2157 3062 Cellar.
2173 3032 2207 3060 ad
2219 3032 2321 3060 locum.
2554 3030 2556 3051 1

1418 3071 1543 3102 Invidiae.
1565 3073 1629 3102 Seu.
1640 3072 1742 3102 Troad.
1756 3082 1819 3109 479.
1842 3073 1859 3101 i.
1870 3081 1894 3101 e.
1917 3071 2003 3108 Quod
2015 3071 2150 3100 invidiam
2161 3069 2290 3099 sustinere
2301 3068 2399 3107 potest.
2422 3067 2530 3104 [Immo
2548 3085 2553 3096 .

1439 3111 1485 3140 cui
1499 3110 1588 3148 potest
1600 3111 1726 3140 invideri.

1418 3146 1531 3177 Laboris
1543 3148 1741 3185 capacissimus.

1436 3186 1650 3222 capacissimum.

2550 3282 2552 3289 .

2598 3294 2604 3317 11

2599 3451 2604 3485 ἡ..
2596 3376 2604 3432 μ«,.

1416 3489 1442 3516 8<
1453 3488 1597 3516 continere
1607 3487 1704 3524 potest.
1743 3485 1879 3514 Columcl.
1894 3485 1941 3514 lib.
1959 3495 1999 3514 12.
2010 3495 2071 3522 cap.
2081 3493 2124 3520 43.
2149 3484 2181 3513 Et
2191 3493 2275 3520 quum
2287 3483 2400 3521 paulum
2411 3482 2458 3511 sub
2468 3490 2523 3511 um·
2560 3512 2562 3515 .
2599 3488 2604 3508 1

1415 3524 1462 3553 bra
1474 3525 1646 3559 refrixerint,
1668 3530 1752 3554 ternae
1766 3529 1813 3552 aut
1822 3524 1906 3551 etiam
1919 3528 2057 3559 quaternae
2068 3532 2116 3559 pro
2127 3521 2278 3559 capacitate
2287 3521 2410 3550 vasorum
2421 3521 2448 3549 in
2458 3518 2533 3548 ollas·

1414 3563 1605 3592 demittuntur.
1648 3562 1682 3591 Et
1698 3562 1756 3590 Cic.
1771 3571 1792 3590 1·
1803 3560 1884 3590 Tusc.
1899 3565 1942 3590 61.
1978 3560 2075 3589 Utrum
2097 3559 2279 3596 capacitatem
2299 3559 2327 3587 in
2341 3559 2435 3587 animo
2447 3563 2520 3595 puta·
2546 3573 2547 3583 1

1414 3609 1476 3629 mus
1486 3622 1493 3634 ,
1516 3609 1570 3637 quo
1579 3606 1710 3638 tanquam
1722 3599 1751 3628 in
1762 3598 1874 3635 aliquod
1883 3608 1945 3633 vas,
1968 3607 2000 3627 ea
2011 3619 2019 3632 ,
2040 3607 2100 3634 quae
2115 3597 2293 3626 meminimus
2305 3618 2313 3630 ,
2333 3595 2518 3625 'infundantur-
2540 3608 2543 3626 1

1414 3638 1582 3667 Atliletarum
1595 3637 1741 3676 capacitas.
1765 3635 1833 3665 Plin.
1849 3641 1889 3669 ¹8.
1906 3646 1931 3672 7.
1963 3636 1981 3664 i.
1995 3645 2019 3664 e.
2044 3635 2190 3664 Voracitas.
2223 3634 2250 3661 V.
2276 3634 2359 3663 Hard.
2372 3633 2405 3662 ad
2418 3632 2470 3662 loc.

1413 3720 1534 3749 quuntur
1545 3714 1730 3742 intentionem
1740 3717 1870 3741 maternae
1881 3712 1988 3739 animae.
2013 3710 2119 3748 August.
2131 3710 2166 3738 de
2177 3709 2255 3739 Trin.
2271 3719 2313 3739 11.
2324 3719 2351 3739 2.

2591 3743 2604 3787 ‘fs

1410 3825 1503 3860 vium,
1525 3826 1610 3854 sitain
1621 3833 1697 3862 petra
1718 3834 1799 3862 quani
1823 3824 2000 3852 circumcirca
2016 3823 2128 3860 pelagus
2146 3822 2232 3851 alluit.
2276 3821 2312 3850 Ea
2331 3821 2397 3850 sicut
2418 3821 2515 3851 Pharus
2537 3847 2539 3856 ,

1408 3863 1508 3892 1111111111
1524 3865 1551 3892 111
1562 3866 1676 3892 moduni
1693 3863 1727 3892 ad
1740 3861 1927 3899 navigantium
1938 3860 2052 3889 salutem
2063 3861 2196 3890 aediiicata
2206 3859 2251 3889 est.
2291 3859 2362 3888 Nam
2371 3868 2454 3896 quum
2464 3855 2515 3893 eje-
2536 3857 2539 3883 ,⁵

1407 3900 1468 3929 stus
1479 3901 1512 3931 ab
1522 3910 1602 3930 amne
1614 3901 1697 3930 limus
1710 3899 1842 3931 vadosum
1852 3898 1949 3928 reddat
1959 3899 2131 3936 profundum
2142 3919 2151 3933 ‚
2171 3899 2197 3928 &
2218 3896 2368 3927 latentibus
2385 3896 2514 3963 subsaqisia
2536 3892 2541 3940 ’Ἰ

2439 3941 2482 3962 axi
2502 3951 2513 3966 ,
2536 3950 2537 3961 1

2569 3930 2581 3957 :⁴-
2578 3899 2585 3918 ,μ
2568 3600 2593 3883 ύῆἐεεεῆεὲνε-»αε
2576 3564 2589 3590 ⁴-
2574 3448 2590 3547 2⁴07».
2576 3335 2592 3435 acme.
2589 3311 2592 3317 .

2593 3892 2601 3929 usn
