2604 4222
126 101 203 145 7i6
561 86 590 121 C
683 80 716 116 R
807 75 835 110 E

160 177 297 210 Bellorum
309 174 367 204 dira
376 171 500 202 creatrix.
520 165 624 198 Sil.lib.
641 174 681 197 ις.
697 166 756 195 ¹8⁴-

162 215 230 247 Belli
241 213 355 244 creatrix
364 219 461 240 manus
472 205 625 244 chalybum.
648 199 734 228 Valer.
749 207 771 230 ς.
785 195 824 238 ’Ar'

163 253 250 284 Patria
263 251 280 279 ὁ
296 259 357 279 mea
370 247 483 278 creatrix
494 268 502 280 ,
523 242 607 282 patria
621 239 637 267 ὀ
653 246 713 266 mea
729 239 855 272 genitrix.

165 376 216 432 gro
228 401 348 432 Homine
356 398 466 436 ponitur
480 392 553 435 aptid
565 388 642 425 Vulg.

129 441 324 472 CREKMEN,
342 437 404 466 inis.
427 444 453 462 n.
475 427 624 468 [mammo]-

408 478 485 498 -ex
498 466 640 496 elementis

131 554 155 584 C
165 564 180 583 a
188 563 202 582 iz
213 563 229 581 Λ
238 514 351 581 filine?
357 502 834 580 sgiutssissijeug{guiliuthzclrsuffpecgrezlrjmgrge
848 489 1113 577 {eggigi-'creabilis
1131 518 1169 548 est
1179 539 1188 553 ,
1209 517 1227 547 i.
1239 525 1264 546 e.

171 590 260 620 Creari
273 586 366 625 potest.
389 583 463 612 Adde
476 578 579 615 August.
593 571 765 604 Confesslib.
782 578 823 597 12.
836 576 894 604 cap.
914 575 953 598 ¹9-
972 565 996 592 6(
1009 571 1067 598 cap.
1080 563 1123 592 28.

133 629 156 658 C
166 639 180 657 a
191 637 227 656 Eo
236 637 249 655 Β
261 636 277 654 υ
286 636 300 653 L
309 635 328 653 A
339 645 347 658 ,
367 632 396 651 ae.
419 621 436 649 f.
460 616 644 648 Mentastrum.
665 609 743 646 Apul.
756 607 790 635 de
802 605 882 634 Herb.
893 612 952 639 cap.
964 610 1007 634 90·

133 666 155 695 C
165 676 179 695 a
189 675 201 694 iz
211 674 226 693 0
235 673 251 692 c
261 673 278 691 A
289 672 305 691 c
314 670 331 690 c
341 671 358 688 A
369 671 383 688 B
392 669 408 687 u
416 668 427 687 s
438 679 445 692 ‚
476 648 705 691 [ugiondvtszssssyss
734 644 833 675 Graecis
856 641 999 670 dicebatur
1020 636 1090 665 Caro
1108 632 1266 661 minutatim

168 700 275 732 concisa
293 708 355 727 cum
377 694 504 732 sanguine
523 692 548 720 δι
561 689 659 726 adipe,
679 694 711 715 ac
728 683 832 720 liquore
852 677 999 715 juss'ulento
1013 672 1211 706 dulciarioque.
1233 666 1265 696 V.

132 777 154 807 C
164 735 386 806 fpgghogidtiirsb.
397 738 570 804 gi'czfipwiss]
592 759 796 801 Corinthiorum
806 764 853 785 rex
865 776 873 789 ,
887 750 1033 797 *praedonis
1049 746 1155 791 Sisyphi
1171 744 1244 774 filius
1255 764 1264 778 ,

167 797 291 843 Creusain
302 811 383 840 tiliam
393 807 478 838 lasoni
489 827 496 840 ,
517 802 617 833 Medea
634 796 738 836 repulsa
748 818 755 830 ,
776 805 806 823 in
816 798 1022 823 matrimonium
1034 786 1119 816 dedit.
1159 783 1200 812 De
1211 790 1266 819 quo

164 848 361 921 ἕξὲἕῗῗιὲἶξυῆι
371 836 833 912 151111ςῑόὴῖῖἒῗιῗῑὲξιξᾶᾖεὲῑῑῖῐίῗὴῦῑ
845 867 937 897 uxoris
945 862 1062 900 OEdipi‚
1083 859 1143 898 post
1154 856 1266 894 Polyni-

182 935 241 955 cem
253 926 277 954 ἃ
291 922 448 952 htheocleni
461 916 617 947 interfectos
628 935 635 947 ,
657 910 767 948 sumpsit
780 907 926 944 imperium
938 925 946 938 ,
965 902 1104 936 filiamque
1118 898 1192 926 suam
1206 894 1265 924 Me-

181 972 270 1001 garam
283 957 508 993 llerculijunxit,
529 960 559 984 ut
569 949 686 988 estapud
695 949 827 978 Senecam
837 940 992 973 inHercule
1002 940 1119 968 furente.
1142 934 1172 965 V.
1187 933 1266 963 Phoe-

182 1000 241 1030 niss'.
256 1000 314 1028 buri
339 998 375 1026 id.

162 1010 360 1068 Immansueilrs
371 1034 468 1063 Creon.
489 1030 555 1060 Stat.
576 1037 617 1057 12.
635 1024 726 1055 Theb.
739 1031 803 1058 477.
910 1054 915 1061 .

163 1076 285 1106 lnl‘estus.
325 1074 387 1103 Sen.
402 1069 478 1100 Med.
488 1078 513 1102 7.
536 1066 669 1096 Perimere
682 1070 766 1100 quum
780 1066 806 1088 te
816 1052 1020 1087 velletinfestus
1031 1050 1132 1081 Creon.

161 1113 256 1149 magni
267 1111 391 1141 Creontis
405 1108 468 1137 filia.
491 1105 557 1135 Hor.
572 1101 658 1140 Epod.
672 1111 695 1135 ς.
709 1102 753 1133 64.
801 1133 806 1139 ¹
832 1132 838 1138 ι
896 1131 901 1136 Ι
957 1130 961 1135 .
1181 1121 1213 1153 Μ

162 1150 251 1179 Creon
263 1150 326 1178 item
337 1169 345 1182 ,
367 1146 443 1176 Lesbi
455 1142 547 1172 instrlae
557 1149 636 1170 mons
646 1138 682 1167 est
693 1157 700 1169 ‚
719 1143 749 1166 ut
759 1132 852 1176 scribit
864 1131 932 1161 Plin.
944 1128 992 1158 lib.
1005 1138 1028 1163 ς.
1042 1136 1101 1164 cap.
1113 1133 1156 1159 32-
1215 1130 1264 1150 on·

181 1195 220 1216 tes
231 1187 310 1216 habet
325 1184 542 1222 Lepethymum‚
564 1178 724 1214 Ordynum,
746 1170 906 1202 Macistum.
928 1167 1075 1211 Creonem,
1098 1162 1262 1199 Olympum.

126 1224 171 1254 Ca
182 1235 194 1253 rt
204 1235 219 1254 0
231 1234 248 1253 Ν
258 1234 276 1252 τ
286 1235 293 1252 r
305 1234 322 1252 Α
334 1233 351 1251 1)
362 1233 375 1251 Ε
385 1231 396 1250 s
406 1243 415 1255 ,
437 1221 466 1249 is,
489 1228 525 1247 m.
546 1209 739 1252 [xgsasrZoebire]
760 1206 884 1238 Herculis
896 1205 968 1248 filius
979 1213 1013 1233 ex
1030 1202 1140 1238 Megara
1151 1220 1159 1234 ,
1180 1206 1263 1234 quem

182 1271 237 1291 ater
249 1271 310 1290 cum
321 1256 525 1291 Theriomacho
534 1255 613 1283 sratre
623 1253 657 1281 ab
669 1248 759 1279 inferis
768 1247 876 1289 rediens
890 1266 898 1279 ,
914 1245 946 1276 ,δι
961 1252 991 1270 in
1007 1241 1130 1269 furorem
1139 1235 1230 1266 versus
1246 1244 1262 1264 a

160 1273 287 1335 limone,
309 1298 382 1334 quod
397 1296 497 1332 Lycum
512 1288 703 1321 interfecisset,
724 1287 870 1315 interemit.
891 1281 921 1311 V.
944 1278 1100 1322 SemHerc.
1120 1276 1180 1305 Fur.

125 1336 172 1367 Cn
183 1347 195 1365 ir
206 1341 222 1366 ὃ
233 1347 246 1365 P
258 1346 276 1365 ri
286 1346 305 1365 γ
315 1347 330 1364 t.
341 1345 358 1363 υ
368 1344 379 1363 s
388 1356 395 1368 ,
417 1335 433 1362 i.
455 1342 490 1361 m.
522 1324 717 1365 [κρεὼφυλῶυ]
738 1322 843 1352 Samius
853 1342 861 1355 ,
883 1328 966 1356 quem
983 1314 1131 1359 aliquando
1148 1311 1263 1356 tradunt

160 1373 281 1411 suscepto
294 1375 321 1402 in
337 1371 484 1409 hospitium
501 1368 639 1399 Homero,
659 1360 789 1399 accepisse
799 1359 832 1388 ab
853 1368 886 1387 eo
906 1356 1011 1386 donum
1025 1375 1032 1388 ‚
1053 1352 1262 1396 iriscriptionem

160 1412 311 1450 poematis,
331 1409 404 1447 quod
422 1406 564 1436 OEchaliae
578 1402 763 1441 captivitatem
782 1402 892 1427 vocant.
932 1393 986 1423 Sed
1006 1388 1191 1421 Callimachus
1213 1396 1263 1423 per

160 1458 325 1486 epigramma
336 1446 472 1484 quoddam
488 1442 653 1472 contrarium
669 1437 802 1469 ostendit,
822 1433 898 1471 quod
920 1438 1076 1468 quanquam
1094 1425 1262 1463 Creophilus

159 1496 228 1523 opus
245 1484 446 1523 composuerit,
466 1481 578 1511 Homeri
601 1485 694 1507 tamen
711 1475 818 1504 dicatur
836 1475 950 1510 propter
971 1469 1078 1497 dit‘turn
1099 1463 1261 1500 hospitium.

159 1523 280 1560 Quidam
291 1524 364 1553 hunc
381 1520 491 1551 Homeri
505 1517 661 1553 magistrum
670 1513 802 1543 tradunt:
823 1509 936 1547 quidam
949 1516 1008 1536 non
1025 1505 1100 1534 hunc
1111 1524 1120 1539 ,
1139 1502 1187 1531 sed
1206 1501 1263 1531 Ari-

162 1561 251 1590 ssaeum
265 1558 482 1591 Proconneiium.
505 1556 603 1585 Auctor
614 1550 766 1583 Strabolib.
783 1559 824 1584 14.
993 1581 998 1587 ι

123 1598 146 1628 C
154 1608 169 1627 i<
179 1600 194 1627 ἒ
205 1608 217 1627 1¹
226 1609 248 1628 ia
259 1621 266 1631 ‚
286 1608 300 1628 a
312 1596 447 1636 principio
459 1595 552 1632 Caprae
566 1592 628 1622 sunt
646 1587 787 1628 appellatae
800 1596 807 1616 :
830 1583 905 1624 quod
927 1581 1053 1613 cruribus
1066 1583 1197 1617 crepent,
1217 1585 1263 1606 au-

159 1637 235 1665 Ctore
249 1637 332 1666 Festo.

123 1673 284 1709 Caurax,
308 1674 336 1704 ln
357 1680 479 1702 caupo.
992 1695 999 1702 ·
1071 1692 1078 1701 ⁶
1141 1691 1147 1698 ¹

123 1711 169 1741 Ca
178 1713 193 1741 ὲ
202 1722 214 1739 i›
225 1714 239 1741 ἑ
248 1722 263 1741 a
271 1722 288 1741 υ
296 1722 308 1742 s
319 1734 326 1747 ‚
346 1721 362 1740 a
371 1732 378 1745 ‚
400 1719 455 1739 um.
477 1707 536 1744 Adj.
557 1702 751 1742 [ἐμφίζολῶι]
771 1701 879 1738 Anceps
893 1698 918 1729 &
932 1695 1049 1732 dubius,
1070 1696 1161 1731 inquit
1170 1690 1264 1721 Festus

159 1758 224 1779 cum
239 1750 332 1780 Nonio
350 1758 371 1778 1.
383 1758 426 1784 45.
447 1746 552 1776 Lucret.
570 1743 617 1773 lib.
634 1753 657 1777 ς.
673 1750 750 1776 1295.
767 1777 773 1783 ·
885 1774 892 1781 ·
1053 1770 1059 1776 ι
1198 1766 1203 1773 .

252 1788 450 1824 Exaequataque
464 1784 524 1813 sunt
538 1780 643 1819 creperi
662 1784 812 1808 certamina
825 1774 903 1805 belli.
996 1771 1094 1801 Accius
1107 1765 1262 1802 Phoeniffis,

160 1805 1262 1899 3335ss3333335333334333suffag&3033333331ssfhs332

124 1900 147 1931 C
156 1911 172 1930 R
181 1911 195 1930 ii
203 1911 216 1929 P
225 1911 241 1930 υ
252 1911 263 1930 s
272 1910 288 1930 c
299 1904 315 1929 ῡ
325 1911 340 1928 i.
349 1909 366 1928 υ
375 1909 395 1927 M
406 1920 413 1933 ,
435 1898 453 1927 1.
475 1907 502 1926 n.
523 1891 674 1931 [ἀμφιλύκη
683 1913 692 1928 ‚
717 1890 791 1919 δείλης
799 1911 807 1926 ,
834 1886 921 1923 Σάλη]
942 1887 1110 1928 Extremum.
1120 1881 1176 1926 diei
1194 1887 1264 1910 tem-

160 1948 211 1977 pus
226 1961 233 1973 ‚
254 1938 341 1975 inquit
351 1936 449 1966 Festus.
488 1933 594 1964 Nonius
612 1939 676 1961 vero
688 1952 696 1965 ,
717 1925 915 1966 crepusculum
928 1946 937 1960 ,
957 1925 1063 1960 inquit.
1084 1920 1194 1963 dicitur·
1202 1918 1262 1948 Lux

162 1976 252 2006 dubia.
292 1973 426 2005 Columel.
443 1972 490 2002 lib.
507 1976 531 2001 6.
543 1979 602 2008 cap.
616 1977 661 2004 ²3.
681 1967 713 1997 Id
724 1975 832 2003 quoque
847 1963 952 2001 semper
962 1959 1125 2003 crepusculo
1136 1958 1196 1987 fieri
1217 1957 1265 1999 de-

163 2013 217 2043 bet.
257 2013 324 2043 Plio.
340 2013 387 2041 lib.
403 2016 442 2045 18.
456 2018 570 2048 cap.25.
590 2007 705 2036 Oriente
716 2004 771 2033 sole
782 2001 988 2033 velOccidente
997 2005 1125 2028 matutini
1136 1995 1265 2039 vesperti-

162 2051 224 2081 nive
233 2050 420 2087 cognominati
431 2071 438 2082 ,
458 2053 539 2086 prout
547 2044 681 2076 alterutris
690 2051 786 2072 eorum
797 2049 878 2070 mane
888 2038 935 2082 vel.
942 2035 1102 2081 crepusculo
1114 2038 1262 2070 contingit.

162 2088 204 2118 De
215 2089 348 2118 stellarum
359 2093 420 2116 ortu
432 2088 458 2116 ἃ
468 2084 563 2114 occasu
573 2080 816 2120 dupliciloquitur.
847 2078 956 2107 Servius
965 2085 994 2104 in
1006 2074 1076 2118 Virg.
1088 2083 1114 2102 2.
1126 2072 1187 2102 AEn.
1199 2075 1264 2113 268.

161 2126 204 2156 De
212 2125 369 2163 crepusculo
379 2124 453 2161 quod
463 2123 499 2152 est
511 2122 594 2151 dubia
606 2121 654 2149 lux
673 2118 760 2154 (nam
768 2124 912 2153 creperum
924 2136 932 2148 ,
953 2112 1069 2142 dubium
1091 2110 1149 2154 est)
1169 2117 1266 2152 quaeri-

163 2171 222 2194 tur:
246 2166 269 2193 (st
281 2164 345 2192 licet
358 2162 464 2198 utrique
477 2159 593 2197 tempori
603 2156 684 2196 possit
694 2155 769 2192 iungi
779 2176 787 2189 ,
807 2153 868 2182 usus
879 2160 972 2181 tamen
982 2157 1012 2180 ut
1022 2154 1158 2179 matutino
1169 2155 1266 2184 junga-

163 2211 224 2232 mus
232 2201 358 2230 obtinuit.
380 2197 526 2235 aliquando
538 2202 629 2225 autem
640 2194 761 2230 jungitur
769 2191 938 2228 vespertino.
957 2188 1060 2218 Lucan.

242 2238 333 2275 Longa
340 2235 492 2274 repercusso
501 2235 607 2263 nituere
617 2230 774 2269 crepuscula
783 2227 899 2258 Phoebo.

163 2276 327 2313 Crepusculo
339 2276 436 2312 primo.
458 2273 541 2302 Plaut.
556 2270 642 2314 Calin.
654 2268 724 2307 prol.
735 2277 780 2303 40.

162 2314 242 2345 Lucis
253 2314 341 2343 dubiae
351 2310 516 2350 crepuscula.
539 2308 622 2339 Ovid.
637 2316 679 2336 11.
692 2305 761 2336 Met.
775 2305 837 2342 596.

162 2353 268 2390 Opaca.
285 2351 422 2384 Ovid.14.
436 2349 502 2378 Met.
517 2356 578 2376 122.

128 2418 131 2427 Ζ
162 2390 225 2419 Sera
236 2390 346 2418 noctem
354 2387 472 2416 trahunt.
494 2384 576 2415 Ovid.
591 2393 613 2413 1.
624 2382 694 2413 Met.
705 2390 770 2417 219.

161 2428 250 2458 Facta.
271 2426 353 2456 Ovid.
367 2432 409 2460 14.
423 2423 503 2461 Epist.
516 2431 561 2453 21.
794 2455 800 2462 Ι

349 2478 386 2484 -
395 2462 479 2490 modo
493 2461 561 2490 facta
571 2456 729 2496 crepuscula
738 2462 815 2486 terris
829 2475 839 2490 ,

242 2501 342 2531 Ultima
352 2509 412 2538 pars
424 2499 512 2528 noctis
523 2498 663 2535 primaque
671 2495 741 2524 lucis
749 2500 815 2523 erat.

127 2541 150 2570 C
159 2551 173 2570 ii
182 2550 196 2569 s
205 2550 218 2568 1²
227 2550 245 2569 u
253 2550 264 2569 s
273 2550 289 2569 c
297 2549 314 2568 υ
325 2550 340 2567 t.
350 2548 369 2566 A
378 2547 390 2567 s
399 2546 416 2566 c
425 2546 441 2566 o
451 2558 458 2571 ,
479 2537 532 2565 ere.
553 2535 648 2565 Sidon.
661 2538 686 2567 8.
699 2531 779 2570 Epist.
792 2540 815 2567 3.
836 2528 911 2559 Hora
920 2523 1165 2565 crepuffiulal'cens.

127 2579 149 2609 C
159 2588 174 2607 it
182 2587 215 2606 ιιι
226 2588 241 2607 υ
253 2588 264 2607 s
273 2586 290 2606 c
300 2587 323 2612 i,
344 2575 411 2605 olim
420 2573 552 2603 nominati
565 2595 572 2609 ,
592 2571 649 2608 Qii
659 2578 783 2608 tempore
796 2566 949 2606 crepusculi
963 2565 1021 2594 nati
1030 2570 1115 2594 erant.
1138 2563 1222 2593 Varro
1230 2561 1266 2592 de

127 2654 149 2684 C
158 2614 237 2683 {ing}
245 2624 311 2682 tii—:u
320 2661 332 2681 s
343 2673 350 2686 ,
367 2661 382 2680 a
391 2672 398 2682 .
414 2659 469 2679 um.
491 2646 573 2678 Gloff.
585 2646 630 2676 Gr.
643 2645 700 2674 Lat.
717 2643 810 2680 agenor
822 2663 830 2678 ,
851 2640 1017 2675 matutinus,
1039 2638 1187 2677 crespulus.
1209 2639 1266 2674 [An

163 2689 364 2728 Crepusculus‘?
385 2687 498 2717 Videtur
508 2685 583 2715 enim
593 2683 646 2714 effe
657 2682 716 2718 adj.
731 2682 828 2712 dimin.
842 2689 858 2709 a
868 2679 1014 2717 Creperus,
1034 2678 1059 2707 δι
1072 2678 1103 2706 iri
1117 2675 1267 2725 Crepuscu-
1284 2719 1287 2721 -

163 2728 219 2757 lum
232 2738 258 2756 n.
271 2726 407 2756 subaudiri
415 2725 546 2761 Tempus.
705 2755 711 2764 ν
1098 2752 1103 2758 ·

127 2765 171 2796 Ca
180 2769 195 2795 ῑῑ
205 2775 217 2793 ι1
228 2775 245 2794 Η
255 2767 270 2794 x
280 2774 297 2792 c.
307 2767 321 2793 ἑ
332 2773 350 2792 Ν
361 2767 376 2792 Ξ
387 2773 406 2792 τ
415 2773 432 2792 υ
441 2772 453 2791 s
464 2784 471 2796 ,
488 2763 504 2791 i.
528 2770 565 2790 m.
583 2755 805 2795 [xcxv-thQG
819 2755 892 2785 Deus
902 2752 1086 2783 Thebaeorum
1097 2762 1125 2780 in
1135 2752 1265 2789 ffigypto‚

162 2804 207 2840 qui
228 2801 387 2831 immortalis
405 2799 553 2830 colebatur.
592 2796 649 2827 Soli
668 2795 760 2831 enini,
780 2793 846 2824 teste
867 2792 1030 2827 Plutarcho,
1051 2790 1160 2820 nullum
1180 2792 1265 2819 deum

163 2839 304 2870 mortalem
314 2837 520 2868 venerabantur.

127 2878 171 2908 Cir
183 2881 253 2911 Fri,
274 2886 360 2905 orum.
382 2886 419 2905 m.
441 2873 556 2911 Luperci
578 2871 644 2901 dieti
663 2869 754 2899 sunta
767 2869 873 2907 crepitu
894 2866 1103 2906 pellicularum,
1125 2874 1206 2903 quem
1223 2864 1265 2894 fa-

163 2916 239 2944 ciunt
252 2914 431 2943 verberantes.
468 2911 531 2941 Mos
542 2910 617 2939 enim
625 2914 683 2938 erat
693 2907 822 2936 Romanis
834 2906 923 2936 nudos
933 2905 1082 2934 discurrere
1091 2904 1264 2941 inLuperca-

163 2952 232 2981 libus
244 2974 251 2986 ,
272 2953 296 2981 δι
306 2952 398 2980 obvias
409 2949 524 2986 quasque
538 2947 652 2977 feminas
662 2944 780 2982 pellibus
790 2943 877 2973 ferire.
899 2942 966 2972 Fest.

128 2990 172 3020 Ca
183 2992 310 3023 trion,
331 2999 361 3018 ae.
381 2987 400 3017 f.
421 2984 549 3023 [nimir]
569 2984 638 3014 Gell.
655 2983 702 3012 lib.
717 2991 758 3018 13.
771 2991 831 3020 cap.
845 2990 890 3010 21.
913 2980 1015 3010 Omnia
1031 2979 1116 3009 ferme
1133 2978 1162 3007 id
1177 2986 1264 3015 genus

163 3028 258 3064 quibus
270 3027 422 3064 plantarum
434 3024 521 3054 calces
533 3028 638 3052 tantum
648 3019 748 3050 intimae
758 3025 887 3056 teguntur
897 3040 905 3053 ,
927 3024 1016 3047 cetera
1026 3026 1113 3055 prope
1122 3017 1195 3045 nuda
1207 3038 1214 3049 .
1236 3018 1263 3045 δι

163 3065 290 3093 teretibus
309 3063 422 3092 habenis
436 3062 527 3091 vincta
537 3060 597 3090 sunt
607 3081 615 3094 ,
635 3058 721 3088 soleas
732 3057 877 3086 dixerunt:
898 3064 1098 3093 nonnunquam
1111 3063 1178 3083 voce
1191 3054 1263 3083 Gra>-

163 3111 193 3131 ca
211 3101 372 3138 crepidulrrs.
414 3100 445 3129 Et
457 3098 540 3136 paulo
555 3097 633 3135 post,
653 3095 708 3126 Sed
728 3096 779 3130 (ut
800 3094 879 3129 diiii)
899 3093 1023 3131 crepidas
1046 3094 1071 3122 Sc
1089 3091 1262 3129 crepidulas,

164 3140 250 3175 prima
272 3138 371 3175 syllaba
391 3142 532 3174 correpta,
553 3135 582 3164 id
601 3143 686 3172 genus
705 3132 927 3162 calceamentum
940 3130 1166 3168 appellaverunt,
1187 3130 1264 3165 quod

165 3176 248 3205 Crteci
263 3173 371 3203 amiam
387 3181 493 3203 vocant.
532 3172 646 3209 Ejusque
661 3170 842 3200 calceamenti
860 3168 981 3203 sutores,
1002 3167 1168 3205 crepidarios
1187 3169 1264 3196 dixe-

165 3221 233 3242 runt.
270 3212 445 3249 Sempronius
457 3210 551 3240 Asellio
570 3211 598 3238 in
614 3209 684 3238 libro
701 3208 803 3237 Rerum
816 3207 947 3241 aestatum
963 3227 970 3240 ,
992 3205 1181 3243 Crepidariuni
1194 3226 1201 3239 ‚
1223 3206 1264 3234 in.

165 3251 231 3287 quit,
242 3250 380 3279 cultellum
389 3249 514 3284 rogavita
527 3247 679 3286 crepidario
691 3245 786 3275 sutore.
798 3244 862 3274 Haec
873 3243 943 3274 Geil.
957 3243 1021 3272 Hor.
1034 3252 1057 3272 1.
1072 3243 1186 3279 Serm.3.
1200 3252 1262 3279 127.

241 3287 405 3324 Chrysippus
416 3287 504 3315 dicat:
527 3285 631 3323 sapiens
642 3284 765 3320 crepidas
775 3282 822 3311 sibi
832 3290 971 3318 nunquam
980 3303 987 3316 ,

241 3325 298 3353 Nec
318 3325 402 3353 soleas
420 3324 492 3352 fecit.
576 3322 633 3351 Cic.
654 3331 702 3358 pro
714 3321 804 3350 Rabir.
820 3318 906 3349 Posth.
920 3327 965 3355 27.
1002 3317 1066 3346 Non
1087 3317 1174 3347 solnm
1196 3327 1263 3348 cum

167 3361 305 3398 chlamyde
316 3384 324 3396 ,
344 3362 387 3390 sed
398 3362 477 3390 etiam
489 3369 553 3390 curn
562 3359 679 3396 crepidis
688 3359 716 3387 iri
727 3357 864 3395 Capitolio
873 3359 985 3386 ltatiiarn
998 3355 1107 3384 videtis.
1139 3356 1262 3391 Quidam

166 3398 219 3427 hoc
230 3409 328 3427 nomen
338 3410 351 3427 a
363 3399 474 3435 Crepitu
484 3420 493 3433 ,
512 3398 565 3426 hoc
578 3398 616 3426 est
627 3396 692 3424 sono
708 3405 789 3432 quem
808 3395 930 3424 reddunt
950 3393 1124 3422 ambulando
1135 3415 1144 3429 ,
1165 3394 1262 3423 dicunt

166 3436 325 3472 appellatam
335 3436 487 3473 Crepidam.
526 3434 661 3470 [induxit
670 3433 727 3463 haec
738 3433 772 3463 1-1.
782 3433 821 3462 St.
836 3439 867 3462 ut
880 3431 964 3470 piane
974 3432 1077 3469 inepta.

169 3473 314 3502 Carbatinzt·
328 3474 453 3510 crepidae.
475 3472 562 3502 Catul.
575 3481 618 3507 95.
630 3482 657 3505 4.

168 3509 198 3537 ln
208 3511 322 3547 crepidis
334 3532 340 3542 .
361 3520 409 3547 pro
420 3510 588 3546 Crepidatus.
630 3508 661 3537 V.
681 3518 690 3536 ι
701 3516 720 3536 Ν

165 3546 249 3583 Supra
259 3548 393 3583 crepidam
405 3557 460 3576 non
471 3548 600 3582 judicare.
637 3545 705 3574 Plin.
719 3553 761 3580 ις.
776 3553 816 3573 ιο.
837 3543 993 3580 Feruntque
1007 3541 1129 3580 Apellem
1145 3552 1160 3572 a
1171 3542 1262 3573 sutore

184 3584 458 3620 reprehensum.quod
467 3586 494 3613 in
506 3583 622 3620 crepidis
631 3591 686 3612 una
696 3584 768 3611 intus
778 3583 920 3619 pauciores
931 3580 1033 3610 fecisset
1043 3581 1136 3610 ansas:
1160 3581 1261 3610 eodem

185 3621 290 3658 postero
303 3621 346 3648 die
358 3622 471 3657 superbo
481 3621 673 3650 emendatione
682 3621 797 3657 priltinae
812 3620 1008 3648 admonitionis
1024 3618 1170 3648 cavillante
1189 3620 1260 3648 circa

186 3666 262 3700 eruti.
284 3658 448 3694 indignatum
464 3658 646 3695 prospexisse,
667 3658 875 3686 denuntiantem
887 3679 896 3692 ,
916 3665 951 3685 ne
969 3656 1048 3694 supra
1066 3657 1208 3694 crepidam
1219 3657 1260 3692 ju-

185 3695 286 3723 dicaret
298 3716 304 3728 ,
325 3697 397 3730 quod
409 3698 433 3725 S:
444 3696 529 3732 ipsum
540 3697 567 3723 in
598 3695 749 3724 roverbiurn
761 3695 844 3723 venit.

127 3730 174 3762 Cir
187 3741 239 3759 riri
254 3742 269 3759 r>
282 3736 295 3760 ,ῑ
306 3741 382 3774 '9¹³³
394 3753 401 3764 .
421 3742 434 3760 a
446 3754 454 3766 ,
473 3742 529 3761 uni.
549 3734 578 3760 At
591 3734 608 3766 j.
629 3740 676 3767 ut,
704 3733 878 3769 Crepidarius
897 3731 1036 3762 cultellus.
1072 3730 1141 3761 Gell.
1156 3740 1198 3766 η.
1212 3741 1257 3761 21.

164 3768 196 3797 V.
217 3768 293 3806 supra
313 3778 339 3796 in
357 3778 480 3797 circeio
493 3781 518 3798 Α.

127 3805 380 3848 Cratior-rus.
401 3815 434 3837 a.
454 3816 507 3834 um.
531 3807 587 3841 adj.
610 3799 796 3841 [ammana]
817 3806 873 3835 Cic.
889 3807 915 3834 in
925 3806 1011 3835 Pison.
1025 3815 1069 3841 92.
1091 3806 1160 3836 Inde
1176 3807 1260 3835 noete

164 3844 321 3879 intempesta
335 3843 488 3879 crepidatus
499 3864 507 3874 ,
527 3846 595 3871 velte
607 3842 693 3871 servili
715 3853 813 3874 navem
830 3844 998 3875 conscendit.
1014 3844 1054 3874 ht
1065 3844 1140 3874 Suet.
1154 3843 1259 3875 Domit,

164 3889 224 3917 cup.
236 3894 262 3916 4.
284 3879 429 3909 Certamini
441 3880 563 3917 praesedit
573 3881 736 3917 crepidatus.

1804 47 1834 81 C
1931 47 1962 82 R
2058 47 2087 81 F.

1326 135 1370 165 Ca
1379 134 1394 163 Ξ
1404 133 1436 161 Pi'
1446 132 1539 161 unt».
1551 152 1559 165 ,
1580 140 1610 158 az.
1634 128 1652 158 f.
1676 124 1862 163 [nonnitiew]
1884 127 1984 157 dimin.
2019 127 2050 157 V.
2073 126 2155 157 Gellii
2175 126 2336 166 exemplum
2353 128 2383 157 in
2407 134 2448 156 cs
2458 133 2488 157 s-

1364 182 1394 200 pi
1410 182 1424 199 o
1436 183 1460 198 A.
1485 169 1554 197 adde
1570 168 1651 195 l’latit.
1667 165 1733 198 Pers.
1747 176 1772 200 4.
1786 176 1810 194 2.
1824 174 1847 201 3.

1327 210 1349 239 C
1360 219 1374 237 a
1386 211 1399 236 ἑ
1411 212 1442 236 ri
1453 218 1470 235 D
1482 217 1498 234 o
1509 228 1515 239 ,
1538 206 1598 233 inis.
1623 203 1639 231 s
1663 199 1847 245 [njmffwyvi]
1870 203 1907 232 est
1919 225 1940 237 ,⁷
1952 203 2042 240 inquit
2063 202 2143 232 Valla
2162 203 2191 231 in
2214 202 2389 232 Raudensem
2400 223 2408 235 ,
2429 201 2488 231 Ora

1363 253 1440 275 terrae
1451 267 1458 278 ,
1481 253 1559 280 quain
1571 252 1640 277 aqua
1648 240 1739 269 alluit:
1762 251 1796 269 ex
1808 241 1862 269 hoc
1870 241 2008 279 appellata
2019 263 2027 276 ,
2047 241 2123 277 quod
2135 241 2171 269 ibi
2182 250 2251 276 aqua
2268 239 2376 269 alluens
2390 245 2485 276 crepat

1363 284 1513 320 erepit-ane
1523 289 1607 316 quum
1618 278 1711 311 currit,
1733 284 1780 307 aut
1788 278 1877 308 undas
1888 277 2013 316 appellit.
2036 278 2102 308 licet
2111 279 2199 308 Graeci
2210 277 2258 308 sibi
2268 276 2352 314 hujus
2362 277 2485 306 nominis

1363 322 1500 358 originem
1511 317 1669 347 vendicent.
1691 316 1759 344 Stat.
1773 325 1797 347 o.
1815 315 1905 345 Theb.
1918 325 1979 350 492·
2009 316 2043 345 de
2057 316 2186 346 Fraxino.

1454 357 1547 386 Stabat
1556 354 1701 392 gramineae
1712 353 1847 390 producta
1857 353 2001 391 crepidine
2011 354 2078 391 ripae

1455 395 1597 423 Undrruni
1619 402 1649 420 iic
1666 398 1743 419 terrae
1756 390 1852 419 dubio.
1934 391 2073 420 Columel.
2088 391 2136 421 lib.
2148 396 2174 425 8.
2193 400 2254 429 cap.
2268 396 2311 426 17.
2341 388 2388 419 Sic
2406 388 2484 420 enim

1361 434 1443 464 maris
1452 433 1580 462 atrocitas
1594 429 1707 465 objectu
1719 429 1872 465 crepidinis
1882 427 2021 466 frangitur.
2044 429 2076 457 V.
2099 429 2174 459 Curt.
2189 440 2212 464 ς.
2232 438 2254 457 1.
2267 432 2313 460 28.

1361 472 1411 501 Per
1423 470 1613 506 metaphoram
1625 476 1688 495 vero
1698 468 1722 496 ὁὶ
1736 466 1811 494 l’utei
1822 472 1974 495 extremam
1986 475 2080 502 oram,
2102 476 2162 502 quae
2173 467 2209 496 ad
2226 471 2343 505 puteum
2350 463 2462 501 respicit
2473 485 2482 499 ,

1381 509 1455 545 quod
1469 507 1552 543 vulgo
1565 506 1666 534 dicitur
1678 504 1717 534 Os
1730 505 1826 540 putei,
1850 505 1876 532 ἃ
1894 504 2106 533 Extremitatem
2123 513 2236 533 omnem
2246 525 2254 539 ,
2276 502 2395 532 solemus
2419 501 2485 531 Cre-

1379 547 1507 584 pidinein
1520 543 1667 581 appellare.
1710 540 1778 571 Haec
1792 541 1868 570 Valla
1883 541 1912 569 iri
1927 541 2110 571 Raudensem.
2150 541 2233 571 Varro
2245 551 2269 577 3.
2282 540 2317 570 de
2329 540 2360 569 R.
2374 539 2406 569 R.
2419 549 2482 577 cap.

1383 594 1426 614 ιι.
1450 584 1559 611 Circum
1571 588 1661 609 totum
1678 580 1814 617 parietem
1829 579 1992 609 intrinsecus
2003 579 2120 617 crepido
2131 578 2203 616 lata,
2223 580 2253 608 in
2267 588 2320 616 qua
2329 577 2484 608 secundum

1381 622 1514 659 parietem
1526 619 1575 648 sint
1586 619 1658 647 reeta
1673 617 1784 646 cubilia.

1361 660 1483 697 Crepido
1493 681 1500 693 ,
1523 657 1636 693 Abrupti
1646 655 1828 685 saxialtitudo
1839 656 1865 685 &
1875 654 2056 685 molesetiam
2067 654 2178 690 dicitur,
2198 658 2230 683 ut
2241 652 2417 684 aitServius:
2438 649 2484 682 vel

1380 698 1436 727 Ora
1446 696 1600 734 praecipitii.
1626 694 1699 730 Virg.
1719 703 1760 722 10.
1779 694 1840 723 AEn.
1853 697 1918 728 653.
2466 714 2471 715 .

1453 735 1534 764 Forte
1545 733 1607 761 raris
1620 731 1683 761 celsi
1698 731 1847 764 coniuncta
1863 731 2010 768 crepidine
2019 729 2078 760 saxi

1453 771 1589 809 Expositis
1598 769 1684 799 stabat
1695 768 1772 798 scalis
1787 791 1795 803 ,
1817 771 1842 799 St
1854 776 1941 806 ponte
1950 775 2060 808 param.

1359 811 1438 841 Dorsi
1449 810 1574 847 crepido.
1595 809 1662 837 Stat.
1679 817 1700 836 i.
1715 807 1801 836 Achil.
1814 813 1879 842 448.

1451 849 1539 878 Prima
1551 853 1619 875 rates
1633 845 1739 874 Danaas
1750 845 1886 874 Hecateia
1897 849 2047 881 congregat
2061 834 2138 873 Aullis

1452 886 1577 923 Rupibus
1593 882 1724 920 expositis
1737 905 1744 919 ,
1765 883 1898 920 longique
1915 883 2060 919 crepidine
2075 881 2163 917 dorii,
2183 881 2236 911 διο.
2330 879 2349 909 i.
2360 888 2385 908 c.
2409 877 2484 909 Auli!

1377 924 1460 992 lSopge
1474 923 1634 960 exporrecta
1645 922 1675 950 in
1693 930 1768 951 mare
1787 921 1944 951 Euboicum
1958 919 2080 958 scopulis
2099 916 2335 958 prominentibus.
2356 917 2436 948 Idem
2455 927 2482 951 ι.

1398 965 1406 992 1
1420 972 1444 992 ν.
1458 972 1481 992 ι.
1492 967 1536 998 38.
1963 991 1965 994 ,

1551 1014 1588 1020 -
1596 1002 1691 1028 teneat
1701 996 1827 1034 quamvis
1837 1001 1938 1026 aeterna
1952 996 2069 1034 crepido

1452 1037 1522 1074 Quae
1533 1035 1710 1074 superingesti
1721 1041 1844 1073 portaret
1855 1034 1979 1065 culmina
1988 1033 2102 1064 montis.

1359 1077 1516 1106 Graminea.
1537 1076 1603 1104 Stat.
1618 1072 1716 1103 1.Silv.
1731 1083 1755 1109 3.
1767 1083 1813 1108 4³·

1358 1114 1490 1151 Crepido‚
1511 1114 1595 1142 etiam
1608 1110 1736 1141 Editioris
1747 1110 1878 1148 cujusque
1888 1109 1944 1139 loci
1954 1109 2073 1139 altitudo
2084 1110 2111 1139 &
2121 1108 2291 1144 extremitas,
2312 1116 2395 1146 quam
2406 1110 2486 1137 mem

1377 1151 1557 1182 diciinsidere
1566 1149 1711 1184 solebant,
1731 1150 1822 1186 inquit
1835 1148 1954 1178 Merula.
1977 1148 2076 1183 Juven.
2090 1157 2113 1184 5.
2131 1147 2185 1176 Sat.
2197 1152 2223 1181 8.

1450 1189 1535 1219 Nulla
1547 1188 1661 1226 crepido
1673 1194 1771 1222 vacat,
1793 1186 1929 1223 nusquam
1940 1195 2012 1224 pons
2021 1187 2035 1214 ‘?
2129 1186 2234 1214 Seneca
2244 1205 2252 1220 ,
2275 1183 2345 1221 Quis
2358 1183 2485 1212 crederet

1373 1229 1513 1296 ίὲοὲηῑειη
1523 1226 1786 1294 Γριρῖτυειερῐεέρηεηι
1797 1225 1917 1255 Marium
1926 1245 1935 1260 ,
1956 1230 2003 1254 aut
2012 1222 2101 1260 fuiffe,
2117 1228 2165 1253 aut
2176 1223 2301 1252 futurum
2312 1220 2484 1252 Consulem?

1401 1276 1417 1295 u
1440 1275 1504 1295 aeus.
1552 1288 1558 1294 .
1597 1274 1638 1293 uc.
1652 1273 1677 1300 7.
1717 1273 1768 1293 err.
1797 1273 1821 1298 7.

1320 1305 1365 1335 Cr.
1375 1314 1427 1334 EPI
1436 1314 1448 1333 s
1457 1326 1465 1340 ,
1485 1303 1550 1333 rdis.
1571 1304 1591 1334 f.
1613 1301 1708 1333 Herba
1719 1301 1757 1331 est
1766 1273 1846 1332 egule
1856 1299 1972 1336 foliato,
1992 1300 2029 1330 de
2046 1309 2101 1338 qua
2121 1298 2187 1330 vide
2199 1297 2277 1337 apud
2293 1296 2364 1328 Plin.
2374 1296 2424 1327 lib.
2436 1299 2487 1327 ari

1358 1353 1388 1372 ca
1412 1365 1418 1371 .
1435 1345 1477 1372 16.

1321 1353 1646 1414 Carlirmcutum
1668 1377 1848 1412 Οιιιζιῖιτο,
1870 1376 2070 1406 Canu-us.
2108 1375 2143 1406 In
2163 1383 2290 1405 casro-

1322 1419 1344 1449 C
1352 1429 1369 1448 r<
1379 1428 1392 1447 E
1401 1428 1414 1447 i>
1424 1429 1434 1447 1
1443 1428 1462 1446 T
1471 1428 1488 1447 υ
1500 1429 1515 1446 L
1524 1427 1542 1446 υ
1550 1427 1589 1452 Μ,
1607 1417 1624 1445 i.
1653 1425 1680 1444 n.
1703 1415 1910 1445 Ornamentum
1922 1423 1953 1444 ca
1977 1414 2031 1444 itis.
2051 1413 2082 1443 id
2092 1414 2168 1443 enim
2177 1414 2208 1443 in
2223 1411 2324 1451 capitis
2337 1415 2416 1442 motu
2427 1418 2487 1441 cre-

1359 1457 1449 1495 piturn
1460 1456 1534 1485 facit.
1557 1454 1658 1484 Festus.
1679 1452 1711 1483 V.
1733 1452 1852 1483 Tertull.
1865 1452 1901 1481 de
1913 1451 1957 1481 Pal
1969 1454 1996 1481 io
2007 1461 2067 1490 cap.
2079 1462 2106 1488 4.

1323 1495 1345 1525 C
1355 1506 1369 1524 a
1378 1496 1394 1525 ὲ
1403 1504 1440 1523 1²0
1450 1494 1508 1561 ,6ui
1518 1515 1526 1529 ‚
1546 1494 1618 1523 Itum
1627 1514 1635 1529 ‚
1656 1489 1791 1528 [ψοφέω]
1810 1494 1867 1521 are.
1889 1490 2003 1529 proprie
2019 1489 2126 1520 Sonare
2139 1488 2282 1528 fignificat.
2303 1487 2391 1520 Plaut.
2404 1486 2490 1524 Men}-

1380 1555 1386 1563 .
1420 1555 1426 1562 .
1438 1542 1454 1561 2
1477 1555 1483 1561 .
2189 1552 2191 1558 ,

1362 1544 1374 1571 5
1403 1544 1414 1570 ς
1440 1571 1493 1600 Dic
1503 1569 1572 1599 mihi
1583 1591 1591 1602 ,
1612 1577 1648 1597 en
1657 1576 1781 1605 unquam
1791 1566 1920 1596 intestina
1931 1565 1983 1595 tibi
1993 1571 2109 1603 crepant
2120 1588 2129 1602 ,
2151 1565 2228 1602 quod
2238 1564 2362 1594 sentias?

1438 1619 1460 1638 M
1468 1617 1490 1637 ις.
1513 1607 1566 1637 Ubi
1579 1606 1650 1636 satur
1661 1605 1720 1635 surii
1731 1627 1738 1641 ‚
1759 1604 1837 1634 nulla
1844 1605 1996 1642 crepitant:
2019 1604 2132 1641 quando
2142 1603 2230 1633 esurio
2240 1624 2249 1637 ,
2274 1608 2336 1632 tum
2345 1606 2473 1641 crepanti

1361 1647 1476 1684 Crepuit
1494 1646 1579 1679 foris,
1608 1645 1623 1673 i.
1639 1654 1661 1674 e.
1685 1643 1830 1680 insonuit,
1853 1642 1945 1680 inquit
1957 1642 2094 1673 Donatus.
2115 1641 2181 1672 Ter.
2191 1640 2269 1671 Adel.
2282 1650 2310 1671 2.
2323 1650 2348 1678 3.
2363 1651 2406 1671 ιι.
2427 1637 2483 1672 Sed

1378 1686 1512 1723 quidnam
1525 1684 1590 1712 foris
1600 1683 1729 1720 crepuit‘?

1359 1724 1475 1762 Crepuit
1484 1722 1558 1751 foris.
1581 1721 1667 1750 Plaut.
1680 1719 1779 1758 Amph.
1793 1728 1817 1749 1.
1829 1728 1855 1749 2.
1867 1727 1912 1756 34.

1439 1761 1605 1791 Orationem
1617 1758 1802 1796 comprimam
1812 1779 1820 1794 ‚
1839 1758 1949 1795 crepuit
1958 1757 2033 1788 foris.
2111 1757 2176 1787 Hoc
2184 1765 2262 1786 more
2274 1755 2363 1785 Attico
2375 1754 2484 1786 dietum

1377 1800 1425 1829 est.
1465 1799 1537 1828 Nam
1548 1798 1611 1834 quia
1621 1796 1734 1826 Athenis
1747 1797 1819 1826 fores
1829 1796 1858 1825 in
1869 1795 2018 1834 publicum
2031 1795 2226 1833 aperiebantur
2236 1816 2245 1829 ,
2265 1794 2312 1831 qui
2331 1793 2418 1822 domo
2426 1793 2484 1822 exi.

1379 1836 1444 1873 bat,
1465 1846 1501 1866 rie
1513 1845 1597 1874 quem
1608 1835 1816 1878 eas-aperiendo
1832 1834 1904 1864 forte
1926 1840 2142 1872 praetereuntem
2159 1832 2294 1867 laederet,
2314 1832 2396 1868 eique
2409 1830 2489 1860 fores

1378 1876 1566 1913 impingeret,
1588 1880 1726 1910 crepitum
1737 1882 1782 1902 eas
1791 1872 1892 1902 feriens
1901 1879 1965 1902 ante
1974 1871 2086 1902 edebat.
2127 1871 2160 1902 Id
2168 1880 2233 1901 vero
2249 1871 2287 1900 est
2305 1869 2381 1907 quod
2398 1868 2485 1898 Attici
2510 1890 2511 1895 ,

1379 1912 1467 1948 ψοφεῖν
1478 1913 1593 1942 dicunt:
1617 1911 1798 1941 Grammatici
1808 1920 1822 1940 a
1834 1909 1931 1942 κόπτω
1941 1910 2053 1941 differre
2064 1909 2194 1945 tradunt,
2214 1907 2369 1948 quodillud
2379 1915 2484 1938 exeun-

1378 1952 1449 1981 tium
1458 1950 1508 1985 sit,
1528 1951 1582 1979 hoc
1594 1950 1822 1986 ingredientium.
1844 1948 2003 1980 Turnebus.

1361 1989 1476 2027 Crepuit
1484 1988 1557 2018 clare
1568 1988 1643 2017 foris.
1667 1986 1755 2016 Plaut.
1771 1987 1847 2017 Poen.
1861 1995 1886 2022 3.
1899 1996 1925 2016 2.
1939 1995 1983 2023 3³.

1359 2030 1441 2057 Arma
1449 2027 1537 2056 civilis
1548 2035 1681 2063 crepuere
1692 2024 1766 2054 belli.
1788 2026 1853 2055 Seri.
1863 2024 1978 2063 Thyest.
1990 2033 2019 2063 7.

1359 2066 1465 2096 Dentes
1477 2074 1610 2101 crepuere
1623 2064 1729 2093 retecti.
1752 2063 1818 2093 Pers.
1834 2072 1859 2100 3.
1877 2063 1931 2093 Sat.
1946 2073 2009 2093 101.

1359 2103 1490 2133 Sonabile
1500 2103 1603 2132 sistrum
1613 2102 1729 2139 crepuit.
1753 2101 1840 2132 Ovid.
1851 2111 1876 2137 9.
1891 2102 1960 2131 Met.
1976 2107 2041 2139 783.
2127 2121 2135 2124 -

1359 2142 1480 2180 Crepare
1493 2163 1501 2175 ,
1520 2140 1686 2169 Praedicare:
1709 2146 1824 2177 tumque
1840 2139 1995 2169 accusativo
2011 2137 2146 2176 jungitur.
2167 2137 2235 2168 Hor.
2248 2147 2271 2166 r.
2286 2135 2378 2167 Carni.
2396 2137 2438 2169 18.
2455 2142 2480 2170 ς.

1452 2179 1523 2215 Quis
1536 2178 1594 2216 post
1605 2178 1669 2207 vina
1678 2187 1789 2214 gravem
1799 2177 1927 2208 militiam
1938 2185 1985 2208 aut
1997 2177 2159 2215 pauperiem
2174 2175 2289 2213 crepet?
2381 2172 2435 2203 Alii
2442 2172 2483 2203 le-

1377 2223 1447 2256 gunt
1458 2218 1593 2254 increpet.
1616 2215 1725 2245 Lucret.
1738 2216 1786 2246 lib.
1798 2225 1824 2245 2.
1839 2218 1919 2245 1166.

1452 2255 1485 2285 Et
1501 2261 1595 2292 crepat
1609 2254 1758 2290 antiquum
1768 2263 1856 2292 genus
1866 2255 1891 2283 &
1902 2253 2006 2292 pietate
2014 2252 2165 2292 repletum.

1359 2294 1479 2333 Crepare
1490 2315 1498 2329 ‚
1520 2293 1632 2330 Rumpi.
1656 2291 1727 2329 Virg.
1740 2304 1763 2328 ς.
1776 2293 1839 2323 ffin.
1850 2301 1915 2326 205.

1643 2344 1682 2351 -—
1692 2333 1718 2360 δι
1727 2337 1809 2361 acuto
1819 2330 1927 2360 murice
1936 2329 2006 2360 remi

1453 2367 1562 2399 Obnixi
1571 2377 1714 2405 crepuere.

1358 2408 1478 2476 Crgpkare
1486 2430 1494 2442 ,
1516 2406 1664 2445 praesertim
1677 2405 1805 2436 adhiberi
1818 2406 1854 2436 de
1864 2404 2030 2436 Verberibus
2040 2405 2067 2435 δι
2079 2402 2169 2443 plagis
2180 2424 2189 2439 ,
2210 2401 2334 2434 observat
2344 2399 2481 2433 Broeckh.

1380 2457 1394 2476 a
1447 2456 1476 2474 ro
1501 2451 1548 2474 ert.
1563 2455 1589 2480 4.
1603 2454 1628 2481 7.
1642 2454 1686 2474 21.

1323 2485 1369 2516 ca
1379 2487 1395 2516 Ε
1404 2495 1418 2514 r
1427 2495 1447 2514 A
1456 2456 1515 2518 ΝΞ,
1537 2483 1616 2512 antis.
1639 2483 1735 2512 Partic.
1758 2480 1878 2511 Martial.
1891 2481 1939 2512 lib.
1953 2491 1996 2512 12.
2010 2483 2056 2518 36.
2192 2479 2194 2481 ’

1453 2522 1546 2552 Libras
1568 2526 1703 2557 quatuor,
1724 2526 1771 2550 aut
1784 2520 1853 2549 duas
1866 2521 1972 2555 amico,

1453 2560 1653 2597 Algentemque
1664 2565 1758 2595 togam
1768 2580 1777 2593 ,
1797 2559 1966 2596 brevemque
1977 2556 2076 2587 laenam
2085 2578 2095 2594 ,

1450 2597 1595 2639 Interdum
1604 2597 1730 2626 aureolos
1742 2605 1825 2626 manu
1839 2596 1994 2634 crepanteis

1451 2635 1554 2665 Pollint
1565 2636 1667 2664 ducere
1681 2636 1728 2670 qui
1739 2635 1807 2664 duas
1816 2634 1946 2663 calendas
1957 2655 1965 2669 ,

1452 2672 1537 2710 Quod
1546 2682 1631 2701 nemo
1640 2695 1647 2706 .
1669 2672 1717 2701 nisi
1727 2680 1756 2702 tu
1767 2693 1775 2707 ,
1796 2672 1912 2702 Labulle
1922 2694 1931 2708 ,
1953 2671 2042 2702 donas
2053 2692 2062 2707 ‚
2079 2671 2131 2701 &o

1360 2712 1411 2744 Pes
1420 2720 1544 2750 crepans.
1564 2711 1632 2740 Hor.
1645 2711 1733 2748 Epod.
1750 2714 1846 2746 16.48.

1453 2750 1533 2779 Levis
1545 2755 1677 2787 crepante
1687 2748 1802 2787 lympha
1813 2747 1902 2777 desilit
1915 2747 1999 2786 pede.
2339 2758 2341 2760 ·

1323 2789 1346 2820 C
1356 2799 1369 2818 R
1380 2799 1393 2818 ii
1404 2789 1437 2818 Ρϊ
1448 2798 1507 2822 ro,
1528 2790 1580 2816 are.
1606 2787 1743 2825 frequent.
1766 2786 1805 2816 est
1818 2787 1964 2824 proprium
1979 2782 2195 2822 cymbalorum,
2215 2786 2413 2818 tympanorum
2424 2799 2433 2814 ‚
2454 2780 2482 2810 ἃ

1358 2827 1475 2856 aliorum
1488 2825 1654 2860 hujusmodi.
1698 2825 1737 2853 Ad
1746 2824 1797 2854 alia
1806 2830 1900 2853 tamen
1910 2824 1995 2853 etiam
2003 2821 2172 2852 transfertur.
2211 2819 2282 2849 Piin.
2297 2817 2348 2849 lib.
2360 2827 2404 2848 12.
2418 2826 2480 2855 cap.

1362 2874 1404 2901 17.
1431 2864 1548 2902 Myrtata
1559 2862 1808 2901 deprehenduntur
1818 2884 1826 2898 ,
1845 2858 2078 2900 crepitantquein
2088 2859 2162 2897 igne.
2403 2869 2405 2875 ¹

1359 2903 1460 2932 Auster.
1484 2901 1552 2938 Virg.
1565 2910 1588 2937 3.
1604 2900 1664 2931 AEn.
1676 2909 1721 2936 70.

1358 2941 1470 2970 Bractea
1480 2940 1597 2976 crepitat
1612 2939 1772 2969 lenivento.
1794 2937 1868 2975 Virg.
1879 2941 1905 2967 6.
1920 2936 1982 2967 AEn.
1995 2945 2061 2972 209.

1358 2978 1495 3007 Dentibus
1507 2977 1650 3014 crepitare.
1674 2975 1759 3006 Plaut.
1773 2975 1846 3006 Rud.
1856 2985 1882 3005 2.
1895 2979 1920 3005 6.
1934 2985 1959 3012 ς.

1357 3016 1496 3046 Flaminis.
1520 3014 1614 3044 Tibul.
1625 3014 1672 3044 lib.
1685 3024 1709 3043 2.
1720 3025 1742 3049 ς.
1755 3020 1801 3048 81.

1439 3054 1475 3082 Ut
1488 3052 1615 3082 succensa
1629 3052 1708 3082 sacris
1720 3052 1837 3090 crepitet
1846 3050 1918 3081 bene
1927 3050 2021 3080 laurea
2030 3047 2158 3079 flammis.

1358 3091 1509 3122 Grandine.
1536 3090 1607 3128 Virg.
1623 3101 1645 3127 5.
1657 3090 1718 3120 [ΕΠ.
1735 3096 1800 3126 458-

1628 3144 1664 3149 -—
1676 3127 1762 3157 multa
1771 3126 1906 3166 grandine
1913 3124 2003 3155 nimbi

1448 3165 1622 3196 Culminibus
1632 3167 1777 3203 crepitant.
1874 3163 1928 3193 Ubi
1938 3164 2048 3193 Servius
2058 3162 2127 3191 dicit
2136 3159 2191 3191 effe
2202 3157 2375 3198 Hypallagen
2384 3166 2392 3189 :
2401 3178 2405 3180 -
2414 3165 2479 3189 riam

1380 3204 1515 3234 debuisset
1524 3205 1615 3233 dicere
1626 3227 1633 3239 ‚
1656 3204 1747 3234 Multo
1760 3202 1857 3233 nimbo
1866 3201 1971 3239 grando
1982 3201 2108 3238 crepitat.

1358 3242 1439 3272 Mala:
1448 3242 1517 3271 duro
1526 3243 1662 3279 crepitant
1673 3241 1719 3271 sub
1730 3241 1853 3271 vulnere.
1877 3239 1947 3277 Virg.
1963 3249 1988 3274 5.
2005 3239 2066 3269 AEn.
2078 3246 2110 3274 43
2117 3239 2142 3266 6.

1358 3280 1459 3309 Venter
1472 3280 1539 3308 mihi
1555 3280 1679 3317 crepitat.
1702 3279 1788 3308 Plaut.
1802 3277 1900 3315 Amph.
1912 3288 1939 3312 4.
1951 3286 1977 3306 2.
1993 3286 2035 3306 12.
2058 3275 2087 3305 V.
2111 3275 2139 3303 in
2160 3282 2285 3304 cano.

1321 3317 1343 3348 C
1351 3327 1368 3347 a
1378 3328 1390 3347 r.
1401 3328 1414 3346 P
1425 3329 1433 3346 1
1444 3327 1462 3346 >r
1474 3327 1492 3346 A
1504 3327 1549 3352 ns,
1560 3319 1639 3347 antis.
1652 3317 1876 3352 Partic.ut‚Arnia
1888 3311 2355 3353 crepitantia.0vid.1.Met.143&
2365 3313 2477 3347 15.783.

1358 3356 1419 3386 ffira
1429 3356 1600 3393 crepitantia.
1623 3355 1733 3392 Virg.4.
1748 3355 1847 3390 Georg.
1864 3362 1924 3388 151.

1357 3393 1480 3423 Flamma
1488 3393 1634 3430 crepitans.
1656 3394 1720 3422 Seri.
1731 3393 1891 3429 Agamemn.
1906 3395 1972 3426 8ςο.

1357 3430 1435 3460 Ranii
1448 3431 1615 3469 crepitantes
1626 3440 1702 3461 auro,
1725 3431 1808 3460 Ovid.
1828 3440 1869 3458 io.
1883 3428 1953 3458 Met.
1968 3430 2033 3463 648.

1357 3468 1485 3498 Rostrum
1496 3470 1642 3506 crepitans.
1664 3468 1743 3498 Idem
1757 3472 1783 3497 6.
1803 3467 1870 3496 Met.
1880 3476 1924 3503 97.

1356 3507 1436 3535 Sinus
1447 3507 1564 3536 carbasei
1578 3507 1754 3544 crepitantes.
1777 3505 1850 3542 Virg.
1867 3514 1907 3533 ii.
1921 3503 1983 3534 ffin.
1995 3509 2059 3540 775.

1356 3545 1481 3581 Sqtianiae
1491 3546 1666 3582 crepitantes.
1688 3542 1771 3573 Ovid.
1783 3552 1825 3572 12.
1841 3542 1923 3579 Epist.
1937 3550 1997 3570 101.

1320 3581 1366 3610 CR
1376 3592 1409 3611 av
1419 3593 1427 3611 i
1437 3592 1455 3610 τ
1464 3592 1482 3611 A
1495 3592 1513 3610 Ν
1522 3592 1541 3611 τ
1552 3592 1565 3611 ιι
1575 3592 1590 3610 R
1601 3604 1609 3618 ‚
1631 3582 1696 3611 Λᾶν.
1720 3588 1766 3615 ut.
1788 3580 1963 3619 Crepitanter
1978 3575 2129 3616 explicare.
2149 3573 2247 3605 Sidon.

1320 3620 1343 3649 C
1354 3630 1370 3648 a
1380 3630 1392 3648 a
1402 3622 1465 3648 ι’ῖί·
1475 3629 1512 3649 us
1523 3642 1531 3654 ,
1550 3621 1589 3649 ὑε.
1627 3630 1663 3649 m.
1696 3618 1817 3655 [ψόφων
1829 3640 1837 3652 ,
1879 3617 1978 3654 Cedro&
1991 3616 2006 3651 ]
2040 3615 2079 3644 est
2108 3613 2200 3644 Sonus
2227 3621 2263 3641 ex
2293 3608 2412 3648 impulsu
2436 3617 2478 3639 re-

1355 3657 1474 3690 sultans.
1496 3657 1584 3694 qualis
1607 3658 1645 3688 est
1663 3657 1723 3687 ostii
1738 3655 1854 3696 pulsati,
1876 3653 2080 3693 cymbalorum,
2100 3658 2316 3690 tympanorum,
2336 3647 2475 3684 tubarum,

1355 3704 1493 3724 COi'nUUm

1357 3735 1510 3762 Armorum.
1533 3732 1600 3762 Plin.
1613 3732 1659 3762 lib.
1671 3742 1696 3761 2.
1710 3741 1770 3770 cap.
1786 3738 1829 3769 57.

1355 3769 1498 3799 Dentium.
1521 3771 1579 3800 Cic.
1590 3782 1615 3806 4.
1628 3770 1709 3800 Tusc.
1728 3780 1769 3806 19.

1354 3807 1475 3837 Forium.
1498 3807 1583 3837 Plaut.
1598 3809 1678 3837 Curc.
1697 3818 1719 3837 1.
1737 3817 1762 3842 τ.
1779 3815 1802 3836 1.
1832 3805 1864 3835 V.
1886 3805 1915 3834 in
1925 3803 1984 3843 ipsb
1996 3801 2091 3836 verbo.

1355 3845 1516 3875 Frcnorum.
1540 3845 1624 3874 Varro
1645 3846 1676 3875 R.
1690 3846 1719 3875 R.
1732 3844 1780 3874 lib.
1791 3853 1817 3873 2.
1829 3853 1890 3881 cap.
1902 3851 1930 3880 7.

1355 3882 1529 3914 Gladiorum.
1550 3883 1622 3914 llirt.
1639 3883 1675 3914 de
1685 3883 1754 3914 Bell.
1770 3881 1902 3920 Hisp.31.
2334 3908 2348 3948 I
2377 3915 2394 3947 b
2411 3915 2418 3922 ‚

1669 3944 1673 3947 .
2348 3925 2376 3946 m
2396 3924 2478 3947 rium.

2575 2278 2578 2285 ·
2581 2247 2585 2251 .
2572 2148 2587 2180 ,Α

2584 2236 2589 2255 “’
2585 2062 2604 2203 .ἕε;ε5ετ.,“-·
2596 2009 2600 2018 -
2597 1968 2602 1978 ,
