2604 4222
169 148 239 184 524
631 134 660 167 C
754 131 770 165 1
873 128 904 163 R

201 219 391 255 circumplexa
406 218 463 256 igni
476 216 549 246 foret
556 236 564 249 ,

205 256 291 285 oblita
304 256 401 286 fuisset.

169 293 480 326 CiscuMi‘Liixus,
500 293 540 320 i'is.
561 299 597 318 m.
621 284 812 324 [masin-ruiis]
835 280 960 312 Plin.lib.
978 289 1019 308 io.
1032 288 1094 316 cap.
1108 280 1154 314 63.
1175 276 1316 312 Lacertae,

614 332 643 359 t,
664 325 766 352 circum
791 321 854 349 lexu
867 319 1002 347 Venerem
1016 325 1129 345 novere.

207 339 238 360 ut
250 341 283 361 ea
296 341 355 367 quae
366 331 420 359 sine
435 329 552 367 pedibus
563 327 610 355 sun
786 359 791 364 ¹
1041 355 1046 360 y
1196 352 1202 357 .
1224 352 1231 358 ·

785 357 992 386 ircuninet‘tere.
1015 354 1072 382 Cic.
1086 363 1108 382 i.
1122 352 1157 381 de
1168 351 1258 380 Divin.
1269 360 1315 387 79.

169 368 433 400 CrsscuuPLico
449 362 737 402 ,[⁷r÷ga‘m7xrz21]are.

204 406 369 443 Experreua
380 405 473 433 nutrix
488 399 680 432 animadvertit
689 405 805 435 puerum
818 394 1003 423 dormientem
1011 389 1252 428 circumplicatum
1267 389 1318 418 ser-

205 445 297 482 pentis
309 443 447 480 amplexu.
489 440 557 469 lbid.
572 448 614 472 ⁴9-
634 436 707 466 Tum
722 434 803 463 visam
818 431 938 460 belluam
951 429 1051 472 vastam
1067 429 1255 459 &immanem
1267 427 1318 470 cir-

954 467 1010 503 Qui
1022 476 1086 496 cum
1095 465 1130 495 ad
1140 474 1203 494 eum
1214 463 1319 493 retulis-

611 511 629 539 d
649 509 744 547 anguis
762 507 838 537 domi
861 507 969 535 veetem
989 504 1185 539 circumjectus
1206 501 1316 538 fuisset,

205 482 401 518 cumplicatam
416 476 596 514 serpentibus.
629 474 686 502 Cic.
697 481 722 501 2.
737 471 771 500 de
783 469 873 499 Divin.
887 472 931 497 62.

205 519 261 553 set,
282 518 352 556 quasi
367 517 524 548 ostentum,
554 522 608 548 quo
933 543 938 548 .
984 543 989 548 ι
1106 542 1111 547 .
1167 541 1172 546 ⁸

205 556 279 585 'rum
294 555 368 587 esset,
394 553 482 589 inquit
493 573 500 584 .
523 550 678 582 ostentum,
702 547 718 575 fi
735 554 854 582 anguem
868 544 954 572 vestis
966 539 1234 579 circumplicavisset.

168 593 191 623 C
200 604 209 622 i
222 603 284 622 acu
295 604 314 621 Μ
323 603 336 620 ι>
345 596 361 621 ὅ
370 600 389 619 N
400 601 416 618 o
426 612 434 624 ,
459 588 536 626 posui
553 610 560 620 ,
581 588 665 615 situm
674 606 682 619 ‚
715 586 751 619 [a
763 580 902 618 εςιτὶἓημι]
930 582 1081 623 ἐιεῃιοιπ
1102 577 1317 616 significationis.

203 630 271 660 Plin.
286 630 334 658 lib.
351 638 391 665 17.
404 637 462 664 cap.
475 631 519 659 28.
541 622 703 653 Stramentis
717 627 798 650 antea
811 617 1024 656 circumpositis.

202 667 283 705 Piper
292 668 501 701 circumponere
511 661 618 691 catillis.
642 660 706 689 Hor.
720 668 746 689 2.
763 658 850 688 Serm.
863 665 948 700 ⁴27⁴·

281 705 385 733 Primus
397 701 524 731 &inveni
536 700 614 737 piper
627 698 720 727 album
729 705 794 726 cum
806 694 950 738 sale-nigro

280 742 420 771 Incretum
432 761 440 773 ,
461 738 536 776 puris
545 734 770 773 circumposuisse
782 732 888 762 catillis.
1005 768 1012 775 ·
1042 768 1048 774 .
1202 766 1209 773 ·

164 779 463 808 01RCUMP081T10
478 798 486 811 ,
508 775 579 804 onis.
600 774 619 803 f.
641 772 749 810 August.
763 771 848 809 Epist.
866 779 926 806 199.
949 769 1012 799 Auri
1023 767 1239 806 circumpositio.

164 818 410 846 Ciacuxisi‘rro
425 836 433 849 ,
454 817 508 842 are.
534 811 609 841 unde

163 855 505 884 CiRCUMPOTATio,
527 850 596 879 onis.
620 849 639 878 f.
660 843 843 884 [σκάπτεις]
874 845 933 874 Cic.
955 854 982 874 2.
1004 843 1040 873 de
1060 843 1154 880 Legib.
1171 844 1216 872 60.
1244 839 1315 885 liae

197 898 328 928 praeterea
344 890 449 919 suntin
471 887 577 925 legibus
598 886 634 916 de
652 887 788 921 unclura,
809 883 910 921 quibus
930 881 1035 912 servilis
1055 883 1173 911 unt‘tura
1190 879 1314 914 tollitur,

199 928 342 965 omnisque
357 926 580 964 circumpotatio.

161 966 182 995 C
193 976 224 994 ιιι
234 976 273 995 cu
282 977 302 994 M
312 975 327 994 ιι
336 970 351 994 ,ἶ
363 976 380 993 o
389 975 406 993 ο
417 987 425 999 .
447 964 464 993 si
476 985 484 998 ,
505 962 564 992 sum
573 984 580 998 ‚
602 959 749 998 [περιξέω]
769 961 826 990 ὅτε.
858 959 926 989 Plin.
944 957 992 987 lib.
1009 964 1051 994 17.
1073 965 1134 992 cap.
1144 957 1191 985 26.
1222 953 1315 983 Veluti

196 1004 331 1033 detractio
341 1002 479 1037 sanguinis
490 999 645 1030 circumrasi
659 998 780 1028 corticis.
798 997 880 1027 Hard.
893 994 1081 1025 circumrasio.
1093 991 1314 1027 Columel.lib.4.

196 1051 305 1078 cap.29.
316 1038 406 1076 Hujus
418 1038 537 1070 traducis
549 1037 567 1067 si
579 1047 637 1067 non
649 1037 687 1066 est
695 1034 821 1071 facultas,
831 1042 891 1064 tum
902 1034 1056 1063 detractum
1068 1031 1119 1061 viti
1129 1040 1211 1068 quam
1221 1039 1316 1059 recen-

195 1079 327 1108 tissimum
338 1077 621 1115 eligitursarmentum
633 1097 642 1109 ,
664 1073 800 1104 &leviter
816 1071 1020 1102 circumrasum.
1052 1069 1083 1098 V.
1106 1068 1175 1098 Cels.
1188 1077 1213 1104 7.
1234 1076 1275 1097 ια.

157 1115 181 1145 C
192 1128 200 1145 ι
212 1127 226 1145 ιι
238 1126 278 1146 cu
287 1128 308 1145 M
319 1126 333 1144 R
344 1126 363 1144 A
372 1126 384 1145 s
395 1127 404 1144 ι
414 1125 441 1151 o,
463 1115 534 1144 onis.
554 1114 574 1142 f.
599 1112 667 1142 Plin.
683 1121 726 1147 17·
737 1115 783 1141 26.
805 1108 986 1140 Circumrasio
996 1107 1118 1137 corticis.
1134 1105 1164 1135 V.
1179 1106 1208 1135 in
1220 1105 1314 1136 verbe.

157 1154 181 1184 C
188 1166 196 1182 i
205 1165 219 1182 R
229 1164 244 1183 c
252 1164 269 1183 u
278 1165 299 1182 M
310 1164 326 1182 ιι
335 1157 351 1182 Ξ
362 1164 380 1182 T
390 1164 399 1182 i
411 1164 428 1182 o
441 1175 449 1189 ,
471 1150 651 1189 [πεςιδδκπόω
662 1150 677 1186 ]
696 1152 747 1179 ire.
768 1148 911 1187 Impedire
927 1148 953 1177 Sc
967 1145 1122 1184 implicare.
1143 1143 1253 1174 Lucret.
1262 1143 1313 1173 lib.

212 1214 219 1222 ι
291 1202 313 1220 1.

194 1203 207 1228 ς
233 1202 245 1222 ¹
252 1202 263 1222 ι
271 1202 533 1259 Circuniretitenim
542 1227 583 1257 vis
594 1248 603 1261 ‚
623 1231 705 1262 atque
719 1223 823 1257 iniuria
833 1230 980 1260 quemque.

156 1267 496 1301 circumfluus,
518 1276 533 1295 a
549 1288 557 1299 ,
577 1274 634 1294 um.

192 1458 397 1487 circumretitos
406 1462 472 1486 arte.

154 1493 178 1525 C
187 1505 197 1524 1
207 1505 223 1523 ιι
233 1505 248 1524 c
257 1505 304 1524 uia
314 1505 329 1523 R
338 1499 355 1525 ὃ
366 1505 384 1523 ι)
394 1504 411 1523 o
420 1516 429 1529 ‚
451 1493 470 1523 fi
479 1515 487 1528 ,
507 1491 566 1522 sum
578 1513 586 1526 ,
608 1487 807 1527 [mercedum]
828 1489 884 1518 ere.
905 1486 973 1516 Plin.
987 1483 1036 1515 lib.
1069 1493 1095 1515 2.
1113 1492 1174 1522 cap.
1186 1493 1213 1514 2.
1235 1480 1314 1527 Poly.

190 1543 259 1577 pum
271 1533 368 1562 hamos
377 1537 509 1570 appetere
519 1553 526 1565 ,
546 1527 716 1565 brachiisque
726 1526 877 1565 conipledti
888 1546 897 1561 ,
917 1533 977 1554 non
988 1533 1049 1554 mor
1063 1533 1080 1553 u
1091 1544 1099 1559 ,
1119 1532 1173 1553 nec
1183 1521 1260 1561 prius
1271 1521 1313 1551 di·

190 1578 303 1600 mittere
315 1593 323 1605 ,
344 1580 426 1607 quam
436 1569 525 1599 escam
539 1565 749 1597 circumroserit.

189 1608 420 1643 Circumrodere‚
442 1617 491 1646 per
514 1604 734 1636 translationem.
775 1601 940 1637 Cic.4.Att.
954 1610 979 1635 ς.
1002 1597 1103 1643 Quid?
1134 1596 1220 1642 etiam
1240 1597 1313 1642 (du-

209 1646 277 1675 dum
290 1647 366 1675 enim
374 1645 550 1675 circumrodo
563 1642 639 1681 quod
650 1639 841 1671 devorandum
853 1639 914 1675 est)
936 1635 1124 1675 subturpicula
1145 1635 1214 1665 mihi
1234 1636 1312 1665 vide-

209 1683 288 1714 batur
297 1684 351 1713 esse
365 1680 512 1712 παλιναδῖιι.
552 1681 615 1711 Hoc
629 1680 684 1713 est,
708 1678 811 1708 invitus
828 1677 893 1707 dico
906 1698 915 1712 ‚
936 1676 1011 1714 quod
1036 1673 1192 1717 dicendum
1215 1679 1311 1703 tamen

207 1722 254 1751 est.
293 1722 394 1751 Vereor
405 1721 481 1751 enim
491 1730 526 1750 ne
536 1729 582 1749 me
593 1716 779 1756 reprehendas
790 1738 799 1752 ,
820 1715 867 1752 qui
880 1715 975 1744 hocin
988 1713 1060 1757 libro
1079 1718 1182 1756 gratiae.
1190 1710 1269 1741 causa
1278 1719 1311 1741 ea

207 1759 343 1790 laudarim
354 1782 362 1794 ,
384 1769 444 1796 quae
462 1765 543 1788 antea
558 1754 759 1794 vituperabam.
795 1753 964 1792 Metaphora
982 1751 1017 1781 ab
1037 1751 1072 1780 iis
1092 1759 1140 1788 qui
1157 1759 1311 1780 circumro-

207 1797 279 1827 dunt
288 1798 363 1834 quod
374 1807 431 1826 non
442 1796 561 1826 libenter
571 1793 734 1824 comedunt.

207 1835 369 1872 significare
379 1835 489 1865 videtur
503 1856 511 1868 ‚
534 1833 627 1863 Conoi·
637 1830 734 1861 sensim
747 1828 858 1868 perpeti
870 1826 1026 1859 molestiam
1037 1846 1047 1864 ,
1068 1834 1130 1865 quae
1139 1822 1255 1857 tandem
1263 1825 1311 1856 de-

205 1874 328 1902 voranda
345 1874 404 1903 erit.
445 1872 480 1902 H.
496 1872 535 1901 St.

186 1909 279 1942 Dente
286 1911 463 1940 circumrodi.
486 1910 581 1939 Horat.
594 1917 618 1939 r.
629 1907 713 1945 Epist.
730 1911 772 1941 ¹8·
782 1909 828 1940 82.

281 1949 371 1978 Dente
381 1948 532 1978 Theonino
542 1956 626 1984 quum
638 1943 862 1975 circumroditur.
955 1939 989 1972 V.
1010 1950 1031 1971 'r
1039 1950 1060 1970 Η
1068 1947 1107 1985 ab
1117 1946 1150 1971 N.
1177 1977 1183 1984 ¹

151 1986 174 2018 C
183 1998 193 2017 ι
202 1996 217 2016 ι
227 1997 266 2016 cu
277 1998 297 2016 M
308 1997 322 2016 a
334 1990 350 2017 ὁ
360 1997 404 2016 το
415 2009 422 2021 ,
443 1989 497 2015 are.
520 1984 602 2023 Apul.
614 1994 639 2020 9.
658 1983 727 2013 Met.
739 1992 767 2020 p.
777 1990 842 2012 222.
873 1978 1020 2010 Machinas
1038 1978 1140 2008 similes
1158 1986 1309 2021 circumrof

187 2025 238 2055 tari
253 2025 321 2054 vidi.
359 2024 424 2054 Caes.
437 2024 567 2054 German.
581 2022 677 2060 fragm.
689 2030 713 2058 3.
724 2030 753 2059 p.
766 2029 828 2056 150.
859 2018 909 2048 Ed.
932 2017 1054 2055 Coburg.
1072 2016 1108 2046 de
1121 2022 1217 2052 motu,
1239 2015 1308 2046 Caeh

188 2063 367 2092 circumrotat
380 2061 485 2092 orbem.
1035 2091 1040 2098 Ι
1099 2091 1104 2097 Ι

152 2101 174 2132 C
184 2112 193 2130 ι
202 2111 215 2129 a
227 2110 298 2130 cuia
308 2111 319 2130 s
328 2111 346 2130 c
355 2110 373 2130 A
383 2110 419 2129 ιι)
429 2110 446 2129 o
456 2122 465 2136 ,
507 2099 541 2135 fi,
563 2103 641 2136 ptum
651 2119 660 2133 ,
681 2093 903 2134 [mpmyaoiwm]
924 2094 980 2124 ete.
1002 2090 1072 2123 le.
1085 2090 1135 2122 lib.
1146 2099 1192 2122 ιο.
1205 2100 1267 2130 cap.
1279 2099 1306 2127 ς.

188 2138 293 2169 Radice
304 2139 363 2175 ejus
372 2109 574 2175 circumstialpti
590 2136 688 2165 dentes
698 2134 795 2163 dolore
805 2133 964 2176 liberantur.

151 2176 173 2207 C
183 2187 194 2206 1
202 2186 218 2205 a
229 2186 244 2206 c
252 2187 269 2206 u
279 2188 299 2206 M
309 2187 321 2206 s
331 2186 347 2206 c
358 2180 374 2205 Ᾰ
384 2187 400 2205 ιι
408 2178 420 2205 ῑ
429 2187 442 2204 ιτ
452 2178 463 2204 i
473 2185 515 2205 co
525 2197 532 2209 ,
554 2173 694 2211 [σεςιξόω]
716 2175 770 2201 are.
792 2170 860 2200 Plin.
875 2169 922 2199 lib.
934 2178 979 2199 22.
992 2177 1053 2205 cap.
1066 2176 1112 2204 ²³·
1134 2166 1241 2197 Pedum
1251 2164 1307 2196 cla-

186 2224 236 2244 vos
247 2213 517 2244 circumscarificatos
526 2213 598 2241 ferro
607 2233 616 2247 ,
638 2211 749 2240 mistum
760 2218 830 2239 cerae
844 2207 972 2237 extrahit.
996 2207 1076 2250 Idem
1085 2205 1134 2235 lib.
1150 2214 1193 2242 30.
1202 2214 1263 2243 cap.
1277 2212 1302 2241 3.

187 2252 310 2282 Caninus
323 2253 392 2281 dens
403 2251 504 2280 sinister
515 2250 653 2280 maximus
664 2270 672 2283 ,
693 2245 949 2277 circumscarificato
960 2254 994 2274 eo
1005 2254 1052 2282 qui
1062 2243 1167 2276 doleat,
1187 2249 1234 2273 aut
1246 2243 1306 2272 dra-

187 2291 265 2319 conis
276 2300 330 2320 ose
342 2289 418 2334 spina
430 2299 436 2318 :
458 2289 525 2318 item
537 2286 707 2325 enhydridis.
747 2284 791 2315 Est
800 2290 894 2314 autem
905 2281 1018 2321 serpens
1028 2280 1165 2311 masculus
1178 2282 1204 2312 δι
1214 2280 1303 2311 albus.

185 2328 276 2365 Hujus
286 2337 409 2358 maximo
424 2327 508 2356 dente
517 2323 782 2356 circumscarificant.
899 2359 912 2366 ν
997 2357 1003 2364 .

149 2365 189 2396 Ci
198 2376 213 2394 R
223 2376 238 2395 c
248 2377 265 2395 u
274 2375 312 2396 Ms
321 2375 338 2395 c
347 2376 356 2394 1
368 2375 387 2394 N
396 2375 414 2394 n
423 2375 440 2394 o
449 2386 458 2401 ,
478 2364 519 2393 idi
529 2385 538 2398 ,
558 2362 647 2398 issum,
668 2359 874 2398 [περιαμύατω]
896 2368 951 2388 ere.
973 2356 1030 2402 Liv.
1046 2366 1076 2402 ²2
1088 2367 1131 2393 ςς.

185 2405 243 2434 cius
252 2403 429 2439 clamitabat,
450 2412 484 2432 eo
493 2401 617 2431 infestius
625 2398 856 2430 circumscindere
865 2418 873 2431 ,
893 2398 919 2426 Sc
930 2396 1045 2434 spoliare
1058 2395 1148 2425 lictor.
1262 2431 1268 2438 .

147 2441 169 2472 C
177 2453 186 2471 1
195 2452 210 2471 n
219 2451 234 2471 c
242 2452 259 2471 u
270 2452 289 2470 M
299 2451 311 2471 s
320 2451 336 2471 c
344 2451 362 2470 R
370 2444 383 2471 ῑ
392 2451 408 2470 Β
418 2451 436 2470 o
447 2462 456 2476 ,
476 2440 515 2478 psi
525 2461 535 2476 ,
555 2445 636 2478 ptum
652 2462 661 2476 ‚
682 2434 870 2474 [πεξικῶφω]
891 2435 947 2464 ὅτε.
970 2433 1091 2464 Verbum
1111 2438 1186 2463 notae
1202 2429 1302 2470 signifi-

180 2486 308 2509 cationis.

181 2517 289 2547 Orbem
302 2515 533 2547 circumscribere.
554 2514 612 2545 Cic.
628 2523 652 2548 ς.
671 2513 706 2543 de
715 2512 775 2542 Fin.
786 2519 831 2548 23.
950 2547 956 2554 ·
1013 2547 1018 2553 ,

181 2555 299 2586 Terram
314 2554 538 2584 circumscribere
548 2551 675 2586 surculo,
695 2550 805 2588 gladio,
826 2549 877 2579 ἃς.
917 2546 986 2577 Plin.
1000 2546 1049 2576 lib.
1063 2555 1108 2576 22.
1121 2554 1183 2584 cap.
1198 2554 1243 2576 21.
1264 2544 1300 2576 Et

198 2593 217 2623 si
231 2600 331 2622 terram
345 2591 452 2622 surculo
466 2589 627 2628 heliotropii
640 2587 848 2619 circumscribat
861 2585 960 2623 aliquis
970 2607 979 2622 ‚
1000 2591 1104 2623 negant
1121 2584 1300 2622 scorpionem

198 2641 214 2660 e
235 2631 303 2660 redi.

181 2641 430 2703 Cirgcumscribere‚
450 2667 632 2697 Constituere.
661 2670 712 2700 ut,
741 2660 970 2693 Circumscribere
984 2660 1078 2690 locum
1092 2659 1235 2689 habitandi
1252 2659 1300 2689 ali.

198 2707 254 2737 cui.
295 2706 353 2735 Cic.
366 2706 394 2735 in
407 2705 500 2735 Parad.
511 2715 538 2734 2.
560 2703 681 2734 Exilium
695 2700 865 2736 autemillis,
878 2699 978 2738 quibus
991 2697 1063 2736 quasi
1074 2697 1298 2736 circumscriptus

197 2745 236 2774 est
247 2744 388 2774 habitandi
398 2743 485 2773 locus.
521 2741 644 2772 Subaudi
657 2739 794 2770 Terribile
808 2738 855 2768 est.

179 2782 356 2849 Currilculum
368 2782 431 2812 vitae
442 2779 655 2818 circumscripsit
665 2777 748 2808 nobis
763 2783 868 2806 natura.

198 2821 254 2850 due
267 2843 274 2850 .
305 2830 332 2850 0.

178 2829 318 2889 Termin3is
329 2856 555 2887 circumscribere
563 2857 589 2886 ἃ
599 2854 724 2885 delinire.
764 2851 821 2882 Cic.
836 2861 860 2881 1.
870 2847 992 2894 deOrat.
1005 2858 1050 2887 70.
1075 2847 1172 2893 1¹².h⁰.⁰
1183 2849 1298 2886 quidem

196 2903 270 2926 certe
282 2905 368 2933 prope
376 2895 452 2925 idem
462 2917 470 2929 ,
492 2893 575 2924 nullis
584 2892 745 2923 utterminis
756 2888 961 2919 circumscribat
972 2895 1020 2918 aut
1029 2887 1145 2917 definiat
1153 2896 1196 2923 Jus
1206 2886 1295 2919 suuni.

176 2934 292 2964 Definiri
305 2935 330 2964 δι
340 2932 530 2963 circumscribi
540 2940 626 2968 genus
637 2929 735 2968 potest.
756 2928 813 2957 Cic.
847 2937 877 2956 ro
887 2927 961 2956 Sext.
973 2936 1018 2963 97.

176 2971 327 3002 Luxuriam
340 2970 563 3000 circumscribere
572 2968 702 2998 utilitate.
743 2965 812 3008 Plin.
824 2937 873 2994 lib.
887 2973 932 2994 22.
947 2973 1007 3002 cap.
1020 2973 1055 3007 ²5.
1076 2961 1163 3007 Nunc
1174 2961 1297 3006 proposi.

197 3015 255 3039 tum
265 3010 314 3038 ista
327 3009 479 3038 consectari
489 3017 546 3037 non
557 3007 612 3036 est:
633 3015 687 3035 nec
696 3009 905 3035 committemus
915 3023 925 3038 ,
945 3010 977 3032 ut
986 3001 1160 3039 subjiciendo
1173 2999 1294 3037 utiliora,

195 3047 332 3076 luxuriam
342 3046 461 3076 utilitate
471 3044 736 3076 circumscribamus.

175 3084 237 3114 Pars
249 3085 407 3122 regionibus
426 3083 547 3113 modicis
566 3080 780 3118 circumscripta.
809 3078 867 3108 Cic.
879 3087 904 3108 2.
918 3075 953 3107 de
965 3076 1039 3121 0¹3³t:
1055 3079 1099 3113 67.
1114 3074 1294 3120 ‘Ass—uniamus

194 3132 256 3152 eam
267 3132 377 3160 quoque
388 3131 496 3160 partem
507 3143 516 3157 ,
535 3120 629 3150 sedita
638 3125 669 3149 ut
678 3119 709 3148 sit
717 3116 924 3153 circumscripta
934 3115 1053 3144 modicis
1065 3113 1233 3158 regionibus.

175 3160 347 3190 Sententiam
359 3166 453 3189 mente
461 3157 659 3189 circumscribi.
701 3156 757 3186 Cic.
775 3155 804 3184 in
814 3154 966 3184 Orat.200.
991 3154 1059 3182 Ante
1078 3161 1154 3181 enim
1174 3161 1295 3181 circum-

195 3197 320 3227 scribitur
330 3204 423 3227 mente
433 3197 569 3227 sententia
583 3218 591 3231 ,
611 3195 813 3230 confestimque
826 3191 910 3236 verba
929 3196 1116 3225 concurrunt,
1137 3199 1198 3226 quae
1213 3198 1294 3220 mens

195 3236 293 3265 eadem
303 3257 311 3270 ,
332 3245 385 3272 qua
397 3234 466 3264 nihil
476 3235 513 3264 est
526 3234 659 3268 celerius,
679 3233 769 3262 statim
780 3231 913 3260 demittit.

176 3272 302 3309 Spatium
312 3273 373 3302 vitae
385 3272 624 3310 circumscriptum
636 3270 681 3301 est.
704 3270 762 3300 Cic.
775 3278 826 3306 pro
841 3267 921 3297 Arch.
934 3275 981 3309 29.

178 3309 424 3346 circumscribere,
447 3310 581 3347 Decipere
591 3331 599 3345 ,
619 3307 830 3338 circumvenire.
871 3305 939 3335 Plin.
953 3304 1000 3347 lib.
1015 3312 1040 3340 7.
1065 3311 1128 3339 cap.
1139 3311 1185 3338 40.
1199 3301 1292 3347 ⁸Vana

196 3347 365 3383 mortalitas,
386 3348 457 3377 &ad
466 3347 750 3376 circumscribendum
771 3342 886 3381 seipsam
906 3341 1066 3384 ingeniosa,
1087 3342 1138 3370 Sec.
1166 3340 1232 3383 ‚Cic.
1247 3350 1291 3377 14.

196 3383 315 3422 Philipp.
328 3395 354 3421 7.
377 3386 429 3414 Aut
439 3385 556 3421 ejiciunt
568 3384 675 3414 vicinos
687 3406 696 3420 ,
716 3388 763 3412 aut
780 3379 1002 3411 adolescentulos
1017 3376 1254 3408 circumscribunt.

178 3420 301 3458 Pupillos
313 3423 544 3452 circumscribere.
565 3421 664 3458 Juven.
677 3432 719 3450 io.
735 3420 789 3450 Sat.
801 3428 866 3449 222.

177 3458 384 3489 Testamentum
405 3459 636 3490 circumscribere.
676 3459 744 3489 Plin.
758 3463 784 3492 8.
807 3456 891 3496 Epist.
907 3460 950 3489 18.
977 3454 995 3484 i.
1014 3463 1038 3483 e.
1061 3451 1199 3483 Fraudem
1214 3462 1291 3483 com.

196 3497 305 3525 mittere
320 3498 392 3526 circa
402 3498 605 3527 testamentum.

178 3533 220 3564 Ab
229 3533 322 3570 aliquo
334 3535 529 3564 circumscribi.
565 3535 623 3563 Cic.
657 3543 687 3562 ro
697 3532 778 3562 Rosc.
789 3532 869 3562 Corn.
886 3541 932 3566 24.
954 3529 1007 3560 Dic
1018 3537 1094 3558 nunc
1102 3534 1130 3557 te
1144 3527 1178 3557 ab
1192 3527 1291 3558 Roscio

198 3581 218 3599 H
229 3581 249 3599 s.
272 3578 349 3598 1000
370 3572 607 3610 circumscriptum
620 3582 634 3600 e
656 3571 674 3600 e
686 3593 694 3605 ,
721 3571 766 3607 qui
779 3577 884 3604 tantas,
907 3570 932 3598 ἃ
945 3574 1001 3597 tam
1012 3567 1133 3596 infinitas
1148 3567 1290 3603 pecunias,

196 3618 255 3637 non
268 3615 380 3673 ἓιοριςι
393 3609 520 3640 inertiam
532 3609 650 3644 laboris,
670 3608 716 3638 sed
728 3615 841 3646 propter
861 3605 1098 3643 magnificentiam
1120 3603 1292 3634 liberalitatis

195 3655 225 3674 re
249 3656 264 3674 u
288 3653 354 3675 iarit.

178 3656 423 3719 Cirguinscribere,
443 3684 573 3718 Tollere,
595 3686 621 3714 Sc
632 3692 801 3721 expungere.
840 3681 898 3712 Cic.
910 3693 936 3716 4·
952 3680 1027 3709 Verr.
1042 3689 1101 3714 1⁴9·
1124 3678 1221 3716 ltaque
1232 3688 1290 3708 uno

215 3729 298 3749 enere
316 3721 415 3757 opinor
434 3722 655 3751 circumscribere
676 3722 781 3750 habetis
798 3721 826 3749 in
848 3721 942 3749 animo
961 3727 1047 3756 genus
1065 3718 1121 3746 hoc
1140 3722 1288 3746 aratorum.

212 3758 275 3787 dem
290 3766 313 3790 ς.
327 3757 398 3786 Verr.
409 3767 453 3794 43.
485 3759 673 3795 Quamobrem
690 3760 766 3788 omni
790 3765 918 3795 ternpore
936 3756 1049 3786 Sullano
1062 3764 1097 3784 ex
1113 3754 1290 3784 accusatione

195 3795 421 3831 circumscripto,
444 3795 611 3831 legationem
631 3797 689 3831 ejus
710 3795 865 3834 praeclaram
880 3793 1049 3830 cognoscite.
1086 3793 1103 3821 i.
1124 3802 1148 3821 e.
1172 3792 1288 3827 Ablato,

198 3839 339 3898 expsmpto.
378 3831 508 3861 Asconius
519 3834 711 3870 interpretatur
721 3855 728 3867 ,
748 3833 863 3862 Sublato
873 3855 882 3867 ,
904 3832 1096 3861 circumducto
1108 3852 1117 3865 ,
1137 3838 1170 3859 ac
1181 3836 1290 3867 praeter-

196 3880 234 3900 mi
259 3880 285 3898 o.

178 3908 303 3945 Aliquem
315 3905 514 3935 circumscribit
523 3906 637 3935 Senatus
647 3929 653 3940 .
675 3907 747 3935 facto
758 3906 884 3935 adversus
894 3914 958 3935 eum
971 3904 1214 3935 senatusconsulto.
1229 3904 1289 3934 Cic.

197 3955 249 3984 pro
261 3943 363 3975 Milon.
376 3949 420 3979 88.
442 3943 557 3973 Senatus
570 3965 578 3977 ,
598 3944 700 3978 credo,
721 3944 867 3973 k'raetoreni
884 3953 949 3973 euni
965 3943 1220 3980 circumscripsisset·
1257 3943 1289 3974 ln

1154 2356 1220 2394 Quo
1231 2356 1304 2386 fero.

913 2775 1012 2805 Cicero
1024 2782 1075 2812 pro
1086 2773 1116 2804 C.
1129 2772 1222 2803 Rabir.
1236 2783 1300 2811 per-

586 214 680 244 ardere
692 221 749 241 non
768 208 872 248 quisse,
892 205 967 243 quod
989 203 1023 234 ab
1045 201 1178 233 Archelao
1189 200 1317 232 ‘alumine

665 1257 967 1299 [σεςιᾉιῶιπωρρῶ]
988 1258 1086 1289 Partic.
1118 1257 1178 1288 Cic.
1188 1265 1216 1295 7.
1236 1255 1312 1287 Verr.

196 1315 258 1335 ito.
286 1305 361 1334 Num
376 1314 428 1340 ego
444 1304 496 1334 tibi
514 1303 599 1332 ullam
617 1301 750 1335 salutern,
770 1299 859 1329 ullum
874 1297 1032 1336 perfugium
1049 1302 1146 1334 putem
1157 1317 1165 1327 .
1187 1303 1273 1332 quum
1284 1301 1315 1324 te

192 1343 367 1379 implicatum
382 1342 526 1371 severitate
540 1340 665 1377 judicum
676 1360 685 1373 ‚
707 1336 927 1367 circumretitum
938 1334 1093 1372 frequentia
1102 1332 1202 1377 populi
1213 1332 1313 1362 Roma-

191 1382 223 1412 ni
232 1381 287 1411 else
297 1381 428 1410 videam?
450 1380 484 1410 Et
500 1378 600 1408 Arnob.
615 1387 642 1413 4.
659 1387 687 1414 p.
701 1386 762 1411 151.
784 1374 917 1405 Hercules
925 1372 1044 1412 pestiferi
1053 1372 1184 1409 tegminis
1194 1370 1313 1400 circum-

191 1420 290 1449 retitus
301 1419 442 1456 indagine.
466 1418 545 1448 Idem
553 1415 604 1446 lib.
620 1426 644 1452 5.
657 1425 686 1452 p.
700 1416 762 1448 186.
783 1413 905 1444 Martem
923 1413 950 1442 &
969 1410 1106 1441 Venerem
1126 1407 1243 1439 Vulcani
1258 1406 1314 1439 esse

1357 2804 1619 2844 CincuMsEco,
1641 2808 1704 2842 cui,
1725 2810 1818 2841 cium.

1832 114 1863 148 C
1957 113 1973 148 1
2068 117 2099 150 R

1428 193 1588 230 hujusmodi
1608 194 1865 233 circuemscriptione
1886 195 2038 232 ignominia
2055 196 2093 224 est
2102 217 2109 228 ‚
2134 198 2160 226 Gr
2179 196 2294 233 privatio
2314 196 2387 231 juris.
2427 197 2484 230 Cic.
2497 208 2523 238 7.

1429 234 1485 262 Att.
1500 238 1524 266 8.
1547 232 1572 261 Si
1588 232 1658 261 forte
1669 233 1809 262 Tribunus
1822 232 1910 269 plebis
1921 234 2052 262 Senatum
2068 233 2241 270 impediens,
2264 240 2310 263 aut
2333 236 2467 271 populum
2485 239 2526 268 in.

1429 271 1645 336 eitanpsnoffatus
1655 291 1664 305 ,
1686 278 1734 300 aut
1748 270 1980 300 senatusconsulto
1993 271 2215 309 circumscriptus
2225 293 2233 307 ,
2258 280 2305 301 aut
2320 272 2458 311 sublatus,
2479 283 2526 306 aut

1430 318 1465 337 ex
1489 318 1504 337 u
1530 318 1559 337 us
1579 314 1606 336 it.

1410 319 1543 376 Senstum
1553 344 1777 374 circumscribere
1790 366 1798 380 .,
1819 352 1867 374 aut
1876 345 1996 382 aliquem
2006 346 2151 384 privatum.
2175 346 2233 376 Cic.
2248 347 2283 376 ad
2295 347 2391 377 OCtav.
2416 347 2470 378 Cur
2480 353 2527 381 aut

1431 384 1609 420 utingratum
1621 404 1630 417 ,
1652 383 1773 418 ingratus
1785 404 1793 417 ,
1814 383 1964 412 crudeliter
1976 405 1984 418 ,
2006 391 2052 413 aut
2062 385 2255 413 immemorem
2267 384 2393 414 beneficii
2411 385 2449 415 sui
2471 387 2526 417 sce.

1429 419 1515 450 lenite
1526 420 1726 449 circumscribis
1736 419 1867 449 Senatum
1877 422 1890 449 ‘2
1912 422 1927 449 i.
1941 431 1964 450 e.
1987 422 2081 451 Aufers
2091 422 2116 451 ei
2125 423 2318 452 auctoritatem
2334 422 2469 452 statuendi
2489 426 2525 456 de

1429 458 1534 488 summa
1546 457 1667 501 Reipub.
1690 458 1716 487 ἆ
1728 457 1801 494 quasi
1818 459 1951 487 Senatum
1964 468 1980 487 e
1994 459 2088 488 medio
2106 459 2223 497 Reipub.
2249 460 2332 490 tollis.
2372 459 2525 493 Translatio

1429 497 1468 525 est
1483 506 1498 524 a
1512 495 1594 525 fabris
1607 504 1653 524 aut
1664 495 1798 536 chirurgis
1808 518 1815 528 ,
1858 498 1884 524 ui
1896 506 1927 525 ea
1940 506 2000 531 quae
2010 497 2079 526 serra
2087 499 2254 535 amputaturi
2267 497 2341 534 sunt,
2361 498 2528 530 circumseri-

1428 533 1500 564 bunt
1511 535 1536 563 ἃ
1550 533 1713 576 praecidunt..
1719 533 1757 568 [N
1763 506 1956 570 ugae.][l')icitur
1966 534 2300 565 &Circumducereldem
2313 535 2524 574 13.Philipp.19.

1427 571 1544 601 Senatus
1555 580 1583 599 in
1592 570 1760 608 Capitolium
1772 592 1780 604 ,
1800 578 1892 608 parata
1902 572 1937 600 de
1953 571 2206 602 circumscribendo
2225 572 2401 602 adolescente
2419 573 2526 605 senten-

1428 610 1467 639 tia
1479 608 1652 675 COSsUIafiisu
1664 609 1691 638 h.
1704 619 1728 638 e.
1750 608 1792 638 De
1803 609 1944 645 ejiciendo
1958 610 2114 647 magistratu
2124 610 2243 640 octavio
2251 632 2260 646 ‚
2277 610 2433 649 &imperio
2444 612 2469 641 ei
2480 613 2526 644 ab-

1429 656 1515 683 rogan
1537 656 1563 675 o.
1616 657 1632 675 u
1656 656 1719 676 aeus.

1409 683 1506 715 Fluvio
1530 683 1757 721 circumscriptus.
1797 684 1856 714 Cic.
1867 687 1893 714 6.
1910 684 2030 723 Philipp.
2045 695 2070 721 ς.
2100 684 2151 716 Ille
2169 685 2196 715 se
2213 685 2300 716 fluvio
2317 685 2463 717 Rubicone
2477 694 2524 719 'cc

1429 722 1487 751 mil.
1499 721 1737 758 circumscriptum
1751 720 1805 750 esse
1814 722 1943 759 patiatur.

1408 758 1522 797 Virgula
1530 758 1754 789 circumscribere
1764 759 1894 796 aliquem.
1936 760 1995 789 Cic.
2007 765 2033 794 8.
2044 759 2164 799 Philipp.
2175 770 2220 796 23.
2246 761 2277 791 C.
2299 760 2432 798 Popillius
2451 761 2524 801 apud

1427 798 1545 833 majores
1554 797 1660 826 nostros
1672 819 1682 833 ,
1703 807 1789 834 quum
1805 797 1839 826 ad
1858 798 2026 827 Antiochum
2045 808 2139 835 regem
2157 798 2265 836 legatus
2283 800 2378 830 miffus
2398 799 2480 836 esset,
2498 803 2524 832 ἃ

1427 835 1520 865 verbis
1533 835 1650 864 Senatus
1661 835 1808 864 nuntiasset
1818 843 1848 864 ut
1860 836 1894 865 ab
1903 835 2067 866 Alexandria
2079 836 2250 870 discederet,
2272 847 2355 875 quam
2367 837 2523 871 obsidebat:

1427 882 1514 908 quum
1525 879 1636 910 tempus
1646 872 1694 902 ille
1703 873 1828 902 differret
1840 895 1847 908 ‚
1869 873 1974 911 virgula
1992 873 2109 903 stantem
2129 874 2358 912 circumscripsit:
2381 876 2523 914 dixitque,

1425 910 1455 940 se
1463 920 1520 939 non
1534 918 1598 939 ante
1608 913 1829 940 renuntiaturum
1842 911 1947 941 senatui
1958 933 1966 946 ,
1990 912 2039 940 nili
2049 911 2125 949 prius
2139 911 2186 941 sibi
2201 912 2392 950 respondisset,
2413 914 2481 950 quid
2489 915 2525 945 fa-

1426 950 1521 978 <rurus
1530 948 1597 977 esset
1607 970 1615 983 ,
1636 958 1718 986 quam
1728 958 1763 978 ex
1772 948 1819 978 illa
1831 949 2085 986 circumscriptione
2093 951 2242 979 excederet
2249 951 2263 979 ²?

1370 989 1434 1021 Ωιι
1445 996 1517 1030 quii
1528 995 1540 1015 s
1551 996 1590 1015 cii
1600 996 1631 1014 11²
1641 996 1660 1014 τ
1670 997 1687 1016 u
1698 996 1710 1015 s
1724 1008 1731 1022 ,
1752 996 1768 1016 a
1779 1009 1787 1021 ,
1809 997 1867 1016 um.
1890 984 2108 1023 [maixzvze]
2130 988 2189 1024 Adi.
2212 987 2281 1018 Plin.
2296 997 2323 1018 2.
2336 988 2420 1027 Epist.
2432 997 2457 1026 3.
2479 989 2525 1022 Ar-

1410 1030 1488 1061 goti,
1509 1024 1632 1061 certique
1643 1026 1669 1054 &
1684 1024 1882 1063 circumscripti
1893 1025 2039 1054 verborum
2049 1025 2179 1055 ambitus.
2206 1026 2275 1055 Bud.

1406 1062 1530 1092 Scientia
1541 1062 1755 1100 circumscripta.
1796 1062 1853 1092 Cic.
1868 1073 1889 1092 i.
1902 1063 1937 1092 de
1947 1062 2023 1092 Orat.
2039 1072 2082 1097 52·
2103 1063 2177 1092 Nam
2198 1064 2217 1093 fi
2236 1064 2297 1101 quis
2312 1064 2381 1099 erit,
2403 1064 2450 1102 qui
2470 1064 2523 1097 hoc

1426 1100 1503 1129 dicat
1512 1121 1520 1134 ‚
1540 1099 1594 1129 esse
1603 1100 1735 1137 quasdam
1745 1107 1883 1130 oratorum
1894 1100 2019 1144 proprias
2029 1100 2193 1136 sententias,
2214 1109 2296 1139 atque
2308 1101 2410 1139 causas,
2431 1103 2458 1133 &
2468 1112 2526 1134 cer.

1425 1144 1515 1167 tarum
1527 1146 1616 1167 rerum
1627 1138 1777 1167 forensibus
1790 1138 1920 1168 cancellis
1930 1138 2165 1176 circumscriptam
2177 1138 2330 1169 scientiam.

1407 1174 1638 1213 circumscriptus
1648 1175 1714 1205 dolo
1725 1176 1842 1211 dicitur,
1857 1175 1899 1205 sui
1908 1176 2039 1205 facilitate
2051 1176 2149 1215 lapsus.
2165 1177 2183 1206 l.
2199 1187 2222 1206 1.
2235 1177 2268 1207 D.
2280 1178 2316 1206 de
2327 1177 2429 1208 minor.

1406 1212 1672 1250 interrogationibus
1680 1214 1806 1251 captiosis
1815 1213 2016 1252 circumscripti
2031 1220 2113 1253 atque
2124 1214 2247 1252 decepti.
2270 1214 2329 1245 Cic.
2341 1226 2367 1251 4.
2381 1215 2466 1246 Acad.
2477 1217 2522 1253 46.

1408 1250 1613 1289 Circumscripti
1626 1252 1692 1281 item
1702 1252 1849 1287 dicuntur,
1871 1252 1946 1281 velut
1960 1252 1991 1282 In
2005 1252 2133 1282 ordinem
2142 1253 2247 1283 redacti
2263 1274 2272 1288 ,
2293 1263 2467 1291 quorumque
2476 1264 2524 1292 po.

1425 1289 1504 1318 testas
1516 1290 1653 1319 diminuta
1663 1290 1709 1320 est.
1751 1289 1914 1320 Cornificius
1926 1290 1961 1320 ad
1975 1290 2039 1320 Her.
2051 1301 2077 1326 4.
2092 1299 2134 1327 30.
2158 1290 2263 1320 Demus
2270 1300 2392 1329 operam,
2413 1292 2523 1330 inquit,

1425 1326 1561 1364 Quirites,
1569 1337 1605 1357 ne
1614 1328 1732 1357 omnino
1744 1334 1835 1366 patres
1845 1328 1950 1358 conscri
1973 1328 2206 1367 ti,circumscripti
2213 1335 2353 1366 putentur.
2358 1329 2522 1362 ExTurneb.

1405 1364 1525 1396 Senatus
1536 1363 1662 1396 consulto
1674 1364 1906 1404 circumscriptus.
1948 1338 2006 1396 Cic.
2020 1376 2047 1402 7.
2069 1368 2122 1396 Att.
2134 1372 2160 1401 8.
2193 1367 2309 1396 Senatus
2328 1366 2455 1397 consulto
2475 1367 2523 1398 cir.

1427 1402 1625 1441 cumscriptus,
1646 1410 1694 1433 aut
1703 1403 1823 1434 sublatus
1837 1426 1845 1439 ,
1865 1403 2061 1442 autexpulsus.
2102 1404 2135 1434 V.
2157 1404 2188 1434 in
2200 1404 2208 1433 i
2231 1404 2259 1433 so
2269 1404 2364 1434 verbo.

1406 1440 1536 1485 Compar.
1562 1442 1581 1472 i.
1599 1450 1625 1472 e.
1645 1441 1757 1471 Brevior
1775 1442 2045 1480 &compendiosion
2083 1441 2152 1472 Plin.
2167 1452 2194 1472 1.
2210 1414 2236 1472 ἓ

1424 1485 1496 1508 tium
1508 1501 1517 1515 ‚
1537 1478 1569 1509 ln
1581 1479 1766 1509 concionibus
1777 1479 1912 1517 idem‘qui
1922 1480 1951 1509 i'n
1962 1479 2135 1510 orationibus
2144 1479 2183 1510 est
2192 1502 2201 1516 ,
2222 1479 2337 1518 pressior
2348 1487 2457 1511 tantum
2468 1503 2476 1518 ‚
2496 1483 2522 1512 ἀ

1423 1516 1582 1547 circumseri
1606 1518 1677 1553 tior,
1698 1519 1726 1548 δι
1740 1518 1895 1548 adductior.
1935 1517 1978 1548 De
1993 1518 2128 1557 Pompeio
2143 1518 2291 1549 Saturnino
2308 1518 2448 1557 loquitur,
2476 1519 2522 1558 qui

1423 1555 1452 1584 in
1463 1554 1570 1585 scriben
1592 1565 1609 1585 o
1622 1555 1749 1586 studebat
1758 1556 1895 1586 brevitati.

1367 1592 1391 1623 C
1399 1603 1409 1622 i
1418 1603 1434 1637 l}
1443 1603 1459 1622 c
1468 1603 1486 1622 u
1494 1604 1516 1623 M
1527 1603 1539 1623 s
1548 1603 1564 1623 c
1573 1603 1589 1623 ιι
1599 1604 1609 1622 ι
1618 1603 1660 1623 PT
1670 1604 1685 1623 ιι
1696 1615 1704 1629 ,
1725 1591 2004 1632 [πεςιμχσιμμίνως]
2024 1591 2091 1625 Adv.
2113 1594 2171 1624 Cic.
2183 1594 2214 1624 in
2222 1594 2368 1625 Orat.22r.
2390 1594 2446 1624 Sed
2456 1601 2524 1632 quo-

1404 1641 1482 1661 niam
1494 1638 1552 1661 non
1561 1629 1649 1661 modo
1659 1641 1718 1661 non
1724 1632 1900 1669 frequenter:
1922 1632 2104 1662 verumetiam
2117 1642 2178 1662 raro
2189 1632 2219 1662 in
2231 1633 2301 1663 veris
2313 1631 2400 1662 caulis
2419 1639 2466 1662 aut
2482 1633 2522 1664 fo·

1404 1667 1527 1699 rensibus
1535 1669 1741 1707 circumscripte
1751 1669 1951 1707 numeroseque
1961 1670 2114 1700 dicendum
2124 1671 2162 1700 est
2173 1692 2182 1706 ,
2203 1670 2278 1708 sequi
2292 1671 2404 1701 videtur
2413 1691 2422 1707 ‚
2440 1672 2492 1702 Cre.

1404 1706 1562 1744 Complecti
1574 1707 1679 1745 aliquid
1695 1706 1912 1745 circumscripte.
1933 1708 1992 1738 Cic.
2006 1717 2033 1738 2.
2047 1709 2083 1738 de
2093 1708 2158 1739 Nat.
2174 1709 2259 1740 Deor.
2275 1717 2337 1747 147.

1404 1743 1563 1783 Depingere
1573 1745 1790 1784 circumscripte.
1812 1745 1934 1776 Lactant.
1950 1757 1974 1782 5.
1984 1754 2010 1782 9.

1366 1778 1407 1814 Ci
1418 1792 1458 1826 ac
1467 1792 1484 1813 u
1492 1794 1512 1812 ιι
1522 1793 1534 1812 s
1545 1793 1561 1813 c
1571 1793 1588 1812 ιι
1598 1794 1607 1813 ι
1617 1794 1631 1812 1³
1642 1793 1679 1813 τι
1691 1791 1708 1812 o
1718 1805 1726 1819 ,
1747 1783 1819 1813 onis.
1840 1783 1859 1813 f.
1889 1784 2076 1820 [πεξικοιῴἦ]
2105 1789 2137 1814 ut
2146 1806 2155 1818 ‚
2186 1782 2411 1822 Circumscriptio
2433 1790 2519 1817 terrae.

1403 1820 1461 1851 Cic.
1476 1828 1500 1851 1.
1516 1820 1597 1851 Tusc.
1608 1832 1655 1858 45.
1676 1821 1773 1858 Quum
1794 1828 1881 1851 totam
1900 1828 2002 1851 terram
2016 1822 2144 1852 contueri
2154 1821 2271 1859 licebit,
2290 1823 2403 1860 ejusque
2417 1833 2481 1854 cum
2491 1824 2523 1855 si·

1401 1864 1462 1888 tum
1475 1881 1483 1894 ,
1505 1858 1623 1889 sbrniam
1635 1881 1643 1895 ‚
1665 1859 1968 1898 circumscriptionem,
1989 1865 2049 1889 tuni
2066 1861 2092 1890 δι
2108 1860 2273 1891 habitabiles
2285 1862 2422 1899 regiones.

1401 1896 1545 1927 Orationis
1558 1898 1777 1941 circumscriptio
1787 1919 1796 1934 ‚
1816 1907 1868 1936 pro
1878 1897 2005 1927 Periodo.
2027 1897 2087 1927 Cic.
2104 1898 2134 1927 in
2147 1897 2225 1929 Orat.
2240 1908 2303 1933 204.

1401 1934 1551 1973 Temporis
1560 1935 1789 1974 circumscriptio.
1826 1935 1885 1965 Cic.
1901 1945 1924 1965 1.
1938 1936 1972 1965 de
1985 1935 2049 1965 Nat.
2063 1935 2147 1965 Deor.
2158 1945 2204 1967 21.
2226 1936 2284 1967 Sed
2291 1936 2345 1967 fuit
2356 1934 2520 1975 quaedamab
2570 1947 2572 1957 ·

1419 1972 1531 2041 {nfibnitto
1540 1979 1669 2017 tempore
1680 1973 1818 2005 aeternitas
1834 1993 1843 2010 ‚
1864 1983 1950 2013 quam
1959 1973 2037 2004 nulla
2056 1973 2276 2013 circumscriptio
2287 1981 2446 2014 temporum
2464 1985 2521 2007 me-

1433 2020 1459 2040 ie
1481 2021 1495 2040 a
1511 2021 1550 2042 ur.

1400 2047 1557 2079 Verborum
1567 2045 1824 2088 circumscriptione
1833 2045 1951 2087 quadam
1961 2045 2200 2088 comprehendere
2214 2046 2439 2090 concludereque
2458 2050 2520 2082 sen·
2572 2083 2573 2087 ,

1418 2087 1544 2117 tentiam.
1568 2087 1626 2117 Cic.
1640 2089 1675 2117 de
1685 2087 1756 2117 Clar.
1770 2088 1848 2118 Orat.
1863 2096 1907 2124 3⁴·
1951 2122 1954 2124 ,
2129 2121 2131 2123 ,

1401 2121 1644 2163 Circumscriptio,
1664 2136 1714 2164 pro
1725 2125 1800 2156 Dece
1821 2125 2051 2156 tione&fra·ude.
2073 2124 2171 2156 Paulus
2188 2125 2218 2155 in
2230 2120 2249 2154 l.
2269 2125 2330 2157 haec
2346 2126 2429 2156 actio.
2447 2125 2480 2156 D.
2499 2126 2519 2157 si

1417 2163 1529 2193 mensor
1544 2163 1642 2193 falsum
1661 2162 1778 2193 modum
1820 2164 1887 2193 ixer.
1927 2163 1994 2193 Haec
2013 2164 2085 2194 actio
2100 2171 2234 2202 perpetua
2251 2164 2305 2193 est:
2327 2165 2391 2201 quia
2409 2164 2519 2196 initium

1418 2201 1459 2230 rei
1473 2221 1481 2236 ,
1503 2210 1561 2230 non
1572 2211 1587 2231 a
1601 2201 1857 2239 circumscriptione
1869 2224 1878 2237 ‚
1901 2201 1947 2231 sed
1959 2212 1974 2231 a
1983 2201 2057 2232 susce
2079 2208 2109 2231 to
2118 2202 2232 2239 negotio
2241 2202 2379 2239 originem
2388 2202 2498 2240 accipit.

1399 2237 1501 2306 Agerta
1510 2239 1768 2277 circumscriptione
1785 2239 1889 2277 aliquid
1907 2239 2006 2269 facere.

1447 2276 1511 2320 lsas,
1552 2278 1699 2345 regiorum
1718 2276 1938 2318 proscriptiones
1956 2287 2022 2308 cum
2046 2277 2219 2309 mulierculis
2237 2284 2332 2317 aperta
2353 2278 2519 2309 circumscri-

1438 2320 1515 2343 tione
1538 2325 1579 2345 eci
1605 2325 1622 2345 1.

1396 2324 1622 2383 Aliolescentium
1633 2350 1863 2391 circumscriptio.
1902 2350 1961 2384 Cic.
1974 2360 1999 2390 3.
2011 2353 2069 2384 Off.
2081 2357 2126 2384 61.
2155 2354 2245 2391 Atque
2265 2351 2313 2383 iste
2334 2349 2415 2383 dolus
2431 2349 2517 2384 malui

1416 2391 1501 2420 etiam
1511 2390 1619 2429 legibus
1629 2399 1687 2421 erat
1695 2392 1854 2422 vindicatus
1864 2413 1874 2429 ‚
1894 2392 2019 2422 uttutela
2038 2402 2072 2422 xx
2080 2402 2091 2421 1
2103 2390 2174 2423 Tab.
2188 2394 2214 2423 ἃ
2225 2391 2445 2430 circumscriptio
2455 2391 2520 2422 ado-

1418 2427 1583 2459 lescentium
1592 2428 1653 2472 lege
1664 2429 1787 2459 Laetoria.

2237 1442 2297 1480 pist.
2315 1446 2356 1472 16.
2378 1442 2414 1472 ad
2435 1441 2543 1482 Septi.-

2068 2241 2111 2269 ‘ic.
2124 2248 2174 2277 pro
2186 2239 2273 2269 Flacc.
2287 2249 2332 2275 74.
2357 2239 2520 2277 Emptiones
2565 2218 2571 2258 'l

1395 2465 1582 2497 Excedereex
1591 2467 1856 2506 circumscriptione.
1896 2464 1928 2498 V.
1950 2467 2062 2506 Virgula
2085 2465 2309 2498 circumscribere
2327 2465 2392 2506 aliq.
2413 2462 2517 2507 inipso
2560 2476 2567 2514 ζ’
2603 2477 2604 2482 ’

1417 2504 1513 2534 verbo.

1359 2538 1382 2572 C
1392 2551 1402 2571 1
1412 2551 1428 2570 s
1438 2551 1454 2571 c
1464 2551 1482 2571 u
1492 2552 1536 2571 MS
1546 2553 1561 2572 c
1569 2550 1624 2572 ιιΡ
1632 2553 1652 2572 T
1661 2553 1678 2572 0
1688 2553 1715 2578 iz,
1732 2541 1796 2573 oris.
1818 2552 1856 2572 m.
1878 2539 2093 2580 [σεμκοιφσῐὶε]
2114 2543 2190 2573 Dece
2214 2549 2265 2573 tor.
2283 2543 2341 2573 Cic.
2357 2552 2384 2574 2.
2396 2543 2425 2572 in
2435 2539 2515 2575 Catil.

1395 2587 1422 2616 7.
1438 2579 1516 2623 'Quis
1525 2588 1583 2610 tom
1592 2581 1672 2611 Italia
1683 2581 1840 2616 veneficus,
1862 2582 1923 2618 quis
1940 2581 2094 2618 gladiator,
2118 2582 2180 2617 quis
2207 2587 2265 2610 atro
2278 2603 2287 2616 ‚
2310 2582 2370 2617 quis
2389 2581 2514 2617 ficariae,
2558 2605 2559 2624 ;

1396 2619 1604 2684 ᾳὲιιιιίἓξιιίοὶὼι
1615 2641 1623 2656 ,
1644 2620 1704 2658 quis
1716 2619 1943 2649 testamentorum
1954 2619 2103 2656 subjector,
2124 2619 2185 2657 quis
2196 2619 2419 2659 circumscriptor
2428 2641 2437 2657 ‚
2457 2619 2516 2657 quit

1412 2677 1625 2733 ‘ircumscriptor
1635 2715 1644 2730 ‚
1665 2692 1721 2731 Qui
1732 2692 1828 2724 fraude
1839 2695 1927 2732 privat
1938 2692 2060 2732 aliquem
2071 2691 2160 2726 bonis.
2184 2693 2284 2732 Juven.
2302 2704 2346 2732 15.
2368 2695 2423 2726 Sat.
2435 2702 2496 2733 ης.

1585 2748 1622 2754 —
1634 2732 1773 2770 pupillum
1784 2734 1888 2769 adjura
1899 2739 2050 2763 vocantem

1469 2766 1755 2809 circumscriptorem.

1394 2881 1495 2912 tissime
1508 2884 1698 2913 circumsecari
1709 2891 1829 2921 oportet.

1393 2919 1503 2950 Serrula
1513 2922 1719 2952 circumsecare.
1739 2921 1797 2952 Cic.
1810 2930 1861 2959 pro
1871 2920 1983 2951 Cluent.
2004 2925 2064 2955 ¹80·

1356 2956 1378 2985 C
1388 2967 1397 2985 i
1406 2966 1420 2984 R
1430 2967 1445 2986 c
1454 2968 1470 2986 u
1481 2970 1500 2987 M
1509 2969 1521 2987 s
1531 2969 1545 2988 ε
1555 2968 1570 2989 c
1580 2968 1599 2988 T
1610 2969 1646 2989 us
1656 2981 1664 2995 ,
1685 2969 1700 2989 a
1712 2981 1718 2995 ‚
1740 2967 1797 2989 um.
1830 2968 1859 2988 ut
1873 2980 1881 2995 ,
1917 2959 1996 2989 Aluta
2015 2958 2193 2989 circumsec'ta
2205 2980 2213 2994 .
2243 2957 2369 2989 Scribon.
2412 2955 2511 2995 Largun

1840 2804 2025 2844 [mptv'wm]
2046 2811 2101 2838 Ere.
2122 2807 2162 2838 est
2183 2806 2399 2839 circumcidere.
2432 2804 2512 2838 Colu-
2559 2828 2560 2831 ,
2597 2790 2604 2810 ·.

1395 2844 1460 2874 niel.
1472 2844 1520 2874 lib.
1534 2855 1559 2882 7.
1572 2856 1632 2884 cap.
1648 2855 1671 2882 ς.
1693 2846 1886 2876 Tuberculum
1896 2847 1943 2875 cui
1956 2845 2046 2876 subest
2059 2845 2227 2877 vermiculus
2239 2867 2248 2884 ,
2268 2847 2341 2876 terro
2352 2855 2435 2885 quam
2452 2855 2513 2877 cau·
2554 2867 2555 2877 ι

1394 2993 1524 3033 Compos.
1534 3006 1597 3032 229.
1639 2998 1714 3027 Suet.
1728 2997 1907 3036 Domit.cap.
1923 3005 1965 3027 12.
1988 2997 2023 3026 de
2032 2997 2149 3034 Judaica
2160 2997 2384 3027 circumcisione:
2406 2997 2507 3032 Senex.
2550 2997 2554 3038 ξ

1411 3042 1446 3062 an
1460 3035 1655 3066 circumsectus
1670 3034 1744 3065 esset.

1355 3068 1636 3110 (Σιιιοιιιιεὲοιιε,
1658 3071 1776 3104 Adverb.
1799 3071 1880 3112 Apul.
1897 3071 1947 3102 lib.
1960 3083 1985 3109 ς.
2006 3075 2108 3112 p.i66.
2131 3071 2245 3110 Quique
2264 3070 2448 3102 circumsecus
2467 3077 2512 3102 ναι]
2581 3092 2604 3116 'ur

1392 3118 1502 3141 nantur.

1354 3143 1642 3182 Cracumstono.
1674 3146 1719 3178 vel
1739 3146 2028 3183 Cracumsiono,
2049 3146 2113 3183 edi,
2135 3147 2238 3182 essum,
2272 3143 2509 3183 [πτειῐαῖέξψῦθ]
2584 3134 2604 3193 s}

1392 3186 1447 3215 ere.
1470 3186 1614 3223 Significat
1633 3186 1737 3217 Contra
1757 3186 1871 3221 sedere,
1891 3185 2082 3219 circumdare,
2102 3185 2236 3214 obsidere.
2277 3185 2335 3214 Cic.
2351 3195 2376 3220 9.
2397 3187 2447 3213 Att.
2467 3191 2507 3213 12.
2549 3195 2551 3198 >
2583 3191 2585 3196 ·
2603 3188 2604 3194 ¹

1391 3221 1459 3260 Pop.
1474 3223 1556 3254 Rom.
1573 3225 1710 3254 exercitus
1722 3224 1772 3254 Cn.
1791 3223 1953 3261 Pompeium
1964 3222 2139 3252 circumsidet
2152 3245 2160 3257 ,
2181 3222 2247 3252 fossa
2270 3224 2296 3252 δι
2316 3221 2389 3252 vallo
2404 3221 2430 3251 se
2452 3226 2508 3251 tum
2548 3249 2549 3258 ,
2599 3224 2604 3263 „⁴

1391 3265 1489 3297 tenet,
1511 3262 1574 3298 fuga
1584 3262 1720 3300 prohibet.
1762 3261 1817 3291 Liv.
1829 3271 1854 3297 9.
1867 3271 1892 3291 2.
1915 3261 1953 3290 Ut
1964 3261 2038 3290 idem
2050 3260 2182 3290 omnibus
2197 3261 2284 3289 sermo
2304 3260 2411 3289 constet
2438 3258 2508 3297 egio-

1390 3308 1441 3328 nes
1450 3299 1618 3329 Samnitium
1631 3301 1660 3329 in
1672 3297 1772 3343 Apulia
1787 3298 1863 3343 essen,
1885 3298 2030 3329 Luceriam
2047 3298 2179 3328 omnibus
2195 3298 2284 3336 copiis
2301 3296 2508 3332 circumsidere.

1390 3337 1919 3405 Ceirccxsilisiseudgirzegeoglilseildesjfiltluito.
1937 3373 2055 3412 Philipp.
2071 3384 2113 3403 ιο.
2135 3372 2172 3403 Ut
2183 3372 2322 3417 intelligat
2331 3381 2389 3402 non
2398 3370 2433 3402 D.
2445 3369 2508 3402 Bru·

1410 3420 1470 3442 tum
1481 3434 1489 3447 ,
1511 3423 1595 3450 quem
1603 3412 1675 3443 vallo
1686 3412 1889 3451 circumsedet,
1911 3411 1957 3441 sed
1969 3411 2087 3450 seipsum
2101 3411 2228 3441 obsideri.

1390 3449 1517 3486 Aliquem
1533 3450 1742 3480 circumsedere.
1777 3451 1835 3480 Cic.
1851 3459 1874 3485 3.
1890 3448 1964 3479 Verr.
1976 3456 2020 3485 83.
2043 3450 2099 3486 Qui
2110 3455 2137 3478 te
2149 3447 2335 3479 circumsedit.

1391 3487 1513 3555 CSuriaml
1527 3488 1662 3518 militibus
1684 3487 1891 3518 circumsedisti.
1920 3486 2196 3524 Valer.Max.lib.3.
2221 3496 2281 3525 cap.
2292 3492 2318 3521 8.
2349 3484 2397 3515 ubi
2415 3484 2450 3515 de
2469 3481 2509 3521 Q?

1428 3535 1504 3555 caevo
1517 3536 1539 3556 a.

1390 3562 1539 3601 Oppidum
1553 3562 1763 3594 circumsedere.
1800 3561 1858 3593 Liv.
1870 3571 1914 3600 23.
1928 3572 1971 3599 1ς.
1993 3561 2051 3592 Cic.
2063 3565 2089 3592 6.
2110 3560 2230 3600 Philipp.
2245 3569 2270 3599 3.
2287 3559 2404 3591 Brutum
2421 3565 2511 3598 oppii·-

1410 3608 1476 3637 gnet
1485 3624 1493 3635 ,
1514 3602 1653 3631 Mutinam
1665 3599 1872 3630 circumsedeat.

1389 3637 1590 3668 Circumsederi
1605 3661 1614 3675 ,
1635 3639 1777 3677 passivum.
1818 3638 1876 3668 Cic.
1889 3647 1915 3673 9.
1938 3638 1992 3667 Att.
2009 3642 2051 3672 18.
2074 3637 2161 3675 Quod
2181 3637 2210 3666 in
2223 3635 2267 3666 his
2287 3635 2379 3668 castris
2398 3635 2508 3666 aierunt*

1409 3678 1510 3713 quibus
1523 3677 1671 3715 Pompeius
1682 3675 1926 3705 circumsederetur
1935 3677 1948 3704 ²?

1390 3714 1430 3742 Ab
1442 3714 1604 3750 quibusdam
1617 3714 1820 3744 circumsederi.
1843 3713 1902 3742 Cic.
1913 3722 1936 3750 3.
1951 3711 2024 3742 Verr.
2039 3717 2084 3746 81.

1390 3750 1502 3788 Propter
1511 3751 1598 3781 scelus
1608 3760 1688 3789 atque
1700 3751 1834 3788 flagitium
1845 3749 2038 3780 circumsederi
2048 3750 2082 3780 ab
2094 3747 2196 3785 aliquo.
2219 3748 2276 3778 Cic.
2290 3758 2315 3786 3.
2326 3747 2402 3778 Verr.
2415 3752 2459 3782 82.

1389 3788 1422 3818 In
1433 3789 1543 3818 castello
1554 3789 1755 3819 circumsederi.
1796 3788 1854 3818 Cic.
1867 3798 1918 3825 pro
1932 3788 2021 3817 Deiot.
2035 3797 2080 3824 ²5-
2102 3788 2142 3816 lta
2163 3795 2198 3815 ue
2210 3795 2294 3822 quum
2305 3786 2372 3816 esset
2392 3786 2418 3815 ei
2434 3790 2501 3814 nun-

1407 3826 1506 3855 tiatum
1519 3848 1527 3861 ,
1550 3826 1705 3856 Domitium
1715 3827 1857 3864 naufragio
1869 3826 1995 3863 periisse,
2015 3832 2044 3855 te
2061 3827 2090 3854 in
2112 3796 2222 3854 castello
2239 3821 2449 3858 circumsederi,
2468 3821 2501 3850 de

1410 3863 1534 3892 Domitio
1546 3865 1617 3893 dixit
1626 3864 1732 3894 versum
1743 3865 1869 3894 Graecum
1879 3886 1887 3898 ,
1903 3865 1955 3893 ἃς.

1353 3900 1375 3930 C
1384 3911 1393 3930 1
1403 3911 1418 3929 R
1429 3911 1468 3930 cu
1477 3912 1497 3929 M
1507 3911 1519 3929 s
1528 3912 1543 3929 E
1554 3912 1593 3931 DE
1604 3912 1653 3937 us,
1666 3903 1746 3931 entis.
1772 3902 1851 3939 Apul.
1867 3910 1891 3937 3.
1906 3902 1976 3930 Met.
1992 3910 2019 3938 p.
2034 3908 2094 3936 130.
2118 3899 2191 3929 Inter
2200 3904 2243 3928 tot
2251 3897 2338 3927 millia
2349 3894 2444 3935 populi
2454 3893 2502 3924 cir·

1388 3938 1585 3969 cumsedentis.
1607 3940 1640 3969 Et
1654 3940 1751 3970 Sidon.
1763 3948 1788 3976 3.
1802 3939 1884 3977 Epist.
1898 3948 1940 3975 ¹3·
1961 3939 2047 3968 Nares
2058 3936 2320 3967 circumsedentium
2334 3935 2489 4002 ὶὲίὶξιὲῗῗμ

2579 3364 2604 3417 ιῦξ

2544 3410 2547 3461 ἕ
2580 3412 2604 3461 ‘li

2543 3473 2546 3497 i
2577 3466 2604 3499 ‘lsi

2542 3499 2546 3532 ¹.
2574 3499 2604 3539 liti

2541 3613 2604 3691 a

2540 3737 2541 3762 ι
2575 3706 2604 3785 *fii

2539 3778 2541 3804 ,l
2579 3775 2604 3805 nl

2575 3813 2604 3846 ,ἴ-ιι

2581 3848 2604 3882 bii

2579 3913 2604 3971 {n

2578 3969 2603 3998 *a
