2641 4187
86 198 198 275 fluxu&
210 208 335 275 arguersus
343 207 518 274 poilsslsorem
534 229 541 242 ‚
563 209 589 237 8ι
610 216 659 237 eos
673 217 688 236 a
708 208 807 245 quibus
828 219 891 239 eum
903 210 1022 241 fundum
1037 212 1182 241 conduxit.

30 263 38 268 α
100 254 449 279 .1...1a1rvec·i‚.

68 279 183 311 Venditi
196 305 204 316 ,
226 283 277 312 sive
291 256 327 312 {ex
347 254 479 315 vendin,
503 281 541 310 est
556 281 667 310 actioin
680 282 839 319 personam,
862 294 911 322 per
935 296 1038 322 quam,
1059 287 1105 322 qui
1126 295 1185 314 rem

87 320 216 350 vendidit
226 343 233 355 ,
257 322 393 358 pretium,
418 320 531 355 eiusque
542 319 600 356 post
610 319 647 348 rei
659 320 836 350 traditionem
847 344 854 356 ,
881 324 997 359 quanvis
1010 324 1161 360 precariam
1176 344 1184 357 ,

87 356 179 386 usuras
189 380 197 393 ,
230 358 350 394 itemque
364 357 419 386 sum
430 362 485 385 )tus
496 357 525 384 in
536 365 594 385 rem
607 356 691 385 faelos
707 378 713 390 ,
742 359 767 386 Sc
785 360 859 394 quod
879 360 950 389 inter
963 359 1186 390 contrahendum

108 396 198 423 aetum
209 395 253 430 sit,
273 394 399 432 postulat.
421 367 438 423 i.
464 402 505 429 13.
528 393 605 430 §.17.
628 393 660 422 D.
675 393 708 422 de
719 395 897 433 actio.en1pt.

96 430 251 461 ibonorum
262 438 401 470 raptorum
411 431 466 464 est,
487 439 535 467 per
544 440 637 467 quam,
649 430 682 459 ab
699 440 733 460 eo
743 434 789 468 qui
799 443 855 462 rem
865 435 981 472 eripuit,
1000 433 1186 472 quadruplum

66 492 68 494 .
89 469 161 498 intra
177 480 280 499 annum
300 470 436 506 exigitur,
456 468 484 496 in
500 476 554 504 quo
573 468 701 510 simplum
716 470 799 499 inest:
829 471 889 508 post
907 482 1028 507 annum,
1057 471 1187 510 simplum

88 506 229 536 duntaxat.
264 507 333 544 Imp.
345 507 406 536 lnst.
418 507 444 535 vi
456 505 522 534 bon.
534 512 603 542 rapt.
625 516 654 534 in
666 506 756 544 princ.

67 541 190 574 Actionis
204 553 308 573 nomen
318 544 387 581 stepo
399 545 426 572 iu
440 545 496 576 iure
507 543 673 572 deiideratur
684 565 691 578 ,
713 543 809 573 Graeco
821 545 934 575 dicendi
947 547 1041 580 modo,
1064 554 1095 576 ut
1104 545 1187 575 titulo

85 581 130 612 De
140 581 234 611 tutelae
246 604 254 616 ,
277 581 302 611 ὃς
320 583 418 611 ration.
431 579 628 616 distrahendis,
649 581 719 610 Item
737 581 772 611 de
787 592 874 617 aqua,
896 586 921 612 Sc
941 595 955 613 a
977 595 1016 613 ine
1031 584 1132 621 pluvia¹
1148 593 1188 612 ar-

84 618 198 654 cendae,
220 619 290 648 Item
311 619 450 657 Depositi,
471 619 613 654 mandati,
640 618 791 654 &similia,
812 621 952 657 inquibus
995 623 1131 651 eastione
1141 621 1190 650 ad-

84 656 211 686 ·dendum
223 658 269 686 est.
313 657 343 686 V.
363 656 443 694 plura
452 655 526 694 apud
536 657 597 685 Ant.
610 656 648 685 Au
670 657 718 685 ust.
730 656 777 685 lib.
792 666 817 686 2.
830 657 945 688 Emend.
955 669 1016 696 cap.
1033 670 1054 688 1.

68 694 144 725 Actio
155 696 180 724 ok
191 695 300 724 concio.
335 695 393 724 Cic.
410 705 451 730 14.
475 695 527 723 Att.
539 703 585 731 23.
606 694 651 724 Do
664 694 760 724 abellae
776 696 802 724 Sc
812 695 899 732 prima
911 696 957 726 illa
977 697 1049 726 actio
1060 719 1069 733 ,
1092 696 1188 727 &hac

87 738 182 760 contra
192 733 344 761 Antonium
354 733 465 762 concio.

69 769 219 799 eontentio
230 775 312 807 atque
323 770 404 799 actio.
440 769 498 799 Cic.
517 779 559 798 10.
571 768 645 799 Fam.
664 774 708 803 28.

86 812 169 844 atque
182 808 262 837 actio.

37 846 41 850 '
66 844 202 876 Formulae
219 845 439 882 atqueactiones.
472 844 530 874 Cic.
544 854 594 882 pro
607 843 719 873 Muren.
732 854 758 881 9.
781 843 875 874 Gloria
890 845 1014 876 militaris
1034 846 1127 876 vestris
1137 845 1191 875 for-

85 882 169 912 mulis
177 888 259 919 atque
267 883 425 912 ustionibus
435 881 632 920 anteponenda
642 882 688 910 est.

67 921 172 951 Actoris
186 921 267 950 actio.
301 920 360 950 Cic.
376 931 426 958 pro
443 920 546 950 Caecin.
564 929 607 956 34.
658 918 735 955 Quid
746 919 867 956 denique
881 919 969 957 adJus
979 922 1078 958 civile,
1097 929 1144 951 aut
1155 920 1190 951 ad

85 958 186 988 actoris
195 959 335 988 actionem
345 959 371 988 Sc
382 957 647 987 animadversionem
659 966 722 994 ages
732 957 745 985 ἰ)

67 993 146 1027 Actio
162 996 201 1025 est
219 997 249 1025 in
266 996 410 1025 authorem
424 995 588 1033 praesentem
607 995 651 1024 his
664 993 770 1030 verbis,
793 994 1030 1034 Quandoquidem
1047 1003 1074 1027 te
1085 997 1116 1026 in
1128 998 1190 1033 jure

0 1045 2 1050 ·
35 1069 37 1073 .
84 1033 240 1072 conspicio.
263 1034 321 1062 Cic.
339 1043 389 1071 pro
402 1033 504 1063 Caecin.
523 1044 566 1068 54.

0 1084 5 1094 >
68 1069 207 1103 Adhibere
227 1071 376 1101 ac'tionem.
408 1071 466 1100 Cic.
483 1081 506 1100 1.
529 1069 586 1100 Off.
602 1080 644 1108 17.

0 1112 7 1138 “,
40 1139 48 1145 „
66 1109 161 1139 'Causae
171 1109 244 1138 aclio
255 1109 376 1139 maxime
385 1109 546 1139 debilitatur
556 1108 628 1139 loco.
651 1107 708 1138 Cic.
718 1118 769 1146 pro
783 1108 874 1139 Deiot.
892 1118 933 1147 17.

69 1146 152 1177 Civili
159 1147 269 1177 actione
280 1146 383 1184 aliquid
392 1153 525 1184 repetere.
551 1146 609 1176 Cic.
627 1157 650 1176 1.
662 1146 737 1176 Verr.
749 1152 791 1180 18.
834 1147 906 1177 Nam
916 1148 1023 1178 civibus
1036 1147 1192 1186 quumsunt

87 1190 188 1223 creptae
202 1185 338 1223 pecuniae,
353 1185 427 1214 civili
437 1185 494 1214 fere
508 1185 617 1219 actione
630 1206 638 1220 ,
659 1184 801 1222 &privato
812 1186 872 1221 jure
887 1194 1058 1224 repetuntur.

68 1222 213 1260 Competit
226 1223 336 1252 actioin
351 1233 424 1252 eum.
448 1222 568 1260 Quintil.
586 1222 635 1252 lib.
657 1231 680 1259 3.
692 1232 752 1259 cap.
764 1227 789 1252 6.

69 1260 246 1299 Componere
254 1262 385 1290 actiones.
407 1262 465 1291 Cic.
476 1265 502 1290 6.
523 1261 577 1289 Λα.
597 1271 619 1289 1.
660 1260 720 1290 Nec
729 1270 793 1289 vero
806 1261 887 1298 pauci
903 1261 1099 1292 suntauthores
1111 1285 1119 1297 ,
1137 1261 1189 1291 Cn.

88 1298 213 1329 Flavium
222 1298 346 1328 Scribam
355 1298 437 1329 fastos
447 1298 590 1337 protulisse
602 1320 611 1335 ‚
632 1299 810 1336 actionesque
825 1299 1019 1338 composuiii'e.
1043 1300 1123 1330 Coni.
1138 1299 1193 1330 Ex-

0 1362 5 1369 .
68 1354 77 1359 «
89 1346 204 1374 ponere.
721 1351 726 1355 -

0 1389 7 1407 ι
36 1399 41 1413 ,-
69 1374 247 1412 Concipere,
287 1374 319 1403 V.
350 1383 546 1404 CONCIPIO.

70 1412 251 1442 Constituere.
273 1412 332 1442 Cic.
344 1422 369 1448 9.
391 1413 510 1451 Philipp.
526 1423 536 1442 1
546 1423 568 1441 1.
608 1412 707 1449 Neque
716 1413 984 1443 constituerelitium
999 1414 1122 1444 actiones
1133 1422 1190 1443 ma-

89 1450 182 1486 lebat,
207 1460 289 1488 quam
304 1451 500 1481 controversias
510 1451 618 1480 tollere.
639 1450 676 1479 de
689 1450 809 1489 Sulpitio
824 1450 956 1489 loquitur.

69 1487 198 1524 DiCtare,
235 1488 266 1518 V.
298 1489 397 1524 Dicto,
418 1490 449 1518 in
469 1499 568 1518 uico.

69 1525 141 1557 Dare
150 1527 288 1556 astionem
299 1528 326 1557 Sc
335 1527 474 1564 postulare
485 1537 491 1557 :
514 1527 650 1557 dicitur&
660 1526 803 1562 Judicium
814 1527 887 1562 dare,
897 1527 926 1555 in
936 1526 953 1556 l.
970 1527 1130 1563 14.v.66.de
1138 1525 1195 1556 Ne-

89 1564 405 1603 got.gest.Cic.4.Verr.6
412 1576 420 1594 i
427 1565 589 1595 ..Admonitu
599 1564 674 1594 istius
685 1564 840 1594 insimulare
848 1566 1153 1603 coeperuntEpicratem
1163 1564 1196 1593 li-

90 1611 164 1632 teras
174 1602 300 1641 publicas
312 1603 617 1642 corrupiss‘enetionem
627 1603 686 1639 ejus
696 1603 734 1631 rei
744 1603 892 1641 postulant.
906 1603 1022 1639 lbidem,
1034 1604 1129 1632 Edixit
1139 1602 1195 1631 sese

89 1640 226 1677 judicium
240 1641 403 1677 injuriarum
414 1651 471 1671 non
481 1641 621 1676 daturum,
631 1641 765 1678 quicquid
775 1641 809 1670 ab
819 1651 853 1670 eo
863 1648 1013 1678 peteretur,
1023 1641 1148 1677 judicem
1158 1641 1194 1670 de

89 1675 136 1708 sua
147 1678 262 1708 cohorte
272 1679 401 1709 daturum
411 1701 418 1716 ,
441 1679 490 1718 ipsi
500 1688 593 1709 autem
602 1678 705 1708 nullius
715 1679 854 1709 actionem
865 1680 903 1707 rei
912 1678 965 1708 sese
974 1679 1113 1708 daturum.

71 1716 236 1784 Efflugffl·
256 1717 314 1748 Cic.
326 1718 361 1748 de
370 1717 478 1748 Invent.
493 1727 535 1756 57.
557 1717 692 1746 Praetoriis
703 1716 917 1755 exceptionibus
929 1717 1023 1746 multae
1036 1717 1192 1747 excludun-

89 1760 159 1784 tura
189 1764 275 1784 iones.

70 1791 226 1822 Excludere
235 1793 356 1831 aliquem
369 1793 485 1823 aetionis
495 1794 565 1830 jure.
604 1792 724 1829 Quintil.
741 1792 789 1822 lib.
805 1802 832 1829 7.
846 1802 906 1831 cap.
918 1802 944 1823 2.

70 1829 200 1860 Eximere
207 1832 354 1860 actionem.
377 1831 441 1869 Ulp.
456 1833 486 1860 in
501 1832 557 1862 Tit.
583 1830 625 1860 Ex
639 1831 715 1868 quib.
725 1831 796 1860 caus.
812 1833 907 1867 major.

42 1901 43 1905 Ἰ
72 1867 221 1906 Exponere
229 1869 360 1900 actiones.
383 1870 443 1899 Cic.
461 1880 484 1899 1.
500 1870 536 1899 de
551 1868 628 1898 Orat.
648 1873 709 1903 186.
732 1869 894 1907 Expositisa
908 1868 959 1898 Cn.
970 1868 1065 1898 Flavio
1074 1868 1197 1907 primum

91 1906 248 1937 actionibus
257 1929 265 1942 ,
289 1907 360 1937 nulli
372 1907 485 1937 fuerunt
495 1908 543 1946 qui
551 1905 598 1936 illa
609 1906 754 1937 artificiose
762 1908 866 1945 digesta
873 1908 1025 1946 generatim
1039 1916 1194 1945 compone-

93 1950 162 1973 rent.
201 1944 232 1974 V.
253 1944 441 1984 Componere.
608 1949 615 1956 “

69 1981 180 2012 Habere
190 1983 338 2013 actionem.
352 1984 412 2013 Cic.
425 1992 476 2022 pro
486 1983 589 2014 Caecin.
603 1993 646 2020 34.
655 1983 733 2021 Siqui
742 1989 788 2012 me
794 1983 871 2013 exire
881 1982 966 2013 domo
976 1993 1039 2013 mea
1046 1981 1198 2020 coegissent

90 2020 181 2055 armis,
193 2020 326 2051 haberem
340 2023 479 2052 actionem
490 2032 497 2051 ε
521 2022 588 2060 siqui
597 2022 711 2051 introire
722 2021 926 2059 prohibuissent
941 2044 949 2058 ,
971 2031 1030 2051 non
1039 2019 1196 2050 haberem?

70 2057 173 2088 lnferre
184 2059 324 2088 actionem
336 2069 401 2090 cum
412 2059 505 2098 aliquo
517 2082 526 2095 ,
562 2060 593 2089 V.
630 2071 638 2088 1
650 2070 672 2089 N
680 2070 694 2089 r
703 2069 717 2088 E
725 2070 741 2088 s.
750 2069 776 2089 o.

69 2094 213 2127 Instituere
231 2097 379 2127 actionem.
421 2098 479 2128 Cic.
499 2108 551 2136 pro
561 2098 672 2128 Muren.
685 2107 730 2128 22.
771 2097 817 2127 Tu
830 2097 970 2128 aaronem
988 2096 1106 2126 instituis
1120 2119 1128 2132 ,
1149 2095 1197 2125 ille

90 2134 180 2164 aciem
193 2135 311 2165 instruit.
352 2135 384 2166 V.
407 2145 515 2166 insri
526 2146 607 2166 Tuo.

70 2171 219 2203 Intendere
228 2174 368 2203 actionem
379 2174 590 2212 perduellionis.
613 2174 671 2204 Cic.
693 2183 744 2212 pro
756 2172 856 2203 Milon.
879 2182 923 2210 37.
952 2172 1036 2202 Diem
1050 2172 1130 2208 mihi,
1141 2181 1198 2202 cre·-

92 2211 138 2246 do,
147 2212 263 2245 dixerat,
273 2211 390 2241 multam
400 2213 541 2250 irrogarat,
552 2213 691 2242 aetionein
698 2211 901 2250 perduellionis
911 2211 1076 2240 intenderat.

70 2248 209 2286 Integram
217 2250 357 2279 astionem
366 2250 531 2288 relinquere.
554 2251 612 2281 Cic.
622 2260 675 2288 pro
685 2249 765 2280 Rosc.
780 2250 859 2279 Com.
877 2259 920 2286 35.
943 2249 1001 2286 Qui
1011 2249 1046 2278 de
1058 2248 1106 2278 sua
1118 2253 1197 2287 parte

91 2287 197 2317 decidit
209 2310 217 2323 ,
239 2287 352 2326 reliquis
362 2289 498 2326 integram
509 2287 644 2326 relinquit
663 2289 812 2318 actionem.

72 2324 182 2356 Mutare
195 2326 344 2355 actionem.
383 2326 440 2356 Cic.
455 2337 505 2364 pro
517 2326 620 2357 Caecin.
636 2337 697 2364 140.
729 2326 821 2363 Qiare
831 2331 879 2355 aut
887 2332 964 2355 muta
974 2325 1131 2361 actionem,
1151 2329 1199 2354 aut

91 2363 150 2392 noli
167 2364 236 2393 mihi
245 2364 344 2394 instare
356 2371 388 2394 ut
396 2365 532 2401 judicem.

70 2400 208 2432 Postulare
218 2424 226 2438 ,
266 2402 297 2431 V.
319 2402 403 2440 paulo
414 2410 478 2432 ante
493 2425 501 2439 ,
524 2403 596 2433 Dare
610 2403 759 2432 ac‘tionem.

71 2438 210 2469 Praescribi
225 2440 256 2469 in
269 2441 433 2470 aelionibus.
457 2441 514 2471 Cic.
536 2452 559 2477 5.
589 2441 623 2470 de
638 2441 698 2470 Fiu.
709 2446 735 2474 3.
758 2440 828 2476 Quae
846 2449 932 2477 quum
943 2437 1022 2468 Zeno
1033 2438 1174 2468 didicisset
1184 2447 1200 2468 a

53 2503 59 2509 .
94 2477 191 2508 nostris
202 2499 210 2513 ‚
231 2478 301 2507 utin
311 2479 468 2509 actionibus
478 2478 614 2517 praescribi
626 2477 695 2508 solet
705 2501 712 2514 ,
731 2478 766 2507 de
778 2488 806 2507 re
821 2478 920 2507 eadem
930 2477 997 2506 fecit
1014 2477 1068 2506 alio
1078 2478 1173 2506 modo.

72 2514 226 2546 Restituere
235 2517 384 2549 aclionem,
406 2516 594 2554 Tranquillus.
617 2517 715 2546 Claud.
729 2526 754 2545 c.
778 2526 819 2552 14.
842 2516 916 2545 Nam
927 2515 996 2544 &iis
1007 2516 1053 2552 qui
1061 2515 1136 2553 apud
1144 2516 1202 2554 pri⁴

90 2554 287 2621 ibatqiqu'udices
305 2554 368 2593 plus
386 2556 511 2594 petendo
527 2555 645 2586 formula
657 2553 823 2584 excidiffent
836 2577 843 2589 ,
864 2554 979 2583 restituit
996 2554 1129 2583 actiones.
1150 2553 1200 2583 ubi

116 2613 122 2620 .
175 2599 276 2621 orrent.

37 2663 42 2669 ⁴.
72 2629 224 2668 Suscipere.
247 2629 305 2660 Cic.
322 2640 365 2665 14.
378 2631 434 2660 Att.
449 2640 490 2660 11.
532 2632 590 2669 Ego
599 2640 658 2660 non
666 2627 778 2660 dimitto
790 2630 866 2659 istam
877 2639 981 2665 curam,
997 2629 1044 2658 sed
1056 2628 1201 2668 suscipiam

36 2692 40 2696 ,
93 2676 208 2698 omnem
219 2668 296 2703 istam
305 2668 454 2697 actionem.

36 2704 225 2736 horit->sus
237 2728 245 2742 ,
266 2716 290 2741 a,
311 2716 368 2735 um.
399 2706 574 2736 Obsoletum.
605 2706 678 2736 Varr.
696 2709 721 2735 6.
745 2706 780 2734 de
792 2705 821 2735 L.
832 2705 862 2734 L.
892 2704 928 2734 Ut
944 2705 977 2734 ab
995 2715 1049 2745 una
1060 2705 1201 2742 faciendo,

74 2742 202 2774 Fadiosae
215 2744 381 2774 dictaesunt:
403 2744 440 2774 sic
449 2745 482 2773 ab
494 2754 550 2774 una
560 2745 679 2782 agendo,
695 2744 817 2773 Actiosae.
850 2743 881 2772 V.
908 2743 974 2773 Not.
991 2743 1118 2772 Gothofr.

0 2786 13 2819 ζ
44 2780 323 2849 ΔοτιὲΝεῡιΑ,
353 2791 383 2812 ae.
405 2782 425 2812 f.
446 2782 546 2812 dimin.
590 2782 660 2812 Plin.
677 2793 703 2819 9.
724 2781 805 2820 Epist.
825 2792 867 2818 15.
889 2782 1011 2811 Retraho
1029 2780 1200 2811 acliunculas

96 2829 142 2849 uas
164 2829 215 2849 am.

38 2829 166 2887 Agros.
179 2879 189 2893 ,
206 2858 270 2888 oris.
290 2867 327 2887 m.
350 2858 513 2895 [σιτάκτωε]
535 2858 592 2895 Qui
611 2857 675 2897 agit.
698 2857 756 2888 Cic.
766 2868 816 2896 pro
828 2858 903 2888 Sext.
917 2860 962 2887 61.
991 2856 1091 2888 Dux&
1104 2857 1203 2887 author

77 2898 104 2926 Sc
116 2897 192 2926 actor
208 2896 317 2926 illarum
339 2906 430 2926 rerum
444 2896 504 2926 fuit.
606 2900 609 2901 ⁷

52 2948 55 2953 *
75 2935 157 2964 Actor
171 2934 261 2964 servus
271 2933 372 2963 dicitur
383 2957 391 2969 ,
412 2935 489 2964 idem
505 2935 551 2972 qui
563 2932 740 2972 Dispensator
753 2957 761 2969 ,
781 2934 914 2963 nimirum
926 2955 935 2969 ,
955 2934 1002 2971 qui
1012 2933 1139 2971 pecuniae
1153 2933 1204 2962 do-

79 2970 164 3040 {nini
181 2978 242 3040 tilim
263 2972 438 3040 eXigenssae’d
452 2979 521 3040 tqiml
531 2971 720 3010 dispensandae
743 2972 846 3011 praeest.
874 2971 937 3010 Ulp.
955 2972 984 3001 in
1004 2967 1022 3001 l.
1045 2981 1087 3009 37.
1115 2971 1150 3001 D.
1167 2972 1203 3001 de

32 3040 42 3044 ,
105 3020 120 3040 e
140 3020 182 3046 ·.¹·
212 3021 254 3046 .5.
293 3019 342 3046 .3.
393 3033 399 3039 .
440 3021 456 3040 e
493 3019 615 3040 0.exce
637 3016 657 3040 t.

0 3061 3 3092 ¹.
52 3063 53 3066 ¹
75 3020 175 3117 Alz‘itgir,
210 3011 315 3086 Quigd
331 3049 467 3085 iudicium
486 3020 635 3087 provocati)
647 3047 666 3078 l.
690 3057 732 3085 13.
756 3047 791 3078 D.
809 3047 844 3077 de
862 3047 954 3084 Judic.
978 3046 1031 3076 Cui
1049 3048 1203 3086 opponitur

121 3096 178 3116 eus.

0 3122 2 3127 ’
52 3125 204 3192 Αέὶτοιξηῑ
224 3122 349 3154 Frustrare
364 3146 372 3160 ,
401 3124 429 3154 h.
453 3133 478 3154 e.
500 3122 591 3154 Litem
600 3123 770 3154 calumniose
789 3123 910 3153 differre.
933 3122 1014 3152 Afric.
1025 3122 1083 3152 inl.
1099 3123 1149 3153 ult.
1165 3123 1200 3153 D.

116 3173 131 3192 e
168 3171 258 3192 rocur.

0 3210 1 3220 ¹
44 3208 50 3223 Ἰ
77 3198 223 3239 Δᾶοῐ,ρῐο
234 3210 268 3230 eo
281 3209 364 3237 quem
373 3199 472 3238 vulgus
482 3206 565 3230 vocat
574 3199 815 3235 Direitoremstive
827 3197 1121 3236 Superintendentem.
1136 3197 1201 3237 Ulp.

760 768 814 799 Hic
838 769 897 800 dies
912 780 1028 809 meaque
1043 772 1188 801 eontentio

0 3257 4 3267 ⁷
54 3253 55 3258 ¹
96 3239 131 3269 ad
142 3239 188 3269 fin.
205 3238 222 3268 l.
237 3249 259 3268 1.
279 3239 315 3267 de
324 3238 372 3267 ser.
386 3248 456 3268 corr.

78 3277 159 3307 Actor
179 3277 325 3306 comoediae
338 3298 346 3312 ,
374 3272 554 3312 [imno-nie]
585 3274 643 3312 Qui
664 3274 836 3305 comoediam
848 3275 920 3310 agit:
947 3281 979 3303 ut
992 3273 1023 3303 fit
1038 3273 1066 3302 in
1084 3272 1202 3303 theatro.

97 3314 155 3345 Cic.
171 3326 193 3344 1.
210 3314 246 3352 Q
261 3314 322 3344 frat.
337 3325 358 3343 1.
379 3313 528 3351 Tanquam
535 3320 626 3351 poetae
638 3313 742 3343 boni&
752 3314 856 3342 actores
867 3312 991 3341 industrii
1001 3311 1107 3340 solent:
1126 3311 1162 3341 sic
1173 3318 1204 3340 tu

60 3353 66 3356 “
97 3351 127 3382 in
138 3361 261 3383 extrema
273 3359 350 3391 parte
360 3353 386 3382 Sc
396 3351 574 3381 conclusione
582 3352 705 3381 muneris
716 3361 747 3380 ac
758 3350 863 3387 negotii
876 3351 916 3379 tui
927 3349 1151 3387 diligentissimus
1160 3349 1205 3379 sis.

79 3389 176 3428 Actor,
204 3389 389 3427 [chasatiysse]
410 3397 442 3419 ut
456 3390 495 3419 ait
511 3389 587 3419 Valla
600 3389 650 3418 lib.
669 3400 696 3425 4.
719 3389 821 3418 dicitur
832 3388 934 3417 Orator
950 3389 997 3425 qui
1009 3387 1064 3424 agit
1076 3387 1184 3417 causam
1194 3409 1204 3423 ,

99 3430 199 3467 quique
207 3428 311 3466 gestum
325 3427 417 3458 vultus
431 3430 457 3458 ὃς
469 3426 593 3465 corporis
607 3427 671 3464 agit.
708 3426 765 3456 Cic.
780 3436 804 3462 3.
819 3425 853 3455 de
871 3425 963 3462 Legib.
995 3426 1077 3454 Actor
1094 3425 1206 3455 enim&

98 3468 256 3496 moderator
274 3465 381 3503 effingit
396 3476 454 3495 non
470 3467 557 3495 modo
575 3471 702 3495 mentem
718 3474 750 3494 ac
762 3463 920 3494 voluntates
936 3484 944 3499 ,
964 3463 1011 3493 sed
1025 3472 1099 3501 pene
1112 3462 1205 3493 vultus

100 3514 196 3535 eorum
206 3504 282 3542 apud
296 3513 365 3542 quos
379 3503 443 3541 agit.

81 3540 207 3572 infirmus
223 3544 306 3572 actor.
349 3540 471 3578 Quintil.
481 3540 529 3570 lib.
540 3543 566 3570 6.
582 3550 644 3579 cap.
659 3551 682 3570 1.

82 3579 235 3611 Mediocris
244 3582 320 3609 actor
331 3580 481 3609 causarum.
512 3579 579 3608 Hor.
597 3579 632 3608 de
641 3580 702 3608 Arte
710 3577 787 3607 Poet.
802 3580 864 3614 369.
921 3610 926 3619 Δ
981 3610 986 3619 .

161 3635 199 3639 ——
220 3618 444 3654 Consultusjuris
459 3639 467 3654 ,
491 3619 517 3647 &
535 3618 611 3646 anor
685 3616 833 3646 Causarum
853 3614 1009 3643 mediocris.
1188 3650 1193 3657 .

82 3655 220 3686 Summus.
251 3655 310 3685 Cic.
324 3656 353 3684 in
363 3656 437 3685 Brut.
474 3655 580 3685 Eodem
596 3665 670 3684 anno
680 3655 764 3684 etiam
780 3652 891 3683 Moloni
901 3651 1013 3681 Rhodio
1021 3651 1118 3682 Romae
1128 3651 1207 3682 dedi.

101 3702 163 3724 mus
172 3704 285 3731 operam
295 3716 303 3729 ,
325 3695 351 3723 δ’.
361 3694 445 3723 actori
453 3693 560 3722 summo
571 3692 712 3722 causarum
724 3695 750 3721 ὁὶ
761 3691 896 3727 magistro.

52 3736 54 3738 ’
81 3732 162 3761 Actor
175 3732 276 3761 dicitur
286 3732 332 3769 qui
344 3734 370 3761 ἃ
381 3732 518 3770 Syndicus
530 3753 538 3766 ,
559 3731 576 3760 i.
600 3740 624 3760 e.
647 3731 706 3767 Qui
718 3728 899 3759 univer-litatis
909 3727 953 3757 vel
965 3727 1077 3765 collegii
1087 3727 1206 3764 alicujus

100 3769 218 3799 caussam
229 3770 294 3806 agit.
335 3769 417 3800 Caius
431 3792 439 3806 ,
460 3769 478 3799 1.
494 3779 517 3798 1.
535 3769 555 3806 §.
572 3778 595 3798 1.
618 3768 652 3798 D.
665 3768 740 3805 quod
756 3768 889 3803 cuiusque
898 3764 1015 3795 univers.
1038 3765 1149 3802 Quibus
1159 3776 1208 3795 au·-

100 3814 158 3837 tem
175 3807 334 3845 permissum
349 3808 388 3837 est
405 3817 506 3845 corpus
525 3805 626 3835 habere
634 3806 761 3843 collegii,
790 3805 927 3834 societatis
941 3826 950 3838 ,
971 3804 1024 3833 sive
1041 3804 1121 3840 cujus
1139 3804 1208 3833 alte-

100 3846 158 3878 rius
176 3854 273 3874 eorum
289 3847 419 3876 nomine:
453 3845 597 3884 proprium
613 3845 651 3873 est
674 3845 709 3873 ad
730 3842 890 3879 exemplum
907 3841 1024 3885 Reipub.
1047 3841 1149 3871 habere
1163 3848 1207 3871 res

102 3892 266 3913 communes
283 3905 291 3918 ,
320 3893 410 3913 arcam
428 3892 608 3913 communem
621 3884 647 3911 ἃ
659 3883 781 3911 actorem
802 3882 854 3909 live
874 3879 1038 3916 syndicum:
1060 3889 1109 3917 per
1122 3889 1208 3917 quem

100 3928 232 3958 tanquam
256 3921 286 3950 in
306 3921 463 3961 Republica
489 3920 566 3959 quod
583 3920 771 3950 communiter
794 3918 853 3957 agi,
877 3917 936 3947 fieri
965 3924 1110 3956 oporteat,
1145 3927 1208 3956 aga-

101 3964 146 3989 tur
157 3980 166 3993 ‚
196 3958 250 3988 fiat.

121 3996 203 4027 Vox..
230 3995 253 4029 1.

1681 134 1709 170 A
1805 136 1838 170 G
1932 138 1966 173 O
2322 155 2385 188 131

1280 212 1361 254 Adur
1371 213 1499 256 publicus
1510 215 1636 246 dicitura
1652 215 1761 250 Tacito,
1773 226 1823 254 pro
1835 217 1918 248 Servo
1931 219 2043 255 publico
2056 229 2080 250 2.
2093 223 2162 251 Ann.
2174 231 2216 256 30.
2230 223 2383 263 Mancipari

1300 260 1398 286 iuquit.
1414 253 1620 287 {ingulosac'tori
1630 253 1744 291 publico
1757 253 1841 284 iubet.
1882 257 1948 285 item
1961 267 1974 286 a
1986 258 2073 286 l’liuio
2089 258 2104 287 l.
2118 269 2140 295 7.
2163 259 2243 297 Epist.
2262 268 2300 295 ιε.
2388 250 2394 262 ⁷

1282 287 1371 322 Actor,
1393 300 1442 326 pro
1460 290 1567 319 villico.
1602 291 1738 320 Columel.
1760 291 1807 320 lib.
1829 302 1849 320 i.
1863 303 1959 331 ευρ-Ι,

1302 334 1435 361 peccent,
1461 330 1486 357 ἃ
1501 337 1563 364 ager
1576 328 1672 366 saepius
1689 329 1847 359 infamet-ur.

1244 359 1388 405 Aorsix
1409 385 1417 397 ,
1446 365 1507 394 icis.
1531 366 1548 394 f.
1576 366 1648 401 Quae
1661 367 1716 401 agit
1730 389 1738 401 ,
1760 367 1898 396 actionem
1920 367 2089 401 iudiciariam
2104 370 2227 400 instituit.
2260 372 2331 409 [eae
2352 385 2397 410 41.

1284 398 1353 427 cod.
1371 401 1405 441 de
1418 399 1534 444 Liberali
1551 404 1648 445 causa:
1671 404 1804 439 jubemus
1818 414 1915 435 omnes
1931 406 2058 443 epistolas
2073 409 2181 437 actricis
2195 410 2290 438 inanes
2299 405 2338 439 *ac
2357 422 2400 442 va-

1283 443 1347 464 cuus
1357 438 1425 466 elle:
1452 438 1572 482 hirenus
1585 451 1639 470 vox
1651 463 1659 476 ,
1679 442 1758 471 Sicut
1782 452 1801 471 A
1812 453 1828 471 c
1839 453 1884 472 'ro
1896 453 1910 471 R
1922 465 1930 478 ,
1953 444 1999 480 qui
2015 445 2152 474 actionem
2174 447 2305 476 intendit.

1245 470 1347 501 Acru
1359 483 1420 516 Aur
1434 485 1489 519 us,
1512 487 1538 519 ii.
1564 487 1599 506 m.
1623 479 1754 520 [yguvebr
1770 479 1784 515 ]
1820 480 1876 517 Qui
1895 481 2075 518 aelapublica
2086 504 2094 517 ,
2115 484 2271 514 aclirinesve
2287 485 2402 515 causidi-

1283 519 1379 551 corum
1393 521 1422 554 in·
1435 513 1537 558 iudicio
1550 515 1681 544 veloc1ter
1693 518 1818 554 excipit:
1841 519 1886 555 qui
1899 521 1924 548 ἃ
1936 519 2089 548 Notariusa
2100 521 2276 556 Quintiliano
2288 523 2399 553 dicitur.

1282 547 1396 576 bueron.
1416 559 1444 576 in
1456 550 1521 579 (μυί.
1535 561 1594 588 cap.
1619 564 1661 587 55.
1700 556 1848 585 Orationes
1863 556 1967 593 aliquas
1979 556 2106 594 reliquit,
2128 559 2199 587 iuter
2213 569 2279 594 quas
2297 567 2401 590 temere

1282 584 1409 626 quiedam
1421 585 1545 630 feruntur
1555 610 1563 622 ,
1588 596 1616 618 ut
1628 601 1676 626 pro
1686 591 1722 626 Q.
1735 591 1868 622 Metello:
1890 604 1971 631 quarn
1982 604 2038 623 non
2048 596 2187 624 immerito
2200 597 2332 632 Augustus
2343 600 2403 627 exi-

1282 622 1425 664 stimabat,
1447 633 1533 660 magis
1551 625 1584 668 ab
1603 629 1729 669 actuariis
1750 639 1917 668 exceptam,
1939 632 2009 661 male
2026 632 2254 670 subsequentibus
2272 636 2353 664 verba
2364 636 2405 665 di-

1283 667 1371 688 centis
1382 681 1391 701 ³.
1416 662 1542 703 quam-ab
1553 663 1610 699 ipso
1625 665 1736 694 editam.

1283 696 1426 726 Attuarios
1439 719 1446 731 ,
1464 698 1630 742 adieetiijum
1639 703 1676 729 est
1686 702 1843 739 aliquando.
1883 704 1965 735 Unde
1978 708 2109 737 meinana:
2124 718 2221 742 naves,
2244 708 2353 738 Celeres
2362 710 2404 739 di-

1304 735 1362 776 etae,
1375 735 1451 771 quod
1465 743 1521 764 cito
1537 746 1579 778 agi
1591 738 1697 780 polsent
1708 761 1715 774 ,
1737 741 1775 769 uit
1789 741 1907 772 Nonius.
1948 745 2065 774 Budaeus
2085 755 2149 775 vero
2161 768 2168 781 ,
2191 747 2321 776 Actumia·
2341 749 2403 778 (in-

1322 772 1384 814 uit)
1406 772 1622 803 navesaLutinis
1638 775 1769 805 dicuntur
1784 800 1791 811 ,
1812 789 1871 815 quae
1885 782 1964 810 remis
1976 790 2094 818 aguntur
2105 805 2111 817 ,
2135 793 2190 812 non
2211 784 2278 813 velis
2295 779 2403 814 tantum

1326 820 1360 838 iv.
1375 818 1419 852 25.
1437 819 1480 854 30.
1503 811 1553 854 'ln
1571 812 1624 840 hoc
1634 813 1755 855 tumultu
1768 818 1894 846 actuaria>
1913 828 1994 847 nates
2008 821 2151 850 irillruclae.
2192 821 2222 848 V.
2250 831 2268 850 Ν
2281 833 2299 850 Α
2310 832 2341 851 vl
2352 834 2371 851 s.

1284 847 1409 891 Aestuaria
1419 858 1526 885 navigia
1539 871 1546 883 ,
1574 859 1624 887 pro
1640 850 1761 879 Navibus
1773 855 1907 883 actuariis.
1941 856 2006 885 (ja-s.
2020 868 2042 885 1.
2054 858 2121 887 Beli.
2137 858 2218 888 Civil.
2231 869 2276 888 22.
2316 861 2406 897 Atque

1302 895 1335 913 iis
1349 885 1483 922 expedito
1504 885 1567 915 loco
1585 887 1705 916 aeluaria
1724 890 1830 925 navigia
1847 892 1964 928 reliquit.
2003 895 2074 924 liinc
2257 889 2262 897 ¹

1283 923 1442 965 Attuarium
1452 946 1460 958 ,
1480 924 1604 968 absolute
1621 925 1649 953 in
1670 931 1769 954 neutro
1780 936 1896 963 genere,
1913 931 2019 959 videtur
2030 933 2127 961 Cicero
2147 933 2280 971 accepisse
2292 945 2342 972 pro
2353 935 2408 964 Na-

1303 961 1382 990 vibus
1397 962 1540 1005 actuariis:
1564 970 1594 992 ut
1608 972 1648 991 10.
1673 964 1726 992 Att.
1747 973 1788 992 11.
1829 964 1907 1001 Quid
1923 967 1991 997 duro
2001 976 2125 1006 tempore
2139 972 2205 1000 anni
2215 974 2334 1002 actuaria
2347 973 2407 1003 fore

1303 998 1420 1028 censes‘?
1460 1000 1606 1030 hmendati
1624 999 1707 1029 codd.
1738 1001 1904 1031 Attuariolo.

1284 1036 1411 1079 AcJtuar'ia
1420 1038 1528 1067 minuta
1541 1060 1548 1073 ,
1572 1048 1621 1076 pro
1632 1037 1804 1067 Attuariolis.
1830 1040 1888 1069 Cic.
1907 1051 1930 1074 5.
1959 1041 2011 1071 Att.
2023 1054 2047 1078 9.
2072 1045 2200 1075 Actiiuriis
2211 1053 2303 1076 autem
2318 1049 2408 1078 minu-

1304 1082 1339 1103 tis
1354 1074 1444 1104 Patras
1456 1076 1588 1105 accedere
1602 1076 1656 1105 sine
1667 1076 1709 1105 his
1722 1077 1946 1114 impedimentis,
1968 1089 2026 1108 non
2037 1080 2098 1110 saus
2117 1082 2202 1111 risum
2217 1086 2405 1116 clidecorum.

1247 1111 1270 1143 A
1280 1121 1296 1141 c
1306 1121 1353 1140 *ru
1365 1122 1381 1140 A
1393 1116 1456 1142 1³16
1468 1124 1484 1141 i.
1496 1124 1513 1142 υ
1524 1124 1544 1142 Μ
1555 1136 1562 1148 ,
1593 1114 1691 1143 dimin.
1705 1114 1738 1142 ab
1759 1114 1925 1144 Ac‘tuarium.
1949 1116 2006 1145 Cic.
2023 1122 2063 1147 16.
2083 1121 2134 1148 iltt.
2150 1129 2173 1155 3.
2190 1130 2257 1151 extr.
2280 1123 2345 1152 llzrc
2355 1135 2408 1153 evo

1286 1148 1477 1179 conscendens
1487 1161 1502 1180 e
1515 1151 1684 1189 Pompeiano
1694 1151 1782 1181 tribus
1793 1153 1951 1182 actuariolis
1961 1154 2058 1183 decem
2069 1156 2174 1185 {culmis
2187 1167 2193 1186 :
2216 1160 2231 1186 i.
2258 1170 2282 1188 e.
2373 1147 2388 1158 ἡ

1997 295 2037 324 lta
2049 296 2077 324 fit
2089 303 2119 325 ut
2133 298 2157 326 ὁὶ·
2170 300 2244 327 actor
2259 300 2284 328 a
2296 300 2399 330 Familia

1287 1187 1366 1231 gibus
1376 1197 1471 1231 earum
1481 1190 1670 1219 navicularum
1685 1212 1693 1225 ,
1715 1199 1775 1227 quae
1796 1198 1931 1220 vocantur
1945 1193 2063 1222 actuaria
2082 1194 2126 1223 vel
2135 1196 2289 1226 actuariola.
2316 1161 2407 1228 ICLdiil.

1286 1225 1355 1254 ibrd.
1378 1226 1425 1263 hp.
1441 1230 1467 1255 6.
1510 1227 1539 1256 V.
1561 1229 1586 1257 ὁὶ
1612 1237 1790 1257 eoaur'rn.

1247 1263 1399 1306 Ae‘r'i‘ro
1417 1286 1424 1298 ,
1447 1264 1632 1301 [ἐνεςγὲκφι]
1659 1268 1713 1295 are.
1736 1265 1808 1295 Gell.
1819 1265 1868 1295 lib.
1883 1275 1908 1301 9.
1927 1275 1989 1304 cap.
2001 1270 2026 1296 6.
2080 1268 2119 1297 Ab
2132 1278 2166 1298 eo
2181 1271 2254 1307 quod
2269 1272 2305 1300 cst
2315 1275 2369 1309 Argo
2382 1275 2408 1303 &

1286 1311 1352 1344 egr,
1374 1302 1457 1344 verba
1480 1301 1543 1331 sunt
1564 1312 1624 1339 quae
1647 1302 1790 1341 appellant
1815 1305 1995 1334 Grammatici
2019 1304 2237 1342 frequentativa,
2265 1303 2353 1338 Aeliu)
2382 1314 2408 1341 St

1285 1342 1404 1382 actitaVi.
1458 1340 1492 1370 Et
1508 1339 1591 1378 paulo
1619 1342 1700 1378 post,
1731 1342 1819 1370 Actito
1842 1342 1979 1379 produc‘te
2001 1343 2031 1371 in
2056 1345 2144 1381 prima
2169 1344 2269 1382 syllaba
2289 1357 2409 1384 pronun-

1284 1377 1414 1406 tiandum
1430 1388 1436 1407 :
1472 1379 1603 1415 quoniam
1623 1388 1657 1407 ex
1675 1388 1711 1407 eo
1740 1379 1771 1407 iit
1787 1380 1862 1416 quod
1882 1382 1921 1408 eit
1940 1381 2016 1417 Ago,
2049 1382 2076 1411 ἃ
2092 1383 2176 1412 actus.
2210 1384 2268 1412 Cic,
2286 1385 2320 1413 de
2338 1386 2408 1415 Clgff,

1285 1416 1455 1482 Pandam.
1495 1416 1586 1446 Etiam
1605 1416 1645 1446 M.
1662 1416 1787 1446 Potidius
1809 1418 1956 1455 municeps
1975 1418 2065 1448 noster
2083 1418 2184 1450 multas
2206 1421 2323 1458 privatis
2348 1433 2412 1452 cau-

1298 1463 1325 1482 as
1343 1458 1372 1482 ac
1387 1460 1474 1483 itavit.

1249 1491 1387 1558 ,dcvi—TO,
1409 1489 1505 1559 [goiim.
1526 1493 1649 1559 ἀνωὲνέω,
1672 1490 1788 1529 ἐλαύνω]
1812 1495 1867 1522 are».
1889 1493 2021 1532 significat
2034 1493 2203 1531 Concutere,
2224 1506 2408 1528 commovere.

1311 1539 1359 1566 irg.
1376 1540 1398 1558 1.
1447 1538 1497 1558 eor
1517 1553 1523 1558 .
1541 1539 1573 1566 35
1598 1554 1604 1560 .

1360 1539 1613 1597 Continuogventis
1634 1567 1827 1605 surgentibus,
1853 1574 1902 1598 aut
1924 1569 1993 1599 freta
2008 1570 2091 1607 ponti

1334 1643 1339 1648 .
1362 1605 1506 1643 incipiunt
1525 1607 1624 1643 agitata
1643 1604 1804 1636 tumescere.
1938 1608 1983 1638 Sic
2001 1609 2108 1645 Agitata
2125 1609 2216 1638 ventis
2233 1610 2318 1639 maria
2339 1611 2413 1648 apud

1306 1642 1366 1672 Cic.
1381 1653 1406 1672 2.
1423 1644 1458 1672 de
1471 1644 1533 1673 Nat.
1552 1644 1633 1674 Deor.

1287 1681 1393 1718 Agitare
1406 1681 1495 1711 verbis
1506 1682 1612 1711 fastidia
1621 1680 1747 1719 aliquus.
1770 1681 1838 1712 Hor.
1864 1681 1954 1720 Epod.
1971 1692 2013 1712 12.
2030 1692 2071 1720 ¹3·

1287 1718 1369 1748 Ciere
1386 1721 1411 1749 Sc
1426 1721 1536 1757 agitare.
1560 1720 1618 1750 Cic.
1633 1728 1654 1756 3.
1674 1720 1709 1750 de
1720 1721 1783 1750 Nat.
1799 1720 1882 1750 Deor.
1894 1731 1938 1757 23.
1981 1721 2091 1751 Natura:
2103 1720 2152 1751 ista
2162 1721 2232 1757 sunt,
2250 1722 2332 1753 Balbe
2343 1746 2350 1758 ,
2366 1735 2413 1754 na-

1306 1763 1375 1800 turae
1385 1767 1441 1786 non
1450 1757 1593 1787 artificiose
1608 1758 1774 1788 ambulantis
1793 1759 1846 1794 (ut
1858 1759 1896 1788 ait
1913 1759 2014 1795 Zeno)
2034 1759 2081 1789 sed
2095 1760 2190 1790 omnia
2207 1761 2306 1790 cientis
2325 1763 2351 1792 Sc
2361 1764 2414 1800 agi-

1306 1802 1389 1825 tantis
1403 1796 1524 1825 motibus
1546 1796 1785 1826 &mutationibus
1805 1795 1868 1825 suis.

1289 1832 1389 1862 Pulsari
1399 1835 1422 1863 S<
1435 1834 1531 1871 agitari
1542 1833 1706 1872 impuliione
1720 1834 1895 1872 sempiterna.
1917 1833 1976 1864 Cic.
1991 1844 2013 1864 1.
2031 1834 2067 1864 de
2078 1834 2141 1864 Nat.
2155 1835 2239 1866 Deor.
2264 1846 2322 1872 115.
2354 1837 2414 1867 Nec

1305 1877 1400 1900 ‘tamen
1411 1872 1493 1901 video
1507 1871 1650 1908 quomodo
1662 1881 1720 1900 non
1731 1879 1856 1902 vereatur
1872 1871 1920 1901 iste
1939 1873 2008 1902 deus
2018 1872 2114 1903 beatus
2122 1882 2156 1903 ne
2170 1875 2304 1910 intereat,
2327 1883 2413 1911 quum

1305 1909 1361 1952 sirie
1379 1908 1435 1938 ulla
1453 1909 1651 1940 intermistione
1670 1909 1794 1948 pulsatur
1813 1910 1985 1948 agiteturque
2007 1917 2166 1941 atomorum
2182 1912 2338 1942 incursione
2348 1913 2415 1943 sem-

1328 1956 1425 1976 iterna.

1288 1956 1391 2022 Agitati
1408 1987 1434 2015 &
1449 1985 1603 2022 perterreri.
1626 1985 1684 2015 Cic.
1701 1995 1752 2024 pro
1761 1982 1841 2015 Rosc.
1853 1986 1942 2015 Amer.
1953 1989 1997 2024 67.
2020 1986 2116 2015 Nolite
2132 1992 2227 2024 putare
2237 1988 2417 2025 quemadmo-

1309 2023 1376 2052 dum
1393 2023 1422 2052 in
1434 2023 1533 2052 fabulis
1551 2023 1740 2061 saepenumero
1757 2023 1858 2052 videtis
1869 2046 1876 2059 ,
1907 2033 1955 2053 eos
1978 2024 2026 2061 qui
2048 2024 2155 2061 aliquid
2174 2026 2260 2063 impie
2277 2026 2417 2056 scelerate-

1308 2071 1362 2098 que
1392 2061 1598 2097 commiserint,
1637 2062 1733 2099 agitari
1767 2062 1794 2091 ἃς
1820 2062 1965 2099 perterreri
1989 2061 2122 2091 furiarum
2143 2063 2224 2092 taedis
2247 2063 2414 2094 ardentibus.

1309 2099 1364 2128 Sua
1384 2109 1523 2136 quemque
1543 2099 1616 2128 fraus
1632 2122 1640 2135 ,
1673 2101 1698 2130 Sc
1718 2099 1782 2129 suus
1804 2107 1891 2129 teri-or
1908 2099 2030 2129 maxime
2054 2107 2151 2129 vexat:
2174 2100 2252 2130 suum
2279 2112 2416 2138 quemque

1307 2137 1395 2180 scelus
1414 2138 1524 2181 agitat,
1552 2139 1729 2175 amentiaque
1745 2136 1846 2168 afficit:
1879 2137 1933 2167 suae
1945 2136 2024 2167 malae
2040 2139 2224 2175 cogitationes
2238 2161 2246 2174 ,
2276 2139 2416 2169 conscien-

1308 2181 1409 2212 tiaeque
1423 2185 1507 2204 ammi
1523 2181 1634 2204 terrent.

1289 2213 1398 2250 Agitare
1410 2213 1578 2244 &insectari
1600 2214 1659 2244 Cic.
1679 2224 1701 2243 1.
1723 2213 1758 2243 de
1766 2212 1917 2251 Legib.40.
1957 2212 1995 2242 Ut
2009 2220 2057 2243 eos
2071 2214 2178 2251 agitent
2196 2212 2417 2253 insectenturque

1309 2251 1396 2280 furiae.

1290 2289 1416 2327 Agitare,
1437 2288 1581 2326 Persequi,
1615 2289 1652 2318 ait
1664 2289 1783 2319 Servius.
1820 2289 1896 2325 Virg.
1912 2297 1935 2325 3.
1962 2288 2062 2325 Georg.
2082 2298 2146 2326 415.

1371 2326 1569 2364 Galbaneoque
1588 2328 1690 2364 agitare
1706 2327 1780 2364 gravi
1804 2327 1902 2356 nidore
1921 2326 2077 2364 chelydros.

1290 2364 1419 2403 ligitare,
1440 2365 1554 2394 Vexare.
1579 2365 1684 2401 Virg.3.
1708 2365 1769 2395 AEn.
1785 2368 1848 2401 609.

1451 2420 1489 2425 —-
1508 2412 1567 2441 quae
1587 2403 1691 2433 deinde
1709 2404 1794 2441 agitet
1813 2404 1940 2437 fortuna,
1961 2402 2048 2432 fateri.

1309 2446 1400 2470 tamur
1407 2438 1486 2471 fateri
1498 2463 1506 2476 ,
1541 2451 1602 2478 quae
1616 2451 1681 2470 eum
1692 2442 1803 2470 fortuna
1822 2446 1912 2471 vexet.

1292 2478 1400 2516 Agitare
1422 2501 1429 2513 ,
1452 2489 1502 2517 pro
1512 2480 1598 2516 Agere
1613 2501 1620 2514 ,
1641 2478 1686 2508 vel
1708 2479 1832 2517 Litigare.
1854 2477 1927 2508 Paul.
1950 2477 2010 2507 inl.
2024 2484 2070 2515 73.
2092 2476 2126 2508 D.
2140 2478 2176 2508 de
2189 2479 2304 2516 fidejuff.
2326 2479 2419 2510 Postea

1312 2518 1386 2546 victo
1395 2527 1445 2552 eo,
1474 2517 1606 2546 dominus
1619 2517 1738 2547 reversus
1756 2518 1856 2546 iterum
1876 2516 1911 2545 de
1928 2525 1961 2545 ea
1978 2526 2007 2545 re
2017 2516 2145 2553 agitabat.

1293 2555 1401 2592 Agitare
1410 2577 1418 2590 ,
1440 2564 1491 2592 pro
1501 2555 1693 2584 Administrare
1703 2578 1711 2590 ,
1732 2555 1901 2585 Gubernare.
1939 2553 2045 2584 Sallust.
2055 2556 2085 2583 in
2096 2554 2179 2584 Catil.
2193 2564 2219 2584 c.
2232 2565 2258 2591 9.
2272 2555 2307 2585 de
2321 2555 2420 2584 Roma-

1312 2603 1414 2622 norum
1432 2593 1554 2622 moribus
1573 2592 1707 2630 loquens:
1731 2593 1762 2623 ln
1779 2602 1848 2631 pace
1859 2602 1924 2622 vero
1933 2592 2076 2622 beneficiis
2085 2594 2172 2630 magis
2190 2603 2273 2629 quam
2286 2594 2420 2622 metuim-

1311 2633 1421 2698 pleriissm
1431 2631 1578 2698 agitabant.
1619 2631 1685 2660 Non
1700 2630 1800 2661 desunt
1816 2631 1863 2668 qui
1876 2629 2000 2660 Turbare
2018 2631 2245 2669 interpretentur.
2287 2631 2416 2669 [Inepte.

1339 2693 1345 2698 .
1367 2680 1376 2698 i
1398 2680 1407 2698 1
1448 2671 1506 2698 'ort.

1293 2708 1403 2744 Agitare
1419 2729 1427 2742 ,
1445 2707 1531 2736 ctiam
1541 2717 1591 2745 pro
1602 2707 1760 2742 moderari,
1777 2705 1854 2736 sensu
1864 2705 2031 2735 Maroniano
2041 2728 2048 2741 ,
2065 2706 2084 2735 i.
2097 2715 2122 2736 e.
2163 2716 2201 2736 uo
2211 2713 2292 2744 poeta
2305 2706 2376 2735 dixit
2393 2715 2416 2741 3.

1314 2747 1413 2782 Georg.
1431 2751 1495 2782 287.
1530 2745 1679 2783 Lanigeros
1697 2746 1799 2783 agitare
1812 2753 1916 2781 greges.
1970 2743 2016 2773 Sic
2029 2744 2134 2774 Sallust.
2167 2745 2275 2781 ugurth.
2296 2753 2354 2781 cap.
2371 2748 2415 2773 60.

1313 2784 1421 2821 Agitare
1439 2784 1512 2818 tela,
1535 2784 1611 2821 quod
1626 2783 1795 2822 Temperare
1812 2783 1883 2811 dixit
1896 2781 2037 2819 Apuleius.
2080 2782 2109 2812 V.
2130 2782 2220 2813 Barth.
2234 2782 2338 2812 Advers.
2356 2791 2416 2810 122.

1315 2831 1340 2858 3.
1354 2823 1379 2851 ὅ(
1389 2821 1425 2850 ad
1436 2822 1503 2850 Stat.
1516 2833 1542 2855 4.
1560 2821 1650 2850 Theb.
1694 2845 1700 2850 .
1718 2831 1748 2858 93
1758 2832 1782 2856 ς.
1904 2854 1907 2857 ,
2150 2827 2158 2836 ’

1296 2860 1419 2897 Agitare,
1441 2870 1491 2897 pro
1503 2859 1634 2888 Habitare
1646 2881 1653 2893 ‚
1672 2831 1804 2889 lincolere
1818 2857 1864 2888 vel
1881 2858 1993 2896 vivere.
2027 2856 2133 2887 Sallust.
2153 2858 2182 2886 in
2191 2857 2315 2894 Juguith.
2332 2866 2355 2899 c.
2375 2866 2415 2891 ¹9.

1314 2900 1402 2935 Super
1413 2897 1584 2926 Numidiam
1598 2897 1713 2927 Getulos
1727 2897 1896 2936 accepimuS‚
1917 2895 2055 2934 partimin
2062 2896 2179 2933 tuguriis
2193 2917 2201 2931 ,
2222 2895 2321 2932 partim
2331 2893 2421 2923 incul-

1314 2937 1370 2964 tius
1379 2945 1462 2972 vagos
1482 2936 1592 2978 agitare.
1994 2957 2002 2962 .

1295 2974 1396 3011 Agim,
1418 2983 1483 3002 cum
1503 2973 1652 3002 infinitivo.
1674 2972 1763 3002 Valer.
1779 2970 1853 3001 Flac.
1871 2978 1896 3001 2.
1925 2971 2024 3009 Argon.
2039 2974 2099 3007 164.

1455 3027 1492 3031 —
1521 3018 1610 3040 totam
1627 3010 1694 3040 inde
1710 3021 1759 3049 per
1773 3010 1871 3039 urbem

1378 3048 1524 3084 Personat,
1552 3056 1584 3078 ut
1602 3050 1716 3078 cunctas
1737 3049 1842 3087 agitent
1860 3045 2000 3086 expellere
2018 3045 2130 3075 Lemno.

1316 3093 1395 3122 tent,
1417 3086 1535 3116 Consilia
1557 3087 1661 3116 ineant.

1296 3125 1405 3161 Agitare
1417 3147 1424 3159 ,
1447 3124 1609 3154 translatum
1626 3123 1661 3153 ad
1683 3124 1808 3153 animum
1823 3146 1831 3159 ,
1852 3133 1902 3161 pro
1917 3122 2045 3159 Cogitare
2057 3142 2065 3156 ,
2085 3120 2289 3162 commentari,
2311 3128 2420 3159 reputa-

1316 3172 1344 3191 re
1357 3185 1364 3197 ,
1386 3164 1515 3198 tractare,
1536 3163 1677 3192 interdurn
1691 3170 1740 3200 per
1752 3162 1918 3199 seponitur:
1943 3160 2211 3197 stepiustaniencum
2225 3158 2353 3193 adiecto:
2376 3166 2418 3194 ut,

1314 3201 1424 3238 'Agitare
1442 3200 1534 3244 secum
1549 3223 1557 3236 ,
1584 3201 1686 3243 agitare
1704 3201 1797 3230 animo
1809 3221 1817 3235 ‚
1840 3201 1892 3229 ἃς.
1933 3197 1989 3227 Cic.
2005 3208 2027 3233 5.
2052 3195 2122 3225 Verr.
2151 3195 2241 3232 Quod
2262 3195 2282 3224 si
2299 3196 2346 3226 ille
2362 3197 2419 3226 hoc

1316 3248 1405 3267 unum
1419 3244 1523 3275 agitare
1538 3244 1666 3276 coeperit.
2144 3269 2150 3275 ,
2166 3270 2171 3276 ,

1294 3276 1591 3314 Agitareszexquirere
1606 3277 1735 3305 rationes.
1766 3274 1823 3304 Cic.
1837 3285 1860 3309 ς.
1880 3271 1960 3303 Tusc.
1980 3275 2024 3305 64.
2047 3270 2081 3299 de
2090 3270 2275 3305 Arcmmede,
2301 3271 2420 3314 Alterius

1315 3324 1396 3343 mens
1409 3314 1563 3344 rationibus
1574 3313 1710 3351 agitandis
1723 3311 1953 3350 exquirendisque
1965 3309 2087 3337 alebatur
2097 3317 2163 3337 cum
2181 3307 2368 3339 oblectatione
2378 3310 2420 3338 so-

1317 3352 1402 3381 lertiae
1416 3362 1423 3382 :
1447 3353 1493 3390 qui
1501 3362 1572 3382 unus
1582 3351 1749 3382 suaviffimus
1763 3350 1852 3389 pastus
1863 3350 2026 3378 animorum.
2093 3383 2098 3388 1
2125 3383 2130 3389 .
2284 3379 2287 3382 y

1298 3391 1407 3427 Agitare
1421 3390 1510 3419 facile.
1543 3390 1607 3419 Ter.
1619 3389 1695 3419 Adel.
1714 3398 1737 3425 3.
1754 3401 1780 3424 4.
1792 3391 1834 3422 56»
1876 3386 2033 3427 Quam-vos
2047 3382 2179 3414 facillime
2187 3384 2306 3422 agitatis.
2326 3384 2419 3414 Bellis-

1319 3429 1386 3458 lime
1396 3428 1433 3457 est
1445 3428 1551 3457 dietum
1570 3430 1581 3463 ζ
1593 3425 1855 3464 ἰηᾳυίῑΤυτηεὺυς)
1873 3423 2036 3459 loquutione
2048 3421 2162 3451 honesta
2172 3423 2198 3452 δι
2207 3423 2328 3459 antiqua.
2351 3432 2417 3451 uam

1316 3466 1409 3496 Facile
1429 3467 1531 3504 agitare
1544 3466 1675 3494 dicuntur
1689 3464 1803 3497 divites,
1825 3461 1923 3498 quibus
1934 3459 2014 3488 facile
2036 3458 2171 3496 nulloque
2191 3461 2305 3497 negotio
2323 3461 2418 3489 omnia

1317 3505 1354 3533 ad
1366 3505 1452 3533 vitam
1468 3504 1626 3541 degendam
1636 3502 1820 3540 suppeditant.
1868 3498 1973 3527 Eodem
1983 3495 2069 3526 modo
2088 3497 2164 3535 apud
2183 3497 2310 3527 Porcium
2319 3498 2349 3526 iri
2361 3498 2417 3526 vita

1317 3541 1460 3609 Tere'lstiiss
1472 3590 1521 3618 per
1530 3579 1605 3608 idem
1624 3584 1733 3614 tenipus
1746 3597 1754 3608 ,
1783 3573 1830 3611 qui
1841 3571 1980 3610 agitabant
1993 3571 2102 3601 nobiles
2111 3571 2252 3602 facillime.

1321 3618 1368 3648 Sic
1378 3620 1403 3648 Sc
1414 3617 1565 3654 dii,quibus
1579 3616 1648 3644 nihil
1661 3613 1734 3643 deest
1742 3612 1789 3646 ῥέιαι
1800 3612 1881 3647 ζώω
1890 3621 1904 3639 a
1918 3611 2019 3639 Graecis
2028 3610 2274 3647 poetis,i.e.l¹‘acile
2282 3610 2417 3646 viventes,

1319 3657 1468 3685 dicuntur:
1494 3655 1578 3687 unde,
1589 3661 1618 3682 ut
1630 3651 1757 3689 suspicor,
1778 3648 1997 3678 emanavitillud
2007 3647 2142 3685 loquendi
2160 3658 2254 3684 genus.
2278 3648 2413 3678 liacille.

1299 3694 1321 3724 A
1341 3695 1425 3728 itare,
1450 3692 1579 3721 absolute.
1611 3690 1700 3719 Tacit.
1724 3697 1766 3716 11.
1797 3687 1867 3715 Anu.
1888 3695 1933 3715 21.
1976 3686 2118 3722 Postquam
2136 3685 2272 3721 adolevit,
2301 3685 2417 3714 sectator

1319 3704 1468 3768 &uaestoris
1484 3730 1529 3758 cui
1543 3729 1633 3758 Africa
1652 3726 1805 3762 obtigerat,
1836 3724 1903 3753 dum
1924 3724 1952 3752 in
1967 3724 2074 3761 oppido
2087 3723 2236 3753 Adrumeto
2258 3724 2350 3753 vacuis
2369 3732 2419 3761 per

1318 3768 1444 3799 medium
1458 3767 1513 3795 diei
1524 3765 1676 3804 porticibus
1693 3763 1812 3792 secretus
1824 3762 1924 3799 agitat,
1947 3763 1998 3791 Sec.
2149 3799 2154 3803 ”
2179 3798 2184 3803 .
2245 3798 2250 3803 ·

1300 3808 1400 3838 Animo
1410 3806 1509 3842 agitare
1519 3803 1624 3840 aliquid
1635 3801 1793 3831 velaminis.
1814 3799 1872 3828 Liv.
1883 3804 1908 3829 6.
1930 3798 1998 3829 Bell.
2016 3798 2084 3828 Puri.
2119 3797 2196 3827 Nihil
2207 3807 2281 3827 enim
2290 3807 2417 3836 parvum,

1318 3845 1365 3874 sed
1377 3842 1548 3877 Carthaginis
1556 3841 1612 3876 jam
1629 3839 1738 3869 excidia
1752 3837 1870 3875 agitabat
1878 3837 1979 3866 animo.
2018 3836 2077 3865 Cic.
2098 3845 2149 3873 pro
2160 3835 2277 3865 fonteio
2290 3858 2297 3870 ,
2319 3836 2373 3864 Vos
2391 3837 2418 3864 ὃς

1319 3882 1417 3918 saepius
1430 3878 1549 3907 eandem
1561 3887 1619 3907 rem
1631 3877 1729 3906 animis
1741 3876 1852 3913 agitare,
1871 3877 1897 3905 Sc
1908 3875 2013 3904 diutius
2025 3883 2082 3903 uno
2097 3883 2208 3910 quoque
2222 3873 2258 3902 de
2271 3874 2335 3903 teste
2345 3873 2418 3909 cogi-

1320 3927 1376 3947 tare
1392 3916 1512 3955 potestis.

1302 3957 1401 3990 Animo
1418 3953 1589 3985 formidines.
1612 3951 1670 3983 Liv.
1687 3961 1730 3982 ro.
1749 3950 1817 3982 Bell.
1833 3950 1901 3982 Pun.

2143 2402 2197 2432 Ubi
2216 2403 2336 2440 Servius,
2349 2404 2418 2434 Hor-

2206 3045 2225 3074 i.
2245 3053 2270 3074 e.
2302 3044 2418 3076 Consul-

1957 3983 1984 4018 R
2002 3994 2018 4017 2
2320 3985 2419 4015 Animo
