2641 4187
623 190 651 223 A

138 268 290 300 Instrut‘tus
301 270 334 299 ab
350 270 439 306 aliqua
451 280 486 298 re.
518 268 575 297 Cic.
594 269 622 296 in
635 269 710 298 Biut.
729 272 789 299 161.
832 270 866 299 Ut
879 279 912 299 eo
930 271 997 300 nihil
1013 271 1097 300 senne
1113 273 1257 311 quisquam

161 307 377 375 adfileretpoffess
398 307 447 336 nisi
463 308 510 344 qui
525 317 540 335 a
555 306 729 344 philosophia
741 329 749 342 ,
777 318 792 336 a
803 308 862 342 jure
877 309 968 344 civili,
996 308 1029 337 ab
1046 309 1153 339 historia
1171 313 1260 341 iuiil‘et

159 356 187 375 iii
213 356 258 374 rut
272 355 321 374 ior.

141 383 263 414 Invictus
281 393 297 411 a
309 382 411 411 labore.
452 381 509 410 Cic.
528 390 550 409 1.
567 380 623 409 Off.
639 384 683 412 68.
715 381 779 410 Nori
796 382 833 411 cst
845 388 937 412 :uitem
952 384 1166 413 consentaneum
1180 407 1187 419 ,
1214 387 1259 421 qui

161 427 237 449 metu
255 430 311 448 non
324 420 480 455 frangatur,
503 427 567 447 eum
582 418 667 455 frangi
685 419 852 456 cupiditate:
881 431 932 450 nec
951 423 997 458 qui
1011 423 1144 451 invidum
1160 422 1185 451 se
1200 433 1214 451 a
1226 422 1263 451 la-

163 457 228 486 bore
247 458 418 495 praestiterit,
439 456 541 485 vincia
553 455 705 491 voluptate.

144 495 240 524 Versus
254 517 262 529 ,
294 494 340 524 seu
359 504 408 531 pro
427 503 460 522 eo
479 493 555 530 quod
578 493 661 528 vulgo
680 493 720 522 De
738 500 813 531 parte
831 494 958 524 dicimus.
1000 495 1057 525 Cic.
1075 497 1109 525 ad
1128 497 1200 526 Brut.
1221 507 1261 526 ιο.

162 533 268 562 Firmos
283 533 399 561 omnino
419 533 445 560 ἃ
464 531 549 560 duces
564 530 697 559 habemus
711 530 745 559 ab
761 531 917 560 Occidente
928 555 935 567 ,
963 535 989 561 ἐξ
1003 535 1148 562 exercitufe.
1190 534 1264 563 Diei-

163 577 208 599 tur
223 572 249 600 Sc
266 570 286 598 A
298 576 393 608 parte,
414 579 464 606 pro
476 568 585 597 eodem.
625 568 692 597 Plin.
708 568 755 598 lib.
769 578 808 604 13.
824 579 883 598 cai.
896 580 938 602 ες.
966 570 1161 600 Laudatiiliino
1177 581 1190 599 a
1207 581 1265 608 par-

162 613 191 636 te
207 607 358 644 Aquilonis.
399 607 478 636 ldem
495 606 540 634 lib.
566 616 606 635 12.
627 616 685 643 cup.
702 616 743 640 ις.
784 579 900 644 Alyrriia‘
913 609 1019 637 caudex
1036 608 1160 642 crailior,
1183 619 1264 645 quam

163 646 272 680 thuris,
301 646 327 674 S<
346 645 379 674 ab
399 644 491 673 radice
511 644 613 677 etiam,
643 654 725 680 quam
743 643 847 680 reliqua
863 644 900 672 sui
923 653 1005 681 parte.
1048 647 1105 675 Cic.
1125 656 1145 674 1.
1168 646 1202 675 de
1221 646 1266 674 l)i-

163 685 220 713 vin.
236 693 277 712 12.
303 683 390 719 Quod
403 681 520 710 faciebat
530 683 613 710 etiam
627 681 759 710 Pan-etius
770 703 777 715 ,
800 682 948 719 requirens,
961 684 1068 721 Jupiter
1079 694 1114 712 ne
1126 684 1266 712 cornicem

167 731 183 750 a
194 720 278 756 laeva,
300 730 414 750 corvum
425 730 440 748 a
453 721 549 748 dextra
566 729 663 748 canere
676 718 807 754 juisill'et'?

147 760 167 789 A
179 760 205 788 Sc
217 758 256 787 Ab
275 758 477 787 transferuntur
494 758 528 785 ad
544 757 712 794 principium
729 756 783 785 loci
799 778 807 791 ,
834 756 876 785 vel
894 759 1042 795 temporis,
1063 758 1098 787 ad
1117 757 1268 793 significan-

166 797 236 826 dum
254 796 495 825 continuationem
513 805 528 823 a
543 795 606 823 loco
618 816 626 828 ,
653 794 697 823 vel
712 800 846 831 tempore.
880 794 946 823 Loci
963 795 1104 833 sequentia
1117 794 1194 829 sunt,
1221 801 1269 824 aut

167 841 215 864 tan
235 843 299 862 uam
313 833 407 863 localis
422 839 521 862 motus.
552 832 623 868 Virg.
639 842 662 860 2.
680 832 742 861 Ain.
757 841 820 866 254.

244 878 255 900 t
266 873 320 907 jam
333 872 429 909 Argiva
440 870 560 909 phalanx
575 870 710 898 instructis
724 869 838 898 navibus
850 870 915 905 ibat,

145 911 169 941 A
185 909 307 939 Gadibus
323 910 349 938 se
368 910 479 939 ducere.
510 907 542 936 V.
563 917 668 936 Duco.
709 906 799 936 Tacit.
814 917 840 937 2.
857 909 926 936 Ann.
947 919 990 937 20.

166 947 292 985 Canopo.

147 985 188 1016 Ab
203 986 283 1014 initio
310 985 378 1021 [ἀπ’
391 983 478 1020 iamir,
498 981 613 1019 ἆοχῧθεν]
639 982 696 1011 Cic.
716 981 750 1010 ad
770 980 843 1011 Brut.
859 992 900 1011 ιο.
939 983 970 1012 V.
991 984 1159 1012 luia-ium.

148 1024 170 1053 A
185 1023 260 1052 calce
273 1023 309 1052 ad
322 1031 442 1051 carceres
455 1031 460 1049 :
483 1020 511 1049 id
526 1019 564 1049 est
575 1042 583 1055 ,
604 1020 625 1048 A
640 1020 695 1048 fine
712 1020 745 1048 ad
758 1020 935 1057 principium.
977 1022 1033 1050 Cic.
1051 1022 1085 1050 de
1101 1022 1209 1050 Seneet.
1223 1026 1267 1055 83.

171 1061 232 1090 Nec
249 1071 315 1090 vero
337 1059 421 1089 velim
445 1057 517 1096 quasi
538 1057 652 1086 decurso
672 1058 758 1096 spatio
770 1079 778 1093 ,
814 1068 830 1086 a
849 1057 924 1086 calce
943 1059 978 1087 ud
996 1069 1117 1088 carceres
1138 1059 1268 1087 revocari.

167 1099 232 1129 1100
243 1099 298 1134 est,
319 1098 340 1127 A
357 1097 432 1126 sciiio
446 1096 479 1125 ad
494 1095 650 1133 pueritiam.

151 1138 173 1168 A
184 1137 287 1166 vertice
301 1136 336 1165 ad
346 1135 416 1163 imos
425 1133 495 1163 talos
504 1155 511 1167 ,
529 1133 564 1161 ad
576 1134 646 1162 iiiios
656 1142 762 1170 ungues
774 1143 781 1168 3
803 1133 880 1162 idem
893 1133 939 1168 est,
956 1135 1033 1170 quod
1045 1136 1066 1165 A
1081 1135 1172 1173 capite
1184 1143 1272 1171 usque

169 1175 206 1204 ad
217 1174 342 1204 calcem„
357 1172 424 1201 Hor.
438 1181 463 1200 2.
481 1171 563 1208 Epist.
576 1181 602 1199 2.
616 1183 642 1205 4·

229 1210 385 1244 Candidus,
411 1211 437 1239 ἃ
453 1208 522 1238 talos
532 1218 547 1237 a
562 1210 664 1237 vertice
683 1206 800 1246 pulcher
815 1208 850 1238 ad
864 1209 942 1238 imos.

152 1250 173 1281 A
189 1250 278 1287 capite
292 1257 380 1285 usque
396 1247 431 1276 ad
441 1245 547 1276 calcem
557 1268 565 1281 ‚
588 1247 616 1275 id
627 1246 682 1280 est,
703 1245 826 1275 Totum:
855 1257 1074 1291 nonnunquam,
1093 1248 1133 1278 Ab
1144 1246 1224 1277 initio
1238 1245 1273 1276 ad

170 1287 271 1317 finem:
299 1285 439 1314 interdum
451 1306 458 1320 ‚
480 1284 500 1313 A
516 1283 624 1313 summo
634 1284 669 1313 ad
682 1284 778 1313 imum.
800 1284 887 1313 l’laut.
901 1285 929 1313 in
941 1286 1018 1323 Epiri.
1033 1297 1056 1318 ς.
1074 1296 1095 1315 1.
1117 1291 1158 1315 16.
1181 1285 1274 1322 Usque

171 1324 205 1356 ab
219 1323 372 1361 unguiculo
386 1323 421 1352 ad
435 1321 567 1360 capillum
582 1321 720 1350 summum
738 1322 777 1351 est
794 1322 976 1352 festiviiliima.
1018 1323 1173 1361 l’lerunque
1188 1323 1273 1352 etiam

171 1363 193 1392 A
204 1363 294 1400 capite
302 1384 310 1397 ,
327 1361 357 1390 id
368 1359 500 1397 significat
509 1361 585 1397 quod
597 1362 618 1389 A
630 1359 772 1397 praecipuo
782 1366 877 1389 autore
885 1382 892 1395 ,
915 1361 933 1389 A
945 1361 1022 1390 sonte
1031 1384 1039 1396 ,
1064 1361 1104 1390 Ab
1114 1361 1229 1398 origine.

150 1400 192 1431 Ab
204 1406 337 1430 extremo.
364 1397 422 1428 Liv.
437 1408 458 1427 1.
472 1403 517 1431 28.
539 1397 579 1427 Ab
591 1405 715 1426 extremo
727 1398 777 1426 orii
786 1420 794 1432 ,
816 1398 918 1434 primos
929 1400 1054 1429 excivere
1065 1398 1193 1428 Albanos.

152 1439 174 1468 A
189 1438 382 1467 fundamento.
423 1435 508 1465 Plaut.
526 1435 599 1464 Rud.
619 1445 644 1465 2.
665 1441 690 1465 6.
712 1446 754 1471 55.
797 1435 854 1472 Qui
872 1446 887 1464 a
905 1436 1087 1466 fundamento
1102 1436 1172 1466 mihi
1186 1445 1274 1474 usque

170 1475 279 1505 movisti
291 1485 375 1504 mare.
414 1473 482 1508 Pro,
503 1473 633 1502 Afundo.

152 1514 175 1544 A
185 1514 282 1544 fundo.
307 1513 379 1550 Virg.
391 1521 416 1540 2.
435 1511 495 1541 AEn.
509 1521 573 1547 419.

264 1564 302 1570 —
310 1552 332 1580 A
343 1559 396 1587 que
406 1550 462 1578 imo
473 1549 580 1579 Nereus
596 1549 652 1578 ciet
664 1557 772 1586 aequora
783 1548 881 1578 fundo.

153 1590 194 1621 Ab
206 1589 312 1619 infimo.
335 1587 422 1618 Plaut.
435 1587 546 1617 Mostel.
559 1597 582 1624 3.
597 1596 621 1616 2.
639 1593 682 1624 38.

154 1628 195 1658 Ab
215 1626 314 1657 humili
335 1626 372 1656 ad
389 1625 537 1655 summum.
587 1624 646 1654 Cic.
666 1635 691 1653 2..
711 1623 792 1653 Tusc.
815 1635 838 1660 5.

173 1665 233 1695 laus
245 1665 283 1694 ita
294 1665 377 1694 ducta
388 1663 421 1693 ab
433 1661 533 1692 humili
543 1663 621 1692 venit
630 1663 664 1692 ad
674 1662 820 1691 summum.

156 1704 196 1734 Ab
210 1713 249 1733 un
269 1702 350 1732 uibus
362 1702 501 1739 incipere,
523 1700 577 1729 hoc
593 1701 647 1736 est,
675 1701 696 1730 A
707 1699 862 1734 leviffimis,
890 1698 1060 1737 minimeque
1077 1701 1111 1730 ad
1123 1709 1182 1729 rem
1193 1698 1276 1738 perti-

173 1742 253 1771 nenti
274 1751 314 1770 us.
335 1741 414 1775 cuius
426 1739 611 1775 contrarium,
633 1740 654 1768 A
665 1738 755 1775 capite
766 1738 896 1776 incipere.
926 1738 1016 1775 Caput
1026 1738 1101 1766 enim
1112 1738 1151 1767 rei
1163 1738 1273 1772 dicitur,

173 1779 252 1817 quod
269 1778 307 1808 est
322 1778 395 1807 illius
414 1777 595 1815 praecipuum.
636 1776 677 1806 Ei:
695 1775 801 1805 Basilio.
842 1775 881 1804 Ab
900 1776 961 1804 iniis
980 1775 1118 1813 unguibus
1138 1786 1224 1813 usque
1240 1777 1276 1805 ad

173 1817 307 1847 verticem
319 1816 466 1845 summum.
505 1814 564 1843 Cic.
577 1824 628 1852 pro
639 1813 718 1843 Rosc.
733 1814 812 1842 Com.
825 1822 869 1842 20.
902 1813 1005 1842 Nonne
1017 1813 1049 1842 ab
1063 1814 1125 1842 imis
1136 1814 1275 1851 unguibus

173 1864 263 1892 usque
277 1854 312 1883 ad
324 1854 457 1883 verticem
471 1852 610 1881 summum
631 1858 635 1878 i
650 1852 723 1888 liqna
733 1852 921 1887 conjecturam
931 1851 1009 1880 affert
1021 1851 1180 1880 hominibus
1193 1852 1276 1881 tacita

174 1893 299 1931 corporis
308 1891 413 1929 figura)
436 1900 470 1919 ex
481 1890 577 1919 fraude
587 1910 595 1925 ‚
615 1888 729 1919 failaciis
737 1912 745 1923 ,
767 1889 918 1918 mendaciis
929 1890 1050 1918 constare
1061 1896 1136 1919 totus
1146 1890 1254 1919 videtur
1262 1891 1275 1918 ἲ

173 1931 208 1961 Id
218 1931 271 1965 est,
291 1929 331 1959 Ab
342 1929 482 1966 unguibus
492 1928 597 1966 pedum
607 1950 615 1962 ,
637 1930 663 1957 ὅς
673 1934 703 1956 ur
715 1928 771 1956 dici
782 1926 867 1961 solet,
890 1928 909 1955 A
922 1926 1015 1964 planta
1027 1927 1115 1964 pedis.

155 1969 260 2000 Alinea
268 1968 391 2005 incipere
404 1967 551 2001 dicuntur,
571 1966 617 2003 qui
633 1966 666 1994 ab
682 1965 740 2003 ipso
753 1965 917 1994 reiexordio
929 1965 1040 1993 sumunt
1050 1965 1168 1994 initium.
1197 1965 1276 1994 Sum-

174 2013 224 2046 pta
236 2006 275 2035 est
289 2005 452 2043 metaphora
468 2004 502 2033 ab
518 2003 560 2033 'nis
570 2026 579 2038 ,
606 2004 652 2041 qui
672 2002 750 2032 cursu
768 2008 875 2031 certant
889 2003 918 2031 in
933 2003 1031 2031 stadiis.
1073 2003 1146 2032 Nain
1157 2002 1189 2032 iis
1203 2003 1277 2032 linea

175 2044 304 2082 quaedam
315 2044 441 2078 ducitur,
463 2042 497 2071 ad
516 2047 598 2079 quarn
613 2051 647 2070 ey
662 2051 741 2077 {equo
757 2041 843 2075 stent,
865 2039 955 2069 donec
971 2041 1099 2069 currendi
1113 2040 1220 2078 signum
1234 2049 1278 2070 ac-

175 2083 288 2120 cipiant.
328 2081 402 2111 Hinc
420 2080 457 2109 est
472 2079 543 2109 illud
555 2078 672 2109 Tertull.
691 2079 738 2108 lib.
753 2089 774 2108 1.
804 2078 930 2108 adversus
944 2078 1115 2107 Marcionem
1126 2101 1133 2113 ,
1158 2079 1212 2115 Age
1228 2078 1277 2113 ici-

175 2126 221 2150 tur
231 2120 265 2149 ad
276 2119 362 2148 lineas
375 2117 462 2148 rursus
475 2119 501 2148 &
512 2118 546 2146 ad
557 2118 681 2155 gradum.
710 2117 751 2146 Ad
763 2116 848 2145 lineas
859 2117 945 2152 dixi-t,
965 2126 1015 2153 pro
1025 2126 1058 2145 eo
1074 2117 1149 2153 quod
1159 2118 1213 2151 est,
1236 2108 1276 2145 Ab

173 2159 292 2195 integro.
333 2157 458 2186 Eandem
472 2155 556 2185 habet
570 2155 734 2184 sententiam
752 2156 778 2184 δε
794 2154 880 2189 illud,
902 2155 922 2183 A
935 2154 1106 2189 carceribu83
1134 2155 1278 2191 metapho-

176 2206 206 2226 ra
220 2196 315 2232 utique
327 2194 436 2233 sumpta
451 2204 466 2223 a
478 2193 584 2227 stadiis,
604 2194 634 2222 in
650 2193 750 2230 quibus
760 2191 888 2221 Carceres
904 2199 982 2221 crant
996 2191 1125 2230 repagula
1140 2192 1275 2229 quaedam,

178 2233 254 2265 unde
269 2233 362 2262 cursus
379 2233 490 2261 initium
508 2232 702 2269 quadrigarum
719 2230 864 2268 agitatores
879 2229 1032 2259 sumebant.
1073 2230 1168 2267 ltaque
1188 2231 1208 2259 A
1222 2240 1278 2259 car-

177 2281 241 2302 cere
251 2294 259 2307 ,
280 2278 328 2300 aut
337 2271 358 2300 A
370 2270 524 2300 carceribus
534 2291 542 2304 ,
563 2269 592 2298 id
604 2268 750 2306 fignificat,
770 2268 847 2306 quod
859 2268 897 2297 Ab
909 2268 966 2306 ipso
978 2269 1017 2296 rei
1026 2266 1174 2305 principio.

158 2312 182 2341 A
194 2319 271 2340 remo
286 2309 322 2338 ad
333 2307 471 2343 tribunal,
493 2308 548 2336 dici
559 2306 669 2336 solitum
680 2329 688 2341 ,
716 2307 765 2335 ubi
782 2307 842 2343 quis
857 2312 972 2343 repente
988 2305 1021 2335 ab
1035 2305 1130 2334 infima
1141 2304 1279 2334 conditio-

178 2358 214 2378 ne
229 2348 390 2385 provehitur
404 2346 440 2376 ad
455 2345 563 2375 honesti
577 2345 700 2374 muneris
714 2344 986 2373 administrationem.
1026 2343 1067 2373 Ex
1082 2344 1196 2381 syriano
1211 2343 1280 2373 Her-

177 2386 304 2423 mogenis
316 2386 467 2422 interprete
480 2384 515 2413 de
526 2383 652 2413 Demade
667 2382 792 2412 Oratore.

159 2424 181 2455 A
195 2430 267 2453 terra
281 2423 316 2452 ad
335 2422 434 2452 caelum
450 2421 616 2460 percontari.
656 2420 742 2449 Plaut.
762 2421 790 2449 in
808 2419 875 2449 Pers.
896 2431 922 2455 4.
942 2431 968 2455 4.
991 2431 1033 2456 54.
1069 2419 1194 2457 Hospes.
1213 2415 1280 2448 volo

177 2472 230 2500 ego
240 2461 313 2490 hanc
323 2459 489 2499 percontari.
511 2460 537 2489 S.
555 2468 571 2488 a
585 2466 657 2488 terra
671 2459 706 2487 ad
721 2458 822 2487 caelum
837 2459 905 2496 quid
920 2457 1006 2515 luQ.
1028 2459 1046 2487 i.
1057 2468 1080 2488 e.
1105 2458 1280 2495 Qiacunque

178 2500 214 2529 de
226 2509 254 2528 re
267 2498 301 2528 ab
314 2499 396 2527 initio
408 2507 496 2535 usque
511 2497 545 2526 ad
556 2495 716 2535 supremum
726 2496 819 2525 finem.

161 2538 182 2568 A
192 2537 286 2567 labore
297 2537 332 2566 ad
342 2536 499 2565 libidinem.
538 2534 602 2564 Ter.
615 2535 684 2563 And.
701 2544 722 2563 1.
740 2544 762 2563 1.
778 2544 819 2568 50.
856 2533 898 2562 Ita
907 2540 937 2564 ut
948 2533 1092 2571 ingenium
1103 2533 1142 2562 est
1153 2532 1281 2562 omnium

181 2575 329 2605 hominum
344 2585 359 2603 a
371 2573 466 2603 >labore
479 2572 603 2611 proclive
617 2572 652 2601 ad
668 2571 823 2601 libidinem.
952 2601 957 2605 ζ

163 2613 185 2644 A
200 2612 323 2642 millibus
336 2611 461 2650 passuum
471 2632 480 2646 ,
500 2620 550 2649 pro
565 2609 722 2640 Intervallo.
764 2609 829 2639 Caes.
844 2620 867 2643 ς.
884 2608 951 2638 Bell.
971 2609 1041 2638 Gall.
1056 2619 1099 2646 32.
1141 2609 1284 2646 Opportu-

181 2661 219 2683 no
232 2658 314 2688 atque
323 2649 436 2680 occulto
446 2649 519 2683 loco,
535 2659 550 2677 a
559 2648 681 2677 millibus
714 2647 818 2677 asliiuni
829 2647 936 2676 circiter
945 2647 1071 2683 duobus,
1092 2647 1284 2676 Romanorum

181 2689 334 2718 adventum
358 2687 549 2725 expectabant.
597 2686 666 2719 Pro,
712 2685 845 2715 ntervallo
865 2685 983 2714 duorum
1004 2685 1124 2714 millium
1146 2684 1280 2722 passuum.

180 2726 260 2757 Idem
272 2730 297 2756 6.
312 2729 337 2756 6.
364 2725 458 2755 Positis
468 2724 557 2754 castris
571 2723 718 2753 aniillibus
726 2723 853 2762 paisuum
865 2723 1025 2760 quindecim
1034 2745 1042 2759 ,
1060 2722 1162 2752 auxilia
1173 2723 1285 2751 Germa-

181 2774 282 2794 norum
292 2765 437 2802 expectare
451 2763 631 2792 constituunt.

163 2802 187 2832 A
199 2802 320 2839 vestigio.
366 2801 436 2831 Plin.
455 2799 503 2829 lib.
521 2810 546 2837 7.
569 2810 629 2838 cap.
649 2809 690 2836 17.
732 2798 818 2834 Quod
835 2798 866 2827 sit
885 2798 1030 2827 hominum
1045 2796 1163 2836 spatium
1176 2807 1192 2826 a
1205 2797 1284 2827 vesti-

201 2841 228 2869 io
242 2840 277 2869 ad
284 2839 416 2869 verticem
426 2861 434 2875 ‚
456 2839 486 2867 id
496 2838 564 2875 effe,
583 2837 663 2876 passis
675 2837 802 2866 manibus
811 2859 818 2872 ,
835 2837 906 2865 inter
915 2836 1085 2874 longillimos
1098 2835 1214 2873 digitos,
1236 2836 1284 2864 ob-

195 2884 317 2907 ervatum
329 2878 375 2907 est.

166 2915 188 2945 A
203 2915 295 2944 fronte
313 2917 340 2945 St
357 2926 373 2945 a
386 2922 473 2953 tergo.
522 2914 580 2944 Cic.
601 2922 624 2950 3.
645 2911 745 2950 Philip.
762 2921 805 2948 32.
846 2913 866 2941 A
880 2918 959 2949 tergo
970 2934 978 2946 ,
1001 2922 1016 2940 a
1031 2912 1139 2947 fronte,
1169 2922 1184 2941 a
1195 2911 1285 2941 lateri-

183 2953 236 2984 bus
251 2959 370 2982 tenetur.
396 2953 426 2982 id
437 2953 492 2988 est,
519 2951 659 2988 Undique.
700 2949 757 2979 Liv.
775 2960 819 2987 27.
835 2961 879 2985 49.
910 2950 950 2979 lta
963 2959 997 2978 ex
1014 2949 1144 2979 omnibus
1159 2950 1284 2988 panibus

182 3001 198 3020 a
209 2991 316 3026 fronte,
337 3001 353 3020 a
362 2990 462 3026 latere,
483 3000 498 3019 a
507 2996 584 3027 tergo
597 2988 771 3018 trucidantur
782 2987 904 3025 Hispanff.

163 3029 187 3060 A
201 3029 292 3058 fronte
306 3029 331 3058 Sc
345 3039 361 3058 a
375 3034 453 3066 tergo
469 3028 579 3062 videre3
610 3027 665 3057 hoc
679 3026 716 3055 est
727 3048 734 3061 ,
760 3025 915 3063 Diligenter
930 3024 1080 3062 inspicere,
1107 3027 1133 3056 St
1147 3026 1284 3064 praeterita

183 3076 249 3096 curri
261 3066 439 3105 praesentibus
451 3075 482 3096 ac
497 3065 594 3095 futuris
610 3064 745 3094 conferre.
785 3063 893 3093 Eodem
905 3061 981 3092 sensu
995 3063 1114 3093 dicimus
1124 3085 1132 3099 ‚
1161 3064 1183 3093 A
1194 3064 1284 3092 fronoe

182 3104 300 3135 simul&
311 3104 452 3142 occipitio
479 3103 520 3133 Ex
534 3104 667 3133 Homero.

163 3143 186 3174 A
196 3143 288 3172 fronte
305 3143 489 3180 praecipitium
499 3164 508 3177 ,
531 3152 546 3170 a
560 3147 638 3177 tergo
652 3139 713 3177 lupi
725 3149 731 3169 :
764 3138 836 3168 Cum
848 3138 944 3177 aliquis
956 3137 1022 3167 hinc
1038 3144 1119 3175 atque
1135 3137 1202 3168 hinc
1216 3138 1285 3167 duo-

182 3179 237 3247 <lius
251 3180 378 3247 maximis
395 3180 530 3218 premitur
548 3178 628 3208 malis
641 3199 649 3213 ,
678 3183 710 3207 ut
725 3179 755 3206 in
769 3184 976 3214 utrumcunque
990 3175 1138 3212 inciderit,
1168 3187 1285 3215 pereun-

203 3227 251 3247 um
278 3223 307 3247 it.

164 3256 187 3286 A
197 3257 310 3294 pectore
321 3254 465 3285 denudari.
502 3254 561 3284 Cic.
577 3265 600 3290 ς.
617 3253 692 3283 Verr.
706 3262 749 3291 32.
774 3253 819 3283 Ne
828 3252 986 3282 denudetur
995 3261 1010 3280 a
1020 3253 1133 3290 pectore
1141 3272 1149 3287 ,
1168 3260 1204 3281 ne
1215 3250 1286 3281 cica-

183 3295 266 3323 trices
281 3293 347 3331 Pop.
361 3293 503 3322 Romanus
516 3292 636 3331 aspiciat.

164 3331 206 3362 Ab
218 3331 346 3361 exteriori
358 3338 434 3369 parte
444 3331 518 3360 laevis
529 3340 627 3360 uncus.
655 3329 725 3360 Cels.
739 3329 786 3358 lib.
799 3338 824 3365 7.
839 3339 898 3366 cap.
908 3331 952 3357 26.

165 3370 188 3400 A
198 3369 294 3399 limine
312 3369 469 3407 disciplinas
484 3367 614 3398 salutare:
644 3367 699 3397 hoc
710 3368 765 3402 est,
792 3367 844 3396 Eas
858 3364 954 3395 leviter
970 3366 1103 3401 attingere
1113 3386 1120 3399 ,
1149 3364 1175 3394 8.-
1189 3374 1285 3393 earum

183 3407 270 3436 modo
286 3408 444 3437 rudimenta
462 3406 620 3444 degustare,
647 3415 705 3435 non
720 3406 804 3435 etiam
819 3403 899 3434 valde
917 3404 1076 3433 diuturnam
1095 3408 1177 3439 atque
1191 3402 1286 3440 prasci-

184 3455 270 3483 puam
283 3452 395 3483 operam
411 3445 450 3474 eis
463 3444 635 3482 impendere.
665 3444 729 3474 Seri.
742 3443 825 3482 Epist.
837 3453 882 3478 49.

166 3482 242 3512 Avel
258 3483 315 3518 Ab,
338 3492 390 3520 pro
404 3484 425 3512 A
440 3489 535 3521 parte,
560 3482 614 3511 sive
628 3481 669 3510 Ex
680 3487 767 3519 parte.
807 3480 864 3510 Liv,
881 3489 903 3508 1.
923 3488 963 3508 12.
999 3477 1139 3515 Principes
1153 3478 1283 3513 uti-inque

206 3531 308 3558 ugnam
325 3520 459 3550 ciebant:
494 3520 528 3549 ab
547 3519 655 3549 Sabinis
674 3519 782 3549 Mettus
808 3517 938 3547 Curtius:
973 3516 1007 3545 ab
1026 3515 1159 3545 Romanis
1184 3515 1283 3544 Hostus

211 3558 325 3588 ostilius.
371 3558 506 3595 Idem30.
530 3567 573 3593 33.
613 3557 654 3586 Ab
672 3555 805 3586 Romanis
826 3555 900 3585 tubae
929 3563 1087 3590 cornuaque
1110 3553 1280 3582 cecinerunt.

182 3596 262 3627 Idem
273 3595 356 3634 paulo
366 3597 441 3634 post,
463 3595 503 3625 Ab
516 3594 698 3632 antesignanis
706 3594 764 3633 pila
775 3603 834 3624 non
847 3591 992 3622 cessabant.
1025 3591 1057 3621 Id
1070 3591 1123 3626 est,
1147 3592 1213 3621 Non
1229 3590 1284 3619 ces-

182 3632 277 3664 sabant
287 3634 455 3672 antesignani
470 3633 527 3672 pila
536 3633 658 3669 jaculari.

164 3670 187 3701 A
201 3671 246 3701 vel
260 3671 300 3701 Ab
315 3681 516 3709 nonnunquam
529 3671 644 3709 ponitur
656 3680 707 3708 pro
721 3667 825 3700 Gallica
838 3667 1030 3706 praepositione
1043 3673 1090 3701 par
1099 3689 1107 3701 ,
1134 3664 1283 3704 praesertim

183 3708 232 3738 ubi
247 3718 289 3739 res
304 3709 469 3747 significatur
486 3709 562 3738 unde
578 3708 646 3746 quid
662 3708 795 3746 incipiat:
827 3712 875 3741 iit,
904 3706 925 3734 A
940 3704 1039 3741 frigore
1056 3701 1125 3733 solet
1139 3704 1221 3733 febris
1241 3704 1283 3732 in-

183 3747 284 3785 cipere.
323 3748 346 3777 A
360 3755 430 3786 potu
448 3747 561 3785 quidam
576 3747 726 3784 prandium
744 3744 891 3782 incipiunt.
930 3742 1000 3772 Plin.
1018 3740 1066 3770 lib.
1085 3750 1110 3779 7.
1131 3742 1161 3771 in
1176 3741 1279 3780 praefat.

183 3783 205 3814 A
218 3784 267 3822 sup
300 3786 360 3815 iciis
373 3785 458 3815 vitam
471 3784 624 3823 auspicatur
638 3783 739 3813 animal
751 3783 855 3812 caeteris
867 3782 1073 3818 imperaturum.

164 3821 241 3852 Avel
254 3795 309 3859 Alb,
333 3833 398 3852 cum
414 3823 475 3852 casu
489 3821 660 3860 poffefforis.
686 3820 833 3859 possessum
848 3817 1023 3848 domicilium
1035 3816 1175 3854 significat.
1216 3816 1280 3846 Ter.

182 3859 254 3889 And.
271 3871 297 3896 4.
320 3871 344 3896 5.
364 3871 405 3897 ις.
435 3860 517 3890 Unde
530 3860 591 3889 est‘?
621 3860 667 3888 dic
684 3859 765 3888 clare.
787 3868 844 3887 MY.
872 3867 888 3886 a
905 3856 992 3885 vobis.
1030 3854 1062 3884 Id
1079 3855 1134 3889 est,
1162 3855 1184 3884 A
1197 3855 1282 3883 domo

182 3897 277 3927 vestra.
324 3898 395 3928 Ibid.
414 3908 436 3927 1.
459 3907 482 3935 3.
501 3908 546 3927 22.
579 3897 635 3926 Sed
655 3896 739 3934 Mysis
758 3896 791 3926 ab
808 3906 840 3924 ea
857 3893 1004 3933 egreditur.
1041 3892 1107 3927 Sic,
1135 3891 1156 3921 A
1173 3901 1234 3928 me,
1262 3892 1283 3920 A

182 3935 289 3971 milite,
313 3935 336 3965 A
352 3934 497 3974 Glycerio,
525 3935 599 3973 apud
621 3935 752 3963 eundem.
792 3933 878 3963 Plaut.
899 3930 991 3960 Cistel.
1005 3941 1031 3966 4.
1052 3940 1074 3959 1.
1092 3934 1118 3958 6.
1158 3930 1226 3959 Haec
1247 3928 1285 3958 ci-

181 3973 258 4040 {ltella
277 3983 412 4041 nussiiam
431 3974 498 4004 hinc
518 3983 534 4003 a
555 3972 637 4002 nobis
657 3972 744 4002 domo
764 3971 803 4001 est
816 3971 830 4000 ἱ)
868 3970 919 4000 Pro
939 3978 973 3998 eo
992 3966 1069 4006 quod
1087 3968 1141 4003 est,
1173 3967 1213 3997 Ab
1233 3966 1285 3996 hac

204 4020 268 4040 omo
284 4020 322 4040 no
345 4022 382 4041 ra.

207 4047 290 4078 Voi..
310 4049 332 4078 Ι.

994 873 1015 901 A
1027 870 1154 900 Tenedo.

1032 907 1116 938 Orsus
1131 907 1237 945 oppido
1254 917 1270 935 a

960 1549 1072 1586 Legitur
1081 1550 1107 1580 ἃ
1122 1551 1218 1587 Atque.

879 1624 967 1662 Atque
992 1625 1142 1654 Oratorum
1160 1624 1275 1662 quidem

1786 197 1813 233 A
1889 199 1912 233 B
2439 217 2456 249 3

1351 275 1368 304 A
1385 284 1427 305 nie
1438 299 1445 312 ‚
1467 287 1516 314 pro
1534 274 1549 306 A
1565 287 1625 306 mea
1640 276 1712 308 villa.
1754 278 1812 308 Cic.
1832 279 1866 307 de
1881 279 1987 308 Sene-(t.
2010 289 2050 313 55.
2079 279 2164 315 Cuius
2176 281 2288 316 quidem
2304 291 2355 319 ego
2369 283 2462 314 villam

1368 315 1558 352 conieniplans
1569 338 1576 348 ,
1603 315 1675 344 abest
1691 317 1765 346 enini
1783 326 1838 344 non
1854 316 1935 353 longe
1950 327 1965 344 a
1979 326 2039 351 me,
2067 318 2192 346 admirari
2202 318 2261 347 satis
2278 329 2333 348 non
2346 322 2460 356 polium.

1370 349 1399 377 ld
1416 352 1469 383 eit.
1494 353 1569 394 Abest
1585 354 1658 381 enini
1671 364 1727 382 non
1741 354 1822 389 longe
1833 363 1916 382 uinea
1929 353 2000 382 villa.
2037 353 2100 383 Ter.
2116 355 2190 383 Adel.
2203 367 2226 390 5.
2242 365 2264 390 3.
2280 366 2304 385 2.
2330 358 2465 387 (iuisnuii

1370 397 1385 415 a
1398 397 1443 431 iiie
1460 390 1630 425 pepulitt.un
1649 392 1763 427 μηνίων
1777 392 1869 420 6ores?
1892 391 1984 425 idest,
2011 391 2102 426 Alcas,
2124 393 2161 421 ait
2172 392 2305 422 Donatus.
2338 385 2464 424 Al'ootio

1371 434 1403 451 et
1429 425 1577 468 li⁷ebiil.ii⁴i‹i
1594 428 1627 455 ad
1643 439 1656 455 v
1674 430 1712 458 ld.
1729 429 1804 458 Maii.
1835 429 1893 457 Cic.
1914 439 1936 462 ς.
1958 430 2008 457 Att.
2026 438 2049 463 3.
2073 430 2101 457 in
2118 430 2163 459 lin.
2183 430 2212 458 id
2227 431 2281 465 cst,
2305 431 2375 460 Cum
2384 432 2466 462 ell'eiii

1377 462 1450 497 apud
1464 462 1587 491 l'ontiuin
1602 465 1627 492 in
1641 466 1799 495 'l'rebulaiio
1812 466 1868 494 hzcc
1884 466 1981 503 scripii.

1358 497 1377 526 A
1397 502 1423 540 §e
1439 499 1476 541 Ab
1494 501 1651 530 nominibus
1671 504 1776 532 urbium
1799 504 1936 532 interdum
1958 511 2164 540 pra¹iionuiitur.
2211 504 2268 534 Cic.
2291 516 2312 534 1.
2339 506 2420 535 Acad.
2442 517 2463 536 1.

1378 536 1541 564 leintitiiuin
1555 536 1591 565 est
1603 540 1681 567 nobis
1698 552 1711 568 a
1724 542 1761 569 ai,
1779 541 1895 569 Varrone
1905 563 1913 576 ,
1933 540 2033 569 xeniilc
2048 550 2110 568 eum
2123 552 2137 569 a
2154 542 2240 570 Roma
2254 544 2340 579 pridie
2354 544 2465 581 vesperi.

1378 572 1439 601 lloe
1452 576 1487 601 eit
1501 595 1508 607 ,
1529 583 1585 616 non
1601 577 1703 617 etxripiii
1721 579 1786 607 urbe
1798 579 1883 607 Roiiizi
1894 601 1902 612 ,
1924 577 1968 606 sed
1991 585 2040 609 (ut
2054 578 2150 613 vulgus
2167 578 2287 615 loquitur
2304 591 2307 607 i
2329 581 2368 609 Ue
2383 592 2467 619 prope

1377 609 1517 652 Ruinam.⁴
1541 611 1718 655 Alioqui-non
1735 616 1801 644 solet
1819 617 1916 644 Cicero
1933 623 2035 644 tciiiei‘e
2054 616 2154 644 addere
2170 618 2389 653 pmpoiitioiieni
2409 629 2470 656 pro.

1378 657 1444 684 prus
1461 647 1567 690 urbium
1587 651 1753 680 nominibus.
1785 663 1873 689 neque
1889 653 1998 681 additur
2017 653 2044 680 iri
2066 652 2117 681 lioc
2136 653 2198 681 loco
2213 655 2296 682 niodo
2308 655 2417 684 laudato
2433 656 2470 685 l'e-

1379 685 1501 712 cundum
1520 685 1601 727 hditt.
1616 687 1744 723 vulgatus.
1788 690 1843 730 Cic.
1859 692 1910 719 Art.
1929 690 1974 719 lib.
1994 700 2015 724 ζ.
2046 689 2142 727 Neque
2155 692 2188 718 de
2201 690 2273 719 illius
2290 693 2471 728 itineiequie-

1377 731 1458 766 quani
1475 728 1540 750 certi
1559 722 1724 753 habebamus
1735 747 1743 758 ,
1769 727 1815 754 niii
1830 738 1893 755 euni
1909 728 1940 756 ab
1957 727 2060 764 llplieso
2077 734 2139 757 ante
2154 728 2293 764 aliquanto
2308 731 2469 766 proiectum.

1379 760 1436 787 Lic.
1452 769 1478 786 in
1492 758 1563 787 Verr.
1590 760 1660 788 Nam
1675 761 1771 790 Brutus
1787 763 1818 790 ab
1832 764 1916 792 lx'oiiia
1930 765 2028 794 aberat.

1360 797 1380 825 A
1394 796 1436 824 vel
1456 796 1511 838 Ab,
1534 797 1664 838 ‘iunctum
1680 808 1743 827 cum
1763 801 1874 828 nornine
1893 801 1944 829 loci
1960 824 1966 835 ,
1992 801 2111 831 incolam
2128 804 2187 836 eius
2205 802 2257 832 loci
2275 804 2404 841 significat
2445 808 2471 835 S:

1379 843 1428 871 pro
1440 834 1577 877 adjectivo
1590 835 1717 877 ponit-ur:
1741 843 1784 867 ut.
1802 836 1912 866 'l'iiriius
1926 839 1957 866 ab
1970 839 2070 873 Aricia,
2090 850 2139 877 pro
2151 842 2282 870 Aricinus.
2315 842 2369 871 Liv.
2384 828 2431 871 lili.
2448 853 2468 871 ι.

1381 870 1480 899 Coloni
1493 882 1508 899 a
1521 871 1636 899 l‘elitris.
1662 883 1678 900 i.
1691 883 1714 901 e.
1738 873 1876 902 Veliterni.
1902 874 1979 903 ldein
1994 876 2038 904 lib.
2050 882 2075 905 6.

1361 908 1508 944 Temporis
1523 908 1660 945 sequentia
1674 910 1752 938 sunt:

1361 946 1400 975 Ab
1413 945 1604 974 adolescentia.
1643 947 1700 988 Cic.
1714 947 1787 990 ²4¹⁶
1799 948 1856 990 sin.
1870 952 1913 983 96.
1943 949 2004 978 'l'ua
2015 961 2077 984 eight
2095 959 2137 980 me
2156 955 2180 981 δε
2196 963 2257 989 erga
2272 953 2473 992 pliilofiipliiain

1381 984 1523 1012 voluntate
1540 983 1571 1012 ab
1586 984 1769 1013 adoleicentia
1788 985 1860 1014 {ulte
1875 993 1916 1014 ›t;i.
1956 987 1999 1015 &it-
2013 987 2075 1016 Ter.
2095 989 2168 1017 Adel.
2186 1000 2206 1018 ι,
2228 1001 2247 1018 ι.
2265 997 2304 1019 ι(».
2342 992 2394 1025 lain
2409 993 2472 1022 inde

1380 1020 1413 1049 ab
1425 1020 1617 1050 adolescentia.
1660 1021 1698 1050 Ab
1713 1023 1826 1051 ineunte
1839 997 2028 1052 ailoleieentiu.
2056 1025 2111 1053 Cic.
2132 1035 2169 1059 ιζ.
2189 1027 2260 1056 fain.
2274 1038 2316 1056 22.
2335 1017 2377 1057 Al.
2406 1039 2409 1051 i
2427 1031 2474 1058 'ui-

1380 1058 1434 1087 lius
1448 1058 1564 1101 Aviaiius
1580 1057 1613 1087 ab
1628 1059 1741 1088 ineunte
1752 1060 1935 1089 adolescentia
1950 1070 1993 1089 me
2009 1061 2173 1097 observavit,
2193 1064 2350 1102 ieiiiperque
2365 1068 2433 1096 dne.
2443 1069 2471 1097 it.

1380 1096 1466 1125 Plaut.
1485 1096 1562 1124 Trin.
1579 1107 1603 1125 2.
1622 1106 1646 1125 2.
1669 1107 1713 1126 20.

1362 1134 1382 1163 A
1394 1133 1694 1177 primaadolescenti&
1711 1135 1768 1164 Cic.
1786 1145 1807 1164 1.
1826 1135 1899 1165 Fam.
1915 1145 1939 1170 9.
1964 1135 2062 1164 Refero
2078 1146 2120 1165 me
2132 1137 2164 1166 ad
2176 1138 2366 1169 mansuetiores
2377 1142 2474 1178 musas,

1383 1181 1442 1207 qua*
1454 1181 1497 1199 ine
1514 1181 1631 1200 niaxuiie
1643 1194 1651 1206 ,
1679 1174 1745 1201 licut
1760 1173 1814 1208 jain
1831 1184 1845 1201 a
1860 1172 1946 1210 prima
1957 1173 2138 1202 adole-lieentia
2149 1196 2156 1208 ,
2178 1175 2271 1204 deieci.
2285 1187 2354 1206 runt.

1363 1208 1405 1238 Ab
1417 1208 1631 1250 adolescentulo.
1675 1210 1732 1239 Cic.
1746 1220 1795 1247 pro
1814 1211 1912 1247 Quint.
1931 1220 1970 1238 12.
1997 1211 2067 1239 Nam
2083 1213 2128 1248 qui
2145 1211 2177 1240 ab
2192 1213 2392 1244 adolescentulo
2404 1228 2475 1253 qui:-

1383 1246 1452 1275 stum
1467 1246 1514 1274 libi
1531 1246 1682 1276 instituisset
1699 1248 1753 1276 sine
1770 1248 1921 1285 impendio.

1364 1284 1404 1314 Ab
1421 1285 1534 1313 ineunte
1554 1291 1639 1314 (etate.
1678 1284 1735 1314 Cic.
1751 1296 1800 1322 pro
1819 1285 1887 1321 Lege
1906 1284 2034 1318 Manilia,
2054 1285 2140 1322 princ.
2173 1286 2226 1316 Sed
2245 1291 2381 1319 nieasxita·
2396 1293 2475 1321 sitio.

1384 1331 1448 1356 nes,
1464 1321 1496 1350 ab
1511 1322 1624 1351 ineunte
1637 1329 1714 1352 aetate
1726 1322 1864 1360 susceptae,
1885 1323 2094 1361 prohibuerunt.

1364 1359 1386 1389 A
1396 1360 1487 1402 prima
1499 1368 1585 1389 atate.
1627 1360 1683 1389 Cic.
1700 1372 1725 1396 4.
1743 1361 1815 1389 Fani.
1830 1371 1855 1395 4.
1888 1361 1908 1389 A
1923 1361 2010 1398 prima
2021 1368 2098 1390 aetate
2111 1370 2154 1389 me
2165 1360 2255 1391 omnis
2265 1373 2305 1393 ars
2316 1367 2340 1392 ἃ
2354 1365 2476 1396 doctrina

1383 1396 1502 1426 liberalis
1512 1419 1520 1431 ,
1543 1400 1568 1426 Sc
1582 1399 1702 1427 maxime
1718 1398 1893 1436 philosophia
1905 1397 2059 1427 delectavit.

1364 1435 1386 1464 A
1399 1434 1552 1464 cunabulis.
1590 1435 1674 1465 l’laut.
1689 1436 1781 1465 l’seud.
1793 1446 1817 1465 2.
1830 1447 1855 1471 4.
1867 1441 1912 1471 48.
1935 1435 2012 1472 Quid
2023 1434 2112 1473 sapit?
2132 1445 2188 1465 eii.
2208 1447 2292 1474 usquc
2302 1448 2315 1466 a
2326 1439 2473 1471 cunabulis.

1387 1473 1437 1502 Pro
1453 1483 1486 1502 eo
1502 1473 1577 1509 quod
1593 1474 1631 1502 est
1643 1474 1681 1502 Ab
1694 1474 1815 1503 infantia.

1365 1509 1387 1541 A
1398 1511 1492 1548 primis
1507 1510 1659 1540 cunabulis.
1688 1511 1824 1541 Columel.
1838 1511 1884 1540 lib.
1902 1522 1924 1540 i.
1942 1521 2000 1549 cap.
2015 1520 2038 1546 3.
2080 1509 2110 1538 V.
2133 1520 2150 1538 o
2160 1520 2174 1538 r<
2184 1521 2191 1538 1
2202 1521 2248 1539 cr<
2258 1522 2328 1542 nus.

1364 1549 1404 1578 Ab
1417 1548 1590 1578 incunabilis.
1623 1548 1680 1578 Liv.
1694 1561 1719 1585 4.
1748 1549 1787 1578 Ab
1798 1549 1962 1579 incunabilis
1975 1548 2112 1578 imbutum
2126 1548 2192 1576 odio
2203 1548 2398 1581 Tribunorum.
2437 1553 2476 1582 Ab

1386 1586 1448 1624 i'plis
1464 1587 1577 1615 dicendi
1591 1585 1774 1616 incunabulis.
1816 1586 1934 1623 Quintil.
1948 1588 1977 1616 in
1988 1594 2105 1624 prooem.
2123 1584 2170 1615 lib.
2187 1596 2208 1614 1.

1365 1624 1405 1653 Ab
1419 1624 1531 1652 infante.
1570 1624 1706 1653 Columel.
1723 1624 1771 1653 lib.
1786 1634 1810 1660 3.
1829 1635 1888 1663 cap.
1905 1631 1929 1658 8.

1365 1662 1405 1691 Ab
1418 1662 1584 1704 infantibus,
1608 1662 1637 1690 id
1651 1663 1703 1698 est,
1724 1663 1744 1691 A
1758 1663 1857 1700 pueris.
1900 1661 1967 1691 Cels.
1979 1662 2027 1691 lib.
2041 1671 2066 1699 7.
2083 1670 2143 1699 cap.
2156 1670 2181 1697 7.
2199 1661 2219 1698 §.
2236 1671 2277 1697 ις.

1366 1700 1405 1729 Ab
1422 1700 1536 1728 inhintia
1548 1700 1644 1736 prima.
1685 1700 1773 1729 Tacit.
1792 1710 1813 1729 i.
1829 1701 1898 1729 iinn.
1909 1712 1936 1736 4.

1364 1737 1405 1766 Ab
1420 1737 1499 1766 initio
1516 1738 1611 1766 aetatis
1653 1737 1709 1767 Cic.
1724 1748 1750 1774 4.
1772 1737 1846 1767 Fam.
1868 1747 1890 1773 3.

1365 1775 1405 1804 Ab
1422 1776 1541 1811 juventa.
1583 1774 1639 1804 Liv.
1661 1781 1705 1805 26.
1728 1786 1768 1812 19.

1366 1814 1393 1858 ΑΓ
1421 1813 1612 1879 ειι·νᾹε,11ὀεω.
1642 1812 1700 1843 Cic.
1713 1823 1739 1843 2.
1755 1814 1789 1842 de
1798 1812 1890 1851 Legib.
1905 1822 1931 1850 9.
1960 1810 2079 1852 Aparvis
2088 1809 2172 1847 enim,
2188 1812 2310 1848 Quinte,
2325 1810 2479 1845 didicimus.

1412 1862 1448 1880 er.
1485 1859 1514 1879 m
1526 1873 1532 1879 .
1547 1860 1570 1885 3.
1589 1860 1612 1887 3.
1649 1873 1655 1880 .

1366 1887 1388 1918 A
1403 1888 1525 1926 parvulo.
1550 1888 1614 1917 Ter.
1626 1860 1702 1918 Adel.
1714 1898 1739 1918 2.
1755 1898 1777 1918 1.
1792 1898 1834 1923 23.
1858 1886 1947 1917 Eduxi
1959 1899 1975 1917 a
1985 1888 2115 1925 parvulo,
2132 1887 2232 1922 habui,
2251 1888 2338 1916 amavi
2348 1895 2398 1926 pro
2408 1899 2478 1920 meo.

1366 1927 1388 1956 A
1402 1925 1521 1964 parvulis
1535 1926 1645 1955 duritiei
1664 1926 1787 1956 &labori
1806 1926 1926 1957 student.
1961 1926 2025 1954 Caes.
2040 1930 2064 1955 6.
2084 1925 2150 1955 Bell.
2162 1924 2230 1954 Gall.
2244 1935 2287 1954 20.

1367 1965 1387 1994 A
1403 1964 1555 2002 primordio
1571 1963 1620 1993 sui.
1658 1964 1746 1993 Tacit.
1760 1972 1783 2001 3.
1802 1964 1867 1993 l-list.
1883 1973 1925 2000 34.
1948 1963 2002 1993 Hic
2014 1964 2103 1992 exitus
2114 1964 2279 1992 Cremonam
2291 1961 2395 1999 habuit,
2408 1974 2480 1994 anno

1387 2001 1575 2031 ducentelimo
1591 2002 1757 2039 octogesimo
1772 2001 1847 2031 sexto
1862 2012 1877 2030 a
1888 2001 2040 2039 primordio
2055 2001 2103 2030 sui.

1367 2040 1389 2070 A
1407 2039 1551 2078 principiis
1569 2039 1608 2068 ita
1625 2040 1783 2077 diligentior
1799 2039 1846 2069 fiet
1861 2049 1937 2077 puer.
1978 2038 2097 2075 Quintil.
2113 2037 2160 2067 lib.
2177 2047 2198 2067 i.
2216 2047 2274 2076 cap.
2292 2048 2313 2067 1.

1367 2078 1389 2108 A
1405 2086 1492 2116 puero
1511 2079 1536 2107 δι
1556 2087 1571 2106 a
1588 2079 1689 2115 pueris.
1726 2078 1784 2107 Cic.
1800 2089 1826 2114 4.
1847 2077 1929 2106 Acad.
1950 2086 2012 2112 115.
2043 2076 2167 2107 Diodoro
2181 2076 2247 2113 quid
2263 2076 2360 2105 faciam
2379 2078 2480 2113 Stoico,

1387 2126 1469 2153 queni
1483 2126 1498 2144 a
1509 2125 1595 2153 puero
1609 2115 1722 2145 audivi?
1744 2115 1801 2144 Cic.
1817 2125 1839 2144 1.
1853 2114 1934 2144 Tusc.
1950 2123 1991 2152 57.
2015 2113 2075 2144 Nec
2087 2123 2153 2144 vero
2164 2113 2222 2142 fieri
2232 2112 2289 2142 ullo
2302 2115 2387 2144 modo
2398 2116 2481 2154 polle,

1386 2161 1419 2183 ut
1431 2164 1445 2182 a
1458 2154 1550 2193 pueris
1563 2160 1604 2182 tot
1617 2163 1708 2183 rerum
1721 2153 1849 2182 notiones
1862 2153 2033 2181 haberemus.

1369 2190 1391 2222 A
1402 2201 1487 2229 puero
1501 2190 1624 2229 parvule.
1665 2190 1750 2220 Plani.
1768 2191 1854 2220 Mese.
1873 2190 1942 2228 prol.
1956 2196 2000 2227 89.

1370 2231 1391 2259 A
1403 2229 1528 2266 pueritia.
1565 2228 1623 2258 Cic.
1641 2240 1664 2265 ς.
1686 2229 1759 2258 Fam.
1775 2234 1810 2263 8:
1832 2239 1858 2264 4.
1873 2237 1897 2265 7.
1913 2230 1940 2258 Sc
1956 2239 1978 2257 1.
1996 2237 2020 2265 7.
2061 2225 2141 2256 Idem
2153 2236 2177 2255 2.
2196 2224 2276 2256 Tusc.
2291 2235 2334 2264 27.
2370 2227 2404 2258 Et
2417 2229 2478 2259 Ter.

1389 2268 1488 2297 Heaut.
1508 2277 1529 2296 1.
1544 2276 1569 2295 2.
1586 2277 1610 2302 9.
2019 2298 2022 2299 .

1371 2303 1393 2335 A
1407 2304 1504 2343 pusillo
1517 2314 1612 2342 puero.
1652 2303 1737 2333 Plaut.
1751 2301 1835 2333 Stich.
1854 2313 1877 2333 1.
1894 2311 1917 2340 3.
1935 2312 1977 2340 19.
2010 2299 2084 2338 Quia
2100 2301 2155 2337 jam
2171 2300 2238 2330 inde
2258 2311 2273 2330 a
2287 2300 2384 2340 pusillo
2399 2313 2485 2341 puero

1390 2342 1524 2372 ridiculus
1537 2343 1584 2371 fui.

1371 2381 1394 2411 A
1405 2388 1500 2410 tenero
1517 2381 1543 2409 ἃ
1561 2390 1576 2408 a
1592 2379 1703 2409 teneris.
1743 2376 1880 2408 Columel.
1903 2389 1926 2414 ς.
1949 2381 1975 2408 6.
2006 2378 2073 2408 Eam
2087 2382 2192 2416 partem
2205 2376 2266 2405 cmii
2281 2372 2418 2415 spectent,
2439 2379 2485 2409 cui

1392 2420 1414 2450 aj
1428 2424 1525 2447 tenero
1545 2417 1754 2447 consueverunt.
1795 2417 1827 2447 ld
1841 2417 1896 2451 cst,
1925 2416 1996 2445 Cum
2013 2416 2104 2445 adhuc
2124 2421 2225 2444 tenerze
2237 2413 2328 2444 essent.
2369 2416 2439 2453 Vir-g.
2457 2427 2482 2447 2.

1392 2457 1491 2492 Georg.
1513 2465 1575 2492 272.
1657 2456 1772 2484 --adeo
1795 2466 1810 2484 a
1835 2453 1936 2483 teneris
1961 2453 2136 2483 consuescere
2160 2451 2280 2481 multum
2299 2453 2342 2482 est.
2384 2453 2489 2484 Suban-

1393 2494 1546 2527 diendum,
1569 2493 1661 2522 Annis.

1373 2531 1395 2562 A
1407 2532 1508 2561 teneris
1520 2530 1685 2568 unguiculis.

1374 2570 1414 2600 Ab
1425 2580 1484 2599 avo,
1529 2567 1594 2598 Ter.
1610 2568 1717 2597 Pltorm.
1731 2577 1756 2596 2.
1772 2577 1796 2596 2.
1811 2573 1856 2603 48.
1879 2567 2040 2605 Progeniem
2050 2566 2164 2596 vestram
2177 2574 2262 2602 usquc
2273 2566 2306 2594 ab
2317 2575 2382 2601 avo,
2405 2570 2483 2604 atque

1393 2614 1471 2637 atavo
1487 2608 1637 2645 proferena
1671 2605 1704 2635 ld
1717 2605 1771 2641 est,
1793 2605 1831 2634 Ab
1844 2605 1885 2634 avi
1898 2612 2031 2642 tempore.

1374 2645 1414 2675 Ab
1424 2655 1538 2680 aurora.
1563 2644 1603 2673 Ab
1614 2643 1669 2673 sole
1686 2650 1755 2672 orto.
1796 2643 1882 2672 l’laiit.
1902 2642 1977 2672 i’oen.
1996 2652 2018 2671 1.
2032 2650 2057 2670 2.
2078 2646 2103 2675 8.
2133 2639 2225 2677 Usque
2236 2639 2269 2669 ab
2281 2649 2375 2670 aurora
2386 2639 2419 2670 ad
2431 2641 2484 2671 hoc

1397 2684 1473 2721 quod
1485 2683 1522 2712 eit
1534 2682 1598 2711 diei.
1639 2680 1696 2711 Liv.
1710 2691 1752 2718 27.
1768 2691 1794 2710 2.
1815 2680 1935 2710 Romani
1946 2680 1979 2709 ab
1991 2678 2046 2708 sole
2058 2686 2133 2712 orto,
2154 2680 2205 2715 ἃς.

1375 2722 1396 2751 Α
1410 2731 1501 2750 mane.
1538 2720 1623 2749 Plaut.
1644 2719 1727 2749 Milit.
1742 2729 1767 2748 2.
1786 2723 1811 2747 6.
1831 2728 1875 2754 23.
1915 2715 2042 2755 Longum
2060 2716 2253 2753 diutinumque
2272 2725 2287 2744 a
2305 2725 2383 2744 mane
2399 2725 2484 2751 uscue

1395 2760 1431 2788 ad
1445 2759 1596 2797 vesperum.
1634 2755 1744 2795 Uipian.
1762 2755 1780 2785 l.
1800 2765 1824 2785 2.
1840 2756 1873 2785 D.
1894 2756 1929 2785 de
1942 2756 2011 2785 Ann.
2027 2754 2079 2792 leg.
2118 2752 2146 2783 Si
2163 2752 2273 2782 diurnas
2289 2763 2382 2791 operas
2398 2755 2484 2784 Stichi

1396 2798 1459 2826 dare
1473 2797 1635 2830 dammum,
1663 2805 1722 2824 nori
1738 2805 1754 2824 a
1771 2804 1870 2830 mane,
1898 2793 1945 2822 sed
1956 2803 1978 2827 >a
1991 2792 2066 2821 sexta
2085 2790 2140 2821 diei
2161 2788 2228 2820 liora
2238 2791 2304 2827 det,
2331 2792 2413 2820 totius
2428 2792 2483 2822 diei

1395 2833 1510 2864 nomine
1521 2833 1667 2862 tenebitur.

1377 2872 1399 2902 A
1411 2873 1501 2901 inedia
1515 2874 1597 2900 nocte
1610 2876 1718 2908 togatus
1731 2879 1786 2898 erO.
1819 2868 1936 2899 martial.
1952 2878 1992 2898 10.
2008 2873 2051 2901 82.
2067 2877 2092 2896 2.

1377 2910 1417 2940 Ab
1431 2920 1483 2938 ovo
1495 2919 1580 2946 usque
1591 2909 1626 2937 ad
1641 2907 1730 2942 mala,
1750 2907 1821 2936 dixit
1834 2907 1929 2936 Horat.
1946 2917 1967 2935 1.
1980 2906 2064 2935 Serm.
2077 2914 2102 2948 3.
2118 2911 2143 2941 7.
2164 2913 2214 2941 pro
2229 2912 2263 2932 eo
2279 2902 2352 2946 quod
2365 2903 2418 2938 est,
2444 2902 2484 2933 Ab

1396 2947 1477 2977 initio
1501 2947 1621 2976 convivii
1643 2955 1730 2982 usque
1756 2945 1791 2974 ad
1816 2945 1908 2974 finem.
1958 2943 2133 2973 l'roverbium
2152 2942 2197 2970 est.
2237 2941 2390 2977 Antiquiuis
2408 2943 2484 2971 eiim

1396 2996 1411 3014 c
1424 2995 1505 3014 unani
1517 2984 1550 3013 ab
1564 2984 1622 3013 ovis
1635 2983 1843 3020 auspicabantur
1852 3005 1860 3017 ,
1886 2981 1963 3011 malis
1976 2980 2115 3011 finiebant.
2155 2978 2211 3008 Erit
2224 2979 2376 3013 venustius,
2395 2979 2412 3007 si
2426 2979 2486 3008 lon-

1397 3025 1456 3061 gius
1469 3023 1588 3051 trahatur
1600 3044 1607 3057 ,
1629 3020 1663 3050 ad
1675 3020 1726 3049 alia
1737 3019 1896 3049 translatum
1907 3043 1915 3055 ,
1937 3020 1975 3048 Ab
1989 3027 2042 3047 ovo
2054 3026 2139 3054 usque
2152 3016 2186 3045 ad
2201 3014 2286 3051 mala,
2311 3016 2339 3044 id
2350 3016 2403 3051 est,
2423 3024 2484 3046 toto

1397 3061 1538 3098 colloquio
1549 3082 1557 3094 ,
1578 3066 1636 3088 tota
1648 3059 1836 3095 navigatione,
1858 3067 1905 3087 aut
1916 3064 1975 3086 toto
1989 3066 2079 3094 opere.
2114 3091 2118 3097 Ι
2142 3091 2146 3096 .

1376 3100 1417 3129 Ab
1429 3099 1503 3127 omni
1519 3097 1669 3126 aeternitate
1681 3095 1749 3125 vixit
1762 3097 1877 3125 animus.
1919 3095 1976 3124 Cic.
1992 3105 2013 3123 1.
2039 3093 2072 3122 de
2086 3092 2174 3121 Divin.
2189 3099 2232 3124 25·
2255 3091 2281 3120 δὲ
2298 3099 2322 3119 2.
2344 3101 2385 3127 19.

1377 3137 1417 3166 Ab
1430 3136 1507 3165 ouini
1525 3135 1656 3164 vetustate
1671 3143 1825 3171 acceptum.
1867 3133 1924 3162 Cic.
1942 3132 1976 3161 de
1988 3131 2080 3173 Aruip.
2099 3127 2164 3168 resp.
2180 3137 2222 3170 29.
2252 3128 2434 3158 Cceremonias
2449 3127 2483 3158 ab

1397 3175 1472 3204 omni
1486 3173 1616 3202 vetustate
1627 3178 1769 3208 acceptas,
1791 3182 1806 3200 a
1818 3172 1956 3208 Brogitaro
1971 3168 2057 3207 pollui
2070 3176 2124 3195 non
2139 3168 2222 3207 mist:
2386 3179 2387 3182 =

1377 3212 1399 3242 A
1413 3211 1500 3250 pridie
1513 3211 1576 3240 ldus
1588 3209 1763 3247 Septembris.
1804 3209 1871 3238 Piin.
1887 3208 1933 3237 lib.
1949 3216 1988 3235 11.
2003 3215 2059 3243 cap.
2076 3207 2115 3232 16.
2143 3203 2270 3244 §.ignitur
2281 3202 2337 3232 mel
2346 3204 2482 3239 ericaeuin,

1397 3251 1515 3279 maxime
1530 3249 1635 3278 Arcturi
1652 3255 1768 3281 exortu,
1794 3256 1809 3275 a
1820 3246 1908 3284 pridie
1925 3245 1989 3275 ldus
2004 3240 2177 3283 Septembris.

1376 3287 1398 3318 A
1415 3289 1502 3326 prima
1518 3286 1587 3315 luce.
1629 3284 1694 3314 Caes.
1716 3295 1739 3313 1.
1757 3281 1825 3313 Bell.
1841 3282 1919 3313 Civil.
1934 3287 1976 3316 81.
2010 3281 2071 3310 Hoc
2087 3278 2160 3307 idem
2178 3277 2285 3315 postero
2306 3278 2351 3308 die
2367 3288 2382 3307 a
2396 3278 2484 3317 prima

1417 3336 1424 3353 1
1472 3326 1585 3353 faciunt.

1375 3325 1498 3401 Aliiiimo
1512 3362 1589 3391 lucis.
1628 3359 1752 3390 macrob.
1768 3369 1790 3387 1.
1807 3358 1913 3388 Satura.
1929 3368 1951 3391 ς.
1980 3354 1998 3384 A
2013 3354 2101 3396 prime
2114 3350 2182 3382 lucis
2194 3350 2222 3381 iri
2234 3362 2321 3396 coenae
2330 3361 2447 3391 tempus.

1376 3403 1398 3430 A
1409 3402 1499 3439 primo
1510 3423 1517 3434 ,
1541 3409 1590 3436 pro
1607 3399 1627 3427 A
1642 3397 1788 3436 principio.
1830 3396 1886 3424 Cic.
1904 3400 1942 3423 16.
1961 3394 2013 3422 Act.
2047 3392 2157 3420 [κω-ατη
2172 3401 2186 3419 a
2199 3399 2289 3428 primo
2302 3393 2339 3420 ita
2355 3393 2403 3420 (λοι
2417 3390 2484 3420 eil‘et

1394 3439 1490 3468 visum.
1532 3437 1563 3466 ld
1575 3437 1630 3471 est,
1652 3437 1672 3464 A
1687 3433 1832 3473 principio.
1872 3432 1933 3461 Ter.
1949 3431 2054 3459 l'horm.
2066 3441 2092 3471 4:
2107 3438 2133 3471 ²:
2150 3438 2190 3470 14.
2322 3466 2326 3470 ι

1376 3475 1399 3506 A
1414 3476 1560 3514 principio.
1601 3474 1658 3502 Cic.
1674 3483 1697 3509 7.
1716 3473 1768 3501 Att.
1789 3482 1810 3500 i.
1848 3471 1879 3499 At
1897 3466 1996 3510 vellem
2014 3478 2029 3496 a
2046 3475 2183 3509 principio
2205 3471 2232 3494 te
2254 3465 2376 3495 audiisse.
2415 3465 2477 3495 Ter.

1395 3515 1465 3543 And.
1481 3524 1503 3542 1.
1523 3524 1544 3541 1.
1560 3522 1603 3541 21.
1632 3512 1701 3540 Rem
1712 3518 1824 3538 omnem
1838 3517 1853 3536 a
1864 3507 2000 3544 principio
2015 3506 2117 3533 audies.

1376 3551 1416 3581 Ab
1433 3551 1524 3580 seculo
1541 3550 1576 3579 ad
1592 3548 1714 3578 seculum
1724 3547 1827 3575 vivunt.
1869 3544 1954 3573 Plaut.
1973 3542 2053 3572 Milic.
2066 3554 2092 3577 4.
2107 3551 2131 3570 2.
2143 3545 2189 3576 87.

1375 3590 1415 3619 Ab
1429 3588 1502 3626 sylb
1517 3590 1543 3618 ὰ
1556 3588 1685 3623 Pompeio
1702 3583 1864 3613 Consulibus
1874 3603 1882 3617 ,
1901 3581 1931 3610 id
1941 3581 1994 3616 est,
2015 3581 2037 3609 A
2051 3578 2193 3608 consulatu
2210 3576 2289 3615 Syliae
2305 3579 2331 3607 δι
2346 3577 2476 3615 Pompeji.

1395 3627 1452 3656 Cic.
1466 3637 1490 3655 2.
1509 3635 1604 3654 contra
1618 3622 1689 3653 liull.
1705 3625 1745 3657 56.
2020 3654 2025 3659 ⁴
2267 3653 2272 3657 ¹

1374 3663 1414 3695 Ab
1428 3664 1476 3693 illo
1491 3672 1624 3700 tempore.
1665 3660 1721 3689 Cic.
1737 3663 1762 3687 6.
1781 3656 1854 3686 Verr.
1869 3664 1910 3691 30.
1936 3654 2039 3685 Habuit
2054 3654 2145 3683 secum
2159 3662 2206 3681 eos
2217 3652 2250 3681 ab
2266 3651 2314 3680 illo
2326 3659 2458 3689 ternpore.

1375 3704 1415 3733 Ab
1432 3704 1534 3731 octava
1571 3700 1667 3735 juven.
1686 3708 1707 3725 1.
1723 3696 1778 3725 Sat.
1791 3704 1836 3729 49.
1868 3694 1925 3723 Cic.
1940 3703 1965 3722 2.
1983 3692 2080 3729 Philip.
2097 3701 2156 3725 ¹04·
2185 3697 2223 3719 no
2236 3690 2302 3718 hora
2313 3691 2391 3718 tertia
2404 3690 2478 3718 bibe.

1397 3741 1491 3773 batur,
1513 3737 1671 3769 ludebatur,
1692 3732 1861 3763 vomebatur.
2097 3764 2102 3771 .
2408 3764 2411 3765 .
2441 3762 2446 3768 ⁶

1375 3776 1529 3814 Aliquando
1540 3782 1649 3810 teinpus
1665 3773 1717 3800 hoc
1733 3780 1781 3808 per
1800 3769 1859 3798 Post
1873 3766 2034 3805 explicatur.
2072 3765 2129 3795 Cic.
2147 3764 2182 3807 de
2198 3764 2309 3806 Serica.
2321 3774 2361 3799 19.
2395 3764 2479 3796 Cuius

1395 3826 1410 3844 a
1422 3822 1509 3843 morte
1525 3813 1568 3840 hie
1580 3811 1674 3839 tertius
1685 3811 1711 3838 St·
1721 3808 1870 3837 tricesimus
1881 3808 1918 3835 est
1929 3814 2024 3834 annus.
2050 3804 2112 3833 Hoc
2122 3804 2160 3831 elt
2168 3824 2175 3837 ,
2196 3801 2255 3830 Post
2266 3811 2345 3842 euius-
2355 3811 2388 3829 mi
2403 3810 2479 3829 ntem.

1396 3852 1453 3882 Cic.
1470 3862 1490 3879 1.
1507 3851 1560 3878 Att.
1577 3859 1600 3882 ς.
1624 3847 1709 3884 Quod
1721 3846 1788 3874 milii
1800 3844 1941 3873 mandaras
1951 3865 1958 3877 ,
1981 3850 2011 3871 ut
2024 3842 2143 3880 primum
2158 3850 2173 3868 a
2185 3846 2234 3867 tuo
2244 3840 2358 3875 digiciiu
2371 3842 2484 3880 {totnani

1394 3890 1476 3922 veni,
1496 3887 1677 3916 confeceram.
1716 3883 1794 3913 idem
1810 3893 1831 3911 1.
1848 3881 1928 3911 Acad.
1943 3887 2010 3909 extr.
2043 3878 2100 3915 Qui
2116 3884 2226 3914 quartus
2244 3876 2277 3905 ab
2293 3875 2406 3905 Arcefila
2421 3875 2479 3903 tuit.

1393 3927 1451 3956 Liv.
1467 3935 1489 3960 ς.
1522 3925 1618 3960 Neque
1635 3922 1752 3951 hostium
1768 3930 1784 3949 a
1796 3928 1874 3957 tei-go
1892 3918 2030 3947 incursum
2045 3916 2123 3958 vidit.
2152 3913 2228 3957 siin.
2242 3913 2289 3942 lib.
2307 3918 2348 3941 16.
2364 3922 2421 3949 cap.
2439 3921 2480 3947 39.

1393 3963 1530 4001 Scipionis
1542 3961 1628 3990 cladis
1638 3958 1842 3998 quadragesimo
1854 3958 1899 3986 die
1914 3967 1929 3985 a
1941 3955 2028 3984 securi
2036 3959 2180 3990 navigavit.
2221 3949 2253 3980 ld
2265 3951 2318 3986 est,
2342 3949 2483 3987 Postquam

1394 4002 1462 4032 caeso.
1475 4001 1514 4030 est
1530 3999 1650 4028 materia.
1683 4032 1705 4063 Α
1742 4042 1760 4063 ²
2427 4024 2446 4053 Α
2459 4025 2484 4053 S:

1726 2529 1783 2559 Cic.
1800 2539 1821 2559 1.
1839 2529 1912 2559 Fam.
1930 2533 1955 2558 6.
1982 2528 2044 2558 Hoc
2059 2528 2114 2563 est,
2136 2526 2175 2556 Ab
2188 2525 2310 2557 infantia.
