2600 4177
452 128 482 163 C
571 127 607 164 O
698 126 723 162 P

78 205 216 275 Copulage
226 208 380 275 sermpnem
394 218 458 239 cum
468 208 537 239 aliIs.
579 208 665 238 Plaut.
681 208 759 238 Poen.
773 215 834 244 3.3.
846 216 893 244 4²·
921 205 1085 237 Sermonem
1104 205 1199 235 nobis-

98 255 179 274 cumr
203 257 256 276 ico
280 258 295 276 u
310 253 344 276 at.

81 281 249 314 Societatem
260 258 322 314 Eum
337 285 398 314 deo.
422 282 489 312 Plin.
500 282 548 312 lib.
562 291 589 311 2.
607 291 668 319 cap.
678 292 704 315 7.

83 318 256 351 voluntates.
297 322 355 351 Cic.
370 331 393 355 ῃ.
406 320 480 350 Fam.
490 331 517 354 4.
541 320 604 348 Non
615 320 756 349 mediocre
768 320 912 350 vinculum
927 319 996 350 mihi
1009 319 1122 357 quidem
1132 324 1203 348 attu-

104 356 160 386 lisse
171 360 280 388 videtur
289 360 322 388 ad
335 358 490 387 voluntates
506 357 608 386 nostras
619 357 799 395 copulandas.

47 391 70 422 C
79 396 119 422 ὃιἶ
128 396 146 423 u
155 406 194 424 co
203 406 219 425 a
230 418 238 432 ,
259 393 454 433 [wgaryvvm]
474 395 523 424 ari.
545 395 650 431 depon.
671 395 756 425 ldem.
781 395 864 425 Plaut.
878 395 960 434 Epid.
975 403 999 432 3.
1016 402 1041 431 3.
1052 403 1098 423 20.

319 448 355 452 -
366 441 431 460 cave
441 432 496 461 siris
509 442 573 461 cum
584 432 639 461 iilia

166 469 230 500 Mea
239 469 362 507 copulari
374 469 447 499 hanc
456 491 464 504 ,
486 479 576 505 neque
590 469 768 508 conspicere:
790 471 846 506 jam
857 475 936 500 tenes
945 470 959 499 ‘2

87 505 220 544 Copulari
231 508 364 536 dexteras.
388 507 472 536 Plaut.
485 507 544 536 Aul.
562 517 583 537 1.
597 517 623 537 ².
638 514 681 543 38.

166 545 294 578 Adeunt,
318 544 489 579 consistunt,
510 545 676 582 copulantur
686 545 822 575 dexteras.
916 544 1051 574 Paffivum
1069 553 1119 580 pro
1140 543 1207 572 afti-

106 590 151 611 vo.
165 582 283 611 Nonius.
301 582 459 617 [Pailivum
468 582 514 617 est,
526 583 731 612 constructione
742 583 843 611 Graeca.
854 582 884 611 V.
895 580 1204 615 Vechn.Hellenol.1.8.

50 615 99 647 Co
108 628 122 646 P
131 629 173 648 ur.
182 623 199 648 Τι
208 628 228 647 ἰ-
239 629 257 648 υ
267 629 279 648 s
290 641 297 653 ,
318 629 334 648 a
344 641 351 653 ,
374 629 429 649 um.
452 617 722 656 [συμπιωεγμέἶρω]
744 620 839 649 Partic.
862 619 921 649 Cic.
933 631 959 655 4.
976 619 1058 648 Tusc.
1072 628 1117 654 ²4·
1141 619 1206 647 llaec

87 665 148 691 quae
159 656 223 686 dico
236 678 245 693 ,
265 658 434 692 cogitatione
445 658 557 694 quidem
569 658 641 687 inter
651 658 676 687 se
688 657 840 687 differunt:
862 667 891 687 re
899 667 965 687 vero
977 656 1108 695 copulata
1121 655 1192 686 sunt.

89 693 226 730 Copulata
238 704 280 724 res
292 697 316 724 ἃ
328 695 481 725 confatalis.
504 695 562 725 Cic.
574 696 609 725 de
621 696 676 725 Fat.
689 704 731 732 30.

87 730 264 774 Simplicia&
275 732 410 769 Copulata
426 755 433 767 ,
456 733 589 770 opposita.
629 733 688 762 Cic.
710 732 746 761 de
755 732 812 762 Fat.
826 741 870 768 30.
899 732 1035 770 Quaedam
1054 731 1131 761 enim
1147 730 1210 761 sunt

106 768 243 805 (lnquit)
264 771 291 799 in
301 771 522 808 rebuslimplicia
535 793 542 806 ,
567 771 693 808 quaedam
705 770 845 807 copulata.

63 824 71 839 .
87 806 258 843 Admistum,
280 808 441 845 copulatum
452 830 459 841 .
482 815 644 838 concretum
656 830 664 844 ,
683 813 918 844 coagmentatum.
955 806 1013 837 Cic.
1028 816 1052 836 1.
1065 806 1147 836 Tusc.
1161 815 1207 841 71.

106 844 250 879 Quoniam
262 846 332 875 nihil
344 846 374 875 srt
385 847 484 875 animis
493 846 650 881 admistum,
671 845 743 875 nihil
754 845 916 883 copulatum
926 866 936 880 ,
957 845 1026 874 nihil
1034 850 1210 880 concretum,

108 882 181 911 nihil
194 892 415 921 coagmentatum
428 906 436 919 ,
457 883 528 912 nihil
545 883 658 921 duplex.

89 919 203 950 Naturae
213 922 373 959 copulatum
386 944 393 953 ,
415 922 433 950 i.
447 931 471 950 e.
493 921 716 950 Consentaneum
728 925 840 950 naturae.
885 919 945 949 Cic.
957 929 983 949 2.
995 920 1030 949 de
1040 919 1132 949 Divin.
1149 927 1210 956 143.

108 957 186 995 Quid
197 966 298 989 naturae
311 959 473 997 copulatum
483 958 580 988 habuit
591 958 739 988 Alcibiadis
748 958 825 994 quod
835 957 962 987 scribitur
971 957 1131 986 somnium?

89 994 260 1034 copulatus,
280 997 508 1033 [σύμπἈεκτΘι]
528 996 587 1026 Cic.
602 1006 625 1026 1.
637 995 694 1025 Off.
709 999 750 1030 56.
783 995 862 1025 Nihil
877 1002 970 1025 autem
991 995 1029 1024 est
1045 993 1209 1030 amabilius,

109 1043 163 1063 nec
173 1034 330 1072 copulatius
339 1057 346 1070 ,
368 1044 450 1072 quam
462 1043 573 1064 morum
583 1033 735 1063 similitudo
747 1033 895 1063 bonorum.

108 1071 163 1100 Sed
173 1072 234 1106 lego
252 1072 284 1102 Et
293 1072 480 1109 copulantius.
521 1072 606 1109 Quod
621 1072 731 1100 videtur
744 1071 845 1108 aptius.
885 1071 972 1108 Quod
994 1070 1082 1108 magis
1098 1069 1214 1107 copulet

110 1108 213 1138 Wolff.
226 1120 253 1146 p.
265 1119 329 1140 200.
353 1111 426 1148 quod
442 1111 534 1140 minus
544 1109 644 1148 probat
658 1108 722 1144 ille,
742 1118 795 1146 ego
803 1114 911 1139 contra.
933 1109 969 1139 H.
981 1109 1021 1139 St.
1042 1108 1143 1138 Astruit
1151 1117 1216 1137 ean-

110 1146 175 1176 dem
189 1147 339 1177 lectionem
350 1157 384 1177 ex
397 1148 456 1177 Mis.
470 1148 590 1177 Urfinus.

89 1183 226 1223 Coplatus
238 1208 245 1221 ‚
265 1186 380 1223 figurate
391 1196 441 1224 pro
452 1185 615 1223 Copulatus.
637 1184 746 1214 Lucret.
758 1183 806 1213 lib.
820 1187 846 1213 6.
860 1186 942 1218 1086.

184 1223 226 1253 Est
238 1225 320 1253 etiam
331 1246 338 1259 ,
361 1224 434 1260 quali
446 1229 477 1252 ut
489 1222 609 1252 annellis
619 1244 627 1257 ,
649 1222 791 1258 hamisque
806 1223 910 1260 plicata

180 1261 255 1290 Inter
267 1262 293 1291 se
307 1262 430 1297 quaedarn
446 1260 548 1298 poffint
558 1260 669 1297 coplata
681 1260 789 1295 teneri,
810 1262 863 1289 ἃς.
946 1258 1040 1296 Quam
1050 1257 1214 1296 scripturam

110 1298 226 1334 quidam
243 1309 300 1329 non
314 1299 521 1336 intelligentes,
542 1297 587 1328 vel
607 1297 773 1327 insolentem
787 1298 962 1334 judicantes,
983 1297 1136 1335 Compacta
1154 1306 1215 1335 per-

112 1345 206 1372 peram
221 1337 408 1375 reposuerant.
432 1336 557 1365 Lambin.
1111 1330 1124 1354 Ὗ

53 1371 278 1404 Coroni-rio
289 1397 296 1410 ,
318 1375 390 1404 finis.
411 1375 430 1403 f.
452 1372 637 1411 [σύμπῆεξις]
658 1372 837 1408 Coniunc'tio.
870 1372 930 1402 Cic.
945 1382 968 1402 r.
984 1372 1019 1401 de
1033 1371 1093 1402 Fin.
1108 1382 1150 1407 19.
1175 1371 1216 1401 Ita

91 1411 164 1441 effici
175 1413 387 1450 complexiones
397 1434 405 1447 ,
428 1411 658 1449 &copulationes
668 1434 677 1446 ,
698 1413 724 1441 Sc
736 1410 905 1440 adhaesrones
914 1416 1071 1439 atomorum
1092 1410 1162 1438 inter
1177 1408 1214 1439 se.

91 1449 241 1487 Copulatio
257 1460 348 1480 rerum
359 1472 367 1485 ,
394 1451 419 1480 Sc
437 1450 511 1488 quasi
529 1449 708 1478 consentiens
726 1449 761 1477 ad
778 1448 877 1478 mundi
898 1447 1120 1478 incolumitatem
1136 1456 1217 1486 coag-

111 1489 246 1517 mentatio
258 1495 368 1517 naturae.
393 1488 451 1517 Cic.
468 1497 494 1517 2.
506 1487 542 1517 de
558 1487 621 1517 Nat.
634 1487 718 1516 Deor.
734 1495 796 1522 1¹9·

92 1523 463 1563 Congressuscopulationes
477 1525 764 1555 ueconsuetudinum.
787 1523 845 1554 Cic.
861 1533 884 1554 1.
900 1523 936 1553 de
947 1522 1007 1553 Fin.
1019 1526 1064 1560 69.

56 1560 205 1592 Corvum-t
216 1573 293 1592 Tur-1
305 1585 313 1597 ,
334 1564 351 1593 i.
375 1574 402 1593 n.
424 1564 465 1593 Ge
479 1564 496 1592 l.
513 1566 554 1593 16.
568 1568 594 1597 8.

51 1599 103 1629 Co
113 1609 127 1629 P
136 1610 155 1629 u
165 1611 181 1629 L
189 1605 205 1630 Κ
215 1611 235 1630 τ
243 1611 258 1630 13
273 1623 281 1637 ,
302 1601 537 1637 [συμτῆιαπιῶς]
559 1601 626 1631 Adv.
648 1599 721 1630 Gell.
732 1599 781 1629 lib.
796 1609 839 1630 10.
851 1609 912 1638 cap.
925 1607 973 1635 24.
995 1598 1149 1636 Diequinti,
1163 1607 1214 1637 pro

93 1638 225 1668 adverbio
236 1639 366 1678 copulate
377 1639 484 1669 dictum
496 1639 543 1669 est.

54 1675 80 1705 C
90 1685 107 1705 o
116 1685 131 1705 Ρ
139 1685 157 1705 u
166 1688 182 1705 r.
192 1681 208 1706 ῑι
216 1687 236 1706 T
245 1687 263 1706 u
272 1684 302 1712 s',
325 1679 365 1707 us.
388 1687 425 1707 m.
448 1677 548 1707 Arnob.
564 1676 612 1706 lib.
628 1684 653 1706 ι.

52 1713 78 1742 C
87 1723 104 1742 o
112 1723 154 1743 PU
165 1725 181 1744 r.
189 1719 205 1745 ῑι
213 1725 258 1744 To
267 1725 283 1743 R
293 1737 301 1750 ,
323 1716 386 1744 oris.
408 1724 446 1745 m.
467 1715 612 1745 Firmicus.

53 1751 125 1780 Co1²
135 1762 154 1781 υ
164 1756 207 1782 ιῑι
217 1763 237 1782 τ
247 1763 262 1781 ιι
272 1762 308 1782 rx
321 1774 329 1788 ,
351 1753 412 1782 icis.
434 1753 453 1782 f.
476 1752 598 1782 Ambros.
613 1751 693 1789 Epist.
709 1756 754 1787 84.
773 1751 800 1781 δι
812 1749 949 1789 augustin.
965 1749 1000 1780 de
1016 1749 1097 1780 Trin.
1113 1758 1156 1779 ιι.
1170 1759 1197 1785 9.

56 1787 158 1819 Copu
169 1794 281 1821 ιῖιτῑν
291 1800 329 1819 us
342 1813 349 1824 ,
371 1787 583 1827 [emmeanssir]
605 1790 665 1823 Adi.
687 1789 784 1818 titftum
801 1799 816 1818 a
837 1789 1024 1827 grammaticis
1037 1798 1045 1824 3
1067 1787 1154 1824 Quod
1172 1797 1221 1817 co-

92 1828 189 1866 pulat,
210 1828 254 1860 vel
264 1828 394 1867 copulare
403 1828 501 1867 potest.
522 1828 598 1858 unde
611 1828 782 1864 Coniunctio
798 1826 964 1866 copulativa.
986 1825 1216 1857 confillid.1.11.

496 1891 525 1926 C
617 1892 652 1926 O
748 1892 800 1933 Q,

56 1937 239 1976 Coqurm
251 1961 259 1976 ,
281 1939 562 1978 coqurmnrus.
603 1939 636 1970 In
657 1949 790 1974 coouo.

56 1976 160 2013 coqu
169 1987 185 2006 o
196 1999 205 2014 ,
226 1978 272 2014 xi,
295 1979 370 2008 ctum
380 1999 388 2014 ,
412 1972 508 2014 Uibu,
530 1976 612 2011 ἑψέοι,
633 1978 708 2010 ἓφῖόω
718 1999 726 2009 .
755 1975 886 2012 moazim]
908 1976 963 2014 ere.
990 1975 1072 2006 Notae
1086 1974 1219 2013 fignifica-

93 2015 186 2045 tionis.
229 2016 357 2052 Coquere
365 2025 476 2046 coenam
487 2037 496 2051 ‚
518 2015 668 2054 prandium
679 2037 687 2050 ,
709 2015 804 2044 cibum
815 2037 823 2050 ,
839 2016 892 2044 Sec.
934 2014 1001 2043 Plin.
1016 2014 1062 2044 lib.
1077 2023 1100 2051 3.
1120 2023 1181 2051 cap.
1196 2023 1219 2043 1.

94 2052 183 2086 Huius
193 2054 366 2092 proprietas,
389 2060 420 2083 ut
428 2053 577 2084 ventiletur
585 2053 614 2082 in
624 2053 773 2090 coquendo
786 2075 794 2089 ,
817 2052 910 2081 donec
921 2051 1027 2081 desinat
1040 2051 1124 2080 olere.

93 2089 225 2125 coetum,
246 2101 262 2120 a
273 2091 407 2129 Cogendo
417 2091 521 2120 dicitur
529 2113 537 2127 ,
559 2091 621 2129 quia
631 2091 781 2128 coquendo
793 2091 948 2119 coarctetur
956 2112 964 2123 ,
985 2096 1016 2118 ut
1027 2089 1062 2118 ad
1069 2089 1222 2118 utilitatem

113 2128 242 2158 vescendi
251 2130 427 2167 perducatur.
450 2129 551 2159 Festus.
594 2128 647 2158 Ubi
659 2129 757 2158 Dacer.
780 2127 1071 2165 CoquereaCogere,
1091 2136 1221 2165 coagere.

111 2167 130 2203 1]
138 2167 224 2205 Nugae
238 2167 468 2205 grammaticales.
491 2167 567 2196 unde
575 2175 642 2204 ergo
653 2167 772 2204 primam
782 2166 895 2196 brevem
907 2165 992 2195 habet
1001 2166 1015 2195 ἲ

92 2204 198 2235 Cibum
211 2214 339 2243 coquere.
361 2205 471 2234 Lucret.
482 2204 529 2235 lib.
546 2215 570 2241 ς.
588 2214 667 2234 1101.

96 2244 225 2281 Coquere
237 2252 272 2272 ex
287 2243 361 2273 oleo.
384 2242 454 2272 Cels.
467 2242 517 2272 lib.
532 2252 557 2278 ς.
569 2252 630 2280 cap.
649 2251 692 2279 17.
723 2242 741 2271 i.
754 2251 778 2270 e.
797 2240 828 2270 ln
838 2239 913 2271 oleo.

91 2282 222 2326 Coquere
232 2280 369 2348 lageresin
381 2280 532 2311 fornacem.
570 2280 639 2310 Cato
650 2301 659 2316 ,
676 2289 736 2317 cap.
747 2287 791 2315 39.
812 2278 883 2308 lnde
894 2277 1045 2308 laterculos
1061 2276 1155 2314 facito,
1175 2286 1223 2308 co-

136 2326 194 2349 uito
208 2329 236 2348 m
276 2328 396 2349 rnacem.

93 2330 223 2394 Cccliquere
231 2356 323 2387 cibum
332 2379 341 2391 ,
362 2366 412 2395 pro
422 2354 640 2392 Concoquerein
649 2353 816 2384 ventriculo.
847 2353 906 2383 Cic.
917 2362 943 2382 2.
958 2352 993 2382 de
1004 2352 1067 2382 Nat.
1080 2352 1162 2382 Deor.
1174 2361 1220 2387 ²4-

116 2396 205 2434 Negat
215 2395 292 2425 enim
304 2395 393 2424 ullum
405 2394 459 2424 effe
474 2394 567 2424 cibum
578 2400 634 2423 tam
642 2402 756 2431 gravem
766 2414 774 2428 ,
795 2392 863 2430 qui-n
874 2392 898 2421 is
912 2397 1047 2428 coquatur
1058 2391 1104 2420 die
1126 2392 1153 2421 ὅτ
1172 2400 1224 2420 no-

117 2433 169 2463 cte.
209 2433 319 2470 Legitur
331 2435 356 2462 δι
368 2432 574 2470 Concoquatur.

95 2471 226 2508 Coquere
237 2471 331 2500 locum
343 2471 444 2500 dicitur
454 2470 510 2500 Sol.
533 2470 607 2500 Varr.
619 2478 644 2504 ε.
654 2469 690 2499 de
699 2468 734 2499 R.
745 2467 777 2499 R.
790 2477 850 2506 cap.
864 2475 953 2505 14.p·t.
973 2466 1064 2497 Locus
1075 2466 1098 2496 is
1108 2465 1218 2502 melior,

117 2519 200 2546 quern
213 2510 238 2539 Gt
253 2509 419 2546 concoquit
436 2507 494 2544 sol,
515 2508 637 2545 &tangit
648 2516 701 2536 ros.

97 2547 263 2585 Coquuntur
273 2547 378 2576 fructus
390 2568 398 2581 ,
420 2546 542 2582 Quando
553 2546 675 2584 perfecte
684 2543 880 2574 maturescunt.
901 2542 970 2572 Plin.
982 2541 1029 2572 lib.
1045 2552 1086 2577 ις.
1103 2551 1164 2579 cap.
1177 2550 1222 2576 ²⁴·

118 2585 232 2615 Fructus
241 2594 315 2613 anno
324 2584 490 2620 maturescit,
512 2584 672 2621 pariterque
683 2583 765 2612 floret
773 2581 947 2616 subnascens,
965 2582 991 2611 δι
1000 2581 1075 2619 prior
1084 2580 1223 2618 coquitur.

99 2623 184 2654 ffistas
194 2623 290 2659 coquit
301 2621 403 2659 glebas.
426 2622 498 2660 Virg.
518 2631 541 2651 1.
557 2621 655 2658 Georg.
668 2623 712 2650 ⁶6.

99 2661 182 2690 Radii
196 2660 268 2690 Solis
279 2660 438 2697 coquebant
447 2669 514 2690 cava
524 2659 648 2689 fiumina.
672 2659 745 2696 Virg.
756 2667 783 2694 4.
801 2657 901 2695 Georg.
915 2661 982 2693 428.

98 2699 228 2737 'Coquere
238 2719 247 2734 ,
269 2698 455 2736 Corrumpere
465 2719 473 2734 ,
494 2697 675 2736 putres-acere.
698 2697 765 2726 Hor.
778 2705 803 2725 2.
815 2696 902 2726 Serm.
914 2704 940 2724 2.
951 2703 998 2730 41.

486 2751 523 2756 -
533 2742 561 2765 at
572 2745 621 2764 vos
633 2757 641 2770 ‚

178 2772 326 2804 Praesentes
337 2773 421 2803 Austri
433 2794 441 2809 ,
463 2774 574 2810 coquite
590 2773 691 2802 horum
707 2770 841 2801 obsonia:
862 2779 1019 2808 quanquam
1028 2770 1081 2799 Sec.
1158 2768 1227 2806 [Ita

116 2812 211 2842 Schol.
225 2818 279 2841 vet.
294 2813 320 2841 ἃ
335 2811 430 2841 Lamb.
471 2811 560 2841 Potest
584 2817 678 2840 tamen
702 2811 767 2839 trito
787 2808 866 2838 sensu
883 2809 992 2846 accipi,
1017 2807 1136 2846 Coquite
1145 2829 1154 2844 ,
1175 2817 1226 2846 pro

120 2851 258 2881 Maturate
269 2850 438 2887 coquendo,
459 2849 580 2878 adducta
596 2849 697 2878 idonea
714 2846 884 2885 tempestate.

101 2890 229 2925 Coquere
240 2887 342 2917 bellum
355 2889 381 2917 ἃ
392 2887 521 2923 consilia,
543 2887 638 2916 Parare
654 2888 679 2916 8ι
691 2886 781 2915 moliri
792 2883 960 2914 clanculum.
999 2883 1057 2913 Liv.
1071 2888 1097 2917 8.
1110 2891 1135 2919 3.
1158 2883 1230 2912 Om-

117 2926 201 2992 nilhus
219 2925 467 2955 consultationibus
476 2926 548 2955 inter
560 2924 587 2956 se
599 2924 738 2963 principes
759 2922 870 2952 occulte
891 2922 1049 2952 Romanum
1068 2921 1227 2958 coquebant

120 2965 155 2994 be
179 2973 235 2993 um.

99 3002 207 3039 Coquit
216 3010 260 3030 me
271 3000 351 3031 illud.
392 3001 450 3031 Cic.
468 3011 491 3036 ς.
508 3001 560 3030 Art.
572 3011 599 3037 4.
621 2998 683 3029 Tua
699 2998 837 3037 profec'tio
852 2997 928 3036 spem
943 3006 1034 3027 meam
1043 2996 1181 3031 debilitat,
1192 3005 1225 3026 ac

122 3050 167 3070 me
178 3038 249 3068 illud
261 3039 373 3076 quidem
388 3039 473 3068 modo
482 3039 586 3075 coquit.
629 3037 717 3067 Locus
736 3043 886 3074 corruptus
898 3041 1049 3067 annotatur
1061 3045 1077 3065 a
1095 3035 1224 3065 victorio.

123 3078 259 3107 Postrema
269 3076 352 3105 verba
362 3086 420 3106 non
433 3076 535 3106 suntin
547 3074 609 3106 Mss.

100 3115 207 3153 Coquit
217 3124 262 3143 me
272 3124 352 3149 cura,
373 3115 400 3144 h.
411 3124 436 3144 e.
456 3113 610 3144 Consumit.
633 3111 738 3142 Ennius
754 3121 768 3141 a
792 3111 830 3141 ud
843 3110 901 3141 Cic.
914 3111 950 3141 de
959 3111 1070 3141 Senet‘t.
1085 3118 1110 3141 ι.

183 3153 211 3182 Ο
221 3152 288 3181 Tite
299 3173 306 3187 ,
327 3152 345 3181 fi
356 3153 422 3189 quid
434 3162 485 3189 ego
494 3153 591 3187 adjuro
602 3173 610 3185 ,
632 3159 760 3180 curamve
784 3148 877 3179 evasso
885 3171 894 3185 ‚

182 3190 256 3227 Quae
264 3199 340 3219 nunc
350 3197 378 3219 te
387 3191 484 3228 coquit
493 3212 501 3226 ‚
519 3191 546 3220 δι
555 3188 645 3219 versat
659 3188 706 3219 sub
716 3189 828 3226 pectore
838 3186 902 3218 fixa.

103 3228 159 3259 lras
170 3237 299 3266 coquere.
321 3227 366 3257 Silv
378 3227 425 3257 lib.
436 3238 460 3264 7.
471 3236 536 3262 403·

63 3267 114 3299 Co
124 3276 141 3296 c
150 3275 169 3295 τ
179 3276 197 3296 u
207 3275 229 3300 s,
241 3274 334 3301 mum.
357 3262 539 3302 [πιπτμρᾶρῡυ
550 3287 559 3300 ,
579 3261 693 3299 Nan-ris]
710 3262 808 3293 Partic.
818 3267 866 3296 ut,
885 3260 988 3292 coetus
998 3260 1100 3292 solibus
1110 3262 1225 3293 studius.

106 3303 236 3371 Plin.dlib.
253 3312 293 3332 12.
307 3312 369 3341 cap.
382 3314 406 3340 ς.
429 3304 471 3334 De
484 3303 575 3333 fruitu
586 3302 655 3332 ficus
675 3302 787 3332 Indicae.
827 3299 901 3329 Hinc
912 3322 920 3336 ,
941 3300 1026 3330 Cocta
1038 3310 1121 3338 poma
1132 3323 1140 3337 ,
1168 3301 1228 3330 Ma-

103 3350 165 3372 tura
194 3350 301 3371 icimus.

107 3380 237 3411 Gramina
247 3380 326 3409 cotta
337 3387 385 3416 per
398 3387 496 3408 manus
509 3377 628 3408 Medeae.
650 3375 700 3407 Pro
724 3381 771 3406 ert.
784 3374 832 3404 lib.
846 3383 872 3404 2.
884 3384 910 3411 4.
923 3379 949 3410 8.

105 3421 191 3456 Agger
205 3418 317 3449 coetus,
337 3416 430 3446 eoois
443 3416 574 3447 lateribus
585 3416 682 3445 factus.
724 3420 825 3452 ropert.
840 3412 888 3442 lib.
900 3422 924 3448 3.
939 3422 981 3443 10.
1003 3411 1122 3450 (Alo.)
1142 3421 1189 3444 22.

106 3456 191 3486 Poma
200 3462 306 3485 matura
318 3455 344 3483 8(
358 3455 436 3484 cocta
448 3476 456 3490 ,
476 3455 522 3484 cui
532 3454 701 3483 contrarium
716 3453 816 3482 Cruda.
840 3451 896 3480 Cio.
911 3451 946 3479 de
958 3451 1066 3481 Senect.
1080 3460 1126 3488 71.

108 3493 184 3524 Bene
194 3494 290 3523 coctus
306 3493 332 3521 ἃ
347 3492 477 3521 conditus
488 3491 575 3521 sermo
589 3492 688 3521 bonus.
710 3491 768 3521 Cic.
783 3499 824 3526 13.
841 3489 895 3518 Att.
910 3498 953 3524 50.

69 3532 94 3564 C
105 3541 217 3561 OCTxo
228 3553 236 3566 ,
257 3531 328 3566 finis.
347 3530 365 3559 f.
388 3531 403 3567 [
414 3527 544 3564 nimio-15,
571 3527 680 3564 ἕψησις]

107 3569 272 3599 Οοέἲίοηειη
280 3568 387 3603 facere,
408 3577 458 3605 pro
471 3567 654 3602 Concoquere
678 3568 705 3596 ὅτ
729 3565 869 3596 conficere
889 3562 984 3593 cibum
1003 3563 1033 3592 in
1051 3563 1227 3599 ventriculo,

128 3607 203 3644 quod
211 3605 309 3643 vulgus
321 3606 448 3643 Digerere
461 3612 550 3634 vocat.
572 3604 639 3633 Plin.
650 3604 699 3633 lib.
711 3613 756 3634 ιο.
773 3613 834 3641 cap.
845 3612 872 3638 9.

72 3645 240 3676 (ἶοετοκ,
260 3644 324 3673 oris.
348 3653 384 3672 m.
407 3641 546 3679 [iomar]
567 3642 622 3678 Qui
635 3643 740 3679 coquit.
1007 3675 1012 3682 ι

110 3683 230 3716 (Ξοξὶοι,
251 3691 301 3718 pro
313 3681 483 3716 Decoctore,
505 3679 658 3716 [lima-&ss
679 3680 784 3709 Seneca
803 3676 839 3706 de
859 3675 980 3706 Benefic.
994 3674 1049 3719 lib..
1062 3685 1089 3710 ⁴-
1106 3684 1168 3713 cap.
1183 3678 1229 3708 26.

129 3727 198 3750 extr.
221 3719 293 3755 Quis
304 3721 408 3748 coeteri
422 3719 568 3757 pecuniam
579 3718 674 3747 credet
684 3739 692 3750 ,
714 3724 761 3746 aut
772 3715 929 3753 depolitum
946 3719 1105 3743 committet
1116 3714 1141 3742 ei
1153 3735 1162 3749 ,
1184 3715 1232 3751 qui

128 3759 185 3795 jam
196 3757 320 3795 pluribus
330 3756 494 3794 abnegavit?
530 3755 571 3785 Al.
595 3755 751 3785 Decoctori.
778 3754 865 3783 Plaut.
878 3752 954 3781 Poen.
968 3759 992 3788 3.
1004 3761 1030 3781 2.
1042 3761 1069 3786 9.

202 3794 295 3824 Hodie
306 3794 377 3829 Juris
387 3794 514 3824 cudtores
529 3803 586 3822 non
599 3792 662 3822 sunt
675 3815 682 3828 ,
703 3793 751 3830 qui
765 3792 827 3821 lites
843 3796 946 3820 creant.
1041 3789 1087 3818 Sic
1107 3787 1162 3826 leg.
1185 3789 1233 3819 Pa-

129 3843 211 3869 reus·,
232 3832 278 3860 sed
289 3832 436 3861 Turnebus
452 3832 553 3869 aliique
571 3831 721 3861 Coc'tiores.
753 3829 785 3860 V.
808 3827 917 3858 Advers.
934 3838 975 3864 ¹5·
990 3835 1016 3862 7.
1047 3827 1155 3869 Petron.
1168 3835 1231 3865 cap.

129 3882 176 3908 95.
205 3870 361 3905 Cottoress
378 3868 561 3907 insulariique.
602 3869 678 3904 [liic
690 3867 936 3899 Coctoresiidem,
958 3866 1005 3902 qui
1020 3864 1119 3901 Coqur.

75 3910 97 3943 C
108 3912 230 3940 oca-Ua
242 3918 259 3936 A
270 3929 278 3942 ,
299 3917 330 3936 ae.
352 3907 372 3937 f.
394 3907 529 3943 [tow]
553 3906 629 3936 idem
640 3907 715 3942 quod
735 3904 841 3935 Cottio.
883 3902 1020 3932 Columel.
1043 3901 1091 3930 lib.
1108 3911 1149 3930 12.
1170 3911 1232 3938 cap.

120 3954 160 3982 18.
182 3947 209 3976 Si
222 3945 317 3981 quinta
334 3954 394 3982 pars
408 3945 478 3982 picis
492 3945 591 3975 Brutiae
601 3944 631 3974 in
642 3944 796 3975 universam
813 3942 957 3973 costuram
967 3940 1111 3977 adjiciatur
1122 3960 1131 3976 ,
1150 3938 1236 3971 utilis·

113 3987 209 4018 fimum
220 3983 251 4014 srt
260 3984 338 4014 omni
349 3983 507 4015 vindemiae.

1693 121 1724 155 C
1823 120 1858 155 O
1954 120 1980 156 P
2347 129 2412 168 693

1298 202 1416 233 Cmffura
1428 224 1436 238 ‚
1457 203 1557 233 dicitur
1574 202 1639 232 Creli
1652 202 1802 240 temperies
1814 223 1822 236 ,
1842 211 1857 230 a
1867 202 1988 239 perfecta
1998 202 2136 231 fruetuum
2149 203 2324 232 decoctione.
2347 204 2417 235 Plin.

1319 241 1366 269 lib.
1381 251 1494 278 14.cap.
1509 252 1535 277 4.
1559 242 1655 278 Quum
1671 241 1702 270 C.
1727 240 1868 269 Gracchus
1886 239 2028 268 Tribunus
2045 239 2157 276 plebem
2172 240 2352 272 seditionibus
2365 245 2421 279 agi.

1317 285 1379 343 &ps
1399 280 1602 317 interemptus,
1623 289 1656 308 ea
1671 278 1731 308 caeli
1750 277 1899 315 temperies
1912 276 2009 313 fulsit,
2037 286 2120 314 quam
2137 279 2276 307 cocturam
2298 289 2418 316 vocant,

1330 326 1346 343 O
1361 326 1381 343 l<
1393 326 1409 343 Ο
1423 326 1486 345 lese.

1262 327 1446 383 Cocritls
1457 375 1464 389 ‚
1485 363 1511 383 e.
1533 353 1645 389 stiffi&
1691 353 1776 390 Quod
1789 352 1937 390 coquendo
1950 351 1989 381 fit.
2012 357 2060 386 ut,
2080 350 2204 381 Coffiles
2220 352 2328 388 tegulae.
2366 354 2423 384 Co.

1302 390 1375 419 &ilia
1387 390 1464 425 vasa,
1485 391 1607 428 figulina.
1647 392 1723 420 Curt.
1738 391 1786 420 lib.
1803 401 1826 426 5.
1842 400 1864 420 1.
1891 391 1926 419 de
1939 389 2097 427 Babylone,
2121 389 2218 419 Murus
2229 390 2372 420 instructus
2384 392 2423 422 la.

1302 429 1512 458 terculococlili
1525 451 1533 464 ,
1556 429 1693 458 bitumine
1701 429 1836 459 interlitus
1848 449 1857 464 ,
1877 427 1994 465 spatium
2013 427 2124 465 triginta
2138 428 2165 457 δι
2185 428 2304 457 duorum
2316 429 2422 465 pedum

1301 465 1480 495 latitudinem
1491 477 1532 496 am
1558 467 1675 496 lefftitur.

1304 503 1519 539 Muricot‘riles,
1563 505 1673 533 ateritii.
1695 504 1780 534 Ovid.
1792 514 1820 539 4.
1838 503 1907 532 Met.
1926 508 1970 538 58-

1267 541 1453 570 Cocrinic
1464 552 1472 570 1
1483 552 1495 570 s
1507 563 1514 576 ,
1536 551 1559 570 e.
1582 540 1760 577 [ὲυέψητῶι]
1783 542 1867 579 Quod
1882 541 1964 570 facile
1975 540 2112 577 coquitur.
2133 538 2203 570 Plin.
2213 538 2262 570 lib.
2276 543 2318 570 16.
2330 544 2423 578 cap.6.

1305 578 1389 607 Glans
1399 579 1475 615 fagea
1486 580 1561 608 suem
1578 578 1694 608 hilarem
1706 580 1771 609 facit
1784 602 1792 615 ,
1814 588 1927 608 carnem
1941 577 2101 608 coetibilem
2111 587 2144 608 ac
2152 578 2243 608 levem
2257 600 2265 614 ,
2286 580 2313 608 δι
2328 579 2425 609 utilem

1306 616 1456 645 stomacho.
1498 617 1549 646 Alii
1565 616 1660 654 legunt
1671 617 1859 653 Coquibilem.

1270 652 1292 683 C
1302 663 1344 682 oc
1354 657 1389 682 'ri
1400 665 1414 681 ι.
1424 658 1462 682 ῖί·
1472 665 1481 683 ι
1492 665 1509 683 u
1519 664 1531 684 s
1542 677 1550 689 ,
1572 655 1632 689 Adi.
1653 661 1700 690 ut,
1721 655 1862 684 Coctilitia
1877 652 1990 683 taberna
2010 653 2085 692 apud
2110 652 2216 689 ,Iulium
2235 652 2427 691 Capitolinum

1307 691 1334 720 in
1349 691 1505 726 Pertinace,
1525 702 1608 729 quam
1627 693 1739 727 quidam
1758 693 1977 729 interpretantur
1991 714 2000 726 ,
2022 693 2051 721 ln
2066 701 2119 728 qua
2138 691 2214 728 ligna
2233 692 2428 722 vendebantur

1307 730 1403 763 cotra,
1425 739 1460 758 ne
1471 730 1579 758 fumum
1590 731 1769 764 emitterent,
1790 731 1870 766 cujus
1884 730 1991 766 generis
2003 729 2133 763 suerunt,
2153 739 2214 766 quae
2224 728 2311 759 Graeci
2329 728 2429 760 sicam

1306 774 1449 796 vocarunt.
1490 767 1578 796 Verba
1593 767 1745 805 Capitolini
1763 767 1826 796 sunt
1839 789 1847 801 ‚
1879 767 1954 796 Pater
1973 768 2034 803 ejus
2053 767 2216 796 coctilitiam
2237 767 2381 796 tabernam
2397 768 2429 796 in

1307 803 1614 834 Hetruriaexercuerat.
1655 805 1749 834 Solere
1759 812 1851 834 autem
1865 804 1940 842 ligna
1954 805 2036 842 coqui
2054 805 2149 834 auctor
2173 804 2210 833 est
2229 803 2291 842 Ulp.
2313 805 2332 834 l.
2347 805 2428 842 ligni.

1308 842 1468 879 appellatio.
1484 842 1517 871 D.
1530 843 1564 871 de
1576 842 1649 871 verb.
1662 842 1750 879 signif.
1791 842 1845 872 Sed
1858 843 2025 877 &titiones,
2047 842 2158 879 inquit,
2179 844 2206 872 δι
2221 842 2275 871 alia
2292 842 2368 880 ligna
2381 852 2429 872 co-

1309 880 1351 908 cta
1362 901 1369 911 ,
1391 889 1425 908 ne
1437 880 1544 909 fumum
1558 880 1679 915 faciant,
1705 882 1757 909 διο.
1798 879 1828 909 V.
1850 880 1879 908 in
1900 890 1995 909 coac.
2005 889 2024 908 T
2035 891 2043 908 1
2054 891 2070 908 ι.
2080 889 2128 908 ιΑ.

1271 916 1294 946 C
1302 927 1318 946 o
1328 926 1345 945 c
1354 920 1415 945 τῑν
1426 927 1444 945 υ
1453 927 1474 952 s,
1496 927 1511 946 a
1522 939 1530 952 ‚
1552 927 1606 946 um.
1631 918 1691 953 Adj.
1711 917 1892 953 [τέραμνῶι]
1913 918 1999 954 Quod
2011 917 2091 947 facile
2102 917 2147 947 vel
2158 919 2297 955 coquitur,
2318 918 2363 948 vel
2374 928 2430 948 ma-

1308 960 1432 989 turatur;
1456 961 1501 989 ut,
1523 955 1637 984 Costiva
1651 965 1753 993 poma,
1777 955 1924 984 Coerivum
1935 957 2075 992 legumen.

1309 991 1429 1021 Coctivae
1440 993 1571 1022 castaneae
1581 1014 1590 1028 ,
1612 993 1744 1021 dicuntur
1759 992 1869 1029 Nigrae,
1891 1003 1950 1030 quae
1960 994 2046 1030 magis
2058 994 2087 1022 in
2097 991 2145 1022 usu
2156 991 2228 1022 sunt.
2251 992 2317 1023 Plin.
2332 992 2378 1023 lib.
2388 1003 2431 1029 ις.

1328 1040 1388 1067 cap.
1402 1039 1446 1066 ²3-
1470 1030 1620 1059 Laudatior
1635 1029 1791 1059 Corelliana
1803 1051 1811 1065 ,
1833 1031 1858 1059 &
1868 1040 1902 1059 ex
1914 1041 1945 1060 ea
1959 1031 2029 1060 facta
2042 1031 2182 1061 Meterana
2196 1053 2204 1066 ,
2227 1040 2307 1067 quarn
2328 1031 2433 1062 rubens

1329 1074 1425 1096 cortex
1437 1069 1545 1105 praefert
1556 1068 1699 1104 triangulis
1709 1090 1717 1102 ,
1738 1070 1764 1097 ἃ
1775 1068 1956 1105 popularibus
1967 1069 2050 1104 nigris
2060 1090 2068 1104 ,
2089 1078 2149 1105 quae
2160 1069 2274 1098 cofftivae
2287 1076 2433 1100 vocantur.

1272 1105 1295 1135 C
1307 1107 1323 1135 ὅ
1333 1116 1376 1141 Qu
1386 1107 1424 1134 ἷί·
1433 1115 1460 1139 0,
1470 1105 1614 1141 [ἕψομωι]
1635 1110 1690 1135 ᾗτε.
1711 1105 1850 1143 frequent.
1864 1106 1972 1141 Festus;
1996 1107 2144 1143 Coquitare
2153 1116 2203 1143 pro
2217 1105 2366 1143 Coctitare,
2376 1108 2394 1137 i.
2406 1117 2432 1138 e.

1310 1143 1477 1180 Frequenter
1490 1153 1610 1180 coquere
1627 1144 1712 1173 Plaut.
1729 1143 1790 1172 Aul.
1803 1152 1827 1180 3.
1843 1152 1867 1177 3.
1883 1154 1907 1179 ς.
1927 1143 2027 1181 posuit.
2052 1144 2128 1173 ldern
2145 1144 2213 1172 ibid.
2229 1154 2252 1177 ι.
2268 1155 2289 1173 ι.
2304 1154 2330 1180 3.

1336 1181 1436 1218 Neque
1444 1190 1494 1217 ego
1504 1191 1626 1214 unquam
1639 1181 1685 1210 nisi
1699 1182 1786 1211 hodie
1798 1181 1832 1210 ad
1841 1181 1961 1211 Bacchas
1973 1182 2035 1211 veni
2047 1182 2075 1210 in
2088 1181 2239 1210 Bacchanal
2249 1183 2432 1219 coquitatum.

1309 1218 1357 1263 Sic
1367 1219 1459 1248 Festus
1469 1219 1522 1256 leg.
1548 1218 1594 1248 sed
1606 1221 1698 1257 potius
1712 1219 1910 1257 legendumest
1932 1220 1985 1256 (ut
2007 1220 2109 1249 eruditi
2133 1219 2258 1257 suspicati
2278 1219 2360 1257 sunt)
2382 1221 2436 1250 Co.

1312 1263 1466 1293 quinatum.
1862 1280 1867 1287 .

1273 1293 1446 1330 coQuus,
1467 1293 1511 1323 vel
1530 1293 1668 1329 Cocus,
1687 1295 1706 1324 i.
1727 1304 1764 1325 ιη.
1785 1292 1972 1331 [advecto]
1993 1294 2051 1332 Qui
2070 1294 2149 1324 cibos
2167 1295 2262 1330 coquit
2281 1296 2306 1325 &
2328 1296 2434 1327 vendit.

1311 1332 1427 1368 Festus3
1457 1332 1587 1369 Coquum
1604 1334 1629 1362 ἀ
1647 1333 1775 1363 Pistorem
1791 1333 1868 1370 apud
1892 1339 1998 1362 veteres
2018 1333 2141 1362 eundem
2161 1332 2240 1362 fuisse
2264 1335 2434 1371 accepimus.

1310 1369 1443 1405 Naevius,
1467 1370 1613 1407 Coquum,
1632 1371 1740 1407 inquit,
1761 1371 1820 1400 edit
1835 1371 1877 1400 Ne
1901 1377 2021 1406 tunum,
2044 1370 2196 1405 Venerem,
2217 1371 2353 1400 Cererem.
2395 1373 2437 1401 Si.

1310 1408 1424 1445 gnificat
1434 1417 1482 1445 per
1495 1409 1640 1444 Cererem,
1663 1418 1784 1446 panem:
1805 1418 1856 1447 per
1866 1380 2041 1445 bpepmnum'
2062 1408 2166 1446 pisces:
2189 1410 2215 1438 &
2228 1418 2275 1446 per
2289 1408 2433 1445 Venerem,

1308 1446 1393 1475 olera.
1435 1446 1492 1475 Cic.
1503 1456 1551 1483 pro
1561 1446 1639 1476 Rosc.
1652 1448 1739 1476 Amer.
1753 1455 1813 1482 134.
1844 1446 1930 1476 Mitto
1951 1446 2031 1475 hasce
2049 1452 2124 1476 artes
2144 1445 2288 1484 vulgares,
2308 1456 2434 1483 coquos,

1310 1484 1444 1521 pistores,
1464 1483 1627 1514 lecticarios.
1669 1485 1794 1514 Donatus
1807 1486 1836 1514 in
1845 1484 1986 1521 Adelphos
2005 1484 2131 1513 Terentii
2150 1493 2172 1520 3.
2191 1494 2215 1519 3.
2237 1484 2379 1514 Ciceronis
2396 1486 2439 1514 di.

1312 1523 1388 1551 (stum
1398 1520 1550 1552 referturin
1567 1531 1632 1551 eum
1646 1523 1693 1559 qui
1711 1523 1795 1559 coqui
1806 1522 1880 1552 filius
1899 1522 1993 1551 secum
2013 1521 2105 1551 causas
2120 1521 2218 1559 agebat
2233 1543 2241 1557 ,
2262 1522 2307 1552 Tu
2328 1532 2440 1559 quoque

1309 1559 1408 1589 aderas
1418 1560 1484 1589 huic
1494 1559 1591 1590 causae.
1633 1561 1704 1589 Nam
1716 1561 1793 1598 apud
1802 1567 1910 1590 veteres
1921 1561 2033 1597 Coquus
2042 1569 2101 1589 non
2112 1570 2163 1598 per
2182 1570 2198 1590 e
2210 1560 2330 1591 litteram
2338 1560 2438 1591 scribe-

1311 1597 1391 1626 batur
1404 1621 1412 1634 ,
1433 1597 1480 1627 sed
1497 1608 1546 1636 per
1567 1609 1596 1634 Q
1636 1598 1778 1629 Hactenus
1794 1598 1928 1628 Donatus.

1311 1635 1441 1673 Coquum
1453 1635 1552 1666 facere.
1576 1636 1696 1666 Martial.
1711 1637 1759 1666 lib.
1779 1646 1821 1666 12.
1832 1639 1878 1673 65.

1404 1674 1568 1705 Vincentem
1580 1673 1671 1704 roseos
1684 1696 1693 1709 ,
1714 1674 1841 1712 facieque
1853 1696 1861 1710 ,
1882 1683 2019 1711 comaque
2031 1673 2169 1704 ministros

1458 1711 1548 1742 Cinna
1563 1721 1683 1750 coquum
1695 1713 1780 1749 fecit,
1802 1712 1893 1742 Cinna
1906 1711 2019 1750 gulosus
2028 1713 2115 1742 homo
2126 1712 2174 1742 est.

1273 1747 1408 1785 eoQuA
1422 1772 1430 1785 ‚
1453 1760 1483 1780 ae.
1505 1750 1526 1780 f.
1550 1750 1637 1780 Plaut.
1650 1751 1726 1779 Poen.
1745 1760 1767 1780 r.
1783 1759 1808 1779 2.
1820 1755 1864 1785 38.

1274 1786 1298 1815 C
1307 1797 1325 1815 0
1334 1798 1379 1823 Qu
1390 1790 1405 1817 ῠ
1416 1798 1477 1817 cus
1490 1810 1498 1824 ,
1518 1788 1535 1818 i.
1558 1798 1595 1818 m.
1618 1789 1634 1824 [
1642 1789 1847 1823 κφγάιμσκῶυ]
1868 1788 1967 1817 dimin.
1989 1787 2090 1818 Parvus
2098 1797 2213 1824 coquus.
2236 1787 2372 1819 Perottus.

1275 1824 1297 1854 C
1308 1827 1404 1860 oouu
1415 1835 1458 1854 LA
1470 1848 1478 1862 ,
1501 1836 1531 1856 ae.
1552 1826 1571 1855 f.
1593 1834 1625 1855 ut
1636 1826 1719 1856 Varro
1731 1827 1770 1856 ait
1784 1826 1860 1864 apud
1872 1826 1998 1856 Nonium
2013 1835 2054 1861 ιι,
2069 1836 2112 1861 52.
2141 1826 2212 1862 Quae
2232 1828 2371 1863 coquebat
2392 1837 2443 1865 pa-

1312 1872 1377 1892 nem
1389 1886 1396 1898 ,
1418 1864 1539 1901 primum
1548 1864 1596 1893 sub
1607 1865 1701 1894 cinere
1710 1886 1718 1899 ,
1740 1864 1870 1902 posteain
1880 1865 1962 1894 forno
1975 1874 1982 1894 :
2004 1865 2084 1900 cujus
2092 1864 2233 1901 utriusque
2245 1864 2413 1895 vocabulum
2425 1875 2442 1895 a

1312 1901 1394 1930 forno
1405 1903 1520 1932 dustum
1529 1924 1537 1937 ‚
1559 1903 1588 1932 id
1599 1903 1637 1932 est
1647 1913 1662 1932 a
1676 1902 1797 1932 caldore.

1273 1937 1321 1968 Co
1332 1950 1429 1975 quur,
1439 1950 1457 1969 u
1468 1951 1487 1969 M
1501 1962 1510 1975 ,
1531 1941 1550 1970 i.
1573 1950 1601 1970 n.
1632 1940 1682 1970 Vas
1708 1950 1817 1970 aeneum
1833 1938 2012 1970 coctionibus
2032 1944 2139 1978 aptum.
2178 1938 2264 1969 Plaut.
2288 1940 2383 1970 AEneis
2397 1950 2444 1970 co-

1314 1977 1404 2014 quulis
1414 1979 1529 2008 excocta
1539 1979 1606 2007 mihi
1620 1979 1657 2007 cst
1664 1979 1756 2008 omnis
1767 1979 1890 2008 materia.
1931 1977 1982 2006 lllii
1993 1977 2122 2013 Coquula
2132 1977 2276 2015 accipiunt
2285 1988 2336 2016 pro
2350 1979 2444 2015 Lignis

1313 2016 1429 2053 minutis
1441 2038 1448 2049 ,
1471 2017 1570 2052 quibus
1583 2016 1667 2045 facile
1680 2017 1876 2054 decoquuntur
1889 2015 2014 2045 obsonia.
2039 2015 2140 2045 Festus.

1313 2054 1424 2120 Legitulr
1437 2055 1463 2083 δι
1477 2054 1623 2084 Coculum.
1646 2054 1732 2084 Plaut.
1745 2054 1824 2093 Capt.
1836 2065 1862 2091 4.
1875 2063 1901 2085 2.
1917 2057 1963 2091 67.
1993 2053 2063 2083 Cato
2081 2053 2112 2083 R.
2124 2053 2155 2083 R.
2172 2063 2234 2092 cap.
2251 2062 2294 2084 ιι.
2316 2053 2444 2084 Ahenum

1334 2100 1403 2121 cocu
1419 2102 1474 2121 um.

1277 2126 1482 2166 CoQJrNus
1495 2152 1503 2165 ,
1524 2139 1556 2165 a,
1577 2139 1633 2159 um.
1656 2130 1717 2166 Adj.
1738 2135 1788 2164 ut,
1810 2129 1970 2167 Coquinum
1987 2128 2087 2159 forum.
2110 2127 2221 2158 Plautus
2231 2128 2328 2159 Pseud.
2342 2137 2366 2166 3.
2378 2139 2404 2160 2.
2418 2139 2442 2161 r.

1408 2167 1509 2197 Forum
1521 2168 1676 2205 coquinam
1691 2168 1738 2205 qui
1751 2173 1854 2197 vocant
1865 2189 1874 2202 ,
1894 2167 1974 2196 stulte
1985 2173 2087 2196 vocant
2097 2188 2107 2201 ,

1408 2205 1481 2234 Nam
1493 2215 1552 2234 non
1568 2206 1720 2242 coquinum
1731 2205 1770 2234 est
1780 2227 1789 2240 ,
1809 2214 1906 2235 verum
1918 2205 2039 2234 fotinum
2049 2205 2088 2233 est
2103 2204 2204 2234 forum.

1275 2241 1300 2272 'C
1311 2251 1327 2272 o
1337 2245 1431 2279 <rurs
1441 2253 1461 2272 A
1475 2265 1483 2278 ,
1506 2253 1536 2273 ae.
1558 2243 1577 2273 f.
1600 2243 1776 2279 [κψγωξεῗον]
1799 2242 1887 2272 Locus
1898 2243 1926 2271 in
1940 2252 1994 2279 quo
2008 2242 2094 2280 dapes
2110 2247 2278 2280 coquuntur.
2313 2242 2425 2273 Nonius
2435 2265 2445 2279 ,

1319 2290 1419 2318 1.273.
1442 2280 1569 2311 Culinam
1590 2286 1697 2310 veteres
1719 2281 1874 2318 Coquinam
1890 2280 2040 2314 dixerunt,
2066 2290 2124 2309 non
2148 2286 2178 2309 ut
2191 2290 2267 2309 nunc
2282 2281 2378 2318 vulgus
2398 2291 2450 2318 pu-

1312 2324 1361 2347 tat.
1404 2318 1545 2348 Mercerus
1568 2318 1696 2348 Colinam
1716 2318 1783 2356 legit
1797 2340 1805 2352 ‚
1827 2318 1907 2354 cujus
1931 2319 1998 2347 edit.
2023 2317 2053 2347 V.
2086 2318 2213 2347 Donatus
2232 2319 2261 2347 in
2279 2319 2370 2356 primo
2382 2320 2447 2348 at‘tu

1316 2356 1424 2386 Andriae
1434 2378 1441 2392 ‚
1464 2357 1591 2394 Coquina
1602 2379 1610 2392 ‚
1634 2357 1784 2386 Medicinae
1794 2356 1953 2385 famulatrix
1963 2356 2010 2385 est.
2038 2355 2114 2385 conf.
2135 2365 2154 2385 c
2163 2366 2180 2384 υ
2190 2366 2206 2384 r.
2216 2367 2225 2384 1
2236 2365 2256 2384 N
2265 2365 2296 2386 A.

1277 2392 1301 2422 C
1310 2403 1326 2422 ο
1337 2404 1383 2430 <Lu
1392 2405 1401 2422 1
1412 2404 1433 2423 Ν
1443 2398 1460 2423 X
1468 2404 1485 2423 R
1495 2405 1505 2423 1
1514 2404 1527 2424 s
1536 2416 1544 2430 ,
1567 2405 1591 2424 e.
1617 2394 1697 2424 Varro
1706 2395 1784 2432 apud
1793 2394 1868 2423 Non.
1880 2402 1904 2430 3.
1916 2402 1960 2429 32.
1981 2393 2076 2423 Culter
2085 2394 2254 2431 coquinaris.

1279 2431 1302 2460 C
1311 2441 1328 2460 o
1337 2441 1382 2467 qu
1391 2442 1399 2460 ι
1409 2442 1427 2460 Ν
1436 2436 1453 2461 X
1462 2442 1477 2460 ιι
1487 2443 1496 2461 ι
1506 2443 1526 2461 υ
1535 2442 1557 2467 s,
1569 2429 1754 2468 [affyeofflszssr]
1767 2432 1825 2468 Adj.
1837 2437 1878 2465 ut,
1891 2431 2058 2468 Coquinaria
2068 2431 2137 2461 vasa.
2150 2431 2219 2460 Plin.
2231 2431 2393 2470 lib.33.cap.
2401 2441 2413 2462 1
2421 2441 2445 2463 ι.

1316 2469 1516 2505 Coquinarium
1529 2470 1751 2500 instrumentum.
1776 2469 1807 2499 V.
1830 2469 2000 2504 miliarium,
2021 2470 2041 2499 i.
2066 2469 2095 2498 in
2118 2479 2271 2499 Minium.

1277 2507 1302 2537 C
1312 2516 1401 2574 (ἔξω
1412 2517 1431 2536 Ν
1442 2517 1461 2536 A
1471 2518 1488 2537 a
1498 2519 1508 2537 1
1517 2517 1549 2544 A,
1568 2518 1599 2538 ae.
1615 2508 1636 2538 f.
1659 2507 1848 2544 [wymvmi]
1869 2508 1916 2537 Ars
1928 2506 2070 2545 coquendi
2079 2516 2139 2544 quae
2147 2508 2183 2537 ad
2195 2507 2300 2537 victum
2311 2507 2449 2545 spectant.

1339 2551 1453 2575 crottus.

1277 2582 1380 2619 CoQu
1391 2592 1551 2613 ιΝΑιιιυε
1564 2605 1573 2617 ,
1593 2583 1611 2612 i.
1633 2592 1671 2613 m.
1693 2582 1750 2620 Qui
1768 2582 1848 2613 cibos
1865 2584 1962 2613 coctos
1979 2582 2096 2619 vendit,
2117 2582 2163 2613 vel
2185 2582 2242 2620 Qui
2257 2583 2450 2620 coquinariam

1317 2629 1403 2650 artem
1418 2628 1538 2651 exercet.
1562 2622 1695 2651 Perottus.

1275 2658 1300 2689 C
1309 2662 1399 2695 oqui
1410 2668 1429 2687 Ν
1439 2669 1456 2688 o
1468 2681 1476 2694 ,
1498 2657 1688 2695 [κρομμύω]
1708 2661 1764 2688 are.
1786 2659 1863 2688 unde
1876 2658 2068 2696 Coquinatum
2080 2680 2088 2694 ,
2108 2668 2161 2697 pro
2189 2659 2229 2688 Ad
2245 2659 2424 2697 coquendum
2434 2681 2446 2696 ,

1314 2697 1433 2734 legimus
1443 2697 1517 2735 apud
1531 2697 1657 2726 Plautum
1668 2698 1698 2726 in
1709 2697 1768 2727 Aul.
1785 2706 1811 2732 3.
1832 2708 1854 2726 ι.
1870 2706 1896 2732 3.

1397 2735 1496 2773 Neque
1507 2745 1558 2773 ego
1573 2745 1695 2773 unquam
1713 2757 1721 2771 ,
1741 2735 1791 2764 nifi
1803 2734 1888 2765 hodie
1898 2757 1906 2770 ,
1928 2735 1963 2764 ad
1973 2734 2095 2764 Bacchas
2108 2735 2173 2763 veni
2186 2734 2214 2764 in
2228 2734 2385 2764 Bacchanal
2401 2744 2448 2764 co-

1514 2773 1671 2811 quinatum.
1755 2772 1794 2802 Al.
1812 2773 2002 2811 Coquitatum.
2029 2774 2106 2802 ldem
2117 2772 2211 2802 Pseud.
2227 2782 2252 2808 3.
2269 2782 2294 2801 2.
2309 2778 2354 2808 ες.

1399 2810 1471 2840 Hem
1484 2820 1575 2841 mane.
1597 2812 1692 2849 quanti
1705 2811 1794 2841 isthuc
1804 2821 1891 2840 unum
1904 2821 1948 2839 me
1962 2811 2111 2848 coquinare
2126 2811 2262 2848 perdoces
2272 2812 2285 2839 ἶ)

1278 2848 1330 2879 (Σὸ
1341 2859 1388 2884 Qu
1398 2852 1437 2878 ῑΝ
1447 2852 1463 2878 tx
1473 2858 1492 2877 T
1502 2851 1562 2879 61³1
1572 2859 1610 2878 us
1623 2870 1631 2884 ,
1652 2859 1667 2878 a
1681 2871 1689 2885 ,
1714 2859 1771 2878 um.
1793 2849 1869 2878 aliud
1895 2849 1953 2883 Adj.
1976 2855 2007 2878 ut
2021 2870 2030 2882 ,
2059 2848 2124 2877 Vasa
2139 2848 2337 2885 coquinatoria.
2378 2846 2445 2878 Vasa

1319 2894 1412 2917 autem
1425 2888 1616 2924 coqu-inatoria
1627 2887 1727 2917 eadem
1738 2886 1794 2916 effe
1810 2886 1901 2924 palam
1914 2888 1952 2916 est
1966 2908 1974 2920 .
1997 2896 2057 2923 quae
2070 2886 2171 2915 Plinius
2181 2886 2448 2922 Coquinarianomi-

1317 2932 1383 2960 nat,
1404 2935 1418 2954 a
1437 2925 1521 2954 verbo
1533 2925 1702 2962 Coquinari,
1723 2934 1778 2962 quo
1794 2925 1903 2954 Plautus
1925 2924 1987 2954 usus
2005 2925 2058 2959 est,
2080 2925 2147 2953 item
2162 2929 2193 2953 ut
2205 2924 2259 2953 hoc
2279 2933 2294 2952 a
2309 2924 2444 2958 Coquina.

1316 2964 1449 2993 Ceterum
1460 2963 1535 2999 quod
1546 2963 1620 3001 apud
1633 2963 1746 2993 Paulum
1761 2962 1818 2992 inl.
1830 2966 1856 2992 6.
1873 2962 1905 2993 D.
1924 2964 1959 2992 de
1970 2972 2032 2999 pen.
2045 2962 2100 2999 leg.
2123 2961 2290 2991 Cocitatoria
2311 2961 2371 2990 vasa
2379 2961 2448 2998 legi-

1316 3008 1362 3030 tur
1373 3023 1380 3036 ,
1403 3001 1580 3030 Cocinatoria
1595 3024 1603 3037 ,
1624 3001 1654 3031 id
1665 3003 1704 3031 est
1712 3001 1904 3039 coquinatoria
1914 3001 2108 3038 reponendum
2118 3000 2237 3029 videtur.
2277 2999 2349 3028 Nam
2368 3009 2384 3028 c
2395 3009 2445 3037 pro

1319 3049 1357 3075 q,
1378 3039 1536 3075 frequenter
1546 3040 1573 3069 in
1584 3040 1703 3076 antiquis
1714 3039 1791 3068 libris
1802 3039 1916 3077 reperiri
1927 3044 2025 3067 notum
2035 3038 2087 3068 est:
2113 3039 2139 3068 Sc
2152 3038 2231 3077 apud
2249 3036 2315 3076 Ulp.
2325 3039 2354 3066 in
2364 3036 2384 3067 l.
2401 3047 2445 3073 19.

1320 3078 1343 3115 §.
1366 3087 1390 3113 ς.
1411 3076 1446 3107 D.
1459 3077 1495 3107 de
1504 3086 1560 3107 aur.
1577 3078 1605 3107 8(
1622 3087 1679 3115 arg.
1692 3077 1747 3115 leg.
1770 3076 1807 3106 sic
1816 3077 1903 3115 plane
1915 3076 2024 3113 legitur.

1725 3125 1754 3160 C
1851 3125 1886 3160 O
1979 3124 2010 3159 R

1283 3182 1355 3214 Coa
1367 3203 1375 3215 .
1398 3182 1497 3212 cordis.
1518 3191 1546 3211 n.
1570 3178 1712 3217 [taedia]
1734 3180 1789 3211 Gor
1802 3180 1968 3210 animalibus
1980 3180 2078 3210 ceteris
2093 3180 2123 3210 in
2141 3180 2238 3209 medio
2257 3180 2370 3217 pec‘tore
2387 3179 2446 3210 est:

1320 3220 1428 3248 homini
1440 3227 1548 3249 tanturn
1561 3219 1736 3248 infralaevam
1749 3218 1882 3257 papillam
1893 3220 1931 3248 ita
1950 3219 2085 3256 palpitat,
2107 3224 2138 3248 ut
2157 3219 2268 3247 admota
2285 3228 2368 3248 manu
2388 3218 2446 3247 duo

1319 3256 1374 3286 ess'e
1386 3259 1542 3288 videantur.
1584 3257 1645 3286 Hoc
1656 3258 1777 3294 primum
1789 3256 1966 3286 nascentibus
1980 3257 2089 3285 formari
2103 3257 2131 3285 in
2143 3263 2221 3285 utero
2231 3256 2353 3290 trad-unt,
2362 3256 2447 3284 -dein-

1321 3295 1357 3324 de
1371 3296 1515 3325 cerebrum
1526 3318 1534 3330 ,
1557 3294 1625 3324 ficut
1633 3294 1782 3324 tardissime
1793 3294 1890 3324 oculos
1900 3316 1909 3329 ,
1930 3294 1976 3323 sed
1988 3294 2037 3323 hos
2049 3295 2168 3331 primum
2180 3295 2270 3328 mori,
2295 3303 2342 3322 cor
2357 3293 2448 3322 novis-

1319 3333 1394 3362 fime.
1436 3334 1502 3364 Haec
1515 3333 1582 3364 Plin.
1601 3333 1651 3362 lib.
1666 3343 1706 3362 ιι.
1722 3342 1783 3370 cap.
1800 3341 1844 3368 37.
1875 3331 2018 3369 Quicquid
2037 3339 2130 3361 autem
2154 3332 2228 3360 dicat
2240 3354 2248 3366 ,
2270 3331 2376 3360 constat
2398 3340 2447 3360 cot

1321 3372 1490 3401 exactiffime
1502 3374 1529 3401 in
1542 3371 1637 3400 medio
1651 3370 1765 3400 thorace
1779 3371 1933 3408 &corpore
1943 3369 2022 3399 litum
2033 3369 2096 3405 esse,
2118 3369 2270 3398 secundum
2282 3377 2395 3399 ornnem
2407 3368 2447 3398 sui

1321 3409 1541 3439 dimenfionem:
1564 3409 1609 3438 scd
1621 3408 1715 3437 fibram
1738 3408 1791 3437 sive
1807 3408 2011 3437 extremitatem
2029 3408 2107 3444 ejus,
2128 3407 2217 3436 versus
2231 3407 2363 3436 sinistrum
2376 3408 2447 3436 latus

1321 3456 1442 3484 vergere.
1481 3448 1601 3477 Primum
1611 3453 1705 3475 autem
1714 3447 1840 3474 omnium
1850 3446 2006 3475 membrum
2025 3446 2052 3474 in
2070 3454 2186 3483 corpore
2195 3445 2283 3483 hepar
2303 3445 2445 3482 gignitur,

1321 3495 1379 3514 non
1393 3492 1485 3514 autem
1499 3495 1555 3515 cor.
1577 3483 1691 3520 [Immo
1704 3485 1738 3513 de
1747 3484 1838 3513 cordis
1848 3483 1937 3521 pofitu
1950 3486 1975 3514 &
1987 3483 2079 3521 gene'sl
2091 3482 2204 3512 consule
2214 3483 2340 3519 juniores
2352 3488 2448 3512 anato.

1322 3532 1420 3554 micOS.

1322 3561 1378 3591 Cor
1392 3583 1400 3594 ,
1422 3561 1606 3597 quantitatem
1630 3558 1714 3588 habet
1736 3567 1814 3588 nunc
1832 3558 2000 3597 productam
2016 3579 2025 3593 ,
2054 3565 2133 3587 nunc
2153 3564 2319 3596 correptam.
2361 3556 2446 3588 Ovid.

1340 3599 1424 3637 Epist.
1441 3597 1542 3635 Sapph.
1554 3606 1598 3634 79.

1403 3635 1491 3666 Molle
1503 3633 1712 3664 meumlevibus
1723 3643 1772 3663 cor
1779 3633 1816 3662 est
1824 3633 1956 3663 violabile
1970 3632 2041 3662 telis.
2099 3632 2187 3662 Idem.
2200 3642 2223 3662 1.
2239 3633 2276 3662 de
2287 3632 2445 3667 Pont.4.3².

1402 3673 1544 3702 Confiteor
1563 3672 1660 3701 misero
1679 3671 1764 3701 molle
1786 3681 1835 3701 cor
1851 3672 1907 3701 effe
1929 3671 2007 3700 mihi.
2109 3670 2247 3701 Martialis
2270 3673 2296 3701 δι
2313 3671 2448 3701 Ausonius

1340 3711 1448 3749 semper
1461 3711 1629 3748 corripiunt)

1324 3751 1379 3780 Cor
1391 3771 1399 3784 ,
1421 3758 1471 3786 pro
1482 3749 1578 3777 Mente
1593 3747 1664 3784 saepe
1672 3746 1823 3782 usurpatur.
1845 3746 1954 3776 Lucret.
1967 3744 2014 3774 lib.
2028 3756 2052 3781 5.
2069 3749 2149 3777 1106.

1405 3787 1520 3823 ingenio
1532 3786 1577 3822 qui
1593 3785 1772 3822 prastaban‘t,
1793 3786 1819 3814 ἅ
1833 3785 1918 3814 corde
1929 3785 2068 3821 vigebant.

1323 3825 1403 3855 Curae
1416 3824 1518 3853 cordis.
1541 3823 1647 3852 Lucret.
1661 3822 1709 3850 lib.
1724 3831 1746 3857 3.
1766 3830 1828 3858 117.

1325 3863 1431 3893 Globus
1440 3861 1543 3891 cordis.
1565 3861 1673 3889 Lucret.
1691 3860 1737 3888 lib.
1751 3873 1777 3893 4·
1792 3865 1854 3894 118.

1325 3900 1540 3938 Stuporcordis.
1582 3899 1640 3927 Cic.
1655 3907 1678 3933 3.
1693 3897 1791 3935 Philip.
1804 3902 1846 3927 16.
1868 3896 1924 3934 Qui
1940 3901 2053 3934 propter
2072 3895 2251 3926 haefitantiam
2270 3893 2381 3933 linguae,
2398 3893 2449 3924 stus

1344 3947 1498 3976 porernque
1509 3937 1602 3967 cordis
1614 3957 1623 3972 ,
1644 3945 1802 3973 cognomen
1814 3944 1849 3964 ex
1858 3935 2029 3965 contumelia
2037 3935 2162 3965 traxerit.
2199 3956 2206 3959 -

1806 3973 1890 4004 Ssss
1912 3982 1924 4010 3
2373 3970 2449 4000 Acria
