2600 4177
485 149 515 184 Ο
612 148 646 184 O
742 146 776 182 N

35 263 40 270 ,
86 232 127 264 Ad
141 240 225 270 opem
237 231 361 268 judicum
372 231 466 262 afflicti
476 229 582 265 injuriis
594 226 935 266 supplicesinferioresque
943 227 1118 266 confligium.
1137 227 1197 257 Cic.

129 280 158 298 ro
172 270 249 299 Font.
266 280 282 298 2
303 292 310 299 .

88 281 128 337 Api
144 318 227 344 opem
240 280 308 341 aeggr
321 305 447 342 confugit
459 303 606 332 medicam.
628 302 713 332 Ovid.
728 311 751 338 3.
770 302 805 332 de
814 302 892 332 Pont.
904 314 931 339 4.
944 307 970 337 8.

88 346 130 374 Ad
141 354 198 373 rem
211 345 358 374 publicam.
380 342 437 372 Cic.
447 353 474 375 4.
486 341 558 370 Fam.
575 343 600 369 6.
1131 377 1138 383 ι

89 383 129 412 Ad
141 375 252 411 statuam
268 381 427 418 confugere.
449 377 514 416 Ulp.
530 379 558 407 in
572 378 589 408 l.
605 378 623 407 si
634 377 773 407 dominus.
789 375 824 407 D.
844 377 880 407 de
891 377 934 407 his
953 376 999 415 qui
1018 377 1081 408 sunt
1099 376 1139 407 sui
1156 375 1202 406 vel

109 419 190 449 alien.
211 421 256 448 'ut.

89 457 130 486 Ad
142 431 368 494 vota‘jprecesoue.
393 453 460 483 Plin.
476 462 517 482 10.
531 453 611 489 Epist.
629 462 671 487 ς1,

91 493 289 532 Confugeread
299 492 402 530 aliquid
413 513 422 526 ,
441 490 468 520 se
479 491 627 520 excusandi
643 490 736 528 gratia.
757 489 820 520 Ter.
834 489 934 520 Heaut.
948 500 975 526 4.
993 501 1017 527 ς.
1034 499 1080 527 4ς.

438 544 474 549 --
487 538 576 564 neque
588 535 615 557 tu
630 528 734 557 scilicet
927 532 947 558 Ο
1172 563 1176 565 Α

143 569 185 599 Εο
197 577 272 598 nunc
280 566 423 603 confugies
439 588 447 601 ,
467 566 534 603 quid
545 567 629 595 mea?
650 575 718 595 num
736 564 803 594 mihi
814 565 910 594 datum
921 562 984 595 est‘?t
1059 565 1077 595 i.
1090 575 1114 596 e.
1135 563 1203 595 Non

109 607 162 636 erit
175 606 248 642 quod
262 603 446 633 excusationis
461 603 538 633 causa
552 603 610 632 haec
625 604 701 633 dicas
712 625 719 636 ,
741 602 818 638 Quid
834 604 917 632 mea?

94 644 250 677 Confugere
261 642 316 671 sine
324 642 524 679 praepositione.
534 647 574 675 ut,
586 641 717 670 Perusiam
727 640 878 677 confugere
889 641 988 678 coegit.
1000 641 1075 670 Suet.
1089 642 1151 677 nug.
1159 650 1202 674 14.

55 681 104 712 co
114 692 154 710 Νε
163 684 179 709 ῠ
189 678 207 709 ἓ,
218 691 238 709 Α
249 701 258 714 ,
280 689 310 709 ae.
332 679 352 709 f.
375 677 577 715 [ιιᾳ-ιαΦαῦγιν]
598 679 654 715 Qui
664 679 698 707 ad
707 677 810 720 asyluin
819 679 950 712 confugit.
977 678 995 707 1.
1014 677 1148 716 praesenti.
1171 677 1204 708 C.

93 719 127 748 de
136 719 178 748 his
187 719 232 755 qui
244 717 278 747 ad
288 717 384 746 eccles.
398 717 509 754 confug.
522 716 539 747 l.
555 717 570 745 si
583 726 643 754 qua.
658 716 688 745 C.
698 715 734 744 de
743 715 826 751 episc.
841 718 865 744 8<
877 716 969 745 cleric.

55 755 102 786 Co
114 765 133 785 Ν
143 767 157 785 s
167 765 211 785 uc
221 765 235 784 s
244 766 260 784 L
272 765 291 784 A
304 777 312 791 ,
333 765 364 785 ae.
385 755 405 784 f.
429 755 519 784 Festus
530 776 538 789 .
560 753 744 790 Confugelam
757 753 864 796 antiqui
877 754 1045 792 Confugium
1064 753 1204 784 dicebant.

55 793 104 823 Co
114 802 157 824 NF
167 803 184 823 u
195 803 256 823 eiu
268 803 288 822 11
299 814 308 827 ,
331 793 349 822 i.
370 802 398 822 11.
420 792 596 828 [νιφπιφυγῖ]
617 791 700 821 Ovid.
717 801 735 825 4
761 790 839 820 Trist.
855 802 879 827 ς.
893 795 919 821 6.

183 831 239 867 Qui
250 831 350 860 veritus
360 840 416 860 non
426 840 454 859 es
470 836 564 866 portus
577 830 682 866 aperire
692 827 786 857 fideles

238 868 368 898 Fulmine
379 867 507 906 percussae
518 867 736 904 confugiumque
751 865 812 896 rati.

93 905 265 943 Confugium
277 908 301 935 81
313 913 416 944 portus.
440 906 523 934 Ovid.
542 916 564 939 ς.
577 905 654 934 Trist.
669 908 693 932 6.
706 913 732 932 2.

94 944 253 974 Commune
266 944 428 981 confugium
442 944 519 980 aegris
528 941 725 972 animantibus.
746 940 813 971 Stat.
826 950 867 972 12.
880 940 970 972 Theb.
985 951 1047 978 504.

57 981 80 1011 C
89 992 104 1009 o
115 992 132 1011 Ν
143 993 155 1010 r
165 985 180 1010 ῠ
191 991 210 1012 o
219 991 250 1017 0,
271 984 326 1011 are.
347 982 376 1011 in
391 981 496 1017 Fragm.
510 980 586 1010 Poet.

57 1019 80 1048 C
90 1030 106 1049 0
116 1030 132 1048 Ν
144 1030 156 1048 r
168 1030 184 1048 u
195 1029 213 1047 c
223 1028 269 1048 AT
279 1030 286 1047 i
297 1028 313 1048 o
326 1041 333 1054 ,
355 1019 425 1049 onis.
446 1018 464 1047 f.
486 1018 562 1056 apud
575 1017 731 1047 Firmicum.

57 1057 80 1086 C
90 1067 107 1085 o
120 1067 138 1086 Ν
149 1067 160 1085 i·
171 1066 187 1085 u
197 1065 280 1085 Lcio
293 1078 301 1092 ‚
323 1057 341 1085 si
354 1079 362 1091 ,
384 1062 444 1086 tum
455 1077 463 1091 ‚
485 1048 611 1092 [ἂςάδὶε]
630 1057 680 1084 ire.
701 1054 780 1084 Idem
794 1054 869 1092 quod
882 1054 1009 1084 Fulcire:
1030 1052 1125 1089 unde,

57 1094 106 1125 Co
117 1104 136 1124 Ν
145 1104 158 1123 ii
169 1103 186 1123 υ
196 1104 211 1122 L
220 1104 239 1122 τ
249 1104 264 1122 u
275 1104 288 1123 s
299 1116 308 1129 ,
331 1094 427 1123 Partic.
447 1099 478 1122 ut
488 1114 496 1128 ,
520 1094 642 1130 Corpora
660 1091 784 1121 confulta
800 1093 905 1129 exiguis
917 1092 1077 1121 intervallis.
1101 1092 1207 1121 Lucret.

95 1142 120 1162 2.
136 1142 180 1167 97.
204 1131 338 1161 Nonnulli
347 1131 483 1161 Conflifta
493 1130 605 1168 legunt,
625 1130 704 1166 cujus
719 1131 817 1159 eadem
834 1130 890 1159 sere
908 1129 1070 1168 significatio
1084 1131 1121 1159 est
1134 1128 1210 1167 apud

95 1170 172 1199 hunc
183 1175 303 1207 poetam.
344 1170 497 1205 Utrumque
509 1169 582 1198 enim
594 1167 761 1197 connexum
773 1167 903 1203 significat
912 1191 920 1201 ,
943 1170 968 1197 &
980 1169 1155 1206 compactum
1166 1167 1211 1196 vel

95 1206 282 1274 comniliffum.
322 1207 350 1237 Si
369 1207 507 1237 Conflic‘ta
525 1206 612 1244 legis,
632 1206 707 1235 reete
723 1205 883 1244 exposueris
900 1204 1009 1236 Collisa.
1050 1207 1102 1236 Alii
1114 1206 1212 1245 legunt

97 1245 190 1274 Consu
203 1252 238 1274 ta.

59 1283 158 1312 Conr
171 1291 426 1312 ULCiMENTUM
438 1303 447 1317 ‚
467 1281 485 1311 i.
506 1290 535 1310 n.
556 1281 631 1319 apud
648 1279 807 1310 Firmicum.

61 1320 107 1350 Co
117 1329 135 1349 Ν
146 1330 160 1349 r
170 1330 187 1348 u
198 1331 214 1348 L
223 1330 241 1349 c
251 1330 265 1349 s
274 1330 290 1349 o
302 1341 310 1354 ,
330 1320 347 1349 si
357 1341 366 1353 ‚
388 1316 561 1355 [πλαπλζω]
581 1322 635 1348 ὅτε.
656 1319 761 1348 Notum
772 1319 895 1349 verbum.
907 1318 992 1350 Plaut.
1001 1318 1131 1358 Amph.5.
1140 1328 1212 1356 ¹·44·

98 1395 115 1425 f
131 1395 139 1424 l
177 1358 259 1425 i§Edes
268 1364 333 1387 totae
342 1356 541 1394 confulgebant
550 1365 622 1393 tuae,
640 1357 714 1394 quali
724 1356 809 1387 ei‘sent
819 1367 916 1389 aureae.
1011 1358 1030 1388 i.
1041 1367 1066 1388 c.
1084 1357 1214 1396 Undique

113 1406 128 1425 u
159 1405 174 1425 e
196 1402 251 1425 ant.

61 1433 84 1463 C
94 1443 112 1462 o
121 1405 164 1463 ugr
176 1443 193 1463 u
204 1444 220 1463 L
229 1442 246 1463 c
257 1434 274 1463 ῠ
286 1443 300 1462 R
309 1443 326 1462 ο
335 1454 343 1468 ,
363 1435 418 1463 are.
441 1431 516 1470 apud
530 1430 687 1463 Firmicum.

61 1471 416 1505 CONPULM1NA'rus,
435 1480 470 1505 a,
492 1480 547 1499 um.
571 1471 788 1509 apudeundem.

62 1507 85 1537 C
95 1518 111 1537 o
122 1518 141 1538 Ν
152 1519 164 1538 1·
172 1512 189 1538 U
200 1520 220 1538 M
231 1519 247 1537 o
259 1530 267 1544 ,
288 1511 342 1537 are.
365 1508 438 1546 apud
450 1508 579 1539 eundem.

60 1545 83 1575 C
94 1556 110 1575 o
120 1556 159 1575 NF
171 1556 188 1575 o
197 1556 216 1575 Ν
226 1556 243 1575 o
254 1556 289 1580 o,
308 1545 370 1574 fadi
379 1567 387 1581 ,
406 1545 497 1575 fusum
506 1568 514 1582 ,
534 1547 551 1582 [
561 1542 653 1583 συγχῖα
664 1567 674 1582 ‚
694 1548 826 1582 evyzu'vu,
841 1542 1015 1582 σιωῖαςρί-ἣω]
1034 1546 1090 1577 ὅτε.
1111 1545 1217 1576 Pertur-

100 1582 164 1613 bare
180 1604 188 1618 ,
209 1583 396 1613 commiscere.
430 1583 497 1614 Pliu.
538 1584 571 1614 Et
581 1583 600 1614 si
609 1584 755 1614 noscantur
766 1606 774 1620 ,
794 1584 876 1614 facile
892 1585 1071 1614 confundunt
1081 1585 1213 1615 colorem.

98 1620 184 1651 Plaut.
198 1621 277 1650 Most.
292 1631 315 1650 1.
330 1630 353 1656 3.
372 1631 432 1651 120.

179 1659 277 1689 Itidem
291 1658 386 1693 olent,
407 1658 478 1694 quasi
494 1669 578 1696 quum
591 1669 644 1689 una
656 1658 743 1689 multa
754 1659 811 1695 jura
820 1660 951 1689 confudit
964 1669 1079 1698 coquus.

100 1696 173 1727 Cum
184 1697 248 1735 igne
259 1696 285 1726 se
293 1697 442 1726 confundit
452 1698 531 1734 ignis.
555 1697 611 1727 Cic.
624 1698 658 1727 de
672 1697 791 1726 Univers.
803 1707 846 1732 41.

98 1734 204 1765 Dolore
215 1735 389 1764 confundere
396 1735 527 1772 aliquem.
550 1735 618 1765 Plin.
634 1735 669 1765 ad
680 1735 836 1765 Maximum
850 1747 873 1771 ς.
890 1735 973 1773 Epist.
987 1746 1011 1770 ς.

101 1772 282 1802 Confundere
293 1773 320 1802 in
331 1782 419 1802 unum
429 1782 538 1810 corpus.
580 1773 639 1803 Liv.
653 1782 696 1809 34.
708 1783 734 1808 9.
758 1773 840 1802 Nunc
858 1774 885 1802 in
902 1783 1002 1810 corpus
1014 1783 1101 1804 unum
1112 1773 1218 1804 consuli

119 1809 362 1848 omnes,Hispanis
373 1812 457 1848 prius,
469 1810 606 1848 postremo
616 1812 642 1841 δι
652 1811 753 1840 Graecis
762 1812 789 1839 in
797 1811 939 1840 civitatem
952 1812 1105 1842 Romanam
1116 1811 1216 1843 ascitis.

99 1846 134 1879 In
145 1858 231 1878 unum
239 1848 334 1878 sonum
351 1847 503 1878 coalescere
513 1870 519 1882 ,
542 1851 568 1878 61
581 1849 727 1880 confundi.
749 1849 870 1886 Quintil.
886 1848 936 1880 lib.
949 1859 973 1880 1.
988 1859 1049 1889 cap.
1061 1860 1087 1888 7.

101 1886 285 1916 Confundere
299 1886 436 1916 sermones
445 1886 474 1915 in
491 1895 587 1917 unum.
608 1885 666 1917 Liv.
679 1896 705 1924 7.

100 1923 213 1954 Foedus.
237 1923 307 1962 Virg.
323 1934 364 1953 12.
379 1923 440 1954 AEn.
452 1932 516 1960 290.

101 1962 165 1993 Iter.
188 1961 236 1992 Sil.
249 1962 297 1991 lib.
315 1965 409 1998 3.663.

181 1999 238 2029 Has
249 1999 399 2029 observatis
413 1999 496 2029 valles
515 2000 658 2030 enavimus
667 1998 752 2033 astris.

181 2037 309 2076 Namque
319 2038 378 2068 dies
389 2037 536 2068 confundit
550 2039 603 2068 iter
614 2061 622 2076 ,
636 2040 689 2069 ἃς.

106 2074 156 2113 ,Ius
170 2085 263 2106 omne.
286 2075 385 2106 Lucan.
403 2086 425 2105 1.
439 2080 502 2113 ⁶⁶7-

103 2114 250 2151 Lacrymas
259 2124 324 2144 cum
334 2113 470 2153 lacrymis.
493 2113 579 2144 Ovid.
589 2122 615 2143 2.
628 2113 710 2152 Epist.
722 2124 766 2151 ος.

102 2151 252 2182 Particulas
266 2151 365 2182 similes
379 2153 451 2182 inter
468 2151 504 2182 se.
527 2152 585 2182 Cic.
598 2164 623 2184 4.
640 2154 721 2182 [lead.
737 2157 797 2186 118.

49 2213 55 2216 .
103 2188 199 2219 Praelia
217 2189 366 2219 confundit
379 2189 502 2220 Bacchus
522 2199 588 2220 cum
599 2189 698 2220 Marte.
739 2190 807 2220 Hor.
823 2199 846 2221 1.
859 2189 950 2222 Carm.
965 2198 1008 2229 17.
1020 2199 1066 2230 η.
1095 2189 1220 2229 Quando
1236 2173 1248 2185 ⁸

122 2237 159 2256 ex
172 2226 305 2257 ebrietate
317 2229 442 2257 oriuntur
453 2229 528 2258 rixae.

104 2266 186 2296 Sacra
197 2266 358 2303 prophanis.
381 2265 477 2296 Claud.
491 2275 516 2302 7.
536 2264 632 2303 Paneg.

104 2303 204 2333 Sensus
214 2304 310 2333 animi.
331 2303 439 2334 Lucret.
454 2313 480 2333 2.
492 2314 556 2340 945·
578 2304 596 2332 i.
608 2313 632 2333 e.
654 2302 788 2333 Turbare.

105 2341 241 2370 Venerem
254 2350 318 2371 cum
329 2341 418 2371 multo
429 2342 504 2371 vino.
516 2341 723 2371 i.e.Libidinem
733 2351 797 2372 cum
807 2341 1221 2383 ebrietate.0vid.2.Trist.363.

105 2379 177 2409 Vera
186 2379 359 2408 confundere
371 2379 449 2408 falsis.
472 2379 530 2409 Cic.
545 2391 572 2414 ⁴·
588 2381 667 2409 Acad.
683 2384 727 2409 61.

105 2415 195 2447 Verba
205 2417 425 2447 confunduntur.
449 2417 556 2446 Lucret.
570 2416 619 2446 lib.
633 2432 658 2452 4.
675 2422 736 2452 562.

106 2453 289 2484 Confundere
300 2455 444 2492 quidpiam
455 2455 483 2484 in
490 2464 536 2484 vas
546 2455 670 2491 aliquod.
685 2454 822 2485 Coluinel.
834 2454 883 2484 lib.
900 2465 942 2485 12.
955 2465 1017 2494 cap.
1029 2460 1073 2489 ²8·
1089 2456 1116 2486 Si
1128 2455 1225 2486 vinum

126 2493 156 2522 in
167 2493 330 2522 vetustatem
343 2491 447 2523 servare
460 2493 535 2522 voles
548 2514 556 2527 ,
576 2493 605 2522 in
614 2494 686 2522 cado
697 2493 814 2522 duarum
825 2503 954 2523 urnarum
962 2515 970 2528 ,
993 2495 1175 2532 quamoptimi
1184 2495 1226 2524 vi-

126 2531 157 2561 ni
167 2530 324 2565 sextarium,
339 2537 385 2560 aut
394 2531 467 2559 faecis
475 2530 612 2567 generosae
622 2532 740 2560 recentis
751 2530 879 2560 sextarios
888 2538 944 2560 tres
953 2532 1052 2561 addito
1065 2542 1071 2559 ε
1092 2539 1139 2561 aut
1149 2532 1166 2560 si
1180 2542 1225 2562 va-

126 2568 154 2598 sa
163 2569 285 2598 recentia
294 2577 328 2597 ex
340 2568 438 2605 quibus
449 2569 544 2597 vinum
556 2575 718 2606 exemptum
730 2569 761 2598 sit
774 2569 888 2598 habebis
898 2591 906 2605 ‚
927 2570 956 2598 in
966 2579 999 2599 ea
1011 2570 1187 2600 confundito.

108 2606 251 2637 confundi
265 2627 273 2641 ,
295 2613 345 2644 pro
354 2606 519 2636 Erubescere
532 2606 594 2636 usus
602 2607 640 2636 est
648 2606 803 2644 Cyprianus
813 2608 841 2635 in
855 2608 970 2636 tractatu
985 2607 1020 2637 de
1032 2607 1131 2645 Lapsis,
1148 2607 1225 2637 Chri-

126 2645 182 2674 stus
195 2644 223 2672 in
234 2645 377 2681 praeceptis
393 2644 446 2674 suis
464 2644 550 2679 dicit,
572 2644 629 2681 Qui
642 2644 772 2674 confusus
789 2654 834 2673 me
849 2644 934 2673 fuerit
945 2667 952 2679 ,
972 2646 1128 2675 confundet
1147 2645 1225 2675 illum

127 2681 211 2712 Filius
224 2681 355 2711 hominis.
394 2682 425 2711 Et
435 2681 618 2712 Christianum
634 2682 660 2712 se
671 2689 768 2720 putat,
788 2683 834 2718 qui
847 2682 1014 2712 Christianus
1026 2684 1079 2712 effe
1096 2690 1143 2712 aut
1160 2693 1228 2712 con-

127 2719 255 2750 funditur
266 2742 275 2753 ,
295 2726 342 2749 aut
353 2727 462 2749 veretur
470 2720 484 2748 *ἲ
504 2720 657 2757 Quomodo
665 2720 754 2758 potest
765 2720 819 2750 effe
830 2730 895 2750 cum
907 2721 1025 2757 Christo,
1046 2721 1091 2759 qui
1106 2722 1141 2750 ad
1151 2720 1229 2751 Chri-

128 2758 198 2788 stum
209 2758 346 2794 pertinere
357 2779 365 2793 ,
386 2765 434 2787 aut
443 2757 597 2793 erubescit,
616 2765 664 2788 aut
678 2758 777 2787 metuit
786 2759 800 2787 ἶ)

6 2822 17 2838 a
73 2796 97 2829 c
107 2806 125 2825 0
135 2805 155 2824 N
163 2806 176 2824 μ
186 2799 204 2824 ῡ
213 2805 225 2824 s
233 2805 251 2824 υ
261 2805 273 2824 s
283 2816 292 2830 ‚
313 2805 344 2829 a,
366 2804 424 2824 um.
445 2796 600 2832 [alxwflee
610 2817 618 2831 ‚
640 2796 804 2830 συγχυθεὶς]
829 2795 926 2825 Partlc.
957 2795 1139 2826 Perturbatus.
1170 2796 1226 2828 Liv.

11 2838 19 2851 ἲ

112 2838 139 2863 6.
153 2842 194 2869 34.
215 2832 365 2862 Confusam
382 2842 444 2862 eam
455 2842 489 2862 ex
497 2834 603 2863 recenti
614 2833 704 2863 morsu
717 2833 820 2869 animi,
843 2844 929 2871 quum
942 2842 1020 2873 patei·
1030 2834 1101 2866 forte
1111 2835 1228 2872 vidisset,

111 2877 291 2910 percontatus
301 2892 310 2905 ,
330 2871 416 2900 Satin'
425 2870 504 2900 salvae
511 2871 525 2900 ἱ)

112 2909 213 2939 Animo
223 2907 362 2938 confusus.
384 2908 515 2940 Liv.6.6.
535 2908 554 2938 i.
565 2918 590 2938 e.
611 2908 718 2939 Pudore
729 2908 911 2947 perturbatus.

111 2946 192 2976 Fletu
204 2945 333 2975 confusus
343 2946 450 2983 gaudia.
472 2947 539 2976 Stat.
554 2946 657 2982 5.Si1v.
668 2957 692 2983 3.
705 2956 770 2984 2¹7·

112 2984 236 3014 Moerore
245 2983 384 3013 confusus.
406 2983 463 3013 Liv.
481 2993 525 3020 35.
543 2994 586 3020 15-

114 3022 232 3052 Pudore.
254 3021 393 3051 Ovidar.
405 3021 487 3060 Epist.
504 3032 565 3051 111.

112 3059 230 3090 Somnio
250 3058 388 3089 confusus.
418 3060 436 3089 i.
453 3069 478 3089 e.
502 3059 718 3091 perterrefactus.
760 3060 836 3090 Suet.
858 3059 923 3089 Caes
942 3069 1004 3098 cap.
1023 3069 1048 3097 7.
1080 3060 1231 3092 Confiisum

133 3097 241 3127 somnio
253 3097 388 3135 proximae
399 3098 489 3128 noetis
500 3098 674 3134 conjectores
686 3098 720 3127 ad
735 3098 929 3136 amplill'imam
949 3098 1023 3136 spem
1036 3099 1231 3130 incitaverunt.

113 3134 210 3165 Turba
222 3134 394 3171 querelarum
408 3135 538 3166 confusus
547 3135 708 3166 adolescens
716 3142 833 3175 repente
848 3136 977 3166 obticuit.
997 3136 1118 3174 Justinus
1126 3137 1174 3168 lib.
1187 3147 1230 3175 3²·

135 3182 197 3209 cap.
211 3181 238 3201 n.
252 3173 288 3202 de
303 3172 454 3202 Demetrio.

117 3211 208 3240 Castra
219 3209 334 3240 confusa
342 3210 472 3240 tumultu.
494 3209 598 3242 Lucan.
613 3219 638 3248 7.
655 3220 717 3248 ¹²7·

116 3248 249 3279 Licentia.
272 3247 369 3277 Claud.
386 3258 407 3277 1.
419 3249 448 3277 in
459 3248 571 3287 Eutrop.
582 3260 646 3286 499.
728 3248 735 3252 “

117 3287 228 3316 Merum
238 3285 382 3315 confusum
391 3285 469 3316 senis
480 3286 582 3317 herbis.
608 3290 625 3318 i.
639 3296 662 3317 e.
686 3286 816 3318 Mixtum.
837 3286 934 3318 Horat.
947 3296 974 3318 2.
985 3286 1074 3319 Semi.
1083 3298 1110 3326 4.
1125 3292 1171 3327 67.

57 3338 65 3342 -
117 3324 276 3361 Olympus,
299 3322 403 3353 Caelum
413 3323 550 3354 nubilum.
571 3325 639 3356 Stat.
655 3336 679 3362 ς.
691 3324 783 3356 Theb.
799 3335 864 3361 4²1-

117 3362 240 3391 Pet‘tora.
266 3360 351 3390 Valer.
367 3371 390 3391 1.
407 3363 504 3399 Argon.
519 3371 564 3398 79.

117 3399 225 3430 Prolem
237 3398 380 3428 confusam
390 3405 469 3429 utero
476 3409 575 3438 capere
585 3423 593 3437 ,
613 3401 653 3431 Ex
665 3399 803 3430 adulterio
814 3409 905 3438 neque
913 3409 950 3432 ex
963 3410 1021 3432 uno
1032 3402 1092 3432 viro
1105 3402 1237 3442 concipe-

138 3447 176 3467 re.
197 3437 303 3466 Seneca
315 3437 426 3475 Hippol.
440 3447 464 3467 v.
479 3447 540 3474 171.
1180 3455 1184 3457 <

199 3474 316 3504 miscere
324 3475 459 3504 thalamos
470 3476 553 3512 patris
561 3477 587 3506 &
599 3477 672 3514 gnati
682 3485 798 3513 apparas
806 3497 815 3511 ‚

199 3511 340 3549 Uteroque
349 3513 456 3550 prolem
468 3522 566 3551 capere
576 3512 719 3543 confusam
731 3514 819 3548 impio
827 3514 842 3542 ’ἔ

119 3549 213 3580 Rebus
222 3549 342 3580 confusss
353 3561 437 3588 opem
447 3550 578 3580 tribuere.
600 3551 698 3581 Claud.
710 3552 746 3580 de
757 3551 825 3582 Bell.
842 3551 905 3582 Get.
916 3558 948 3589 43
954 3559 982 3583 2·

120 3587 192 3618 Rosa
204 3587 317 3617 confusa
326 3588 434 3618 rubore.
457 3587 594 3619 Columel.
610 3599 653 3619 10.
667 3592 734 3619 261.

121 3626 238 3661 Strages.
259 3625 332 3662 Virg.
343 3631 369 3656 6.
382 3626 443 3656 AEn.
455 3637 517 3662 504.

122 3663 226 3692 Turba.
249 3662 334 3693 Ovid.
349 3674 372 3693 1.
385 3663 450 3694 fast.
465 3673 527 3701 113.

121 3700 219 3730 Verba.
241 3699 326 3730 Ovid.
335 3711 361 3730 α.
374 3701 441 3731 Met.
452 3705 516 3732 666.
1105 3714 1115 3719 “

122 3738 258 3775 Voluptas
269 3739 322 3773 jam
334 3739 456 3769 confusa.
479 3740 498 3769 i.
510 3750 535 3770 e.
559 3738 684 3771 Turbata
694 3739 720 3769 &
727 3739 784 3775 jam
795 3738 910 3770 cessaris.
934 3738 1021 3770 Ovid.
1036 3748 1079 3777 ις.
1099 3739 1182 3780 Epist.
1193 3750 1240 3778 49.

124 3775 192 3806 Vox.
216 3775 325 3804 Lucret.
342 3777 389 3805 lib.
401 3789 425 3811 4·
441 3780 502 3812 566.

123 3813 220 3843 Vultus
233 3813 369 3842 confusus.
391 3815 408 3843 i.
419 3825 442 3843 e.
465 3814 647 3844 Perturbatus.
671 3813 753 3843 Ovid.
767 3823 791 3850 3.
804 3813 883 3844 Trist.
896 3824 920 3850 ς.
934 3822 978 3844 11.

123 3851 242 3881 Cernere
255 3851 411 3888 perturbata
422 3853 446 3881 St
456 3852 577 3882 confusa.
601 3852 658 3881 Cic.
677 3863 698 3880 r.
713 3853 749 3881 de
763 3852 856 3882 Divin.
869 3855 915 3882 60.

123 3888 198 3919 [nire
209 3888 352 3918 confusum
363 3888 528 3923 suffragium.
551 3890 607 3919 Liv.
618 3894 661 3918 26.
683 3894 725 3923 ¹8·

125 3926 253 3963 Compar.
267 3927 282 3961 [
292 3923 458 3962 σλχννπεοε]
470 3936 509 3963 ut,
517 3926 661 3957 Confufior
670 3937 764 3965 pavor.
774 3925 929 3964 Plin.lib.7.
942 3924 991 3958 sub
1000 3925 1090 3970 'finem
1097 3927 1240 3967 prooemii.

124 3962 375 4031 FachZslcprIi-fufior.
395 3963 485 3996 Tacit.
497 3977 524 4003 4.
536 3968 606 3995 min.
617 3970 663 4001 63.

1653 145 1682 181 C
1780 146 1814 185 0
1912 147 1948 183 N
2341 162 2408 205 641

1296 225 1404 263 Superi.
1435 227 1500 258 Mos
1518 227 1727 259 con-fusiffimus.
1767 228 1842 259 Suet.
1863 227 1929 267 Aug.
1942 239 2004 269 cap.
2016 240 2063 267 4⁴·
2094 232 2245 271 Spectandi
2263 238 2414 271 confusiffi.

1318 274 1393 293 miini
1408 276 1512 294 moreni
1521 267 1649 296 correxit.

1261 299 1309 329 Co
1320 311 1339 330 Ν
1351 313 1363 331 r
1376 312 1390 329 u
1403 312 1414 331 s
1424 307 1440 331 ῡ
1452 314 1467 332 a
1480 314 1495 332 1.·
1505 313 1534 339 s,
1556 313 1571 333 a
1581 326 1590 339 ,
1612 314 1667 333 uin.
1690 304 1863 340 [συγχύσων]
1883 304 1978 335 Partic.
2001 306 2084 336 Ovid.
2097 311 2124 338 6.
2137 309 2207 340 Met.
2220 317 2282 348 585.

1645 341 1738 370 -sed
1751 341 1845 378 sasque
1856 365 1864 376 ,
1886 342 2017 379 nefasque

1379 376 1532 407 Consusura
1547 378 1617 407 ruit:
1639 389 1784 416 poenaeque
1795 381 1822 408 in
1833 381 1952 417 imagine
1963 388 2020 411 tota
2030 382 2077 411 est.

1242 433 1246 436 .
1261 412 1284 443 C
1293 422 1310 442 0
1320 422 1340 441 Ν
1349 424 1361 441 p
1372 424 1388 442 υ
1399 425 1411 443 s
1422 425 1463 448 ιο1
1476 417 1546 445 finis,
1557 416 1576 445 f,
1595 417 1745 452 [συγχυστὶ]
1764 424 1803 452 ut,
1814 416 1946 447 confusio
1953 420 2080 451 omnium
2089 430 2191 452 retum·
2200 422 2257 455 Cic.
2266 433 2292 455 2.
2304 425 2340 456 de
2350 425 2414 459 Flsso'

1300 450 1477 487 Religionum
1489 453 1620 483 confusio.
1645 455 1702 483 Cic.
1715 464 1740 483 2.
1759 456 1795 484 de
1806 454 1898 493 Legib.
1916 465 1962 492 ²3·
2003 469 2006 475 ·

1300 488 1481 526 Temporum.
1506 491 1563 520 Cic.
1575 501 1600 520 2.
1617 491 1673 520 Off.
1689 496 1734 526 65.

1300 525 1612 598 νέἑῑτιιιιὲῗιεοιέηῇὲιέἱζίίέ
1625 529 1804 602 cgpfusioque
1813 539 1829 560 a
1840 529 2014 570 philosophis
2022 534 2129 564 ratione
2144 535 2262 572 quadam
2273 536 2417 577 distingui.

1301 599 1370 630 Vitae
1383 602 1552 638 perturbatio
1562 604 1587 632 ἃ.
1598 613 1697 641 inagna
1708 604 1841 634 confusio.
1863 605 1921 635 Cic.
1935 616 1957 636 1.
1968 607 2004 636 de
2017 607 2079 638 Nat.
2098 609 2180 640 neor.
2198 621 2222 648 3.

1302 637 1435 681 Confusio
1447 662 1454 673 ,
1477 650 1527 677 pro
1539 640 1628 669 Animi
1641 641 1858 677 perturbatione.
1899 643 1968 673 Plin.
1985 655 2006 674 1.
2021 646 2101 684 Epist.
2113 657 2157 677 22.
2170 649 2198 677 in
2209 648 2274 678 fine.
2314 649 2349 681 Et
2364 650 2418 682 Ta.

1320 682 1367 705 cit.
1382 686 1404 711 ³·
1425 678 1490 706 illst.
1505 684 1547 711 ³8.
1578 677 1692 707 Causam
1712 680 1879 710 confusionis
1898 684 2045 719 quaerenti‚
2068 694 2126 714 non
2142 685 2169 715 se
2185 689 2300 726 proprio
2320 696 2396 719 metu

1321 723 1374 742 nec
1386 714 1424 743 sui
1434 716 1547 744 anxium
1560 737 1567 749 ,
1592 725 1686 753 preces
1698 716 1882 754 lacrymasque
1893 719 2020 749 attulisse.
2407 711 2418 726 '

1303 750 1614 826 Oxyiesnrgrielgragrznfusso.
1636 754 1713 783 ldem
1723 765 1749 790 4.
1769 755 1836 785 hist.
1848 767 1895 792 40.
1920 757 1948 786 V.
1969 759 2052 788 etiam
2065 758 2134 790 Plin.
2148 760 2246 800 Paneg.
2260 773 2321 802 cap.
2332 767 2377 800 36.
2392 766 2421 796 &

1265 825 1312 856 Co
1322 836 1341 855 Ν
1352 837 1366 855 s
1376 830 1393 855 ῦ
1402 837 1413 855 s
1425 838 1437 856 n
1447 850 1454 862 ,
1479 823 1712 863 [συγκεχνμῧρωε]
1733 829 1851 860 Adverb.
1883 830 1952 861 Plin.
1966 832 2015 863 lib.
2028 842 2071 870 34.
2083 844 2144 874 cap.
2156 845 2183 867 2.
2213 837 2366 875 Quondam
2381 849 2418 871 εις

1305 865 1420 893 confuse
1431 875 1497 894 auro
1509 872 1677 902 argentoque
1688 866 1862 896 miscebatur.
2103 895 2112 903 ,

1304 901 1425 931 Confuse
1439 905 1463 933 &
1475 903 1622 940 permiste,
1642 903 1688 932 cui
1704 907 1873 934 eontrarium
1893 906 2035 945 Descripte
2052 910 2078 939 &
2089 909 2187 940 electe.
2210 912 2268 942 Cic.
2285 925 2306 943 1.
2326 916 2362 945 de
2376 916 2422 946 In-

1323 948 1398 969 vent.
1414 951 1455 976 49·
1482 942 1511 969 ln
1527 939 1669 978 praesentia
1680 945 1875 972 tantummodo
1887 953 2017 974 numeros
2031 949 2057 976 &
2071 949 2173 978 modos
2189 951 2215 979 81
2233 960 2323 988 partes
2340 964 2421 992 argu.

1323 978 1466 1006 mentandi
1478 978 1591 1022 confuse
1599 980 1624 1008 &
1636 980 1763 1016 permiste
1775 980 1948 1017 dispersimus
1956 1004 1966 1018 ,
1987 984 2047 1021 post
2058 985 2194 1024 descripte
2204 989 2230 1018 81
2239 989 2338 1021 electe.

1305 1015 1391 1052 Agere
1401 1016 1523 1045 consuse.
1545 1016 1603 1045 Cic.
1618 1026 1642 1051 3.
1658 1017 1693 1045 de
1705 1018 1764 1046 Nat.
1782 1018 1861 1048 Deor.
1878 1029 1920 1055 19.

1304 1052 1523 1089 Loquiconfuse.
1549 1054 1608 1083 Cic.
1621 1063 1646 1083 2.
1660 1054 1694 1083 de
1702 1053 1763 1084 Fin.
1776 1064 1819 1090 27.

1304 1089 1425 1120 Confuse
1435 1091 1565 1121 universis
1580 1093 1728 1130 mancipiis
1738 1094 1917 1124 constitutum
1930 1097 2060 1133 pretium.
2099 1097 2152 1128 Cui
2163 1104 2332 1139 opponitur,
2346 1107 2425 1143 quod¹

1324 1138 1391 1172 mox
1404 1129 1523 1165 sequitur
1535 1140 1541 1158 z
1564 1130 1741 1174 Singulorum
1751 1133 1957 1175 mancipiorum
1969 1136 2119 1165 constituto
2130 1140 2230 1175 pretio.
2253 1143 2424 1181 Pomponius

1325 1176 1355 1195 iri
1368 1167 1385 1196 l.
1401 1166 1417 1194 si
1432 1167 1517 1204 plura.
1534 1167 1567 1196 D.
1580 1168 1616 1196 de
1625 1168 1719 1197 aedilit.
1732 1169 1817 1198 edict.

1306 1203 1437 1242 Compar.
1466 1205 1525 1235 Cic.
1539 1205 1676 1247 8.l³hili·p.
1691 1216 1713 1236 1.
1736 1206 1881 1238 Confufius
1891 1208 2017 1239 hesterno
2029 1211 2075 1240 die
2090 1212 2128 1241 est
2142 1214 2202 1243 aaa
2213 1225 2263 1246 res.

1271 1240 1397 1272 Consu
1408 1252 1420 1271 s
1432 1253 1470 1286 111
1485 1265 1492 1278 ,
1514 1239 1635 1279 [xvim]
1656 1243 1734 1288 aliud·
1745 1245 1811 1275 Λᾶν.
1833 1245 1919 1276 Idem.
1942 1247 2009 1277 Plin.
2023 1247 2071 1278 lib.
2087 1254 2129 1283 13.
2144 1260 2204 1289 cap.
2219 1258 2260 1284 16.
2282 1255 2376 1287 'Unum
2386 1257 2423 1288 dc

1311 1289 1342 1309 ea
1354 1282 1377 1310 81
1390 1280 1478 1318 cytiso
1489 1280 1622 1311 volumen
1637 1282 1836 1320 Amphilochus
1848 1284 1916 1313 fecit
1929 1285 2071 1315 confiilim.

1272 1317 1295 1348 C
1305 1328 1322 1347 o
1332 1328 1349 1346 N
1358 1328 1372 1347 r
1381 1329 1396 1346 u
1407 1328 1419 1347 s
1430 1328 1475 1347 AN
1485 1329 1498 1348 F.
1508 1329 1526 1348 u
1536 1329 1548 1348 s
1558 1342 1566 1354 ,
1589 1329 1606 1363 a
1615 1341 1623 1353 ‚
1644 1329 1699 1349 um.
1723 1320 1867 1365 Confusus.
1889 1322 1994 1353 Gellius
2003 1323 2109 1362 praefat.
2130 1324 2285 1358 Miscellarn
2305 1332 2333 1361 et
2351 1333 2425 1370 quasi

1311 1356 1507 1386 confusaneam
1519 1358 1674 1387 doc'tnnam
1687 1359 1916 1395 conquisiverant.

1275 1392 1533 1430 compostus,
1555 1405 1579 1424 e.
1602 1395 1688 1424 Idem.
1711 1397 1879 1435 apudApul.

1271 1431 1529 1468 Compositio,
1549 1435 1604 1462 are.
1626 1433 1834 1471 ,Iuvenca-97.

1352 1469 1416 1506 Ejus
1431 1477 1460 1499 ut
1468 1471 1603 1515 adventus
1611 1471 1865 1516 terrae-consuneret
1873 1473 1980 1505 orbem.
2063 1476 2095 1508 V.
2106 1477 2197 1509 Barth.
2209 1480 2318 1512 Advers.
2330 1491 2372 1520 13.
2380 1493 2423 1520 19.

1272 1506 1506 1537 Conruucoa
1518 1531 1526 1543 ‚
1551 1518 1585 1546 gi.
1608 1508 1667 1544 JCt.
1687 1520 1715 1538 in
1735 1509 1794 1547 Dig.

1270 1546 1296 1575 C
1306 1555 1322 1612 o
1332 1555 1350 1574 Ν
1361 1556 1374 1574 r
1382 1547 1399 1574 ῠ
1410 1555 1451 1612 itio
1462 1568 1471 1582 ,
1491 1547 1546 1577 cre.
1567 1547 1675 1577 Saresb.
1687 1547 1716 1577 in
1725 1547 1806 1586 Epist.
1831 1548 1904 1586 Quae
1913 1550 1997 1588 capiti
2006 1552 2192 1585 confurebant
2208 1557 2334 1588 membra
2350 1559 2429 1591 coin.

1325 1593 1409 1613 ereun
1425 1606 1431 1613 .

1272 1620 1297 1652 C
1307 1632 1323 1652 o
1333 1631 1352 1650 Ν
1362 1632 1374 1650 r
1382 1624 1400 1650 ῦ
1409 1631 1428 1649 τ
1436 1631 1453 1650 o
1461 1642 1474 1665 ,³
1491 1622 1508 1657 [
1515 1621 1699 1666 ἀνααςοάζα]
1719 1626 1772 1653 εἶτε.
1796 1623 1943 1655 Refellere.
1966 1626 2052 1657 Plaut.
2071 1628 2156 1660 Truc.
2172 1640 2198 1662 ι.
2212 1640 2236 1669 3.
2252 1637 2298 1668 28.

1393 1659 1448 1696 Ego
1459 1659 1522 1688 istos
1534 1681 1542 1695 ,
1565 1670 1611 1697 qui
1624 1670 1700 1691 nunc
1711 1671 1754 1690 me
1765 1661 1881 1699 culpant
1891 1685 1900 1699 ,
1921 1665 2116 1697 confutavero.

1310 1696 1406 1727 Verbis
1419 1698 1562 1727 confutare
1573 1699 1681 1728 iratum.
1722 1699 1786 1729 Ter.
1800 1701 1908 1730 Phorm.
1920 1711 1944 1738 3.
1959 1713 1982 1732 1.
2002 1712 2045 1739 η.

1341 1773 1346 1779 ,
1381 1735 1469 1778 'Quid
1481 1735 1600 1765 isfecit‘?
1622 1746 1648 1765 c.
1670 1737 1827 1768 confutavit
1835 1738 1926 1769 verbis
1937 1740 2091 1772 admodum
2101 1742 2203 1774 iratum
2215 1750 2336 1783 patrem.

1312 1772 1400 1804 Dictis
1411 1773 1564 1802 confutare.
1587 1773 1650 1804 Ter.
1665 1774 1764 1805 Heaut.
1777 1787 1802 1813 ς.
1819 1785 1842 1806 1.
1854 1780 1898 1814 76.

1394 1811 1446 1840 Hic
1456 1833 1464 1845 ,
1487 1812 1524 1840 ita
1533 1818 1564 1841 ut
1573 1810 1678 1842 liberos
1688 1812 1726 1841 est
1736 1823 1845 1851 aequum
1855 1837 1863 1849 ‚
1886 1815 1968 1846 dietis
1977 1817 2175 1849 confutabitur.

1311 1848 1478 1886 Argumenta
1490 1850 1643 1879 confutare.
1685 1851 1743 1880 Cic.
1759 1862 1780 1881 i.
1795 1852 1831 1881 de
1843 1852 1932 1882 Divin.
1946 1860 1972 1888 8.
1997 1854 2106 1886 Etenim
2116 1857 2174 1895 ipse
2182 1858 2266 1889 Cotta
2284 1860 2320 1891 sic
2341 1861 2435 1902 dispu.

1331 1894 1388 1953 ‘ai'
1402 1894 1440 1930 ⁴ut
1457 1887 1615 1917 Stoicorum
1628 1889 1715 1926 magis
1728 1897 1890 1927 argumenta
1909 1891 2052 1931 confutet,
2072 1904 2155 1932 quarn
2174 1897 2322 1930 hominum
2338 1900 2433 1932 deleat

1331 1935 1359 1953 re
1374 1934 1504 1962 igionem.

1312 1963 1464 1992 Audaciam
1476 1963 1602 1999 alicujus.
1625 1963 1686 1994 Cic.
1697 1964 1727 1994 in
1737 1965 1828 1996 Partit.
1848 1974 1911 2003 134.

1311 2000 1430 2031 Dolores
1446 2002 1581 2031 maximos
1592 2003 1745 2033 confutare.
1786 2003 1844 2033 Cic.
1858 2015 1881 2040 ς.
1900 2004 1980 2036 Tusc.
1992 2011 2037 2041 88.
2058 2007 2254 2041 Ordiamurab
2266 2022 2318 2048 eo,
2339 2013 2358 2043 fi
2374 2010 2434 2052 pla.

1331 2045 1378 2067 cet
1389 2061 1395 2072 ,
1415 2049 1497 2083 quem
1510 2040 1644 2074 mollem,
1665 2050 1749 2077 quem
1766 2041 1953 2080 voluptarium
1970 2045 2098 2076 dicimus.
2138 2048 2231 2084 Quid,
2252 2051 2274 2079 is
2287 2051 2339 2080 tibi
2357 2062 2434 2082 mor.

1332 2083 1428 2106 temne
1443 2077 1550 2106 videtur
1560 2099 1569 2112 ,
1591 2088 1625 2106 an
1638 2078 1765 2109 dolorem
1773 2081 1880 2114 timere,
1902 2082 1948 2118 qui
1961 2091 2024 2112 eum
2036 2084 2112 2114 diem
2125 2095 2178 2122 qno
2191 2089 2308 2118 moi-itur
2319 2090 2434 2121 beatum

1331 2113 1455 2152 appellat
1466 2136 1473 2149 ,
1496 2115 1675 2152 maximisque
1683 2116 1829 2146 doloribus
1837 2118 1969 2156 affectus,
1990 2130 2038 2150 eos
2052 2121 2124 2158 ipsos
2133 2124 2312 2156 inventorum
2322 2126 2435 2159 suorum

1335 2153 1469 2182 memoria
1484 2154 1508 2182 &
1519 2154 1713 2183 recordatione
1729 2156 1883 2185 confutat?
1904 2158 1921 2186 1.
1937 2166 1962 2187 e.
1986 2157 2132 2189 Retund-it.

1313 2190 1485 2225 Confutare,
1506 2190 1705 2227 Confundere,
1724 2193 1923 2231 commiscere,
1943 2204 2133 2228 commovere„
2156 2198 2231 2228 Varr.
2243 2199 2360 2238 Manio,
2381 2203 2439 2235 Ha-

1333 2237 1397 2258 rum
1409 2228 1511 2257 aedium
1522 2228 1626 2258 summa
1637 2230 1705 2259 atria
1716 2230 1899 2261 confutabant
1908 2232 2050 2264 architecti
2065 2244 2172 2266 omnes.
2213 2237 2356 2271 Titinnius
2367 2242 2440 2272 Seti-

1335 2276 1388 2301 na,
1406 2265 1523 2310 ‘Coquus
1544 2276 1674 2305 magnum
1695 2267 1817 2298 ahenum
1832 2291 1839 2303 .
1862 2271 1973 2308 quando
1994 2271 2093 2309 fervit,
2114 2273 2196 2312 paula
2219 2276 2346 2308 confutat
2361 2286 2438 2311 trua.

1335 2303 1455 2334 Nonius.
1498 2304 1579 2334 Hunc
1588 2304 1695 2335 versum
1705 2306 1772 2335 citat
1782 2306 1879 2345 Scalig.
1895 2308 1930 2337 ad
1944 2308 2010 2339 Fest.
2025 2310 2053 2339 in
2068 2321 2137 2341 voce
2149 2311 2298 2351 Ret’utare3
2318 2317 2441 2354 probare

1334 2342 1476 2380 propriam
1486 2341 1570 2377 liujus
1580 2344 1656 2372 vocis
1670 2344 1896 2381 significationem
1907 2346 2057 2377 deductam
2075 2348 2129 2378 esse
2143 2349 2251 2384 aholilis
2262 2373 2271 2386 ,
2293 2362 2353 2390 quae
2370 2365 2439 2386 cum

1335 2380 1474 2409 ferventes
1484 2379 1568 2416 paulo
1577 2380 1639 2419 plus
1649 2381 1802 2411 exuberant
1814 2405 1821 2416 ,
1843 2383 1934 2412 solent
1944 2383 2004 2413 futo
2025 2385 2086 2415 vase
2098 2387 2131 2416 ad
2152 2387 2207 2417 hoc
2225 2395 2290 2426 apto
2302 2412 2310 2425 ,
2333 2392 2440 2423 inversa

1336 2427 1405 2455 aqua
1415 2417 1556 2485 pompesci
1570 2429 1579 2455 ;
1601 2419 1677 2457 quod
1691 2419 1793 2449 dicitur
1802 2419 1823 2450 F
1826 2428 1902 2451 utare
1914 2423 1940 2452 81
1957 2422 2099 2454 consutare
2121 2424 2206 2455 ollam
2216 2436 2226 2456 ε
2248 2427 2322 2458 Hinc
2336 2430 2371 2460 ad
2385 2430 2439 2462 alia

1335 2462 1411 2485 trans
1427 2463 1507 2485 ertur.

1281 2491 1330 2523 Co
1342 2503 1383 2523 nr
1393 2504 1412 2522 υ
1421 2503 1440 2522 T
1450 2504 1469 2522 A
1479 2503 1498 2522 1·
1509 2504 1519 2522 ι
1529 2503 1564 2537 o,
1584 2494 1655 2524 onis.
1676 2494 1696 2525 f.
1718 2495 1881 2533 [dramati]
1901 2497 1932 2527 in
1946 2499 2074 2530 oratione
2082 2521 2094 2536 ,
2113 2501 2154 2532 est
2173 2501 2382 2536 Contrariorum
2399 2505 2441 2537 lo-

1321 2541 1419 2561 corum
1430 2530 1580 2561 dissolutio.
1604 2533 1705 2563 Auctor
1716 2533 1751 2562 ad
1764 2533 1883 2564 Herenn.

1278 2569 1304 2599 C
1312 2580 1328 2599 o
1339 2580 1357 2598 N
1368 2580 1380 2599 ιτ
1391 2580 1408 2598 u
1418 2579 1438 2597 τ
1449 2579 1467 2598 Α
1476 2579 1496 2598 Τ
1505 2579 1522 2598 υ
1531 2578 1543 2599 s
1554 2591 1566 2614 ³.
1583 2579 1598 2599 a
1609 2591 1617 2604 ‚
1636 2580 1694 2600 um.
1717 2572 1853 2602 Ammian.
1867 2575 1915 2603 26.
1925 2582 1953 2611 3.
1985 2569 2108 2606 venefici
2125 2577 2252 2609 nocuisse
2274 2580 2441 2618 quibusdam

1319 2614 1415 2645 aperte
1429 2607 1576 2637 confutati.
1606 2607 1637 2637 V.
1666 2617 1707 2646 17.
1721 2619 1747 2644 9.

1280 2645 1303 2676 C
1312 2656 1328 2675 0
1339 2655 1357 2674 Ν
1367 2656 1379 2674 r
1391 2655 1437 2674 111·
1448 2655 1467 2674 Α
1477 2655 1496 2674 τ
1506 2655 1523 2674 o
1535 2655 1550 2673 11
1561 2667 1570 2680 ,
1593 2646 1657 2676 δι’ἰε.
1681 2656 1719 2676 111.
1742 2646 1929 2686 Hieronymus
1943 2648 2066 2688 Catalog.
2087 2651 2220 2690 Scriptor.
2241 2655 2385 2686 ecclesiast.
2410 2659 2441 2688 in

1317 2683 1631 2750 Bairdesanedgdl'trimum
1641 2683 1783 2715 Valentini
1791 2685 1910 2717 sectator
1921 2709 1930 2724 ‚
1951 2688 2056 2719 deinde
2065 2689 2226 2722 confutato:
2238 2714 2247 2729 ‚
2266 2703 2369 2726 novam
2387 2695 2446 2726 hae-

1322 2732 1354 2751 ΥΘ
1365 2731 1392 2750 ln
1407 2731 1460 2750 001]
1484 2731 1490 2749 l
1515 2732 1521 2750 l
1539 2744 1543 2749 .

1282 2759 1306 2789 C
1316 2770 1332 2789 o
1344 2769 1362 2789 Ν
1373 2770 1386 2788 r
1396 2769 1414 2788 u
1423 2768 1443 2788 r
1454 2768 1496 2788 uo
1506 2781 1513 2794 ,
1534 2759 1590 2789 ἕπε.
1613 2759 1713 2790 Catull.
1727 2759 1817 2790 Carni.
1832 2767 1876 2798 38.
1890 2770 1916 2799 ς.

1368 2833 1448 2864 conf
1463 2812 1518 2864 t]
1525 2797 1660 2864 ἓυὶοςυίἀ
1671 2798 1712 2828 est
1721 2798 1880 2836 puellarum

1445 2845 1460 2864 u
1478 2845 1493 2864 u
1514 2845 1525 2864 r
1546 2858 1550 2863 .

1283 2871 1308 2902 C
1318 2882 1334 2901 o
1344 2881 1363 2900 Ν
1373 2882 1391 2901 c
1400 2883 1418 2902 A
1428 2883 1445 2901 R
1455 2883 1471 2901 a
1480 2884 1489 2901 1
1499 2882 1516 2902 o
1526 2895 1534 2908 ,
1554 2875 1606 2903 i're.
1628 2871 1733 2904 saresb.
1750 2884 1774 2911 5.
1788 2877 1815 2905 6.
1837 2873 1913 2906 Inter
1925 2877 2130 2915 congarrientes
2140 2879 2319 2921 perstrepere.

1285 2910 1308 2939 C
1318 2920 1335 2939 o
1345 2919 1365 2938 Ν
1374 2919 1421 2940 cn
1433 2920 1451 2939 u
1460 2921 1478 2939 D
1488 2920 1527 2940 130
1537 2932 1546 2946 ,
1567 2913 1622 2940 ete.
1645 2911 1733 2941 Simul
1752 2912 1883 2950 gaudere.
1907 2912 2025 2944 Tertull.
2045 2919 2106 2946 adv.
2121 2918 2213 2949 Gnost.
2235 2930 2294 2959 cap.
2308 2930 2350 2957 13.
2372 2921 2447 2952 Con-

1323 2949 1432 2985 gaudeo
1445 2949 1574 2978 omnibus
1583 2948 1663 2979 vobis
1675 2971 1682 2984 ‚
1703 2951 1820 2987 perinde
1829 2953 1855 2981 &
1866 2961 1915 2981 vos
1923 2953 2042 2989 gaudete
2053 2957 2078 2984 &
2090 2958 2264 2992 congaudete
2275 2959 2352 2989 mihi.
2365 2961 2444 2992 conf.

1324 2987 1384 3015 adv.
1401 2985 1493 3023 Psych.
1506 2996 1570 3031 cap.
1589 2996 1630 3023 13.
1645 2987 1774 3032 Cypriam.
1790 2989 1871 3026 Epist.
1886 3000 1928 3025 ςο.
1949 2990 1983 3020 Et
1993 2992 2113 3022 Ambros
2128 2995 2163 3022 ad
2185 2995 2256 3034 Virg.
2271 2996 2346 3033 Laps.
2362 3008 2404 3036 pr.

1286 3021 1334 3053 Co
1343 3033 1364 3051 Ν
1374 3033 1391 3052 c
1401 3033 1414 3053 iz
1425 3034 1442 3052 D
1454 3033 1490 3053 us
1503 3046 1511 3059 ,
1533 3034 1551 3053 i.
1573 3034 1610 3053 m.
1633 3027 1728 3055 Amnis
1745 3027 1783 3056 est
1796 3026 2001 3058 Celtiberorum
2013 3051 2020 3063 ‚
2043 3040 2193 3068 erumpens
2211 3035 2287 3063 circa
2305 3035 2427 3066 Bilbilim
2436 3058 2447 3073 ‚

1326 3062 1441 3129 ‹312¹ng
1447 3061 1658 3128 agrifganitiem
1669 3062 1775 3100 fluens,
1797 3065 1930 3103 exiguum
1948 3065 2040 3097 lacum
2057 3068 2143 3099 efficit
2154 3092 2163 3106 ,
2184 3073 2344 3110 tepentibus
2357 3075 2444 3112 aquis.

1444 3123 1449 3128 .
1482 3122 1488 3129 -
1504 3111 1515 3134 ς
1541 3122 1547 3130 1

1421 3137 1531 3175 Tepida
1540 3138 1647 3169 natabis
1654 3136 1720 3168 lene
1740 3138 1867 3178 Congedi
1878 3140 1948 3171 vada
1955 3163 1964 3178 ,

1425 3174 1578 3213 Mollesque
1590 3177 1777 3215 nympharum
1788 3178 1874 3208 lacus.

1289 3212 1368 3257 Coit
1377 3213 1420 3242 εἰ
1430 3215 1466 3242 Li
1475 3223 1493 3241 t>
1505 3223 1522 3242 u
1531 3223 1543 3243 s
1553 3235 1561 3248 ,
1583 3223 1598 3243 a
1610 3236 1619 3249 ,
1640 3224 1696 3244 um.
1721 3215 1780 3251 Adj.
1800 3214 1946 3254 [ψνχςόε]
1970 3222 2018 3253 111,
2040 3217 2195 3257 Congelida
2205 3231 2274 3258 aqua
2286 3223 2360 3260 apud
2372 3223 2443 3256 Cels.

1331 3251 1378 3280 lib.
1396 3262 1422 3285 4.
1435 3261 1494 3288 cap.
1507 3261 1552 3286 ²4·
1576 3253 1609 3281 At
1628 3252 1645 3281 si
1663 3261 1756 3282 tumor
1781 3254 1818 3282 est
1830 3275 1837 3288 ,
1860 3255 1946 3283 foveri
1966 3255 2079 3289 quidem
2095 3258 2181 3288 debet
2200 3270 2270 3296 aqua
2292 3262 2450 3298 congelida.

1329 3288 1396 3325 Quo
1406 3288 1470 3318 loco
1478 3288 1541 3318 sunt
1550 3290 1596 3326 qui
1608 3290 1702 3326 legant
1711 3312 1719 3325 ,
1742 3290 1872 3328 Egelida:
1894 3292 1952 3327 alii,
1964 3292 2067 3322 Calida.
2084 3294 2265 3333 Congelidam
2276 3309 2340 3328 vero
2353 3307 2452 3335 putant

1333 3326 1396 3362 effe,
1407 3325 1478 3363 Quae
1487 3327 1589 3365 abipso
1599 3327 1678 3357 Celso
1687 3329 1889 3373 capite'eodem
1901 3329 2012 3368 Egelida
2021 3341 2207 3370 nuncupatur,
2220 3336 2274 3365 hoc
2284 3337 2322 3365 est
2333 3337 2451 3376 lepida.

1295 3365 1318 3396 C
1328 3374 1346 3394 o
1355 3374 1374 3393 Ν
1384 3374 1402 3394 c
1412 3368 1428 3394 ii
1439 3376 1454 3393 L
1464 3374 1481 3394 o
1491 3386 1500 3401 ‚
1522 3366 1731 3402 [πμπῖγννμαή
1755 3367 1905 3402 miram...]
1927 3370 1981 3397 {re-
2004 3369 2080 3398 idem
2096 3372 2170 3407 quod
2183 3373 2279 3403 Ge-lare
2294 3376 2319 3404 &
2338 3385 2453 3406 concre-

1331 3402 1415 3432 scere.
1457 3403 1490 3432 Et
1507 3412 1567 3432 raro
1585 3411 1766 3441 praeterquam
1781 3405 1810 3432 in
1825 3405 1913 3433 tertiis
1933 3405 2055 3443 personis
2074 3411 2217 3440 reperitur.
2257 3411 2324 3441 l'lln.
2340 3412 2387 3442 lib.
2407 3421 2448 3447 ¹8.

1332 3450 1393 3478 cap.
1407 3445 1451 3475 28.
1476 3439 1618 3470 Infinitum
1628 3448 1760 3478 quantum
1772 3441 1820 3470 illo
1831 3448 1958 3485 tempore
1968 3441 2226 3483 cadentes'prui'nas
2241 3451 2376 3487 congelat.
2400 3452 2454 3480 Oo-

1332 3477 1429 3522 lumel.
1443 3478 1490 3507 lib.
1501 3488 1525 3514 7.
1539 3488 1600 3516 cap.
1615 3484 1644 3522 8..
1675 3479 1749 3516 ipsos
1765 3480 1883 3523 quidam
1898 3482 1999 3510 vrrides
2018 3490 2169 3514 conterunt
2188 3486 2323 3524 nucleos,
2343 3490 2370 3519 81
2387 3488 2453 3521 lac‘d

1332 3515 1520 3584 permiscent.
1541 3524 1624 3552 atque
1636 3522 1673 3545 ita
1685 3519 1842 3553 congelant.
1874 3528 1893 3547 1.
1903 3528 1926 3547 e.
1951 3520 2114 3557 Coagulant.

1348 3563 1365 3582 n
1374 3553 1499 3590 lapidem
1510 3553 1653 3590 congelare
1666 3556 1750 3583 rictus
1762 3554 1894 3592 serpentis
1905 3563 2023 3594 apertos.
2044 3558 2125 3588 Ovio.
2141 3569 2184 3590 11.
2196 3559 2264 3591 ‘Met
2277 3565 2324 3593 61.

1333 3590 1480 3628 Lacrynias
1488 3592 1644 3628 congelare.
1672 3592 1755 3621 Ovid.
1767 3593 1801 3621 ad
1815 3592 1871 3621 Liv.
1889 3603 1951 3628 113.

1333 3628 1442 3659 Lances
1454 3629 1517 3658 Ister
1538 3628 1614 3663 (scil.
1631 3628 1764 3664 fluvius)
1786 3630 1914 3667 congelat
1924 3631 1996 3661 suos.
2016 3632 2099 3662 Ovid.
2114 3643 2137 3669 3.
2151 3634 2232 3665 Trist.
2248 3647 2288 3666 io.
2303 3645 2348 3673 30.

1333 3666 1447 3696 Pectora
1458 3667 1548 3694 nautis
1559 3665 1687 3703 congelat
1697 3666 1804 3696 hiberni
1817 3669 1907 3711 vultus
1916 3669 2002 3704 Jovis.
2028 3670 2114 3701 Valet.
2125 3681 2150 3708 3.
2163 3675 2266 3712 Argon.
2279 3681 2342 3712 578.

1334 3703 1430 3733 Virum
1441 3703 1570 3740 congelat
1580 3713 1650 3732 uxor
1660 3714 1735 3733 anus.
1759 3705 1876 3734 Martial.
1897 3718 1937 3741 ¹4·
1957 3716 2017 3744 14'7.

1414 3741 1492 3777 Quid
1501 3740 1612 3778 prodest
1623 3763 1629 3773 .
1652 3741 1668 3769 si
1679 3748 1706 3770 te
1716 3742 1844 3779 congelat
1853 3752 1922 3772 uxor
1931 3754 2000 3774 anus
2009 3745 2023 3773 ‘2

1335 3779 1502 3815 congelavit
1514 3779 1580 3807 otio.
1606 3777 1665 3807 Cic.
1678 3789 1702 3808 2.
1715 3779 1787 3808 Fam.
1806 3791 1846 3809 ιι.
1869 3781 2032 3811 Gaudebam.
2043 3781 2115 3815 sane.
2128 3784 2318 3823 &congelasse
2329 3787 2450 3820 nostrum

1354 3819 1476 3846 amicum
1487 3816 1596 3844 laetabar
1605 3817 1673 3844 otio.
1704 3816 1731 3845 h.
1745 3827 1766 3845 e.
1792 3817 1873 3846 Velut
1882 3819 2060 3855 congelatum
2072 3821 2142 3856 esse,
2165 3825 2190 3852 Gt
2212 3824 2391 3863 obtorpuilse.

1334 3853 1486 3891 Congelare
1497 3875 1504 3887 ,
1526 3861 1656 3882 neutrum
1665 3875 1672 3887 ,
1695 3863 1744 3891 pro
1760 3853 1916 3893 Conge'lari.
1940 3858 2022 3886 Ovid.
2038 3862 2063 3887 6.
2082 3859 2151 3889 Met.
2169 3866 2231 3897 306.

1429 3891 1486 3927 Ipsa
1497 3901 1606 3927 quoque
1619 3893 1732 3921 interius
1741 3901 1805 3921 cum
1816 3895 1884 3922 duro
1893 3894 1986 3931 lingua
2001 3895 2093 3932 palato

1428 3928 1565 3964 Congelat
1577 3950 1584 3963 ,
1605 3930 1715 3958 &venae
1727 3930 1856 3959 delistunt
1867 3931 1942 3968 posse
1956 3934 2069 3962 moveri.
2149 3934 2291 3973 congelat.
2321 3937 2339 3968 i.
2350 3946 2374 3967 e.
2398 3936 2454 3966 fii.

1357 3965 1421 4005 gida
1432 3967 1458 3996 81
1469 3967 1535 3996 dura
1542 3964 1582 3995 fit.
1624 3966 1667 3997 De
1676 3967 1769 3997 Niobe
1779 3968 1809 3997 in
1819 3977 1939 3998 marmor
1951 3971 2081 4001 conversa
2090 3970 2222 4009 loquitur.

1838 4006 1985 4038 anim
2366 4010 2457 4041 Cos.
