2641 4187
510 107 534 141 A
630 107 663 142 D

91 188 124 220 R.
146 189 179 218 R..
195 189 254 220 svb.
274 197 296 217 1.
319 196 378 225 cap.
395 197 421 217 2.
469 186 678 224 Quisalubrem
698 186 791 216 locum
806 188 947 225 negligit,
977 198 1071 220 mente
1092 199 1188 229 captus

92 226 147 258 est.
179 234 260 263 atque
277 225 309 254 ad
333 232 446 262 agnatos
467 227 492 254 ἃ
510 225 626 261 gentiles
650 224 840 255 deducendus.
893 228 949 256 Cic.
973 239 997 257 2.
1027 229 1061 258 de
1082 230 1187 258 lurein.

95 270 155 299 148.
177 264 203 292 Si
221 263 336 292 furiosus
354 263 409 296 est,
431 270 591 295 aenatorum
614 262 816 298 gentiliumque
839 264 866 293 in
890 276 923 294 eo
947 267 1119 303 pecuniaque
1131 269 1190 299 eliis

91 302 210 339 potestas
228 302 292 329 0110.
355 301 426 329 Nam
444 300 594 328 duodecim
614 299 714 328 tabula·
734 300 838 329 suriolis
863 304 902 335 jus
924 304 1052 332 adimunt
1075 304 1192 332 fidinis-j-

93 337 192 368 strandi
215 348 255 366 res
274 337 349 370 suas,
378 340 404 367 ok
421 336 455 366 ad
471 337 587 372 gentiles
604 344 771 372 agnatosque
800 342 981 370 transierunt:
1013 342 1193 378 quemadmo-

95 377 161 405 dum
178 375 294 411 legimus
312 374 360 403 lib.
385 385 407 403 i.
433 375 656 408 Institutionum,
674 374 756 403 titulo
769 375 808 404 De
825 378 1006 407 curatoribus.

77 414 118 443 Ad
135 413 254 449 aliquem
278 413 442 446 convenire,
464 423 514 448 pro
534 413 561 440 in
579 411 699 446 aliquem
718 422 879 449 competere
906 418 931 445 S:
950 416 1090 453 quadrare.
1133 416 1191 445 Cic.

95 460 145 489 pro
162 449 254 486 Sylla,
277 449 413 486 Equidem
430 450 608 478 vehementer
627 449 703 477 laetor
715 471 722 483 ,
743 459 807 478 eum
826 452 879 480 elle
896 463 940 482 me
957 476 964 488 ,
989 454 1017 482 in
1035 462 1117 490 quem
1140 461 1168 481 tu
1185 475 1193 485 ,

95 498 181 525 quum
198 496 330 524 cuperes,
359 484 463 516 nullam
487 487 687 515 contumeliam
707 488 796 523 jacere
822 492 963 527 potueris,
992 501 1051 529 qux
1076 501 1132 519 non
1158 491 1192 520 ad

95 526 243 555 maximam
264 533 368 562 partem
388 525 490 553 civium
505 525 676 554 conveniret.

76 563 118 593 Ad
140 562 274 591 amussim.
306 562 337 590 V.
361 563 379 591 A
389 572 525 591 messis.

76 601 117 630 Ad
135 600 274 637 aspeclum
299 599 452 636 pra’clarus.
473 600 530 629 Cic.
544 604 568 629 6.
590 598 663 629 Verr.
679 600 760 630 Nam.
774 603 800 630 Sc
815 601 864 630 situ
876 602 914 631 est
925 613 989 633 cum
1000 604 1118 638 munim,
1135 608 1197 632 tum

95 648 130 667 ex
149 638 225 672 omni
240 637 316 666 aditu
327 659 335 671 ,
360 637 404 666 vel
421 644 491 667 terra
503 660 511 671 ,
533 637 575 666 vel
594 638 659 666 mari
679 638 809 674 praeclaro
822 640 857 668 ad
873 639 1022 677 aspectum.

75 676 117 706 Ad
128 675 208 704 all'em
226 675 401 712 impendium
420 676 544 704 reddere.
575 675 641 704 l'lin.
662 675 745 713 Epist.
764 686 807 712 15.
827 677 875 706 lib.
897 688 919 706 1.

76 713 118 743 Ad
140 713 285 742 denarium
311 711 423 742 solvere.
464 713 496 742 V.
522 713 651 742 Sotvo.

77 751 119 781 Ad
135 760 238 779 nomen
261 749 434 788 respondere.
457 751 519 780 Hoc
542 750 597 784 est,
625 750 807 788 comparere,
831 753 857 781 Sc
873 753 968 790 praesto
988 754 1049 783 esl‘e.
1091 753 1200 782 Dicitur

97 789 132 818 de
146 798 180 817 00
197 788 244 824 qui
269 789 298 816 in
314 788 423 818 delectu
445 789 575 818 habendo
595 794 725 824 vocatus,
754 789 920 827 respondet,
942 801 1100 829 nomenque
1119 790 1199 820 suum

96 826 164 855 edit.
199 825 255 854 Liv.
273 826 321 854 lib.
339 836 362 863 7.
382 826 415 855 ab
435 827 465 856 U.
483 828 514 856 C.

80 865 122 893 Ad
135 873 282 892 nummum
297 863 457 894 subducere.
482 865 539 894 Cic.
557 876 581 899 ς.
606 865 657 893 Att.
677 873 723 893 21.
745 863 888 899 Adsidunt,
900 865 1059 896 subducunt
1074 867 1108 896 ad
1119 875 1201 895 num-

97 911 176 931 mum
187 923 195 937 ,
217 902 357 931 convenit.
390 902 436 931 alii
450 902 528 931 aliter
544 902 724 939 distinguunt.
750 901 782 930 V.
797 902 815 931 S
827 913 844 931 u
857 913 871 930 s
885 913 902 931 n
912 914 989 933 uco.

79 939 122 969 Ad
138 939 292 968 bonitatem
312 940 454 978 proficere.
490 940 556 969 Plin.
572 940 619 968 lib.
643 948 684 976 3³.
706 949 767 976 cap.
792 949 816 975 3.
833 941 868 970 de
879 951 962 977 auro,
990 942 1126 979 Quinimo
1143 949 1198 978 quo

97 977 195 1015 scepius
207 977 268 1006 arlit
280 998 288 1011 ,
310 978 420 1016 prolicit
434 978 468 1007 ad
479 977 641 1007 bonitatem.
664 977 696 1006 ld
712 978 765 1011 est,
781 978 824 1006 Fit
837 979 935 1008 melius
955 990 985 1009 ac
1000 981 1104 1017 puriuS.

80 1015 121 1046 Ad
133 1015 210 1044 cibos
224 1015 347 1045 aviditas.
370 1015 438 1044 Plin.
452 1015 498 1044 lib.
517 1025 560 1044 20.
582 1025 642 1053 cap.
659 1019 700 1045 16.
724 1015 759 1044 de
769 1016 880 1052 cunila,
902 1017 1199 1048 Concoctionemmire

98 1054 211 1089 adjuvat
224 1075 232 1088 ,
253 1056 279 1082 ὁὶ
301 1053 335 1082 ad
354 1053 432 1082 01003
447 1054 616 1082 aviditatem.

80 1091 123 1120 Ad
142 1090 238 1120 cibum
264 1101 358 1128 purus.
391 1090 459 1119 Plin.
480 1090 526 1119 lib.
545 1101 589 1126 29.
614 1100 674 1128 cap.
697 1102 723 1127 4.

81 1129 123 1158 Ad
142 1138 252 1158 currum
274 1128 370 1157 leones
390 1129 521 1166 iungere,
546 1127 591 1158 vel
611 1138 706 1166 equos.
741 1128 810 1158 Plin.
838 1129 885 1158 lib.
907 1136 931 1163 8.
955 1141 1016 1169 cap.
1039 1134 1081 1160 16.

82 1167 124 1196 Ad
135 1167 266 1204 cyathum
288 1166 353 1194 stare
368 1166 500 1195 dicuntur
517 1166 657 1196 Pincernae
679 1166 787 1204 regibus
798 1189 805 1202 ,
831 1168 930 1204 quibus
950 1170 1050 1206 cyatho
1070 1169 1134 1198 vina
1151 1168 1202 1197 mi—

103 1204 224 1234 nistrant.
245 1203 359 1232 Siieton.
371 1204 401 1232 in
409 1204 473 1232 Caes.
493 1204 524 1232 C.
538 1215 583 1240 49.
612 1205 666 1234 Sed
677 1204 708 1233 C.
728 1204 879 1234 Memmius
887 1207 970 1235 etiam
986 1207 1020 1236 ad
1029 1207 1160 1245 cyathum
1174 1208 1202 1236 Sc

100 1243 198 1308 vinqm
210 1241 467 1307 Ἕῖ0111011ὶ111011110
481 1241 594 1278 objecit.
632 1242 665 1272 V.
690 1241 769 1271 CYA
781 1252 801 1271 ’r
812 1253 831 1271 H
842 1253 891 1273 us.
914 1246 940 1274 Sc
956 1244 1035 1283 supra
1054 1245 1095 1274 Ad
1115 1244 1202 1283 pedes

102 1281 129 1309 ἃ
205 1288 219 1307 0
244 1279 248 1284 “
272 1279 323 1307 ,111
361 1301 367 1308 .

83 1317 126 1347 Ad
137 1289 248 1351 dcxlira,
267 1316 307 1345 Ad
323 1316 399 1346 laeva.
421 1315 490 1346 Plin.
503 1316 550 1346 lib.
565 1321 607 1346 16.
621 1327 680 1356 cap.
695 1321 738 1354 36.
770 1317 867 1347 Latera
879 1319 1028 1349 harundini
1040 1319 1203 1356 calamoque

101 1355 131 1383 in
145 1354 344 1383 rotunditatem
360 1355 433 1389 bina,
454 1354 534 1392 super
545 1356 635 1384 nodos
650 1356 755 1385 alterno
769 1356 876 1393 semper
890 1357 1003 1394 inguine
1014 1380 1021 1393 ,
1044 1363 1075 1387 ut
1085 1357 1203 1388 alterum

102 1392 138 1422 ad
157 1392 252 1421 dextra
268 1392 314 1421 fiat
325 1414 333 1427 ‚
356 1391 473 1421 alterum
483 1393 622 1430 superiore
631 1394 761 1430 geniculo
778 1394 813 1422 ad
827 1394 954 1432 1101111ρο1-
964 1396 1048 1425 vices.

83 1430 125 1460 Ad
136 1430 262 1459 dextram
275 1439 390 1459 manum
401 1452 409 1465 ,
432 1431 457 1459 ἃ
478 1430 589 1460 similia:
610 1430 779 1461 Locutiones
800 1431 862 1461 sunt
877 1434 1047 1470 pervenustae
1061 1455 1069 1468 ,
1094 1443 1154 1469 quae
1168 1442 1204 1462 ex

101 1467 233 1534 siibjec'tliis
246 1467 382 1506 exemplis
405 1468 514 1498 facilius
527 1469 738 1507 intelligentur,
769 1480 850 1507 quam
871 1481 921 1508 per
947 1471 1000 1501 alia
1017 1471 1101 1500 verba
1114 1470 1206 1500 decla-

101 1515 154 1535 rari
167 1516 203 1543 po
228 1513 277 1535 int.

82 1543 125 1573 Ad
138 1544 298 1579 dexteram,
313 1541 442 1573 subintel.
463 1554 585 1574 manum.
611 1545 675 1575 Ter.
701 1546 803 1576 Heaut.
817 1556 844 1582 4.
855 1557 881 1582 4.
900 1556 942 1576 10.
977 1545 1133 1576 Proximam
1151 1544 1206 1575 effe
1225 1537 1227 1539 Ι

103 1581 170 1611 111110
186 1582 276 1610 fundo
299 1582 333 1610 ad
354 1582 497 1611 dexteram
512 1584 526 1611 i>

82 1619 127 1649 Ad
146 1619 283 1648 sinistram.
303 1619 367 1649 Ter.
391 1619 467 1650 Adel.
489 1631 515 1656 4.
534 1630 560 1650 2.
578 1630 623 1657 43.
662 1621 703 1650 Ad
718 1621 848 1651 sinistram
859 1622 911 1651 hac
924 1623 998 1651 reffta
1010 1622 1109 1660 platea.

85 1657 128 1688 Ad
147 1657 252 1687 laevam.
279 1657 368 1696 Plaut.
380 1657 463 1687 Milit.
474 1670 501 1694 4.
513 1667 538 1696 7.
551 1667 596 1694 24.
617 1658 703 1689 Ubiis
715 1659 775 1689 est?
804 1670 834 1688 M.
856 1660 890 1688 ad
900 1659 1004 1689 laevam.

85 1695 128 1726 Ad
145 1695 220 1724 diem
236 1695 394 1734 {impliciter
409 1704 516 1726 veteres
535 1696 683 1733 dicebant,
700 1708 751 1735 pro
771 1707 805 1726 00
826 1698 901 1734 quod
919 1698 1024 1735 integre
1047 1698 1148 1727 dicitur
1164 1697 1206 1727 Ad

105 1734 282 1763 constitutam
297 1733 381 1769 diem,
400 1733 444 1763 vel
462 1735 503 1763 Ad
518 1735 620 1764 dictam
635 1735 718 1764 diem.
741 1735 800 1764 Cic.
816 1746 842 1771 4.
862 1735 935 1765 Verr.
949 1737 975 1765 ἃ
985 1745 1035 1774 pro
1047 1736 1147 1765 Caecin.
1159 1745 1203 1773 32.

105 1771 228 1808 Quando
241 1770 288 1800 illa
303 1771 474 1801 frumentum
491 1773 569 1809 quod
584 1772 699 1803 deberet
713 1796 721 1808 ,
737 1783 794 1802 non
818 1773 852 1802 ad
872 1774 946 1803 diem
967 1774 1069 1803 dedit?
1090 1773 1155 1803 Caes.
1177 1783 1202 1803 2.

104 1809 172 1838 Bell.
184 1808 263 1838 Civil.
279 1819 320 1845 19.
356 1808 442 1839 Nulla
449 1810 503 1839 fuit
514 1811 608 1839 civitas
624 1812 691 1848 quin
706 1811 741 1840 ad
755 1811 830 1840 diem
849 1811 1019 1841 conveniret.

85 1847 203 1877 Additur
225 1853 318 1876 tamen
340 1846 490 1884 aliquando
512 1850 539 1877 δε
558 1849 736 1884 adjectivum.
776 1848 832 1878 Cic.
852 1859 878 1878 2.
905 1849 978 1879 fam.
1000 1860 1040 1880 10.
1072 1849 1121 1878 Vel
1142 1850 1206 1886 quia

106 1885 172 1914 belli
186 1886 278 1922 magni
291 1884 374 1914 timor
385 1886 549 1923 impendet:
571 1887 647 1923 quod
665 1887 792 1916 videmur
814 1887 935 1924 effugere
947 1910 954 1922 ,
985 1887 1003 1916 s1
1026 1888 1061 1917 ad
1076 1888 1209 1917 constitu-

105 1929 163 1952 tam
178 1923 252 1952 diem
275 1923 452 1952 decedemus.
489 1924 569 1953 Idem
592 1928 632 1953 16.
665 1925 740 1954 Fam.
760 1934 800 1954 12.
833 1925 878 1954 Tu
894 1925 976 1955 mulis
989 1926 1087 1956 nostris
1102 1936 1168 1963 para
1177 1932 1209 1954 ut

106 1971 204 1998 operas
221 1961 334 1990 reddas:
356 1961 445 1990 nostra
458 1962 493 1990 ad
505 1962 580 1991 diem
592 1962 694 1992 (11613111
705 1963 782 1992 fient.

87 1999 130 2029 Ad
153 1999 256 2036 digitos
280 1999 382 2028 venire.
406 1998 475 2028 Plin.
498 1999 545 2029 lib.
566 2010 591 2029 2.
612 2010 672 2038 cap.
696 2010 739 2036 23.
783 2000 820 2029 Ut
834 2001 961 2038 protinus
975 2001 1075 2031 mundi
1098 2011 1210 2039 quoquc

106 2036 190 2074 ipsius
206 2036 332 2066 mensura
352 2037 445 2066 veniat
461 2036 496 2066 ad
508 2038 618 2075 digitos.
641 2039 673 2068 ld
684 2039 739 2074 est,
761 2039 942 2076 Supputetur.

88 2075 130 2105 Ad
150 2081 306 2104 extremum
317 2097 325 2110 ,
346 2074 388 2103 Ad
396 2075 583 2113 postremum,
605 2077 647 2106 Ad
661 2076 792 2106 ultimum
803 2099 811 2111 ,
827 2076 962 2106 Adverbia
982 2077 1046 2107 sunt
1063 2077 1149 2107 modo
1167 2087 1211 2106 or-

108 2113 182 2142 dinis
192 2135 200 2148 ,
218 2122 269 2150 pro
280 2112 353 2142 Deni
375 2123 409 2142 ue
419 2113 464 2143 vel
471 2113 623 2143 Postremo:
644 2115 731 2143 modo
745 2116 879 2152 temporis
889 2137 896 2149 ,
917 2125 967 2152 pro
982 2116 1120 2145 Tandem.
1159 2115 1212 2144 Ita-

108 2161 162 2189 que
176 2160 226 2188 pro
235 2150 299 2180 loco
312 2152 341 2180 81
369 2150 435 2180 ensu
452 2152 615 2189 accipienda
634 2159 723 2182 erunt.
764 2153 835 2182 Sunt
858 2160 951 2182 autem
971 2153 1043 2183 binae
1064 2154 1212 2189 dictiones,

109 2198 164 2218 una
181 2195 273 2217 tamen
294 2198 356 2226 pars
381 2190 530 2219 orationis:
561 2190 651 2227 qualia
672 2190 734 2220 sunt
753 2190 785 2220 In
805 2191 918 2228 primis,
936 2192 969 2220 ln
985 2192 1044 2221 dies
1056 2214 1064 2227 .,
1084 2192 1126 2220 Ad
1142 2191 1213 2220 sum-

108 2236 182 2256 mam
195 2248 203 2261 ,
216 2226 249 2256 In
267 2226 373 2255 summa
386 2248 394 2262 ,
415 2228 442 2256 &
455 2227 509 2256 alia
525 2227 694 2263 hujusmodi.
716 2228 775 2257 Cic.
797 2232 850 2258 Att.
871 2228 944 2258 Illud
961 2236 989 2259 te
1007 2229 1043 2259 ad
1056 2236 1213 2259 extremum

109 2266 137 2294 ἃ
157 2274 207 2293 010
225 2266 252 2294 ἃ
274 2264 378 2294 hortor.
401 2265 475 2294 conf.
485 2275 511 2294 2.
532 2266 586 2295 Att.
600 2276 645 2295 22.
669 2268 695 2296 Sc
709 2266 772 2295 Nat.
798 2267 880 2296 Deor.
894 2277 920 2296 2.
937 2273 998 2302 118.

89 2303 132 2335 Ad
149 2309 304 2332 extremuni
315 2304 341 2332 δι
359 2303 399 2331 Ad
418 2302 549 2332 ultimum
558 2326 566 2339 ,
580 2314 784 2341 nonnunquam
803 2305 874 2334 binae
888 2304 951 2334 sunt
965 2305 1097 2335 orationis
1111 2311 1212 2343 partes,

108 2341 164 2370 hoc
175 2340 213 2370 est
225 2362 234 2376 ,
254 2341 411 2378 praepofitio
430 2343 456 2371 ἃ
471 2351 577 2371 nomen
599 2341 772 2377 absolutum,
802 2353 852 2380 pro
873 2342 964 2381 Usque
982 2344 1017 2373 ad
1035 2350 1191 2373 extremum
1202 2365 1211 2378 ,

108 2378 202 2415 Usque
222 2378 257 2408 ad
274 2378 414 2408 ultimum.
453 2379 485 2409 Id
499 2379 552 2415 est,
574 2380 616 2409 Ad
636 2379 721 2409 finem
744 2390 840 2418 usque.
862 2380 920 2410 Cic.
936 2382 972 2417 ad
992 2381 1066 2411 Brut.
1084 2392 1125 2410 10.
1160 2381 1213 2411 Cui

105 2415 216 2446 consuli
239 2426 299 2445 non
311 2416 420 2446 animus
439 2417 473 2446 ab
488 2417 569 2446 initio
580 2440 588 2453 ,
604 2428 662 2447 nori
676 2417 745 2448 fides
759 2419 794 2448 ad
814 2424 970 2448 extremum
988 2420 1085 2449 defuit.
1114 2419 1171 2448 Liv.
1184 2429 1211 2448 2.

110 2454 145 2484 ab
163 2454 252 2490 Urbe,
271 2454 363 2484 Patres
384 2454 419 2484 ad
437 2454 567 2485 ultimum
581 2456 769 2486 dimicationis
781 2457 830 2486 rati
842 2467 899 2486 rem
911 2464 1065 2487 venturam.
1114 2457 1147 2487 Id
1157 2457 1212 2493 est,

110 2492 153 2522 Ad
167 2492 293 2522 ultimam
311 2494 337 2523 &
347 2493 602 2530 periculosissimam
620 2495 840 2524 dimicationem.

92 2530 134 2560 Ad
151 2536 316 2560 extremum.
336 2530 370 2560 Id
387 2530 443 2566 est,
464 2531 496 2561 In
516 2541 640 2561 extrema
658 2539 745 2570 paite.
766 2532 825 2562 Liv.
837 2542 860 2568 3.
877 2532 981 2562 Decad.
998 2532 1046 2563 lib.
1065 2544 1089 2563 1.
1112 2533 1215 2563 Missile

111 2568 198 2598 telum
220 2567 308 2598 hastili
330 2568 469 2606 oblongo,
493 2571 519 2599 Sc
536 2577 636 2599 caetera
653 2571 752 2606 tereti,
786 2578 969 2609 praeterquam
985 2572 1020 2601 ad
1038 2578 1213 2607 extremum,

112 2607 188 2635 unde
200 2606 303 2635 ferrum
319 2607 438 2636 extabat.

93 2644 135 2674 Ad
145 2644 324 2687 postremum.
341 2644 427 2674 Plaut.
450 2644 542 2675 Aulul.
556 2655 580 2682 3.
597 2656 620 2681 5.
644 2656 687 2681 52.
709 2645 751 2675 Ibi
767 2647 802 2676 ad
821 2646 990 2684 postremum
1008 2646 1079 2677 sedit
1091 2647 1181 2677 miles.

94 2682 137 2711 Ad
145 2682 379 2712 hdemaffirmare.
412 2682 445 2712 Id
455 2683 502 2719 est,
513 2683 762 2714 Fideliter&vere.
783 2684 841 2714 Liv.
858 2694 881 2713 1.
897 2685 1000 2715 Decad.
1025 2685 1073 2715 lib.
1089 2694 1112 2720 3.
1140 2685 1217 2715 Diffi-

112 2719 167 2749 cile
181 2720 216 2749 ad
229 2720 315 2750 fidem
330 2721 369 2750 est
385 2721 415 2750 in
433 2729 490 2750 tam
508 2722 624 2759 antiqua
645 2732 675 2751 re
702 2729 771 2760 quot
797 2723 982 2761 pugnaverint
1009 2724 1216 2758 ceciderintve,

112 2759 211 2787 exacto
228 2758 360 2788 affirmare
376 2768 502 2789 numero.

94 2795 138 2826 Ad
148 2796 260 2833 gratiam
267 2796 321 2826 effe
331 2797 434 2826 dicitur
445 2807 488 2827 res
508 2797 613 2835 aliqua:
629 2797 687 2828 Liv.
708 2809 734 2834 4.
757 2797 861 2828 Decad.
879 2797 927 2828 lib.
943 2809 967 2833 ς.
990 2798 1020 2826 111
1033 2798 1152 2835 Quintio
1168 2809 1218 2828 no—

115 2843 149 2863 va
168 2835 195 2863 Sc
209 2835 331 2864 recentia
346 2835 442 2864 omnia
460 2835 496 2864 ad
545 2836 628 2865 atiam
645 2842 732 2866 erant.
783 2836 846 2866 Hoc
862 2836 900 2866 est
911 2859 919 2872 ,
938 2836 1077 2866 faciebant
1088 2844 1119 2866 ut
1129 2837 1218 2874 Quin-

115 2872 170 2901 tius
187 2873 287 2909 gratior
303 2872 370 2902 effet
388 2873 496 2911 populo
544 2884 655 2904 omano.

95 2909 195 2939 Adhoc
209 2932 217 2946 ,
250 2912 276 2940 &
291 2911 411 2943 Adhaec,
444 2911 575 2941 nonnulli
599 2912 698 2942 dicunt
722 2911 776 2942 effe
796 2912 902 2942 ordinis
924 2911 1071 2948 adverbia,
1099 2913 1146 2942 alii
1167 2923 1218 2951 pro

113 2948 359 2982 coniunctionibus
378 2949 521 2987 accipiunt
535 2960 542 2979 :
570 2951 596 2980 &
608 2950 642 2980 ab
663 2950 723 2979 aliis
739 2951 928 2986 conjunstim,
949 2951 983 2979 ab
1000 2950 1060 2981 aliis
1073 2951 1219 2989 separatim

113 2985 278 3016 scribuntur.
315 2987 361 3016 Sic
380 2993 474 3017 autem
490 2987 622 3017 dicuntur
640 2988 714 3025 quasi
728 2988 827 3017 Praeter
844 2989 916 3023 hoc,
935 2988 1032 3018 Praeter
1051 2989 1118 3018 haec.
1142 2989 1220 3019 Valla

115 3023 164 3054 lib.
178 3033 204 3053 2.
225 3024 330 3061 (Hoc)
351 3025 536 3063 compositum
547 3036 613 3055 cum
624 3026 818 3064 praepositione
833 3026 908 3062 (ad)
921 3025 1053 3063 significat
1068 3034 1217 3065 praeterea:

117 3068 149 3090 ut
164 3062 240 3100 apud
258 3062 364 3093 Sallust.
400 3063 593 3101 Cognoveram
610 3065 701 3102 parvis
720 3065 808 3102 copiis
823 3063 896 3093 bella
914 3064 985 3101 gesta
994 3074 1059 3093 cum
1078 3075 1094 3094 o
1117 3064 1220 3094 ulentis

113 3100 241 3137 regibus:
262 3100 354 3130 adhoc
368 3100 439 3139 saepe
457 3101 575 3131 fortunae
599 3102 762 3132 violentiam
776 3101 901 3131 tolerasse
911 3124 918 3137 ,
945 3102 1076 3132 facundia
1091 3104 1218 3139 caecos,

114 3137 231 3167 scientia
246 3138 313 3168 belli
327 3138 420 3168 Gallos
434 3146 499 3168 ante
509 3139 650 3170 Romanos
667 3140 755 3170 fuisse.

97 3176 225 3212 Διὶ-1100,
253 3186 304 3215 pro
324 3176 418 3206 00111.
437 3176 511 3206 Paul.
529 3178 558 3206 in
575 3177 592 3207 l.
606 3178 725 3208 debitor.
754 3177 788 3207 D.
810 3178 845 3206 de
858 3177 911 3214 leg.
924 3187 949 3207 2.
980 3177 1095 3207 Domini
1106 3178 1222 3216 persona

116 3214 153 3244 ad
166 3215 221 3244 hoc
230 3220 339 3244 tantum
352 3214 512 3252 inspicitur,
531 3223 563 3245 ut
573 3215 605 3245 sit
616 3225 681 3246 cum
699 3226 734 3245 eo
748 3216 905 3245 testamenti
916 3216 1007 3245 flictio.
1038 3216 1143 3246 Gallice
1154 3217 1223 3246 dici—

117 3262 179 3289 mus
191 3257 219 3280 A
233 3254 289 3280 celle
298 3253 338 3287 fin
350 3262 406 3290 que.

98 3290 141 3320 Ad
154 3290 202 3320 teli
219 3290 324 3327 jac‘tum
340 3291 493 3329 pervenire.
524 3290 558 3321 Id
576 3292 632 3326 est,
662 3292 704 3321 Ad
721 3301 787 3321 eum
807 3294 902 3320 locum
916 3291 992 3320 unde
1005 3290 1060 3320 tela
1078 3291 1108 3320 in
1132 3292 1224 3322 hostes

116 3329 169 3364 J'aci
181 3329 292 3367 pollint.
320 3329 357 3366 Q
381 3328 456 3358 Curt.
477 3329 525 3359 lib.
539 3339 563 3366 3.
584 3329 633 3359 ubi
657 3330 699 3359 Ad
717 3329 766 3365 teli
779 3331 884 3366 jactum
903 3330 929 3359 ἃ
946 3329 1029 3358 Extra
1055 3329 1103 3358 teli
1118 3331 1224 3366 jaCtum

117 3367 240 3402 invicem
254 3374 446 3405 opponuntur.

99 3404 142 3434 Ad
159 3405 204 3440 id,
223 3415 274 3443 pro
291 3405 333 3435 Ad
350 3404 422 3434 illud
436 3412 561 3443 tempus,
583 3404 677 3443 Usque
699 3415 743 3436 eo.
765 3405 824 3435 Liv.
848 3405 945 3441 Quum
958 3405 993 3434 ad
1012 3405 1043 3434 id
1060 3404 1162 3435 dubios
1174 3405 1226 3435 ser—

119 3442 224 3472 vassent
243 3443 360 3472 animos.
390 3443 516 3473 Budaeus.

102 3480 145 3510 Ad
162 3480 304 3510 infinitum
315 3503 323 3515 ,
365 3491 395 3509 ro
415 3481 508 3518 Usque
517 3481 551 3510 ad
569 3480 718 3511 infinitum.
760 3481 793 3511 Id
808 3481 864 3517 est,
885 3478 1005 3510 Infinite.
1028 3480 1097 3510 Plin.
1114 3480 1224 3517 lib.34..

68 3548 70 3551 ,
121 3528 182 3556 cap.
204 3528 230 3556 7.
271 3519 327 3548 Sed
345 3491 410 3548 1130
424 3520 460 3548 ad
471 3519 613 3548 infinitum
630 3519 751 3549 effloruit
770 3520 922 3549 multorum
943 3518 1119 3547 voluminum
1130 3529 1226 3555 opere,

121 3556 202 3593 siquis
211 3556 289 3594 plura
299 3556 423 3595 persequi
433 3557 607 3586 velieonmia
619 3558 695 3586 enim
707 3558 766 3595 quis
782 3556 987 3595 poiliuDicitur
995 3557 1022 3585 Sc
1033 3556 1065 3585 ln
1075 3556 1224 3585 infinitum.

102 3594 226 3624 Adinstar
241 3605 300 3624 non
315 3595 450 3630 dicimus,
480 3595 547 3624 teste
563 3595 676 3624 Servio:
716 3596 831 3632 quanvis
847 3593 980 3633 Apuleius
1001 3593 1149 3624 verborum
1166 3595 1228 3624 arti-

121 3632 168 3661 fex
178 3654 185 3666 ,
206 3642 240 3661 eo
254 3632 370 3662 licenter
391 3640 493 3662 utatur.
534 3633 566 3661 V.
587 3633 628 3662 lx
638 3643 649 3661 s
661 3643 680 3661 τ
690 3643 710 3662 A
720 3643 745 3661 R.

103 3670 146 3699 Ad
163 3670 270 3699 irritum
284 3671 360 3699 cadit
377 3670 446 3708 spes.
467 3670 524 3700 Liv.
550 3681 573 3700 1.
596 3670 699 3700 Decad.
726 3668 773 3699 lib.
789 3680 815 3700 2.

103 3707 240 3738 Homines
260 3709 295 3737 ad
314 3708 460 3744 lecticam,
486 3719 537 3746 pro
556 3708 722 3738 Lecticariis.
747 3707 840 3744 ,Catus
866 3716 909 3737 10.
928 3710 971 3738 16.

183 3746 218 3774 At
232 3753 307 3775 certe
328 3753 423 3775 tamen
440 3747 587 3784 inquiunt,
610 3747 685 3783 quod
702 3745 760 3775 illic

185 3782 290 3813 Natum
305 3784 415 3820 dicitur,
437 3794 489 3813 aere
504 3784 666 3822 comparasti

183 3821 227 3850 Ad
243 3818 371 3851 lecticam
390 3822 526 3851 homines.
580 3822 729 3852 Turnebus
748 3822 760 3857 <
773 3829 804 3851 ut
817 3819 845 3850 id
857 3820 970 3856 obiter)
982 3818 1059 3850 hunc
1074 3820 1169 3851 locum
1186 3821 1230 3850 in-

123 3865 287 3896 terpretatur
312 3861 348 3888 de
377 3857 525 3889 lecticariis
557 3870 625 3898 quos
655 3860 755 3889 habere
778 3858 850 3888 soliti
879 3866 957 3888 erant
984 3858 1120 3897 Bithyniae
1141 3869 1228 3896 reges.

125 3896 184 3926 Cic.
202 3897 231 3926 in
250 3897 324 3934 Verr.
347 3898 420 3927 Nam
439 3899 497 3933 (ut
516 3908 576 3927 mos
593 3898 646 3927 fuit
656 3898 792 3934 Bithyniae
811 3897 939 3933 regibus)
954 3896 1053 3926 1001103
1073 3897 1230 3936 octophoro

125 3934 282 4004 fexyebaturl,
300 3935 330 3965 in
345 3946 399 3974 qua
414 3935 547 3974 pulvillus
562 3942 619 3966 erat
629 3935 788 3974 perlucidus
802 3934 940 3966 melitensi
948 3935 1008 3965 rosa
1025 3935 1135 3966 13161113.

177 3982 194 4002 0
203 3983 228 4002 1..
280 3994 286 4003 .

1727 118 1755 153 A
1847 121 1880 156 D

1277 194 1319 223 Ad
1340 194 1426 238 libita.
1449 195 1538 226 Tacit.
1564 197 1609 227 lib.
1625 206 1668 228 12.
1690 199 1776 237 Arripi
1794 204 1926 240 coniuges
1941 203 1977 232 ad
1989 204 2065 234 libita
2083 206 2226 238 Cecfiirum.

1279 232 1318 259 Ad
1342 232 1543 275 liiniiiaeultiis.
1583 235 1654 273 Virg.
1672 246 1697 271 9.
1726 240 1863 274 11111643.
1907 241 1936 269 ld
1951 242 2006 275 est.
2028 244 2153 274 ifidituus
2173 268 2180 280 ,
2203 248 2320 278 Servius.

1280 270 1320 296 Ad
1344 269 1478 305 liquidum
1497 273 1639 309 explorata
1664 277 1770 305 veritas.
1794 276 1889 312 Liv.4.
1913 278 2014 308 Decad.
2029 292 2052 313 ς.

1281 306 1322 333 Ad
1341 307 1454 337 literani.
1497 310 1615 345 Quintil.
1632 311 1678 340 lib.
1699 324 1724 349 9.

2354 142 2395 179 51

1476 347 1480 351 η
1757 314 1850 349 Quem
1869 315 1978 345 duobus
2003 314 2037 346 ab
2059 328 2092 347 eo
2111 319 2186 348 libris
2200 324 2343 354 tractatum
2366 325 2406 355 lo<

1302 353 1365 371 cum
1380 365 1387 377 ,
1415 346 1447 373 :id
1464 345 1692 384 literamsubjcci.
1735 351 1783 379 Pro
1805 362 1860 394 quo
1878 353 1959 387 vulgo
1975 355 2071 384 dicunt
2097 357 2124 385 ln
2144 358 2239 387 lorma.
2271 360 2402 394 Erasmus.

1284 380 1324 407 Ad
1343 390 1454 410 manuni
1473 384 1544 419 elle,
1575 386 1612 414 est
1634 387 1741 423 Aliquid
1763 390 1799 419 ita
1825 400 1851 417 iii
1871 400 2001 428 promptu
2028 394 2099 426 elle,
2123 404 2151 423 ut
2169 396 2241 431 quali
2263 407 2345 429 manu
2367 409 2407 430 te-

1303 419 1491 484 iistiliililnhill'
1505 422 1540 486 ἑὼ
1552 422 1641 459 Urbe,
1663 425 1740 456 Adde
1761 428 1837 464 quod
1858 427 1990 458 Romanis
2010 432 2045 459 ad
2064 441 2176 461 manum
2197 433 2275 463 domi
2293 436 2402 475 supple-

1403 471 1408 482 1
1459 467 1463 473 “
1487 468 1500 485 C
1518 481 1522 486 .

1285 491 1327 519 Ad
1347 501 1457 520 manuni
1479 494 1584 525 habere.
1605 496 1636 526 V.
1662 499 1693 529 M
1705 512 1721 529 A
1733 511 1752 529 Ν
1764 512 1781 530 u
1793 512 1813 532 s.

1288 528 1328 556 Ad
1346 538 1457 557 manum
1478 533 1580 561 venire.
1604 534 1658 564 Liv.
1681 544 1705 569 8.
1731 539 1797 569 Bell.
1818 540 1927 570 Maced.

1286 565 1447 609 Ati-manus
1471 577 1562 597 venire
1589 573 1626 600 est
1648 575 1731 603 etiam
1757 577 1797 606 Ad
1825 579 2031 614 dimicandum,
2059 580 2111 610 sive
2132 582 2173 610 Ad
2199 593 2274 612 arma
2299 588 2403 618 venire.

1305 602 1495 669 ἓέζὶέωἵςιι
1525 607 1731 647 Nonnunquam
1744 616 1826 644 etiam
1838 628 1870 646 ca
1895 627 1937 646 res
1959 619 1993 646 ad
2011 627 2108 648 manus
2129 627 2209 657 atque
2226 622 2262 650 ad
2282 632 2406 661 pugnam

1286 677 1329 705 Ad
1347 687 1453 706 morem
1470 680 1610 722 adiionum
1625 683 1728 749 aliquid
1747 689 1878 725 persequi.
1900 692 2018 728 Quintil.
2039 693 2086 722 lib.
2109 705 2135 730 4.
2158 705 2217 733 cap.
2246 706 2269 726 1.

1287 714 1334 757 Ad
1349 723 1461 744 manum
1471 737 1482 758 Ι,
1501 716 1617 760 legimus
1643 731 1669 750 re
1683 730 1757 752 atum
1775 727 1809 753 ad
1834 728 1936 762 visum,
1960 740 2010 767 pro
2032 731 2166 761 Cominus
2180 755 2188 767 ,
2216 734 2270 762 live
2284 735 2323 764 Ex
2341 746 2404 772 pro-

1306 761 1422 793 pinqui).
1446 753 1583 806 Vitruvius
1597 778 1604 790 ,
1626 758 1683 787 Alia
1700 762 1775 790 enim
1791 764 1825 791 ad
1845 774 1956 795 manum
1974 768 2077 805 species
2095 769 2148 799 else
2163 770 2288 807 videtur,
2309 773 2360 802 alia
2376 776 2407 804 in

1306 788 1425 831 excello.
1470 790 1537 820 llin.
1561 792 1608 822 lib.
1631 804 1672 830 3¹·
1692 806 1752 834 cap.
1777 810 1817 828 10.
1841 802 1886 829 ubi
1902 804 1935 831 de
1954 805 2064 841 Apelle,
2099 807 2300 838 Uniimimitairi'
2323 821 2407 842 nemo

1306 834 1416 864 potuit,
1433 828 1512 867 ,quod
1523 829 1645 872 absoluta
1656 843 1738 870 opera
1749 844 1899 866 atramento
1917 840 2050 872 illinit-liat
2069 845 2103 873 ita
2123 846 2198 874 tenui
2240 855 2269 875 ut
2283 848 2402 885 idipsum

1307 867 1463 907 repercullu
1482 866 1619 897 claritates
1652 871 1777 901 colorum
1808 876 1941 905 excitaret
1955 900 1962 912 ,
1987 882 2188 920 custodiretque
2207 868 2222 912 zi
2242 885 2355 922 pulvere
2377 890 2404 917 ἀ

1306 901 1448 932 sordibus:
1471 904 1505 932 ad
1528 915 1642 935 marium
1662 908 1781 939 intuenti
1807 912 1919 942 demum
1937 924 2087 952 appareret.

1287 939 1331 968 Ad
1352 949 1468 970 manum
1486 941 1577 972 servus
1601 944 1625 973 Is
1649 946 1768 983 dicitur,
1797 950 1874 981 (nilus
1895 961 1976 981 manu
1998 954 2031 982 ad
2049 955 2138 986 literas
2157 957 2313 989 scribendas
2333 963 2408 999 prin—

1307 986 1373 1014 ceps
1393 980 1548 1022 aut-quivis
1569 981 1638 1024 alius
1657 985 1759 1014 utitur:
1790 987 1881 1023 estque
1901 988 1975 1017 idem
1998 992 2043 1019 <ui
2064 996 2090 1022 ἃ
2115 995 2132 1022 Α
2153 1005 2233 1025 manu
2284 1002 2309 1028 ἃ
2328 1000 2408 1028 Ama-

1307 1016 1538 1057 nuenlisdicitur.
1572 1020 1628 1048 Cic.
1647 1030 1673 1050 2.
1694 1022 1729 1050 de
1749 1024 1825 1052 Orat.
1848 1024 1984 1056 Licinium
2013 1038 2107 1059 ervum
2130 1032 2176 1060 libi
2194 1019 2332 1065 (1130011113
2361 1037 2409 1066 ha-

1308 1051 1369 1081 biiit
1389 1053 1424 1081 ad
1439 1063 1560 1084 manum.
1600 1057 1632 1087 V.
1654 1059 1683 1087 in
1705 1060 1726 1089 A
1753 1061 1840 1098 supra.

1287 1090 1331 1119 Ad
1355 1097 1470 1132 matrem
1491 1093 1616 1135 pendent
1632 1106 1706 1134 pyra.
1748 1098 1815 1128 Plin.
1829 1099 1875 1129 lib.
1892 1110 1933 1136 15.
1945 1111 2005 1139 cap.
2027 1113 2068 1137 15.
2087 1106 2104 1133 i.
2117 1115 2140 1134 e.
2157 1107 2186 1135 in
2203 1108 2305 1138 arbore.

1287 1127 1331 1156 Ad
1345 1129 1438 1170 nasu-in
1459 1140 1560 1160 venire.
1585 1131 1653 1162 Plin.
1666 1134 1712 1164 lib.
1730 1145 1770 1172 15.
1789 1146 1849 1174 cap.
1870 1144 1913 1172 28.
1938 1139 2037 1168 Vinum
2048 1142 2129 1171 dulce
2145 1144 2199 1173 line
2208 1146 2292 1176 odore
2324 1155 2413 1178 tenue

1306 1165 1457 1196 odoratius.
1500 1168 1647 1207 Multoque
1664 1172 1780 1203 celerius
1806 1174 1872 1204 talia
1888 1176 1923 1205 ad
1941 1177 2037 1207 nasum
2055 1181 2169 1209 veniunt
2187 1192 2268 1219 quam
2285 1170 2407 1222 pinguia.

1308 1203 1370 1232 Hoc
1386 1204 1440 1239 011,
1467 1205 1553 1235 Nares
1571 1207 1680 1239 feriunt.

1289 1240 1332 1270 Ad
1349 1242 1444 1270 onmia
1458 1242 1534 1287 alia,
1553 1255 1603 1282 pro
1626 1246 1657 1276 ln
1676 1248 1806 1279 omnibus
1823 1249 1891 1279 aliis.
1913 1251 1977 1281 Ter.
1996 1252 2076 1282 Adel.
2095 1264 2118 1290 5.
2131 1264 2155 1292 3.
2173 1260 2218 1292 4⁶·

1329 1279 1371 1307 Ad
1386 1289 1481 1309 omnia
1496 1281 1548 1310 alia
1566 1290 1644 1313 aetate
1662 1285 1780 1323 ssipimus
1796 1288 1905 1317 ret‘tius.

1289 1316 1331 1345 Ad
1346 1317 1432 1360 pedes
1452 1318 1558 1349 delilire
1571 1343 1579 1356 ‚
1605 1322 1643 1351 est
1662 1323 1704 1352 De
1721 1334 1793 1362 equo
1809 1325 1986 1356 descendere.
2027 1328 2093 1358 Caes.
2114 1330 2144 1358 in
2155 1330 2312 1362 Comment.
2332 1334 2361 1364 V.
2378 1337 2415 1365 A.

1310 1354 1428 1397 pedi—bus
1441 1377 1449 1390 ,
1469 1357 1501 1386 ln
1519 1368 1538 1386 A
1553 1361 1756 1397 praepolitione.

1290 1392 1333 1421 Ad
1354 1392 1443 1430 pilum
1468 1395 1559 1424 ulcera
1578 1398 1718 1428 reducere.
1761 1400 1826 1429 Plin.
1845 1401 1892 1430 lib.
1915 1411 1960 1432 22.
1983 1412 2042 1441 cap.
2060 1413 2105 1434 22.
2132 1404 2325 1440 jumentorum
2347 1419 2417 1440 (uo-

1310 1440 1364 1496 0ιὲ
1392 1430 1486 1497 utlcera
1505 1443 1537 1462 ac
1554 1433 1695 1473 scabiem,
1722 1438 1800 1467 radix
1819 1438 1908 1476 illita,
1940 1447 1987 1469 aut
2015 1441 2139 1472 decoctze
2157 1442 2254 1474 succus
2275 1446 2309 1475 ad
2326 1448 2418 1484 pium

1311 1478 1339 1497 re
1363 1478 1406 1497 uci
1422 1492 1428 1498 .

1291 1505 1334 1535 Ad
1352 1506 1477 1545 plenum.
1518 1509 1580 1539 Hoc
1595 1511 1652 1547 est,
1682 1512 1813 1543 Perfedte.
1854 1514 1950 1544 Ascon.
1968 1516 1998 1545 in
2016 1516 2108 1547 Divin.
2127 1518 2187 1549 Cic.

1292 1544 1334 1573 Ad
1352 1546 1449 1587 l’yrum
1463 1568 1470 1580 ,
1498 1546 1610 1592 Nomen
1627 1551 1747 1594 regionis
1765 1552 1794 1594 in
1815 1562 1868 1589 qua
1894 1553 2033 1583 habitabat
2056 1555 2199 1587 Martialis.
2248 1558 2418 1596 Frequenter:

1312 1591 1388 1610 enim
1409 1585 1518 1613 arbores
1535 1596 1649 1616 nomina
1666 1589 1825 1625 regionibus
1845 1590 1967 1621 dabant:
1993 1599 2041 1627 ut,
2084 1593 2125 1622 Ad
2142 1595 2261 1631 pinum,
2282 1598 2357 1633 quod
2377 1598 2418 1628 est

1311 1620 1387 1664 apud
1399 1620 1496 1667 Senec.
1518 1624 1558 1666 Ad
1569 1625 1674 1654 malum
1690 1628 1824 1663 punicum
1835 1649 1843 1662 ,
1873 1629 1949 1666 quod
1958 1630 1995 1659 est
2007 1631 2082 1667 apud
2091 1630 2116 1660 T
2118 1633 2234 1670 ranquil.
2255 1634 2337 1664 Dom.
2350 1645 2374 1665 e.
2388 1645 2417 1666 1-

1312 1657 1421 1695 sipont.
1433 1662 1458 1688 o<
1472 1660 1576 1690 Domit.
1598 1662 1705 1693 Ca-lder.
1728 1664 1846 1694 martial.
1867 1666 1913 1696 lib.
1943 1677 1966 1696 1.
1991 1673 2050 1701 118.

1294 1695 1337 1725 Ad
1354 1695 1468 1739 planum
1486 1699 1618 1741 reducere
1637 1702 1787 1731 cicatrices.
1814 1702 1882 1734 Plin.
1893 1704 1942 1734 lib.
1965 1714 2010 1735 20.
2029 1715 2088 1744 cap.
2103 1717 2128 1743 9.

1294 1733 1335 1761 Ad
1350 1733 1499 1776 polit-uram
1515 1738 1618 1767 sarcire.
1647 1738 1714 1768 Plin.
1734 1739 1782 1769 lib.
1803 1751 1844 1771 11.
1865 1752 1925 1780 cap.
1944 1752 1989 1779 24.

1294 1770 1594 1850 Aplpogztiqilissiinhcpled
1608 1776 1646 1805 est
1661 1799 1668 1812 ‚
1683 1777 1813 1808 Portione
1823 1800 1831 1814 ,
1855 1779 1901 1810 seii
1917 1780 1968 1809 Pro
1984 1781 2123 1819 portione.
2150 1781 2220 1813 Prin.
2229 1782 2279 1813 lib.
2295 1788 2335 1815 16.
2355 1794 2420 1823 cap.

1295 1847 1337 1875 Ad
1360 1847 1484 1884 praesens
1508 1849 1576 1880 Plin.
1597 1851 1645 1881 lib.
1667 1858 1694 1886 8.
1716 1863 1776 1892 cap.
1796 1863 1839 1884 22.
1882 1854 1906 1884 V

1607 1890 1612 1895 ι
1906 1865 2042 1899 ocemque
2060 1856 2167 1886 homini
2179 1880 2187 1893 ,
2210 1868 2293 1896 quem
2311 1861 2420 1897 priores

1316 1885 1551 1923 contemplantur,
1568 1890 1691 1931 adimere
1705 1892 1740 1920 ad
1757 1892 1882 1929 praesens.
1924 1894 2007 1930 Quali
2025 1894 2108 1929 dicat,
2125 1896 2191 1925 Non
2203 1897 2420 1935 inperpetuum,

1314 1922 1363 1951 sed
1374 1923 1508 1961 duntaxat
1519 1926 1554 1955 ad
1566 1926 1637 1956 illud
1646 1929 1763 1965 praesens
1781 1936 1898 1968 tempus.
1936 1932 2072 1969 Loquitur
2095 1933 2130 1962 de
2141 1933 2223 1971 lupis.

1296 1960 1338 1989 Ad
1352 1961 1489 2004 praesens,
1510 1974 1561 2007 pro
1577 1965 1667 2001 Tum,
1691 1967 1726 1996 de
1745 1969 1893 2006 piaeterito.
1932 1969 2021 1999 Tacit.
2048 1980 2090 2007 13.
2112 1972 2234 2002 Ann.22.
2256 1972 2366 2003 Plautus
2385 1974 2424 2005 ad

1318 1998 1436 2042 praesens
1451 2000 1559 2031 silentio
1571 2004 1740 2033 transmissus
1760 2006 1807 2035 est.
1847 2006 1925 2036 Idem
1945 2007 1992 2036 lib.
2019 2011 2060 2037 16.

1297 2036 1340 2065 Ad
1365 2037 1440 2079 quid.
1464 2038 1520 2069 Cic.
1537 2051 1563 2076 4.
1593 2043 1644 2070 Att.
1670 2045 1711 2071 16.
1729 2042 1776 2072 sub
1791 2043 1837 2072 fin.
1876 2044 1954 2081 Quid
1974 2045 2042 2074 mihi
2063 2045 2117 2075 hoc
2127 2054 2344 2077 monumentum
2358 2059 2424 2086 pro-

1319 2074 1414 2103 derit?
1437 2077 1477 2105 ild
1491 2079 1558 2113 quid
1577 2078 1733 2109 laboramus
1753 2091 1796 2110 res
1807 2081 1968 2112 Romanas?
1991 2083 2046 2113 Sed
2064 2083 2095 2112 V.
2112 2083 2202 2113 Codd.
2217 2085 2328 2115 emend..

1298 2112 1340 2141 Ad
1359 2121 1466 2142 remum
1485 2115 1550 2159 dare
1564 2116 1693 2154 aliquem.
1716 2119 1789 2148 Suet.
1802 2119 1956 2158 Tranquill.
1975 2121 2005 2149 in
2019 2122 2128 2158 August.
2153 2132 2215 2160 cap.
2238 2127 2279 2152 16.
2318 2124 2427 2162 Viginti.

1317 2149 1457 2180 servorum
1476 2153 1598 2183 millibus
1618 2156 1807 2192 manumissis,
1833 2159 1860 2187 δι
1881 2158 1916 2188 ad
1930 2168 2040 2188 remum
2054 2160 2133 2188 datis.

1298 2189 1341 2231 Ad
1361 2191 1438 2218 seras
1456 2189 1562 2228 aliquid
1581 2200 1685 2230 petere.
1735 2194 1798 2224 Hoc
1817 2195 1874 2231 est,
1902 2195 1944 2225 Ex
1962 2196 2060 2226 Serum
2078 2198 2201 2235 regione.
2232 2197 2304 2228 Plin.
2323 2198 2371 2228 111).
2390 2209 2421 2230 2.

1319 2236 1351 2254 in
1381 2236 1452 2255 irone
1485 2251 1492 2257 .

1300 2263 1342 2293 Ad
1362 2237 1490 2295 siilariuliii
1506 2267 1611 2310 versari.
1647 2267 1705 2312 Cic.
1726 2280 1776 2307 pro
1792 2270 1911 2307 Quintio
1927 2282 1970 2308 59.
2009 2271 2076 2301 Non
2094 2272 2130 2301 ad
2146 2272 2275 2303 solarium
2288 2296 2296 2308 ,
2318 2285 2375 2305 non
2390 2277 2425 2305 ‘in

1320 2312 1420 2340 campo
1432 2326 1440 2339 ,
1463 2314 1521 2334 non
1534 2315 1563 2334 in
1575 2315 1709 2336 conViviis
1719 2308 1837 2337 versatus
1853 2309 1899 2338 est.
1940 2309 1981 2338 Ad
1992 2309 2119 2339 solarium
2130 2310 2227 2340 versari
2244 2312 2361 2347 dicitur,
2376 2315 2424 2352 qui

1320 2339 1476 2378 spectacula
1491 2343 1649 2380 frequenter
1661 2345 1759 2375 invisit.
1784 2346 1847 2376 Cael.
1868 2347 1958 2384 Antiq.
1979 2347 2053 2377 Lest.
2070 2347 2118 2376 lib.
2136 2354 2180 2382 28.
2201 2359 2261 2387 cap.
2277 2360 2317 2379 10.
2353 2351 2425 2381 Tur-

1321 2378 1410 2408 nebus
1425 2380 1464 2409 ·de
1490 2380 1587 2410 solario
1616 2382 1763 2420 intelligit,
1797 2385 1873 2422 quod
1893 2392 1950 2414 erat
1968 2385 1997 2414 in
2012 2385 2077 2415 foro
2093 2386 2298 2423 inumbratum,
2327 2388 2425 2419 secun-

1321 2417 1391 2445 dum
1407 2418 1482 2454 quod
1502 2421 1651 2449 convenire
1668 2420 1793 2450 solebant
1817 2422 1946 2452 homines
1970 2423 2055 2452 animi
2076 2423 2170 2458 causa,
2208 2432 2238 2454 ut
2263 2428 2290 2455 ὁὶ
2308 2427 2337 2454 111
2359 2427 2426 2457 alias

1319 2454 1375 2483 'fori
1388 2463 1489 2492 partes,
1506 2464 1536 2486 ut
1549 2467 1564 2486 0
1585 2458 1753 2488 Curculione
1767 2459 1968 2497 cognoscimus.
2008 2460 2074 2496 Ejus
2087 2463 2217 2492 meminit
2238 2463 2320 2493 Varro
2334 2464 2381 2494 lib.
2394 2475 2424 2499 ς.

1323 2493 1358 2536 de
1371 2492 1402 2522 L.
1416 2493 1444 2522 L.
1460 2494 1502 2523 his
1512 2495 1619 2531 verbis,
1654 2496 1791 2526 Solarium
1812 2498 1937 2533 dictum,
1956 2498 1986 2527 id
2005 2499 2035 2527 in
2057 2509 2113 2536 quo
2134 2500 2207 2529 horae
2221 2501 2250 2530 in
2269 2501 2325 2531 sole
2344 2502 2427 2540 inspi-

1322 2530 1485 2567 ciebantur,
1517 2533 1593 2569 quod
1613 2533 1758 2564 Cornelius
1777 2536 1807 2564 in
1824 2535 1936 2566 Basilica
1951 2536 2062 2566 AEmilia
2081 2538 2109 2566 Sc
2138 2537 2234 2568 Fulvia
2248 2539 2425 2570 inumbravit.

1322 2568 1354 2597 V.
1377 2569 1456 2606 plura
1478 2571 1507 2598 in
1524 2571 1648 2600 dictione
1666 2572 1808 2601 80111111
1820 2584 1874 2602 um.

1303 2606 1345 2635 Ad
1365 2607 1518 2643 fiunmam,
1537 2610 1563 2638 δ’(
1582 2608 1614 2638 ln
1633 2609 1754 2646 summa,
1776 2612 1882 2640 ordinis
1902 2611 2048 2647 adverbia,
2069 2622 2120 2650 pro
2137 2612 2282 2651 Denique,
2305 2615 2358 2644 five
2377 2615 2429 2645 Po-

1323 2645 1442 2680 stremO,
1461 2645 1514 2675 sive
1532 2646 1569 2675 Ut
1586 2646 1704 2677 breviter
1715 2649 1891 2679 concludam.
1921 2649 1979 2679 Cic.
2000 2649 2048 2679 lib.
2072 2661 2096 2680 1.
2119 2651 2176 2681 Off.
2196 2662 2257 2689 149.
2296 2653 2338 2682 Ad
2353 2653 2426 2683 sum-

1324 2692 1398 2711 mam
1409 2705 1416 2718 ,
1437 2694 1473 2712 ne
1487 2694 1565 2721 again
1582 2685 1618 2714 de
1640 2685 1759 2724 lingulis.

1303 2720 1346 2750 Ad
1361 2720 1517 2757 summum,
1540 2722 1701 2752 adverbium
1720 2724 1876 2762 qualitatis,
1912 2724 1972 2754 uod
1992 2725 2027 2754 ad
2045 2735 2192 2756 numerum
2212 2728 2334 2757 refertur.
2365 2728 2425 2758 Cic.

1326 2768 1351 2788 2.
1373 2759 1447 2788 fam.
1474 2770 1496 2789 1.
1548 2762 1569 2790 A
1591 2767 1619 2790 te
1640 2772 1704 2791 vero
1724 2762 1765 2792 bis
1785 2770 1860 2792 terve
1876 2773 1891 2792 a
1924 2763 2082 2798 summum,
2105 2766 2131 2794 Sc
2152 2774 2197 2794 eas
2218 2765 2363 2804 perbreves
2382 2776 2428 2795 ac-

1324 2797 1399 2840 cepi3
1430 2797 1508 2826 [dem
1518 2808 1569 2836 pro
1582 2798 1683 2829 Milon.
1706 2810 1748 2831 12.
1787 2801 1929 2838 Quarum,
1959 2801 1995 2830 ad
2012 2801 2150 2831 summum
2167 2803 2287 2840 quinque
2304 2803 2365 2832 sunt
2380 2805 2429 2833 iin-

1323 2843 1409 2864 venti.

1305 2873 1347 2902 Ad
1370 2881 1498 2911 tempus,
1525 2874 1625 2904 duobis
1640 2875 1731 2905 modis
1757 2875 1887 2907 sumitur:
1932 2876 1996 2906 Uno
2015 2877 2049 2906 ad
2066 2877 2257 2908 conditionem
2277 2879 2428 2916 temporis,

1325 2910 1514 2941 necessitatem
1536 2914 1562 2942 ἅ
1580 2914 1828 2952 opportunitatem.
1862 2915 1920 2945 Cic.
1941 2925 1992 2953 pro
2014 2915 2114 2944 Milon.
2156 2916 2247 2952 Quam
2261 2916 2296 2944 ad
2315 2924 2428 2955 tempus

1325 2956 1397 2987 aptae
1417 2949 1613 2980 simulationes.
1650 2952 1731 2982 Idem
1750 2963 1774 2988 9.
1799 2952 1874 2982 Fam.
1893 2963 1935 2989 14.
1975 2952 2073 2990 Neque
2092 2953 2178 2982 solum
2198 2953 2232 2982 ad
2250 2960 2360 2991 tempus
2369 2965 2428 2984 ma-

1325 2988 1431 3016 ximam
1450 2988 1599 3017 utilitatem
1613 2989 1741 3026 attulisti,
1762 2990 1809 3020 sed
1820 2991 1904 3020 etiam
1920 2990 1955 3019 ad
1978 2991 2137 3028 exemplum
2155 2991 2226 3020 facil.

1363 3024 1458 3054 Altero
1477 3026 1513 3054 ad
1534 3026 1652 3064 spatium
1682 3029 1833 3066 temporis:
1868 3035 1917 3064 ut,
1944 3027 2038 3057 Silebo
2057 3029 2091 3057 ad
2111 3038 2228 3062 annum,
2262 3027 2366 3058 Latebo
2393 3030 2431 3060 ad

1326 3069 1454 3130 terlnrlius:
1480 3064 1510 3092 id
1529 3065 1586 3100 est,
1614 3065 1707 3103 Usque
1724 3067 1760 3095 ad
1779 3076 1903 3102 annum,
1932 3067 1959 3096 &
1980 3066 2071 3103 Usque
2089 3066 2123 3095 ad
2147 3074 2256 3103 tempus
2275 3067 2431 3103 quoddam,

1327 3110 1362 3130 ve
1406 3111 1424 3130 n
1440 3108 1497 3130 tem
1520 3112 1560 3132 us.

1366 3112 1610 3177 Hiicrperltinent,
1635 3140 1677 3170 Ad
1695 3141 1836 3178 quoddam
1853 3148 1972 3180 tempus.
2000 3141 2057 3170 Cic.
2078 3150 2101 3175 3.
2128 3140 2162 3170 de
2181 3140 2245 3170 Nat.
2264 3140 2347 3171 Deor.
2388 3142 2433 3172 Ad

1329 3179 1468 3214 punctum
1482 3179 1640 3222 temporis.¹
1656 3179 1736 3208 Idem
1755 3189 1779 3209 2.
1802 3179 1920 3217 Philipp.
1945 3179 1986 3208 Ad
2007 3180 2087 3208 breve
2110 3179 2135 3208 &
2151 3178 2339 3208 brevissimum
2355 3188 2434 3210 ‘tem-

1311 3215 1684 3292 AldusergsidseTiriselrePalgliii.
1697 3254 1743 3283 lib.
1760 3264 1801 3284 10.
1813 3264 1872 3291 cap.
1886 3263 1930 3291 23.
1962 3254 1998 3283 de
2012 3253 2150 3282 anseribus
2167 3255 2194 3283 &
2215 3253 2348 3291 oloribus,
2367 3255 2436 3285 Col-

1331 3289 1358 3319 la
1376 3291 1528 3328 imponunt
1548 3293 1786 3330 praecedentibus:
1809 3292 1888 3321 fessos
1906 3292 1990 3320 duces
2008 3291 2043 3320 ad
2059 3299 2133 3328 terga
2154 3292 2302 3330 recipiunt.

1313 3328 1357 3357 Ad
1381 3335 1481 3358 terram
1505 3330 1588 3365 dare,
1609 3330 1640 3359 id
1658 3330 1711 3365 est,
1740 3330 1874 3365 Abjicere.
1914 3329 1987 3358 Suet.
2018 3328 2161 3365 Tranquil.
2191 3330 2219 3358 iri
2239 3331 2346 3367 August.
2371 3340 2434 3368 cap.

1333 3369 1378 3401 96.
1409 3367 1515 3433 quiuila
1535 3368 1606 3397 duos
1631 3378 1728 3397 corvos
1755 3367 1821 3396 hinc
1844 3368 1870 3396 6.-
1888 3366 1952 3395 inde
1970 3366 2129 3396 infestantes
2146 3367 2260 3403 afflixit,
2285 3369 2312 3398 Sc
2329 3369 2364 3397 ad
2381 3377 2439 3398 ter-

1333 3414 1391 3433 rani
1429 3415 1455 3433 01
1468 3412 1496 3434 it.

1314 3442 1357 3472 Ad
1368 3443 1463 3472 tertias
1485 3443 1659 3480 decoquere,
1687 3445 1713 3473 &
1731 3442 1830 3471 ssmiles
1846 3440 2010 3470 locutiones.
2033 3440 2102 3470 Plin.
2120 3440 2167 3470 lib.
2177 3451 2226 3472 20.
2240 3452 2300 3481 cap.
2314 3452 2338 3479 3.
2360 3443 2439 3480 Aqua

1335 3479 1421 3509 mulsa
1439 3481 1468 3509 in
1485 3491 1517 3510 ea
1533 3481 1698 3518 decoquitur
1712 3481 1746 3510 ad
1768 3479 1903 3508 dimidias.
1949 3478 1986 3521 *Id
2003 3479 2055 3515 est,
2075 3479 2112 3508 Ut
2126 3479 2241 3517 supersit
2253 3488 2361 3510 tantum
2373 3491 2437 3518 pars

1333 3518 1459 3547 dimidia,
1501 3519 1579 3548 Idem
1598 3529 1657 3556 cap,
1677 3530 1702 3554 4.
1753 3518 1822 3547 Item
1839 3516 1873 3545 ad
1894 3523 1985 3546 tertias
2013 3517 2131 3547 decocto
2151 3528 2250 3548 eorum
2276 3527 2345 3556 poto
2369 3528 2437 3548 cum

1334 3557 1420 3591 vino,
1441 3556 1606 3585 enterocelis
1633 3555 1754 3594 prosunt.
2325 3594 2330 3597 .

1315 3594 1358 3623 Ad
1375 3594 1490 3623 verbum
1508 3595 1679 3630 exprimere,
1707 3593 1824 3625 referre,
1851 3590 1980 3621 ediscere.
2003 3592 2062 3622 Cic.
2088 3602 2111 3622 1.
2130 3592 2167 3622 de
2184 3593 2244 3623 Fin.
2257 3604 2282 3629 4.
2311 3592 2436 3623 rubellas

1335 3631 1445 3661 Latinas
1464 3632 1498 3661 ad
1517 3632 1632 3661 verbum
1657 3631 1692 3659 de
1714 3629 1814 3659 Graecis
1833 3629 1978 3666 expressas.
2027 3631 2101 3660 Suet.
2125 3630 2159 3659 de
2177 3630 2247 3660 Clar.
2273 3631 2354 3660 Rhet.
2397 3631 2438 3660 Ex

1334 3670 1436 3706 quibus
1460 3678 1517 3698 non
1534 3669 1655 3698 alienum
1679 3668 1761 3696 fuerit
1781 3676 1864 3695 unam
1885 3668 1911 3696 Sc
1931 3666 2061 3702 alteram,
2081 3668 2201 3705 exempli
2217 3668 2311 3703 causa,
2333 3669 2438 3697 adver-

1334 3707 1404 3736 bum
1422 3707 1529 3735 referre.
1565 3707 1621 3735 Cic.
1648 3716 1670 3733 1.
1696 3705 1732 3733 de
1753 3704 1829 3733 Orat.
1852 3714 1912 3741 157.
1954 3705 2116 3735 Exercenda
2137 3707 2175 3735 011
2197 3707 2281 3735 etiam
2305 3707 2440 3736 memoria

1338 3745 1492 3774 ediscendis
1520 3744 1553 3772 ad
1582 3742 1697 3772 verbum
1725 3741 1934 3779 quamplurimis
1959 3745 1986 3772 Sc
2013 3743 2110 3773 nostris
2143 3742 2249 3781 scriptis
2275 3745 2303 3773 ἃ
2331 3744 2436 3773 alienis..

1336 3783 1412 3812 Suet.
1435 3782 1465 3809 in
1484 3781 1590 3818 August.
1609 3790 1669 3817 cap.
1681 3786 1725 3816 89.
1747 3779 1882 3817 Exempla
1901 3780 2062 3810 adverbum
2079 3787 2216 3818 excerpta.
2240 3781 2309 3811 Plin.
2327 3781 2376 3810 lib.
2395 3786 2437 3816 18.

1336 3830 1397 3857 cap.
1415 3829 1440 3855 7.
1463 3819 1504 3848 Ad
1521 3819 1636 3847 verbum
1655 3817 1786 3847 translata
1803 3818 1946 3847 sententia.
2149 3856 2154 3860 ι
2360 3857 2364 3861 .
2432 3856 2438 3861 0

1317 3857 1361 3888 Ad
1374 3856 1534 3885 vetustatem
1554 3855 1650 3884 fidelis.
1683 3855 1752 3884 Plin.
1767 3855 1812 3884 lib.
1833 3865 1874 3891 13.
1892 3865 1952 3893 cap.
1969 3859 1995 3884 6.
2016 3855 2052 3884 de
2069 3855 2237 3886 terebintho.
2268 3856 2396 3886 Materies
2413 3865 2440 3885 ei

1338 3894 1491 3923 admodum
1500 3893 1584 3928 lenta,
1598 3903 1629 3922 ac
1639 3893 1728 3922 fidelis
1739 3894 1774 3924 ad
1784 3894 1956 3922 vetustatem.
1975 3894 1992 3921 i.
2005 3903 2029 3922 e.
2052 3892 2200 3924 Durabilis.
2224 3931 2227 3933 ‚

1319 3932 1363 3967 Ad
1372 3932 1471 3963 vicem.
1512 3931 1603 3963 AureL
1619 3931 1716 3963 Arcad.
1731 3931 1765 3963 D.
1787 3931 1823 3962 de
1839 3931 2047 3976 offic3praefect.
2069 3930 2177 3960 Praetor.
2219 3933 2261 3962 Ad
2281 3933 2369 3961 vicem
2384 3942 2442 3961 ma-

1895 3969 1919 3998 (r
1940 3978 1956 3997 2
2372 3971 2444 4007 gistri
