2604 4222
156 102 225 138 130
551 77 843 119 rico

196 171 346 205 conducti,
367 171 421 200 sive
442 177 477 198 ex
490 166 648 197 conducio.
678 161 716 191 est
734 160 806 190 actio
828 159 857 188 in
874 154 1018 197 personam
1033 173 1042 187 ,
1063 158 1113 188 per
1128 155 1210 190 quam
1223 142 1246 175 is
1267 143 1317 181 qui

215 210 258 240 vel
272 220 329 238 reni
338 207 471 238 utendam
482 228 489 239 ,
514 203 560 233 vel
574 211 644 239 opus
657 197 817 228 faciendum
836 194 971 224 condiunt
983 213 991 225 ,
1012 189 1065 217 sive
1082 191 1203 228 recepit,
1224 188 1255 212 ut
1272 181 1317 210 vel

216 258 245 278 re
257 247 323 276 sarta
340 247 413 275 tecta
432 250 541 277 utatur,
568 239 613 269 vel
630 238 722 276 operis
734 233 850 274 perfecti
872 229 1030 260 mercedem
1045 226 1227 259 conlequatur
1239 242 1248 256 ,
1268 229 1319 258 po-

201 286 369 353 Clbiiliitssoria
382 321 420 349 est
434 341 442 355 ,
462 328 512 356 per
526 325 607 354 quam
618 322 676 343 reni
685 311 804 340 nostram
813 329 821 342 ,
842 306 876 334 ab
886 303 997 333 alterius
1011 298 1175 339 possessione
1195 319 1203 332 ,
1225 296 1256 325 iri
1269 294 1320 324 do.

220 362 338 390 minium
353 358 474 387 nostrum
487 354 675 384 vendicamus.
697 349 766 385 lmp.
779 350 799 384 &-
811 355 836 374 2.
846 343 883 386 de
894 342 945 370 act.
1215 370 1221 377 ὁ

202 397 400 428 Constituroria
411 395 449 424 est
459 416 467 428 ,
496 402 549 430 qua
561 400 625 419 cum
635 398 668 417 eo
679 387 766 422 agitur
777 405 785 417 ,
806 391 852 424 qui
864 379 908 409 vel
927 387 976 416 pro
985 376 1028 411 se,
1060 373 1105 403 vel
1117 382 1168 412 pro
1187 371 1242 415 alio
1250 368 1322 412 solu-

220 443 313 466 turum
328 434 363 467 se,
375 433 429 462 sine
441 430 497 460 ulla
508 427 684 466 stipulatione
694 421 873 452 constituerit.
896 417 966 454 lmp.
979 416 1000 454 §.
1012 420 1038 448 8.
1048 414 1074 442 &
1087 413 1108 450 §.
1122 422 1148 448 9.
1170 410 1205 440 de
1216 410 1318 438 action.

222 475 248 504 &
259 481 307 503 tot.
320 474 361 501 tit.
374 471 408 500 de
420 469 504 498 const.
516 475 578 505 pec.
597 466 626 493 in
636 463 678 505 D.
1237 485 1242 490 ι

203 511 246 542 De
257 512 319 540 albo
329 515 458 544 corrupto
469 506 506 534 est
515 526 524 539 ,
545 513 598 540 qua
605 509 693 538 quivis
706 498 741 526 de
748 493 854 534 populo
869 501 948 535 age-re
958 488 1085 520 adversus
1094 496 1159 517 eum
1167 509 1175 521 ,
1197 495 1242 522 qui
1255 483 1322 513 Prat-

223 550 290 578 toris
303 549 424 578 edictum
440 542 578 579 corrupit,
599 537 687 576 potest
701 557 709 569 ,
731 542 761 563 ut
774 533 974 576 quinquaginta
994 536 1141 557 aureorum
1156 533 1241 564 poena
1251 520 1323 551 mul-

222 594 304 616 tetur.
326 585 388 622 Ulp.
401 583 418 612 l.
431 591 455 618 7.
481 580 514 609 D.
527 579 562 607 de
571 575 671 612 Jurisd.
688 582 764 602 omn.
779 570 840 613 iud.¹
877 607 883 613 ι
1313 597 1321 604 .

183 639 186 642 ·
203 624 246 655 De
259 622 400 653 arboribus
414 618 519 648 succisis
541 625 575 644 ex
599 623 640 642 iz.
662 611 717 640 tab.
734 609 772 639 est
788 609 861 637 actio
876 617 906 636 in
915 604 1061 644 personam
1073 624 1082 638 ,
1103 610 1152 639 per
1176 608 1258 637 quain
1275 607 1322 641 qui

223 662 326 691 alienas
337 659 445 689 arbores
457 653 607 686 ceciderit,
629 650 688 679 aeris
696 646 920 685 vigintiquinque
930 644 1085 673 damnatur.
1149 639 1227 668 l-lanc
1241 645 1319 665 enim

223 708 336 766 genam
348 696 521 726 constitutam
532 688 611 719 fuisse
622 687 692 717 Plin.
707 686 757 716 lib.
771 694 812 722 17.
828 693 889 721 cap.
903 693 924 712 1.
944 681 1064 711 testatur.
1084 676 1158 707 Paul.
1174 675 1192 706 l.
1206 682 1248 708 28.
1261 676 1282 712 ς.
1294 677 1319 702 6.

252 760 259 767 .
276 737 310 765 de
327 734 434 764 'ure‘ur.

205 774 248 805 De
260 746 361 805 effuso,
379 744 502 805 dejedto,
521 763 649 802 suspenso
661 785 669 799 ,
689 762 727 792 est
740 759 813 791 actio
830 760 860 788 iri
871 756 1015 796 personam
1029 777 1037 791 ‚
1058 764 1122 796 quae*
1130 750 1257 781 adversus
1271 758 1322 793 ⁴eos

223 811 391 843 intenditur,
413 806 459 844 qui
473 814 537 834 euin
557 804 585 832 in
601 802 711 835 locum,
734 809 788 836 qua
804 797 887 834 vulgo
903 797 954 824 iter
971 794 1018 828 fit,
1039 791 1144 828 aliquid
1160 789 1321 823 effuderint,

225 849 394 885 dejecerint,
416 842 622 881 suspenderint,
644 839 722 875 cujus
732 837 808 867 casus
819 832 1049 867 alicuinocuerit,
1062 837 1198 858 nocereve
1212 826 1325 864 suspen-

225 887 285 916 sum
298 884 426 923 potuerit.
447 883 465 910 l.
482 892 502 910 i.
521 881 547 909 8(
560 890 583 914 ς.
607 878 638 907 D.
654 877 689 906 de
698 876 741 905 liis
757 875 804 912 qui
814 874 932 909 dejecer.
991 908 995 912 Ι
1124 904 1148 910 ..
1187 903 1192 908 .

206 924 248 956 De
264 924 348 958 injus
369 926 469 951 vocato
488 918 514 948 vi
533 923 666 954 exempto
677 937 685 947 ,
701 914 739 943 est
754 923 807 950 qua
818 921 882 940 cum
904 919 938 938 eo
953 914 1044 944 agitur
1054 927 1062 939 ,
1074 914 1130 948 ‘qui
1141 913 1171 933 in
1184 911 1227 938 Jus
1242 910 1324 930 voca.

222 970 283 992 tuni
294 960 442 994 exemerit,
462 956 563 986 dolove
574 952 756 984 eximendum
765 949 920 981 curaverit,
941 953 972 975 ut
986 950 1080 981 quanti
1089 952 1127 986 ‘ea
1137 951 1180 984 res
1187 940 1220 970 ab
1231 941 1323 968 actore

223 998 399 1030 aestimabitur
413 1019 422 1032 ,
441 996 597 1024 damnetur.
619 991 638 1021 l.
663 1003 685 1021 i.
708 991 735 1020 ἃ
757 1000 781 1025 ς.
802 987 836 1017 D.
852 986 895 1016 Ne
906 984 1039 1021 quiscum
1049 990 1097 1018 qui
1113 989 1143 1008 in
1157 989 1200 1015 jus
1214 988 1275 1007 voc.
1286 976 1326 1006 est

223 1048 252 1067 vi
265 1046 348 1066 exim.

205 1073 287 1107 Dein
307 1084 364 1103 rem
379 1070 455 1101 verso
466 1092 474 1105 ,
495 1069 534 1099 est
543 1068 615 1098 aetio
631 1067 660 1095 in
673 1064 817 1103 personam
828 1084 836 1098 ,
857 1070 906 1099 per
923 1068 1005 1097 quam
1021 1065 1116 1095 pater,
1137 1054 1304 1097 dominusve
1315 1074 1325 1088 ,

225 1114 303 1148 cuius
315 1112 388 1141 filius
398 1109 523 1138 servusve
537 1116 602 1136 cum
622 1104 715 1140 aliquo
730 1125 738 1137 ,
762 1101 817 1130 sine
836 1099 919 1137 ipsius
934 1096 1078 1126 voluntate
1089 1116 1097 1130 ,
1119 1099 1257 1123 contraxit
1267 1113 1275 1126 ,
1296 1090 1327 1119 si-

224 1151 292 1188 quid
301 1151 330 1179 in
342 1159 400 1179 rem
416 1146 498 1185 ipsius
506 1144 612 1174 versum
625 1143 694 1176 erit,
717 1146 807 1169 totum
818 1136 942 1176 praestare
952 1134 1077 1171 cogitur:
1099 1137 1147 1161 aut
1158 1131 1175 1159 si
1189 1129 1256 1167 quid
1268 1138 1328 1157 non

223 1189 257 1219 fit
265 1188 373 1218 versum
389 1209 396 1221 ,
418 1190 554 1223 quatenus
564 1180 708 1220 peculium
724 1178 854 1216 patietur.
903 1173 1003 1210 imper.
1016 1172 1037 1209 §.
1050 1182 1076 1207 4.
1092 1169 1155 1200 Inst.
1168 1168 1254 1206 Quod
1262 1175 1328 1196 cum

224 1237 259 1257 eo
269 1227 316 1264 qui
325 1227 355 1255 in
368 1225 449 1254 alieri.
927 1249 943 1255 ..
1203 1244 1209 1250 .
1262 1243 1268 1248 .
1279 1226 1292 1243 ,

205 1264 248 1296 De
260 1263 436 1300 jurejurando
458 1260 497 1289 est
507 1281 515 1294 ‚
545 1268 595 1296 per
609 1265 692 1294 quam
705 1255 726 1283 is
738 1253 784 1290 qui
800 1249 944 1281 adversarii
962 1246 1100 1286 postulatu
1115 1244 1209 1275 deberi
1221 1243 1269 1272 sibi
1281 1252 1330 1280 pe-

224 1303 337 1333 cuniam
343 1300 459 1337 juravit,
481 1298 517 1327 ita
527 1306 592 1326 eum
606 1292 728 1323 damnari
738 1289 857 1328 postulat
874 1309 883 1323 ,
904 1287 921 1315 si
931 1286 1047 1325 planum
1060 1284 1143 1314 faciat
1151 1283 1176 1312 se
1186 1281 1261 1311 illius
1276 1290 1327 1319 po-

226 1340 326 1370 stulatu
338 1338 442 1373 jurasse.
465 1336 535 1372 Imp.
548 1335 626 1372 §.12.
652 1331 714 1361 lnst.
729 1330 763 1358 de
776 1330 842 1370 act..

207 1377 250 1410 De
261 1378 336 1416 pastu
350 1376 457 1414 pecoris
470 1383 505 1402 ex
514 1372 531 1402 l.
546 1381 586 1401 12.
603 1369 659 1399 tab.
674 1368 711 1397 est
721 1390 728 1403 ,
760 1376 824 1395 cum
835 1375 863 1393 in
876 1372 939 1392 meo
951 1361 1040 1391 fundo
1049 1368 1135 1426 {ecus
1149 1365 1230 1388 tuum
1244 1357 1330 1394 depa-

226 1417 296 1446 stum
311 1416 356 1444 est.
380 1414 398 1443 l.
417 1413 473 1450 Qui
491 1408 690 1439 seivandarum.
713 1406 734 1443 §.
746 1403 795 1433 ult.
814 1403 847 1432 D.
860 1402 895 1430 de
904 1400 994 1439 praesc.
1006 1409 1053 1429 ver
1069 1420 1080 1441 ι.
1228 1433 1233 1439 .

206 1453 251 1485 De
270 1461 361 1491 patre,
384 1458 536 1490 patronove
555 1448 582 1476 in
601 1447 642 1481 jus
666 1448 765 1473 vocato
784 1463 792 1476 ,
813 1441 852 1470 est
870 1449 919 1476 per
936 1447 1018 1475 quam
1037 1435 1110 1465 filius
1126 1438 1327 1471 emanCipatus,

226 1499 274 1522 aut
295 1491 426 1524 libertus,
450 1487 496 1525 qui
514 1491 622 1524 patrem
637 1488 820 1521 patronumve
846 1478 902 1507 sine
920 1475 1042 1505 Praetoris
1061 1473 1144 1502 venia
1167 1473 1198 1501 in
1217 1472 1261 1507 jus
1280 1480 1327 1499 vo-

227 1530 316 1565 cavit,
337 1537 422 1567 poena
440 1523 638 1564 quinquaginta
655 1527 801 1549 aureorum
821 1516 975 1545 damnatur.
998 1512 1016 1542 l.
1040 1521 1106 1550 pen.
1127 1510 1161 1540 D.
1183 1509 1218 1539 de
1239 1511 1268 1539 in
1282 1509 1327 1545 jus

226 1577 289 1598 voc.

207 1604 252 1638 De
263 1604 385 1643 peculio,
400 1602 438 1632 est
446 1611 494 1639 per
508 1608 590 1636 quam
607 1598 630 1626 is
643 1596 689 1634 qui
703 1604 767 1624 cum
777 1592 835 1622 filio
846 1592 881 1621 fa.
901 1590 1015 1619 servove
1025 1587 1272 1621 contraxiccontra
1281 1593 1328 1622 pa-

226 1650 298 1674 trem
309 1643 489 1672 dominumve
500 1639 536 1666 ita
545 1637 608 1674 agit,
617 1642 647 1664 ut
655 1632 746 1671 quoad
757 1630 901 1670 peculium
909 1629 980 1657 ferre
992 1626 1083 1665 poilit,
1098 1624 1203 1654 solvere
1214 1623 1328 1652 damne-

229 1687 282 1711 tur.
305 1681 373 1718 Imp.
389 1680 409 1717 §.
425 1676 533 1706 io.inst.
548 1675 583 1704 de
597 1674 649 1703 act.
671 1674 695 1701 &
707 1676 751 1700 tot
763 1670 805 1698 tit.
820 1668 853 1698 D.
865 1668 900 1697 de
910 1665 1002 1704 pecul.

208 1718 333 1757 Depoiiti
355 1718 472 1750 direeta,
498 1713 536 1743 est
550 1709 697 1750 personalis
714 1708 786 1738 aetio
797 1729 804 1742 ‚
827 1716 876 1744 per
890 1712 973 1742 quarn
993 1702 1022 1732 id
1035 1700 1111 1744 quod
1122 1699 1197 1738 apud
1207 1698 1328 1735 alquem

229 1757 416 1795 deposuimus,
437 1753 516 1783 reddi
527 1750 606 1779 nobis
622 1747 800 1787 postulamus.
842 1745 863 1782 §.
887 1753 912 1779 3.
934 1741 996 1771 lnst.
1023 1737 1197 1776 anmiod.
1221 1747 1250 1766 re
1261 1746 1328 1765 con-

227 1796 296 1825 traliv
313 1794 396 1831 oblig.
418 1789 561 1821 Contraria
573 1797 638 1816 vero
649 1785 687 1815 est
697 1807 705 1820 ,
726 1794 775 1822 per
785 1792 869 1820 quam
879 1781 925 1817 qui
934 1778 1090 1817 depositum
1100 1777 1207 1813 recepit
1222 1797 1230 1809 ,
1252 1773 1329 1812 quod

227 1835 302 1864 ineo
321 1831 426 1861 tuendo
441 1826 655 1863 ailervandoque
668 1821 823 1861 impendit,
844 1817 972 1858 postulat.
993 1817 1027 1847 D.
1049 1816 1080 1845 in
1098 1815 1140 1844 tit.
1163 1811 1264 1851 Depos.
1285 1811 1330 1842 vel

227 1878 333 1901 contra.

206 1909 251 1941 De
262 1910 339 1946 tigno
350 1907 443 1942 iuncto
454 1904 491 1934 est
500 1925 508 1937 ,
530 1912 582 1940 qua
589 1901 677 1930 utitur
686 1898 818 1928 dominus
833 1893 960 1925 adversus
974 1901 1040 1922 eum
1051 1892 1098 1929 qui
1109 1890 1192 1929 ipsius
1208 1889 1329 1927 tigrium,

229 1947 333 1977 aedibus
344 1945 467 1974 vineisve
483 1941 537 1971 suis
555 1939 684 1976 adjunxit
695 1960 703 1972 ,
724 1946 774 1975 per
783 1943 865 1972 quam
880 1942 938 1962 non
956 1930 1047 1969 ipsum
1060 1930 1188 1967 tignum,
1217 1927 1265 1956 sed
1281 1926 1331 1955 du-

227 1984 307 2023 plum
318 1982 502 2019 consequitur.
526 1979 587 2016 Ulp.
602 1977 620 2007 l.
640 1986 662 2005 1.
684 1975 719 2005 D.
734 1974 769 2003 de
784 1974 832 2010 tig.
844 1972 950 2008 juncto.

209 2021 252 2054 De
264 2023 394 2051 aei‘timato
407 2020 458 2049 live
479 2015 649 2047 aestimatoria
663 2037 671 2050 ,
692 2013 730 2042 est
739 2011 811 2041 adtio
826 2010 855 2038 iri
869 2008 1015 2047 personam
1027 2028 1036 2042 ,
1056 2014 1107 2044 per
1121 2013 1203 2042 quam
1216 2002 1262 2040 qui
1273 2009 1332 2031 rem

227 2060 347 2097 aliquam
358 2057 534 2088 vendendam
542 2053 650 2090 accepit
661 2074 669 2088 ,
688 2050 734 2080 vel
743 2059 800 2079 rem
809 2047 894 2086 ipsam
908 2047 1020 2075 incorru
1042 2050 1099 2073 tam
1113 2042 1229 2072 reddere
1250 2040 1335 2070 debe-

229 2099 289 2133 bit,
306 2097 350 2126 vel
362 2096 443 2134 ipsius
459 2093 673 2123 aestimationem.
695 2088 759 2126 Ulp.
776 2087 834 2116 inl.
853 2097 876 2115 1.
898 2084 932 2114 D.
943 2084 978 2113 de
986 2054 1119 2113 AEliimat.

210 2136 305 2174 Empti
317 2158 324 2170 ,
346 2135 397 2163 live
418 2133 459 2163 Ex
475 2137 571 2169 empto
582 2152 590 2165 ,
613 2129 650 2158 est
658 2127 730 2157 aftio
740 2126 768 2154 in
779 2123 925 2163 personam
936 2131 986 2160 per
999 2129 1083 2158 quam
1102 2119 1149 2156 qui
1162 2127 1220 2147 rem
1238 2125 1335 2154 quam-

229 2175 305 2213 piam
326 2173 393 2202 emit
405 2192 412 2204 ‚
438 2170 614 2199 venditorem
627 2189 635 2202 ,
659 2167 685 2195 ἃ
707 2174 768 2201 quae
785 2163 880 2200 lingua
899 2165 1062 2196 nuncupata
1080 2156 1160 2191 sunt,
1209 2155 1331 2187 raestare,

232 2214 259 2243 &
279 2212 297 2241 si
318 2209 484 2240 nominatim
510 2206 581 2235 nihil
597 2203 747 2237 convenit,
777 2210 835 2230 rem
858 2199 966 2229 tradere
988 2219 996 2232 ,
1018 2204 1135 2232 eamque
1155 2203 1188 2224 ve
1225 2198 1334 2230 empto-

230 2251 268 2281 ris
288 2249 378 2278 facere
394 2269 402 2284 ,
423 2246 469 2276 vel
487 2243 632 2275 evictionis
652 2241 768 2270 nomine
788 2237 906 2276 obligari
932 2258 941 2272 ,
961 2235 1045 2273 cogit.
1066 2233 1086 2262 l.
1107 2242 1134 2262 2.
1168 2231 1205 2261 D.
1227 2231 1262 2260 de
1279 2231 1332 2259 aeft.

233 2298 277 2318 em
300 2293 320 2316 t.

213 2298 351 2363 Exeiiipta
364 2323 482 2357 dicitur,
511 2329 575 2350 cum
592 2318 635 2356 agi
648 2315 724 2355 posse
746 2314 833 2344 desiit.
856 2312 919 2350 Ulp.
936 2311 956 2340 l.
974 2313 1020 2340 26.
1038 2309 1060 2347 §.
1073 2319 1101 2345 4.
1122 2307 1157 2337 D.
1173 2306 1215 2337 Ex
1235 2306 1335 2344 quibus

234 2363 319 2393 causis
334 2362 459 2397 majores.
1062 2371 1068 2375 .

212 2400 397 2434 Exercitoria,
419 2398 457 2426 est
471 2395 580 2426 ac‘tioin
590 2392 736 2431 personam
748 2413 756 2426 ,
777 2399 827 2428 per
840 2397 924 2426 quam
939 2386 1017 2416 navis
1032 2384 1186 2419 exercitor,
1206 2388 1255 2412 aut
1271 2391 1336 2412 cau-

233 2449 316 2478 ponae
328 2460 337 2473 ,
357 2434 521 2468 autstabuli,
542 2431 638 2461 dolum
651 2453 658 2465 ,
680 2437 727 2459 aut
738 2430 857 2462 furtum,
870 2425 945 2464 quod
953 2425 983 2453 in
993 2424 1066 2458 navi,
1079 2429 1127 2451 aut
1136 2431 1273 2459 caupona,
1288 2425 1335 2449 aut

235 2476 341 2507 stabulo
366 2484 423 2503 non
434 2473 499 2511 peri
522 2470 581 2500 suin
595 2491 602 2504 ,
623 2468 670 2498 sed
680 2478 730 2506 per
738 2466 859 2504 aliquem
873 2472 970 2494 eorum
981 2485 989 2497 ,
1011 2470 1130 2499 quorum
1143 2460 1230 2489 utitur
1251 2467 1336 2497 opera

233 2516 338 2544 faetum
354 2513 419 2546 erit,
440 2481 562 2548 praeliare
571 2508 686 2544 cogitur.
706 2512 747 2534 tot
765 2504 852 2534 tit.D.
862 2503 897 2532 de
909 2501 1026 2530 Exercit.
1039 2499 1120 2528 actio.

215 2552 257 2584 Ex
268 2551 397 2589 stipulatu
407 2549 444 2578 est
454 2548 524 2577 aelio
534 2556 593 2584 quae
604 2546 628 2574 ei
643 2544 778 2581 competit
789 2564 797 2576 ,
818 2542 864 2579 qui
882 2539 930 2569 fibi
948 2537 1053 2575 aliquid
1065 2535 1163 2565 incerti
1175 2534 1233 2564 dari
1241 2533 1335 2563 fierive

234 2589 378 2628 stipulatus
393 2588 431 2616 est
442 2608 451 2622 ,
479 2584 565 2614 veluti
580 2582 723 2619 Quicquid
740 2580 860 2610 vmihoc
874 2587 949 2608 anno
960 2586 995 2606 ex
1009 2576 1098 2605 vineis
1112 2574 1167 2603 tuis
1181 2571 1337 2610 colligetur.

234 2628 322 2658 Instit.
338 2627 373 2655 de
387 2624 461 2655 verb.
476 2622 562 2659 oblig.
586 2622 614 2649 in
633 2621 721 2658 princ.

216 2665 259 2698 Ex
270 2663 398 2703 stipulatu
421 2662 480 2691 doti
494 2659 638 2696 exigendae
650 2680 658 2693 ,
680 2657 718 2686 est
732 2655 805 2685 adio
822 2655 851 2683 in
868 2651 1014 2691 personam
1025 2673 1033 2685 ,
1054 2660 1104 2688 per
1113 2659 1195 2686 quarn
1204 2657 1275 2677 uxor
1287 2647 1338 2676 do-

235 2711 293 2733 tem
307 2703 380 2732 suani
396 2700 485 2730 soluto
497 2696 675 2727 matrimonio
685 2705 701 2724 a
710 2694 808 2723 marito
823 2692 958 2722 condicit.
976 2690 994 2719 l.
1008 2688 1102 2727 penul.
1114 2687 1145 2717 C.
1158 2687 1193 2716 de
1204 2687 1264 2722 jure
1275 2685 1334 2714 dot.

237 2742 255 2771 l.
275 2741 348 2770 unic.
364 2739 394 2768 C.
408 2739 443 2767 de
452 2737 491 2766 rei
503 2745 582 2765 uxor.
593 2736 644 2763 act.

217 2778 339 2811 Familiae
349 2775 516 2807 erciscundae
524 2773 626 2802 dicitur
635 2794 643 2805 ,
665 2780 725 2808 quae
734 2769 813 2798 datur
824 2765 1013 2796 cohreredibus
1023 2762 1226 2803 postulantibus
1236 2783 1244 2796 ,
1265 2769 1297 2790 ut
1309 2761 1336 2790 ἅτ

237 2817 381 2847 haereditas
401 2813 542 2843 dividatur
555 2833 563 2846 ,
586 2809 640 2839 &si
656 2808 723 2846 quid
740 2806 807 2836 alter
820 2805 898 2834 alteri
918 2803 1039 2838 debeat,
1060 2801 1208 2839 praestetur.
1231 2798 1336 2837 Ulp.in

237 2855 255 2884 l.
273 2864 316 2884 22.
338 2855 358 2892 §.
377 2862 402 2889 3.
424 2852 458 2881 D.
475 2850 550 2879 Fam.
567 2847 666 2877 Ercisc.

218 2893 335 2924 Finibus
345 2889 473 2929 regundis
483 2888 521 2916 est
529 2909 536 2921 ,
558 2895 617 2923 quae
632 2882 790 2913 confinibus
799 2878 977 2913 conceditur,
989 2876 1203 2915 postulantibus,
1220 2881 1251 2904 ut
1261 2874 1337 2912 quod

238 2931 372 2967 cujusque
396 2926 540 2966 proprium
550 2924 600 2958 sit,
625 2922 658 2951 ab
672 2921 774 2950 arbitro
788 2918 953 2949 definiatur,
980 2917 1006 2945 Sc
1023 2916 1041 2944 si
1064 2914 1130 2952 quid
1154 2913 1188 2942 ab
1205 2913 1337 2942 alterutro

239 2967 413 2998 commissum
426 2965 473 2999 sit,
499 2962 662 2992 resarciatur.
687 2958 759 2988 Paul.
771 2957 825 2986 inl.
845 2966 865 2985 i.
892 2955 925 2984 D.
939 2953 1037 2983 finium
1057 2952 1169 2989 regund.

218 3006 365 3038 Funeraria
375 3027 382 3039 ,
395 3004 433 3033 est
444 3002 516 3032 astio
526 3001 555 3029 in
570 2998 713 3037 personam
724 3019 732 3031 ,
754 3005 803 3033 per
817 3003 899 3031 quam
912 2993 932 3021 is
943 2992 987 3028 qui
1000 3001 1050 3029 pro
1062 2990 1153 3019 officio
1162 2989 1211 3018 suo
1220 3010 1228 3023 ,
1250 2987 1338 3018 veluti

239 3041 521 3073 delectusatestatore
532 3061 540 3071 ,
557 3036 602 3066 vel
617 3036 701 3065 haeres
715 3033 849 3070 scriptus,
869 3029 914 3060 vel
928 3029 975 3058 suo
987 3029 1084 3057 ordine
1094 3034 1242 3064 cognatus,
1260 3026 1339 3055 furie-

238 3082 317 3112 randi
329 3079 452 3110 defuncti
464 3072 757 3112 causasumptusfeeit,
772 3080 820 3099 eos
833 3068 868 3098 ab
878 3078 912 3097 eo
921 3090 929 3103 ,
947 3067 981 3096 ad
991 3076 1075 3104 quem
1089 3075 1121 3095 ea
1134 3075 1176 3094 res
1194 3065 1317 3102 pertinet
1329 3086 1338 3100 ,

240 3126 393 3156 recuperat.
415 3117 433 3146 l.
451 3126 490 3145 12.
508 3115 527 3153 §.
541 3124 566 3143 2.
586 3113 621 3142 de
635 3110 724 3147 Relig.
751 3110 777 3138 ὃ(
790 3105 891 3144 sumpt.
903 3106 990 3135 furiet.

221 3155 296 3188 Furti
315 3157 424 3185 cretione
444 3151 573 3190 concepti
591 3156 701 3179 tenetur
719 3148 760 3181 is,
781 3146 856 3183 apud
867 3142 1061 3186 qucmfurtum
1076 3140 1233 3178 quaesitum,
1254 3141 1280 3169 Sc
1298 3140 1340 3168 iri-

240 3201 356 3223 ventuin
381 3193 427 3222 est.
471 3190 547 3221 Paul.
567 3188 587 3218 l.
616 3198 642 3218 2.
657 3186 726 3216 sent.
756 3184 799 3213 tit.
820 3193 862 3212 11.
889 3185 910 3219 ς.
933 3192 959 3217 4.
984 3179 1047 3209 Inst.
1061 3179 1096 3208 de
1117 3179 1203 3216 oblig.
1222 3187 1283 3216 quae
1303 3186 1339 3207 ex

222 3232 454 3301 Filiiliciiianifesti
469 3267 525 3302 est,
566 3274 601 3294 ua
617 3260 765 3301 quadrupli
774 3267 860 3298 poeria
870 3278 879 3293 ‚
899 3255 933 3285 ab
947 3265 982 3285 eo
1001 3255 1048 3291 qui
1061 3254 1219 3283 manifestus
1235 3253 1278 3282 fur
1292 3253 1340 3288 est,

241 3307 367 3343 exigitur.
408 3304 549 3334 Neemani
563 3303 609 3332 esti
618 3308 728 3335 autem,
749 3305 894 3336 quaanon
902 3293 1046 3324 manifesto
1060 3291 1149 3329 dupli.
1163 3291 1290 3329 §.5.1nst.
1304 3291 1340 3320 de

244 3344 330 3380 oblig.
344 3354 403 3381 quie
417 3353 450 3371 ex
460 3342 552 3371 delict.

223 3380 301 3414 Furti
310 3391 365 3410 non
377 3380 493 3409 exhibiti
503 3377 629 3408 adversus
639 3386 704 3406 eum
715 3375 795 3404 datur
806 3395 814 3409 ,
855 3373 884 3401 ui
895 3370 1026 3400 furtivam
1041 3377 1099 3397 rem
1111 3367 1186 3404 apud
1207 3366 1234 3395 se
1249 3365 1341 3403 quaesi-

244 3426 299 3449 tuni
308 3442 316 3454 ,
338 3419 512 3447 &inventam
523 3427 579 3445 nori
589 3414 727 3445 exhibuit.
751 3414 772 3450 §.
788 3423 813 3447 4.
849 3411 899 3439 nst.
914 3409 948 3437 de
960 3407 1043 3443 oblig.
1056 3416 1116 3442 quae
1126 3414 1160 3433 ex
1170 3404 1264 3433 delict.

225 3458 300 3488 Furti
321 3454 406 3485 oblati
427 3455 562 3492 competit
580 3455 605 3482 ei
622 3453 667 3482 cui
688 3461 731 3480 res
749 3450 849 3480 furtiva
867 3446 959 3476 oblata
976 3446 1031 3479 est,
1059 3451 1090 3472 ut
1110 3442 1183 3480 apud
1206 3451 1271 3470 eum
1291 3451 1342 3478 po.

245 3495 300 3561 ilos
309 3503 390 3530 qnam
399 3503 463 3522 eum
471 3492 519 3529 qui
529 3491 629 3520 obtulit
640 3513 648 3526 ,
669 3490 871 3526 conciperetur.
912 3485 934 3523 §.
954 3495 982 3519 4.
1003 3482 1067 3512 Inst.
1090 3480 1125 3509 dc
1135 3479 1219 3516 oblig.
1233 3489 1293 3516 quae
1305 3488 1341 3508 cx

267 3542 281 3561 e
295 3539 339 3561 iet.

228 3570 302 3601 Furti
313 3568 443 3607 prohibiti
453 3565 577 3596 adversus
585 3575 648 3594 eum
657 3565 695 3594 est
705 3587 713 3599 ,
754 3563 781 3592 ui
795 3563 898 3592 furtum
909 3567 1030 3596 quaerere
1041 3555 1153 3586 testibus
1163 3553 1342 3592 praesentibiis

245 3608 387 3636 volentem
399 3628 406 3641 ,
428 3605 609 3643 prohibuerit.
649 3604 669 3639 ξ.
692 3614 718 3638 4.
759 3602 807 3629 nst.
823 3600 857 3629 de
867 3598 951 3634 oblig.
964 3604 1024 3633 quae
1036 3604 1070 3624 ex
1089 3592 1182 3622 delict.

228 3644 313 3678 Furti,
325 3654 388 3681 ope,
400 3643 568 3678 consilioque
581 3641 660 3675 fac'ii,
676 3638 802 3668 adversus
821 3647 886 3667 eum
897 3636 992 3668 datur,
1008 3634 1087 3668 cujus
1099 3640 1153 3669 ope
1171 3628 1341 3667 consilioque

245 3684 348 3711 furtum
359 3682 459 3709 ilicium
474 3680 519 3709 est.
542 3680 562 3716 §.
585 3689 610 3713 9.
634 3677 695 3706 lust.
717 3678 752 3705 de
770 3676 855 3713 oblig.
872 3683 932 3711 quae
945 3680 980 3702 ex
993 3670 1085 3700 delier.

226 3719 401 3751 Hzereditatis
412 3740 419 3752 ,
440 3719 477 3746 est
489 3718 560 3745 actio
570 3716 599 3744 iri
612 3725 668 3743 rem
678 3736 685 3748 ,
708 3724 766 3751 quae
782 3714 810 3742 iii
822 3714 883 3742 illos
894 3735 902 3746 ,
926 3711 972 3748 qui
980 3711 1021 3743 ius
1031 3718 1081 3746 pro
1091 3706 1199 3735 haerede
1209 3727 1218 3741 ,
1235 3703 1279 3734 vel
1288 3713 1339 3742 pro

244 3757 389 3796 polleiliire
404 3755 505 3784 liabent
515 3775 523 3788 ,
544 3753 586 3782 vel
603 3762 660 3781 rem
677 3751 876 3779 haereditariam
886 3772 894 3785 ,
922 3749 988 3778 licet
1002 3746 1163 3779 minimam,
1179 3743 1318 3782 possident
1329 3763 1338 3778 ,

245 3795 407 3824 intenditur.
432 3792 448 3821 l.
466 3803 491 3827 9.
519 3792 550 3820 D.
565 3790 685 3827 deperit.
700 3788 799 3816 harred.

226 3831 447 3870 llypotlieeuria,
470 3839 529 3866 qua·
540 3831 564 3857 ὅ(
580 3827 651 3864 quali
663 3827 799 3859 5ei'vi.ina,
819 3826 843 3853 Sc
864 3824 938 3853 utilis
954 3823 1099 3855 Serviana,
1124 3819 1264 3850 interdum
1280 3817 1340 3846 Ser-

244 3871 326 3900 vianu
343 3874 368 3898 c<
388 3867 564 3904 pignoratitia
577 3872 690 3893 vocatur
700 3886 707 3896 ,
728 3863 765 3891 eii
776 3863 847 3890 aetio
861 3863 889 3889 iri
899 3871 957 3889 rem
970 3884 976 3893 ,
1000 3869 1048 3898 per
1067 3868 1149 3896 quam
1169 3857 1338 3889 creditores,

242 3907 343 3946 quibus
356 3915 397 3935 res
407 3906 498 3941 aliqua
513 3902 663 3934 'immobilis
678 3901 857 3938 oppignerata
870 3900 924 3933 est,
944 3908 1004 3927 rein
1019 3897 1096 3928 illam
1110 3918 1119 3932 ,
1140 3895 1160 3925 si
1172 3896 1242 3925 sorte
1258 3895 1290 3924 in
1301 3892 1341 3922 al-

1836 53 1863 91 A
1957 42 2039 88 G'*
2085 49 2124 87 ὓ

1429 140 1515 170 terius
1524 136 1717 180 possessionem
1727 136 1858 166 inciderit
1872 158 1879 172 ,
1903 135 1951 164 sibi
1966 134 2125 164 vendicant.
2165 134 2186 171 ξ.
2210 142 2234 169 7.
2261 134 2324 165 inst.
2345 135 2380 168 de
2390 132 2495 170 astioni*

1411 178 1577 219 Injuriarum
1596 178 1677 217 actio.
1709 175 1768 203 Cic.
1786 185 1836 213 pro
1847 174 1947 203 Circiii.
1971 182 2013 208 ξς.
2047 172 2124 201 aetio
2145 173 2220 201 enini
2241 173 2403 208 injuriarum
2418 187 2472 205 non
2487 179 2529 212 iufl

1432 214 1603 254 pollelsionis
1617 213 1774 248 allequitur.
1785 213 1831 241 sed
1840 210 1966 240 dolorem
1981 210 2135 239 imminutie
2147 205 2280 240 libertatis
2292 233 2299 246 ,
2316 213 2423 247 judicio
2437 224 2532 251 pogna-

1432 264 1485 290 que
1496 253 1611 288 mitigat.
1649 250 1717 278 iidd.
1731 249 1876 285 Quintili.
1893 260 1916 284 7.
1927 258 1950 277 c.
1968 260 1994 283 4.

1412 290 1558 332 Institoria,
1571 289 1608 318 est
1615 288 1687 316 astio
1698 287 1727 330 iri
1739 287 1890 324 personam,
1901 296 1949 324 per
1959 294 2040 322 quain
2051 308 2057 319 ,
2080 284 2126 321 qui
2138 285 2267 315 institoris
2277 296 2360 324 opera
2376 288 2468 321 utitur,
2484 289 2521 319 i.e

1433 330 1499 364 Ejus
1511 337 1556 364 qui
1572 327 1737 363 qiia:ltuariae
1749 324 1931 362 negotiationi
1944 324 2086 360 patrenus
2101 323 2153 355 est,
2177 333 2210 351 ex
2224 324 2411 354 contrat‘tibus
2424 335 2488 355 cum
2496 311 2532 357 ed

1434 366 1531 399 factis,
1554 370 1671 394 tenetur.
1695 362 1712 391 l.
1730 373 1750 392 i.
1773 364 1858 392 &tot
1873 363 1914 391 tit.
1926 362 1946 391 D
1970 360 2096 390 delnstit.
2109 359 2190 389 actio.

1416 403 1586 435 Internecini
1598 423 1605 434 ,
1627 401 1661 428 de
1672 400 1785 436 quainl.
1812 400 1867 436 Qui
1876 400 1920 428 vel
1931 398 2106 427 internecini.
2138 397 2168 426 C.
2186 397 2220 427 de
2237 399 2353 429 accusat.
2367 399 2458 430 isidor.
2472 397 2490 430 l.
2505 409 2531 438 ς.

1435 440 1591 478 Etyiuolog.
1616 438 1783 480 internecini
1793 438 1929 473 judicium
1940 438 1966 465 in
1978 446 2042 465 euni
2050 435 2166 464 dabatur
2177 437 2224 472 qui
2233 435 2329 466 falsum
2338 439 2535 472 testamentum,

1434 480 1557 521 fecerat,
1591 478 1615 506 ὃ(
1638 475 1674 504 ob
1694 476 1724 504 id
1744 476 1887 505 hominem
1907 475 2047 503 occiderat
2060 495 2066 507 ,
2086 474 2307 503 &accusatorem
2328 476 2386 511 ejus
2396 475 2534 508 bonorum

1436 516 1562 555 pollellio
1574 513 1743 551 sequebatur.
1765 514 1857 544 Festus
1867 513 1948 542 etiam
1960 512 2007 540 lib.
2023 521 2047 546 9.
2079 511 2306 548 interneciuum,
2330 513 2420 550 inquit
2433 535 2440 548 ,
2456 514 2534 544 testa.

1438 560 1564 584 mentum
1572 552 1627 586 est,
1649 559 1761 589 propter
1784 552 1860 589 quod
1882 550 2012 579 dominus
2031 549 2089 585 ejus
2107 555 2220 579 necatus
2235 550 2280 579 est.
2331 550 2454 587 Quidam
2473 551 2535 582 scri.

1436 593 1506 621 bunt
1516 590 1727 620 lnternecivum.

1418 630 1532 673 Locati,
1554 627 1607 671 sive
1621 627 1661 657 Ex
1678 626 1789 663 locato,
1809 626 1848 656 est
1866 627 1938 656 adio
1958 626 1987 654 in
2008 624 2171 663 personam,
2191 635 2241 663 per
2255 635 2355 663 quam,
2377 626 2424 664 qui
2440 636 2536 664 quem-

1437 677 1512 711 piam
1524 665 1568 694 vel
1583 676 1610 694 in
1632 665 1734 703 praedio
1752 665 1872 694 colendo
1885 688 1892 700 ,
1914 664 1955 692 vel
1972 664 2001 691 in
2015 673 2099 701 opere
2116 663 2245 692 faciendo
2256 664 2374 699 locavit,
2397 674 2428 693 ea
2439 687 2446 699 ,
2475 675 2535 702 quae

1437 716 1467 772 {n
1477 703 1668 770 con{rziheiicg:o
1682 709 1873 770 ‹ionvenerunt
1888 725 1895 738 ,
1916 702 1996 731 illum
2021 710 2056 731 ex
2079 710 2157 738 aequo
2172 704 2198 732 ἃ
2221 701 2296 731 borio
2314 702 2439 740 praestare
2450 703 2535 740 cogit.

1450 751 1607 778 ,2.υ17.
1660 765 1665 771 .
1699 750 1769 771 ocat.

1419 780 1546 812 Mandati
1556 780 1675 823 direeta,
1697 780 1736 811 est
1749 780 1820 809 ae'tio
1830 780 1860 808 iri
1868 777 2013 816 personam
2027 798 2035 811 ,
2056 786 2107 814 per
2123 787 2204 813 quam
2219 777 2357 815 quialicui
2374 778 2538 811 mandatum

1439 818 1535 852 dedit,
1557 825 1651 860 quanti
1665 817 1711 846 sua
1720 817 1847 851 interest,
1876 816 1912 845 ob
1926 816 1955 845 id
1966 815 2042 852 quod
2052 813 2119 843 alter
2127 815 2170 844 vel
2183 825 2239 844 non
2247 816 2386 851 confecit,
2414 816 2459 846 vel
2479 827 2539 849 non

1439 855 1600 893 tempestive
1614 856 1805 890 renunciavit,
1827 855 1860 884 ab
1872 854 1930 891 ipso
1945 853 2071 891 postulat.
2094 851 2111 881 l.
2124 862 2147 881 2.
2172 854 2193 890 §.
2214 864 2250 883 ³1.
2273 855 2298 883 Sc
2316 854 2333 883 l.
2353 863 2396 891 27.
2419 854 2440 891 §.
2454 864 2480 883 2.
2502 855 2537 885 D.

1439 894 1567 924 Mandat.
1606 894 1748 922 Contraria
1762 900 1855 922 autem
1864 893 1920 927 est,
1942 900 2083 929 perquam
2097 912 2105 923 ,
2127 900 2173 927 qui
2191 890 2303 920 alterius
2320 891 2484 921 mandatum
2498 892 2539 923 su·
2573 903 2575 905 ’

1439 932 1526 975 scepit
1535 953 1542 965 ,
1563 932 1638 968 quod
1650 932 1720 974 ineo
1732 930 1907 960 conficiendo
1924 929 2012 958 desuo
2021 928 2160 966 impendit
2171 950 2178 964 ,
2199 929 2232 958 ab
2244 929 2330 959 altero
2340 929 2470 967 postulat.
2486 937 2538 961 tot.

1441 977 1483 999 tit.
1499 969 1523 998 D
1547 969 1674 1012 mundati
1689 991 1697 1003 ,
1719 969 1762 997 vel
1777 977 1880 998 contra.
1903 967 2021 1003 Quintil.
2034 966 2052 995 l.
2066 975 2091 1003 7.
2102 976 2125 995 c.
2138 979 2164 1002 4.

1422 1009 1570 1047 Negatoria
1579 1007 1625 1041 est,
1637 1017 1686 1045 per
1696 1017 1776 1043 quain
1789 1008 1863 1036 aster
1873 1012 1955 1042 negat
1964 1004 2115 1034 adversario
2127 1005 2155 1033 id
2163 1003 2256 1041 licere,
2266 1005 2342 1043 quod
2349 1005 2398 1034 nisi
2407 1005 2455 1034 sibi
2463 1006 2541 1037 servi.

1442 1052 1486 1075 tus
1498 1046 1663 1079 deberetur,
1687 1045 1713 1074 ei
1726 1044 1830 1074 liceret.
1852 1044 1922 1081 lmp.
1940 1045 1993 1080 §.2.
2017 1042 2078 1072 lnst.
2098 1042 2134 1071 de
2146 1044 2197 1072 aet.

1423 1084 1611 1120 Negotiorum
1626 1083 1761 1120 gestorum
1772 1105 1780 1117 ,
1796 1083 1834 1112 est
1843 1082 1914 1111 actio
1929 1083 1957 1109 in
1968 1080 2112 1118 personam
2122 1103 2130 1115 ,
2152 1091 2205 1118 qua
2212 1081 2259 1118 qui
2270 1080 2382 1110 alterius
2395 1082 2543 1118 negotium
2576 1102 2578 1107 ν
2598 1083 2600 1113 ξ

1442 1122 1499 1151 sine
1516 1121 1665 1163 mandato,
1689 1131 1720 1150 ac
1728 1120 1775 1150 sua
1785 1120 1882 1158 sponte
1894 1119 1970 1156 gessit
1985 1141 1992 1153 ,
2022 1119 2156 1156 quicquid
2165 1129 2198 1148 eo
2210 1119 2325 1148 nomine
2340 1119 2381 1148 illi
2394 1119 2439 1149 vel
2451 1119 2539 1157 abest,

1442 1159 1487 1190 vel
1495 1159 1654 1202 abfuturum
1665 1158 1720 1202 est:
1742 1159 1883 1188 adomino
1900 1157 2017 1195 repetit,
2037 1156 2257 1194 vicissiniqueilli
2271 1158 2347 1186 actus
2357 1156 2543 1192 suirationem
2564 1162 2565 1165 ’

1442 1197 1575 1241 probare,
1602 1198 1656 1226 &11
1667 1197 1750 1234 quid,
1774 1196 1818 1225 vel
1828 1206 1885 1225 non
1896 1201 1928 1224 ut
1948 1195 2103 1232 oportuerit
2118 1195 2242 1232 gesserit,
2263 1194 2349 1224 velex
2359 1194 2403 1224 his
2421 1197 2543 1233 negotiis

1443 1242 1544 1279 retinet
1558 1257 1566 1270 ,
1588 1235 1710 1272 praestare
1719 1235 1834 1272 cogitur.
1867 1234 1948 1263 Caius
1962 1233 1979 1262 l.
1993 1242 2018 1261 2.
2040 1233 2072 1262 D.
2087 1233 2123 1261 de
2131 1233 2201 1270 Neg.
2215 1233 2279 1269 gest.

1424 1273 1562 1316 Noxalis,
1582 1273 1620 1302 est
1635 1274 1706 1316 actio
1719 1274 1747 1301 in
1757 1272 1915 1310 personam,
1934 1281 1983 1309 per
1995 1280 2077 1307 quam
2087 1271 2109 1299 is
2123 1271 2201 1306 cujus
2209 1271 2299 1301 servus
2309 1280 2413 1300 noxam
2422 1271 2543 1309 aliquam

1443 1311 1599 1345 commisit,
1612 1317 1669 1354 *aut
1683 1311 1739 1340 litis
1760 1310 1968 1340 aestimationem
1976 1308 2086 1338 sutierre
2102 1330 2111 1343 ,
2132 1315 2180 1338 aut
2193 1309 2284 1347 ipsum
2301 1309 2448 1339 hominem
2460 1319 2544 1341 noxae

1444 1350 1546 1393 dedere
1557 1357 1673 1386 cogitur.
1695 1349 1764 1387 Imp.
1776 1349 1817 1377 tit.
1833 1349 1868 1376 de
1880 1357 1962 1376 noxa.
1984 1347 2065 1376 acuo.
2086 1346 2150 1376 Inst.

1424 1387 1541 1419 Noxalis
1549 1387 1584 1416 de
1599 1387 1730 1430 pauperie
1741 1409 1748 1422 ,
1775 1386 1813 1416 est
1822 1387 1894 1415 agn-0
1904 1386 1933 1414 in
1943 1384 2087 1423 personam
2096 1407 2104 1419 ,
2126 1394 2175 1422 per
2183 1395 2264 1422 quam
2272 1386 2295 1415 is
2306 1408 2315 1421 ,
2336 1386 2416 1421 cuius
2424 1379 2549 1423 quadru-⁴

1444 1436 1509 1469 pes,
1530 1435 1590 1463 quae
1601 1426 1726 1454 eicurum
1736 1434 1852 1454 numero
1874 1424 1923 1459 sit,
1944 1423 2026 1452 alicui
2039 1423 2173 1452 damnum
2195 1424 2321 1459 dederit,
2340 1429 2389 1453 aut
2399 1423 2457 1453 litis
2478 1425 2546 1454 aesti-

1443 1470 1597 1532 rfflatisonein
1607 1463 1746 1530 graestaoe’
1766 1469 1814 1492 aut
1824 1462 1911 1501 ipsam
1920 1461 2131 1499 quadrupedem
2141 1471 2222 1492 noxae
2230 1461 2333 1492 dedere
2342 1462 2459 1500 cogitur.
2480 1462 2500 1493 1.
2517 1472 2544 1493 1.

1473 1526 1478 1531 .
1523 1513 1532 1530 i
1554 1511 1607 1539 qua
1629 1511 1719 1539 rupes.

1425 1540 1527 1570 Oneris
1549 1539 1645 1575 aversi,
1666 1547 1723 1568 erat
1740 1539 1813 1568 actio
1835 1538 1864 1567 in
1875 1537 2036 1576 personam,
2057 1547 2118 1574 quae
2133 1537 2261 1568 adversus
2284 1544 2397 1568 nautam
2418 1538 2562 1569 intended
2600 1537 2604 1549 ³

1445 1578 1536 1613 batur,
1559 1578 1637 1615 cujus
1655 1578 1685 1606 in
1705 1586 1774 1606 nave
1792 1586 1863 1606 onus
1883 1577 1936 1612 (id
1958 1576 2015 1611 est,
2035 1575 2140 1606 sarcina
2162 1576 2275 1614 aliqua)
2295 1576 2476 1606 interversum
2511 1584 2545 1607 ac

1443 1615 1596 1658 surreptum
1607 1615 1680 1644 eiset.
1710 1615 1796 1644 Alfen.
1806 1614 1823 1643 l.
1837 1624 1879 1651 31.
1902 1614 1936 1644 D.
1958 1613 2052 1644 Locat.
2482 1598 2493 1613 ²

1424 1653 1555 1684 Pauliana
1571 1676 1578 1689 ,
1600 1654 1638 1697 est
1649 1663 1701 1697 qua
1716 1652 1836 1696 creditor
1848 1675 1855 1686 ,
1876 1652 1921 1681 cui
1931 1652 2071 1681 bonorum
2081 1651 2216 1682 debitoris
2230 1650 2490 1690 damnatipoffessio
2500 1651 2549 1682 da«

1445 1699 1473 1721 ta
1481 1692 1519 1734 est
1527 1715 1534 1727 ,
1558 1691 1574 1720 si
1588 1692 1655 1734 quid
1665 1701 1693 1719 in
1705 1691 1779 1721 lnam
1792 1690 1917 1719 fraudem
1928 1689 2080 1719 alienatum
2091 1689 2145 1719 effe
2155 1691 2309 1720 contendat
2320 1713 2328 1725 ,
2350 1690 2476 1720 adversus
2485 1690 2547 1728 poss

1445 1730 1573 1759 sessorem
1583 1736 1668 1772 utitur
1683 1751 1691 1763 ,
1713 1736 1742 1758 ut
1752 1729 1769 1758 si
1783 1728 1897 1766 planum
1908 1729 1990 1757 faciat
2001 1738 2059 1757 rem
2074 1729 2103 1757 iri
2120 1728 2195 1757 suam
2206 1729 2335 1758 fraudem
2347 1728 2497 1758 alienatam
2508 1727 2547 1759 ᾧ

1445 1768 1486 1803 se,
1502 1767 1667 1810 adverRu-ius
1684 1767 1719 1796 de
1754 1766 1897 1796 ofsessione
1907 1765 2033 1795 decedat.
2055 1765 2129 1796 Paul.
2142 1766 2160 1795 l.
2175 1772 2218 1802 38.
2239 1767 2260 1805 §.
2275 1777 2298 1804 3.
2323 1766 2358 1796 D.
2370 1767 2405 1796 de
2415 1765 2488 1796 usur.

1425 1804 1636 1850 Perduellionis.
1676 1804 1707 1834 V.
1743 1805 1876 1834 ntendere
1895 1805 2052 1839 actionem,
2074 1804 2153 1834 infra.

1426 1843 1605 1881 Pigneratitia
1615 1851 1626 1879 g
1638 1848 1671 1887 ut
1684 1852 1718 1886 ex
1730 1843 1805 1873 verbi
1825 1843 1969 1872 notatione
1987 1841 2151 1879 intelligitur
2163 1843 2174 1876 )
2195 1842 2268 1871 affiio
2281 1842 2319 1871 est
2332 1842 2367 1871 ad
2379 1843 2480 1880 pignus
2487 1851 2547 1880 pen·

1445 1882 1618 1919 sequendum
1637 1881 1767 1911 instituta.
1816 1880 1967 1918 Usurpatur
1980 1881 2147 1918 autproprie
2161 1880 2197 1910 de
2215 1890 2262 1915 ea,
2284 1890 2345 1917 quae
2362 1881 2481 1910 debitori
2500 1881 2549 1910 ad-

1446 1920 1536 1950 versus
1545 1920 1710 1949 creditorem
1721 1941 1728 1953 ,
1750 1920 1797 1949 cui
1809 1918 1853 1947 sua
1864 1919 1984 1956 pecunia
1996 1918 2082 1947 soluta
2098 1919 2136 1947 est
2146 1940 2154 1953 ,
2176 1919 2324 1956 repetendi
2334 1918 2458 1956 pigrioris
2470 1917 2549 1949 causa
2599 1931 2602 1940 ¹

1446 1958 1620 1992 conceditur,
1642 1958 1734 1995 itaque
1745 1957 1860 1986 sumitur
1871 1956 1919 1986 sub
1931 1957 1974 1985 tit.
1986 1957 2021 1985 de
2035 1957 2140 1994 Pigner.
2151 1958 2202 1986 at‘t.
2216 1957 2263 1986 lib.
2276 1956 2309 1986 D.
2329 1965 2371 1991 13.
2395 1957 2550 1995 improprie

1447 2005 1513 2039 vero
1523 2018 1530 2031 ,
1552 2006 1602 2034 pro
1617 1995 1823 2039 Hypothecaria
1832 1994 1976 2033 usurpatur
1987 2016 1996 2031 ,
2017 2001 2048 2024 ut
2057 1995 2132 2033 apud
2141 1994 2261 2025 Modest.
2278 1994 2336 2024 inl.
2347 1993 2449 2024 Titius.
2464 2005 2489 2031 9.
2510 1994 2549 2026 D.

1448 2034 1534 2070 Qiib.
1547 2034 1623 2063 mod.
1638 2043 1692 2071 pig.
1709 2033 1751 2063 vel
1766 2033 1887 2071 Hypoth.

1428 2069 1561 2102 Poenaiiae
1576 2073 1699 2101 actiones
1710 2072 1840 2100 dicuntur
1850 2081 1865 2099 a
1875 2070 1960 2100 Fabio
1973 2093 1981 2105 ,
2003 2080 2064 2107 quae
2073 2080 2088 2099 a
2103 2069 2310 2106 jurisconsultis
2319 2070 2403 2108 vulgo
2411 2069 2549 2106 Poenales,

1449 2110 1550 2147 quibus
1564 2119 1677 2147 posnani
1688 2108 1858 2139 commistam
1868 2108 2058 2147 persequimur
2069 2130 2078 2144 ,
2099 2115 2130 2137 ut
2138 2108 2224 2144 Furti,
2238 2109 2343 2147 rapinae
2354 2131 2364 2144 ‚
2384 2108 2453 2146 legis
2466 2107 2553 2146 Aqui·
2599 2126 2600 2135 i

1447 2147 1500 2177 liae.
1522 2148 1588 2177 Fab.
1605 2147 1653 2176 lib.
1665 2160 1690 2183 4.
1705 2157 1764 2185 cap.
1779 2157 1803 2183 3.

1427 2185 1594 2224 Populai-em
1608 2186 1746 2215 actionem
1757 2185 1876 2214 dicimus
1887 2207 1895 2221 ,
1918 2194 1979 2222 quae
1986 2184 2066 2214 suum
2077 2184 2121 2221 jus
2134 2183 2242 2223 populo
2259 2190 2362 2220 tuetur,
2381 2184 2475 2222 inquit
2483 2184 2548 2214 Pau-
2598 2195 2600 2211 ι

1449 2223 1492 2254 lus
1504 2225 1533 2253 in
1544 2224 1562 2253 l.
1578 2234 1600 2253 1.
1616 2224 1650 2253 D.
1670 2223 1815 2267 dePopul.
1833 2225 1885 2252 act.

1428 2260 1482 2292 Pro
1498 2262 1572 2292 socio
1582 2285 1591 2298 ,
1612 2262 1650 2291 est
1660 2263 1732 2291 aeno
1743 2262 1773 2290 in
1784 2260 1930 2299 personam
1942 2282 1950 2295 ,
1971 2269 2022 2297 per
2039 2270 2122 2297 quam
2136 2282 2145 2296 ,
2166 2261 2281 2298 quinon
2291 2260 2403 2290 fortuna
2416 2282 2424 2296 ,
2444 2260 2492 2290 sed
2502 2270 2550 2290 vo-

1448 2300 1555 2330 luntate
1577 2310 1619 2329 res
1630 2309 1793 2330 communes
1808 2298 1931 2333 habent,
1954 2298 2092 2335 dirempta
2111 2300 2312 2328 communione
2323 2321 2331 2334 ,
2355 2298 2430 2334 quod
2448 2308 2483 2328 ex
2500 2299 2550 2328 do-

1448 2337 1504 2405 ID),
1526 2338 1643 2406 culpave
1666 2339 1738 2367 inter
1754 2337 1781 2366 se
1806 2337 1931 2371 debent,
1959 2337 2097 2374 postulare
2116 2336 2237 2374 possunt.
2267 2337 2285 2366 l.
2312 2345 2355 2374 31.
2378 2338 2405 2366 St
2423 2335 2546 2374 sequent.

1478 2399 1484 2405 .
1506 2386 1556 2414 pro
1590 2387 1632 2406 oe.

1429 2413 1592 2444 Publiciana
1610 2413 1715 2452 duplex
1730 2413 1785 2448 est,
1808 2414 1834 2443 &
1845 2412 1931 2442 altera
1945 2411 2024 2441 alteri
2041 2422 2076 2441 ex
2086 2411 2198 2441 adverso
2210 2411 2367 2450 respondet.
2407 2412 2482 2442 Prior
2500 2411 2550 2448 est,

1451 2462 1505 2489 qua
1517 2462 1712 2496 recuperamus
1726 2462 1784 2481 rem
1798 2473 1806 2486 ,
1827 2451 1895 2487 justa
1909 2460 1943 2479 ex
1963 2450 2052 2479 cauffa
2063 2450 2224 2487 aliquandiu
2238 2461 2253 2479 a
2270 2450 2350 2479 nobis
2368 2448 2510 2488 poffeffam
2522 2451 2550 2480 &

1450 2496 1515 2534 ante
1533 2492 1731 2529 usucapionem
1741 2488 1863 2518 :imiffain
1873 2511 1881 2524 ,
1902 2495 2033 2525 tanquam
2044 2488 2061 2516 fi
2072 2498 2128 2517 eaa
2140 2487 2222 2517 nobis
2235 2487 2366 2525 usucapta
2384 2487 2459 2517 esset.
2501 2487 2550 2518 Po.

1449 2528 1543 2558 sterior
1562 2529 1617 2564 est,
1639 2539 1692 2566 qua
1700 2536 1894 2565 recuperamus
1910 2536 1967 2555 rem
1979 2525 2012 2555 ab
2024 2525 2078 2555 alio
2090 2525 2201 2555 absente
2212 2525 2373 2563 usucaptam
2384 2547 2393 2561 ,
2418 2526 2555 2563 tanquan?

1450 2566 1469 2595 si
1485 2566 1617 2604 usucapta
1628 2565 1778 2595 noneffet.
1802 2565 1823 2603 §.
1845 2574 1964 2601 nanque.
1986 2565 2012 2593 &
2027 2565 2049 2602 §.
2069 2563 2125 2601 seq.
2147 2563 2233 2593 Instit.
2256 2565 2290 2593 de
2302 2564 2463 2594 aetionibd.
2478 2574 2501 2594 1.
2522 2564 2550 2593 δε

1451 2604 1556 2648 passini.
1579 2604 1612 2634 D.
1625 2605 1660 2633 de
1670 2603 1774 2642 public.
1786 2603 1816 2631 in
1825 2612 1891 2631 rem.
1905 2603 1955 2631 aet.

1432 2642 1521 2686 Quod
1539 2642 1610 2678 jussu
1630 2642 1743 2679 (inquit
1760 2640 1963 2678 Theophilus)
1983 2639 2021 2668 est
2040 2649 2094 2676 qua
2110 2639 2145 2668 de
2156 2639 2275 2677 negotiis
2294 2648 2360 2668 cuin
2379 2639 2457 2669 servo
2471 2637 2551 2677 gestis

1452 2688 1549 2717 agitur.
1572 2681 1595 2718 §.
1621 2690 1644 2710 1.
1662 2680 1724 2709 lnst.
1747 2679 1832 2715 Quod
1846 2688 1911 2707 cuni
1922 2687 1956 2706 eo
1971 2677 2062 2714 quiin
2077 2676 2158 2706 alien.

1433 2717 1521 2755 Quod
1532 2726 1623 2747 metus
1633 2717 1712 2747 causa
1725 2740 1732 2752 ,
1754 2717 1792 2746 est
1802 2717 1832 2745 in
1850 2715 1995 2754 personam
2005 2737 2013 2750 ,
2033 2725 2083 2752 per
2094 2724 2176 2752 quani
2190 2715 2213 2744 is
2226 2736 2234 2750 ,
2256 2725 2271 2743 a
2283 2724 2338 2752 quo
2355 2724 2405 2752 per
2418 2715 2474 2743 vim
2483 2737 2491 2750 ,
2505 2712 2554 2744 vel

1452 2764 1613 2788 metumres
1627 2763 1735 2785 extorta
1744 2755 1781 2784 est
1793 2776 1801 2789 ,
1823 2753 2010 2791 quadruplum
2025 2753 2058 2782 ab
2076 2763 2110 2782 eo
2126 2754 2243 2790 quirem
2255 2759 2392 2782 extortam
2411 2752 2550 2790 poffidet,

1453 2793 1637 2837 consequitur.
1661 2795 1681 2831 §.
1699 2797 1744 2823 26.
1767 2792 1828 2822 lnst.
1842 2792 1877 2820 de
1886 2792 1986 2820 aetion.

1432 2829 1485 2861 Rei
1498 2833 1601 2875 unoriae
1612 2854 1619 2867 ,
1640 2838 1698 2861 erat
1713 2831 1780 2861 olim
1788 2831 1859 2859 aetio
1879 2830 1908 2857 in
1926 2838 2000 2863 reni,
2021 2838 2070 2866 per
2085 2837 2167 2866 quam
2177 2837 2247 2859 uxor
2256 2828 2352 2857 dotem
2371 2827 2446 2857 suam
2459 2826 2550 2857 soluto

1451 2871 1630 2899 matrimonio
1650 2869 1802 2907 repetebat.
1844 2867 1936 2897 Hodie
1960 2876 2025 2895 vero
2046 2867 2074 2894 in
2085 2868 2225 2896 ac'tionein
2240 2875 2275 2896 ex
2284 2865 2413 2904 stipulatu
2432 2866 2550 2895 omnino

1450 2908 1583 2937 transfusi
1602 2908 1648 2938 est.
1671 2907 1688 2937 l.
1703 2908 1778 2937 unic.
1800 2905 1830 2935 C.
1848 2906 1883 2934 de
1895 2905 1932 2933 rei
1947 2914 2024 2933 uxor.
2035 2906 2086 2933 act.

1431 2943 1592 2989 Resciilbria
1604 2968 1611 2979 ,
1632 2946 1670 2975 est
1688 2946 1716 2974 in
1729 2955 1787 2974 rem
1804 2944 1875 2973 acuo
1890 2965 1898 2977 ,
1920 2952 2001 2979 quam
2019 2942 2117 2971 l'rtetor
2127 2942 2154 2971 ei
2165 2964 2174 2977 ,
2205 2941 2284 2977 cujus
2296 2951 2354 2970 rem
2366 2940 2549 2976 adversarius,

1452 2984 1519 3027 dum
1531 2993 1564 3012 ex
1576 2982 1859 3019 iiilticaussiabeffet,
1882 2980 2009 3017 usucepit
2026 3002 2033 3013 ,
2054 2980 2159 3009 resciffii
2169 2990 2219 3018 pro
2237 2980 2374 3017 imperio,
2397 2982 2423 3009 ἃς
2439 2988 2491 3017 pro
2508 2979 2551 3008 ni·

1451 3021 1510 3050 hilo
1526 3022 1617 3051 habitu
1629 3022 1815 3058 usucapione,
1837 3018 1976 3048 concedit.
2011 3018 2031 3052 Q.
2048 3027 2071 3052 ς.
2092 3018 2154 3047 Inst.
2178 3018 2214 3047 de
2225 3018 2326 3047 aetion.

1430 3058 1606 3103 Revo'ciinda:
1627 3059 1773 3088 donationi
1796 3058 1917 3091 dicitur,
1940 3066 2003 3097 qua⁴
2013 3056 2101 3085 utitur
2121 3057 2143 3085 is
2159 3078 2166 3090 ,
2188 3056 2235 3093 qui
2255 3065 2313 3084 rem
2331 3055 2490 3092 quampiam
2502 3052 2573 3085 do-lt
2602 3058 2604 3082 ἰ

1450 3105 1528 3126 navit
1538 3120 1545 3131 ,
1565 3098 1692 3127 adversus
1703 3107 1766 3127 eum
1777 3097 1823 3126 cui
1832 3095 1946 3124 donavit
1957 3116 1965 3129 ,
1989 3096 2006 3122 11
2016 3103 2080 3123 eum
2092 3094 2228 3131 ingratum
2239 3093 2406 3131 probaverit.
2426 3092 2444 3122 l.
2455 3092 2504 3123 ult.
2515 3088 2549 3122 (Υ.

1452 3136 1487 3164 de
1499 3146 1590 3165 revoc.
1603 3136 1703 3164 Donat.

1432 3174 1560 3204 Serviaua
1573 3174 1611 3202 est
1622 3196 1630 3208 ,
1652 3183 1701 3211 pei·
1720 3181 1800 3210 quani
1825 3170 1956 3199 dominus
1977 3169 2075 3205 pra‘dii
2087 3190 2095 3204 ,
2114 3170 2173 3202 eius
2184 3168 2221 3197 rei
2237 3178 2319 3205 quam
2334 3168 2359 3197 ei
2371 3167 2488 3198 colonus
2499 3174 2551 3205 pro

1451 3212 1626 3240 mercedibus
1648 3209 1840 3248 oppigneravit
1851 3230 1858 3241 ,
1879 3207 2090 3245 poisellioriem,
2112 3206 2189 3236 abeo
2203 3207 2250 3244 qui
2266 3216 2327 3235 eam
2343 3213 2438 3242 tenet,
2455 3204 2550 3236 vendi-

1452 3256 1505 3278 cat.
1529 3250 1590 3287 Pap.
1602 3250 1630 3277 iii
1640 3248 1656 3277 l.
1670 3253 1713 3277 66.
1737 3247 1770 3276 D.
1781 3247 1815 3275 de
1826 3245 1909 3275 Evict.

1432 3287 1509 3330 Servi
1523 3287 1644 3331 corrupti
1657 3285 1791 3323 competit
1803 3285 1830 3312 iii
1841 3294 1921 3318 euni,
1943 3285 2022 3318 cuius
2033 3283 2160 3317 hortatu,
2183 3281 2332 3311 consiliove
2344 3280 2435 3310 servus
2444 3281 2550 3311 alienus

1450 3325 1569 3361 sugerit,
1590 3331 1740 3354 contumax
1751 3323 1837 3352 sactus
1856 3322 1926 3356 erit,
1946 3321 2084 3350 luxuriose
2105 3321 2196 3349 vivere
2211 3320 2345 3357 coeperit,
2365 3327 2412 3348 aut
2429 3319 2550 3355 denique

1452 3362 1668 3400 quolibetiiiodo
1677 3361 1797 3390 deterior
1810 3360 1896 3388 fati-iis
1907 3361 1967 3388 erit.
1994 3360 2123 3397 [inperat.
2134 3358 2154 3396 ξ.
2171 3368 2213 3387 21.
2232 3357 2315 3387 instit.
2328 3358 2363 3386 de
2378 3356 2510 3386 astionib.

1433 3400 1633 3437 Sequestrariii,
1654 3400 1691 3429 est
1703 3400 1774 3428 aetio
1786 3399 1814 3426 in
1823 3397 1980 3434 periurium,
2009 3407 2090 3434 quam
2108 3397 2130 3425 is
2149 3396 2195 3431 qui
2212 3393 2550 3432 remuliquamlitigiosum

1452 3439 1527 3476 apud
1535 3437 1700 3513 seqiliestfuigi
1712 3436 1849 3504 deissisulit,
1859 3445 1931 3500 lcalm,
1944 3434 2059 3472 impleta
2068 3433 2248 3472 depositionis
2259 3433 2432 3467 conditione,
2447 3432 2481 3461 ab
2491 3427 2549 3469 ipso

1454 3483 1562 3514 repetit.
1598 3499 1604 3505 .
1627 3487 1651 3509 o.
1689 3485 1735 3505 .2.
1785 3482 1906 3502 .(e‹o.

1433 3513 1595 3544 Subsidiaria
1605 3514 1643 3543 est
1651 3523 1683 3542 ea
1698 3523 1757 3550 quie
1766 3517 1862 3540 contra
1871 3510 2056 3546 magistratum
2067 3509 2188 3538 instituta
2199 3508 2253 3542 est,
2278 3507 2325 3545 qui
2339 3513 2387 3536 aut
2404 3506 2517 3536 omnino
2533 3513 2549 3535 a
2596 3497 2598 3514 Γ

1451 3551 1599 3586 tutoribus,
1618 3551 1663 3580 vel
1680 3548 1851 3580 curatoribus
1868 3547 1987 3576 fiitisilari
2003 3557 2060 3576 non
2076 3547 2182 3576 curavit
2193 3568 2202 3582 ,
2225 3552 2273 3575 aut
2283 3545 2450 3575 nonidonee
2460 3542 2549 3582 parisus
2596 3537 2597 3566 l

1453 3590 1491 3632 eit
1503 3590 1600 3618 caveri.
1624 3589 1640 3617 l.
1656 3600 1678 3617 1.
1703 3591 1728 3618 Sc
1741 3599 1765 3622 4.
1783 3587 1813 3616 C.
1832 3586 1867 3614 de
1878 3585 1982 3622 Magist.
1999 3595 2117 3614 conven.

1432 3626 1593 3657 Tributoria
1608 3649 1616 3660 ,
1637 3627 1675 3656 est
1689 3627 1761 3656 :ictio
1774 3625 1803 3654 in
1824 3623 1966 3662 personam
1979 3645 1986 3657 ,
2008 3633 2057 3661 per
2079 3631 2162 3659 quam
2181 3622 2204 3650 is
2218 3621 2296 3655 cuius
2312 3618 2439 3649 serviisin
2459 3619 2549 3647 merce

1454 3665 1587 3702 peculiari
1596 3664 1698 3693 sciente
1707 3664 1823 3693 domino
1838 3662 1993 3694 negotiatus
2003 3661 2141 3690 contraxit
2155 3682 2164 3693 ,
2184 3659 2213 3688 in
2221 3659 2355 3688 tributum
2366 3680 2375 3692 ,
2396 3658 2425 3686 id
2444 3656 2496 3690 est,
2517 3660 2548 3683 iit

1451 3711 1557 3768 {perges
1571 3702 1740 3739 aequabiliter
1747 3698 1928 3730 creditoribus
1943 3698 2085 3728 distribuat
2100 3720 2109 3734 ,
2128 3703 2250 3727 vocatur.
2273 3696 2291 3726 l.
2314 3707 2336 3725 i.
2359 3697 2444 3726 &tot
2459 3694 2501 3723 tit.
2512 3692 2548 3722 de

1480 3750 1501 3768 ri
1523 3746 1561 3769 ut.

1431 3776 1541 3807 Tutela?
1552 3799 1560 3812 ,
1582 3777 1768 3807 &rationibus
1782 3773 1965 3804 distrahendis
1976 3795 1984 3806 ,
2005 3774 2043 3803 est
2059 3783 2119 3811 quae
2128 3771 2254 3802 adversus
2262 3777 2382 3801 tutorem
2393 3770 2421 3799 iii
2432 3767 2547 3806 duplum

1453 3815 1548 3850 datur,
1563 3816 1609 3852 qui
1621 3815 1720 3854 pupilli
1731 3814 1878 3852 pecuniam
1890 3812 2054 3848 intercepit,
2076 3810 2199 3844 abstulit,
2221 3811 2324 3838 furatus
2332 3809 2377 3838 est.
2399 3808 2417 3836 l.
2434 3813 2488 3836 tres
2505 3811 2550 3834 tu-

1452 3857 1534 3894 tores.
1559 3864 1600 3887 ςς.
1627 3854 1660 3883 D.
1683 3850 1864 3882 deadminist.
1883 3855 1964 3878 tutor.
1987 3848 2107 3885 Quintil.
2120 3849 2208 3886 l.7.c.
2221 3859 2247 3882 4.

1432 3889 1598 3927 vectigalis,
1619 3891 1658 3921 est
1668 3891 1740 3921 aetio
1757 3891 1790 3919 in
1806 3897 1882 3924 rem,
1903 3896 1957 3924 qua
1974 3888 2060 3917 utitur
2078 3887 2102 3917 is
2118 3887 2166 3924 qui
2179 3883 2342 3923 vectigalem
2356 3882 2475 3949 fundura
2484 3888 2548 3922 cori·

2477 3922 2546 3956 mut,
