2600 4177
491 96 520 131 C
610 98 640 133 R
730 98 757 132 E

115 173 324 206 similitudinem
338 177 430 207 nescio
445 188 527 215 quam
546 178 688 207 consefias
706 178 833 207 lucernas
848 176 964 214 intelligi
979 176 1116 207 voluisset.
1157 174 1238 205 Forte

116 213 301 243 Grrintiiculas
317 215 440 251 scripsit,
468 215 553 244 verbo
569 216 695 245 Plautino
707 237 715 250 ‚
737 218 762 245 ὁὶ
783 215 819 244 ad
840 225 898 244 rem
916 215 1066 251 subjectam
1081 221 1156 245 certe
1176 223 1240 251 per-

118 260 198 284 quam
215 253 435 281 accommodato.

84 286 128 315 Cr.
142 291 316 322 Ᾱίΐτινς,
338 300 367 319 a.
390 299 446 318 um.
470 289 527 322 Adi.
551 295 599 324 ut,
621 289 728 319 Cratitii
755 290 892 326 parietes,
913 290 969 325 Qui
991 290 1111 319 cratibus
1133 287 1238 317 insertis

121 323 245 358 fiebant.
266 326 311 355 seu
326 326 453 355 asseribus
465 327 592 359 arreclis,
614 326 816 363 transversisque
835 328 864 356 in
885 328 1001 357 modum
1015 328 1112 357 cratis:
1134 335 1238 354 vocan-

121 369 221 398 turque
233 363 286 391 alio
302 363 415 392 nomine
429 363 590 400 lntergerini
602 386 609 399 ,
631 371 662 393 ut
671 367 754 394 etiam
765 365 855 394 Festus
867 365 1000 394 ostendit:
1024 364 1099 402 quod
1111 362 1240 405 videlicet

123 400 281 429 vicinorum
302 400 445 430 coenacula
464 401 505 430 his
525 402 726 432 dirimerentur.
769 403 872 433 Vitruv.
885 402 933 432 lib.
949 412 974 431 2.
991 408 1017 436 8.
1030 408 1099 432 extr.
1134 400 1241 429 Cratitii

124 445 190 466 vero
204 439 319 475 parietes
329 437 411 466 velim
423 439 537 475 quidem
557 449 591 468 ne
611 441 717 470 inventi
737 440 839 475 essent,
861 448 993 476 quantum
1010 440 1086 469 enim
1101 438 1242 468 celeritate

126 474 219 504 &loci
238 475 397 503 laxamento
419 476 551 513 prosunt,
571 484 651 506 tanto
672 478 770 514 majori
790 479 815 508 δι
830 479 974 507 communi
993 477 1055 506 sunt
1068 475 1217 506 calamitati
1230 495 1240 510 ‚

127 512 203 549 quod
217 512 390 541 adincendia
403 514 441 541 uti
454 513 553 548 fasces.
573 515 623 543 sint
633 516 729 553 parati.

89 547 137 577 ca
148 553 163 578 Ᾰ
174 558 238 577 Tro
249 570 257 581 ,
277 551 326 577 i‘re.
351 550 466 580 Occare.
509 551 577 581 Plin.
590 552 636 581 lib.
649 559 690 586 ιβ.
702 563 763 590 cap.
775 558 819 586 ²3·
842 551 1022 582 Utilissimum
1030 550 1107 580 simul
1119 550 1243 580 &herbae

127 595 202 614 arare
212 607 220 620 ‚
242 587 344 615 deinde
354 589 454 618 cratire
466 611 474 624 ,
494 589 583 620 serere
600 591 697 620 florem
709 600 743 619 ex
755 589 901 619 soenilibus
910 612 918 625 ,
939 598 1020 626 atque
1030 598 1064 617 ex
1077 588 1243 626 praesepibus

125 623 205 652 foeno
220 623 362 661 delapsum
384 625 508 664 spargere
529 628 622 664 prius,
643 637 723 665 quam
741 628 897 656 cratiantur.
935 627 1040 657 Cratire
1055 633 1156 661 vocat,
1176 626 1245 655 Ter-

127 670 185 689 ram
197 662 317 691 cratibus
327 663 355 691 in
367 663 509 701 pulverem
521 665 656 694 resolvere
667 687 674 699 ,
696 667 722 695 &
731 665 822 694 semen
833 665 938 701 jactum
948 665 1072 694 obruere.

89 696 136 726 Cn
147 708 164 741 a
177 708 195 726 Τ
206 708 266 729 His
276 722 283 733 ,
304 710 367 729 cum
386 711 405 729 ἰ’
417 711 435 730 i-1
450 701 566 739 aspirato
576 725 584 738 ,
606 700 744 738 [κρέθιε]
766 702 908 732 Herodoto
920 702 968 732 lib.
988 712 1010 731 1.
1027 701 1186 731 Achaeorum
1196 700 1247 729 flu-

126 744 204 770 Vffls.
226 747 241 766 a
256 747 311 774 quo
331 739 376 775 qui
391 739 420 767 in
441 739 517 770 ltalia
537 740 572 770 sic
594 741 826 778 cognominatur,
847 749 952 770 nomen
970 740 1089 778 accepit.
1128 738 1170 769 De
1191 746 1246 775 quo

125 773 211 803 Ovid.
234 786 272 808 ις.
297 775 361 805 Met.
378 786 438 812 μς.

220 813 328 842 Crathis
339 836 347 849 ,
369 816 394 843 δι
406 814 473 844 hinc
481 814 590 852 Sybaris
600 815 693 849 vestris
704 815 894 845 conterminus
907 815 961 845 oris

220 849 328 880 Electra
340 851 440 881 similes
450 852 556 882 faciunt
566 862 688 889 auroque
703 852 831 890 capillos.
933 853 1016 882 Hunc
1034 853 1060 882 δι
1080 850 1247 889 Lapidosum

127 886 183 916 esse
193 887 231 916 ait
248 897 270 924 3.
292 889 356 918 Fast.
373 895 434 924 58¹-
461 890 546 926 Hujus
557 890 634 920 fluvii
649 891 779 920 meminit
797 890 863 919 Plin.
877 899 902 926 3.
918 900 960 919 10.
983 890 1056 926 Hic,
1078 897 1108 919 ut
1121 890 1160 918 ait
1177 889 1248 918 Stra-

131 925 168 953 bo
183 925 230 955 lib.
243 929 267 955 6.
290 926 383 956 multis
395 927 521 958 medetur
533 927 656 965 morbis,
676 927 858 965 hominesque
867 929 896 957 in
907 937 940 958 eo
950 927 1024 958 lotos
1033 949 1042 964 ,
1062 927 1172 958 caesatie
1184 935 1248 956 can-

131 962 213 992 didos
229 965 254 993 8<
268 964 353 994 flavos
364 965 457 994 efficit.

92 999 349 1037 CRATicuLA,
373 1003 404 1032 V.
426 1012 580 1033 eRA'rizs.

94 1037 118 1067 C
127 1047 142 1065 ir
153 1039 169 1080 fi
180 1047 199 1066 *r
208 1041 222 1067 ῑ
231 1048 249 1066 Ν
262 1049 278 1067 υ
288 1049 315 1074 s,
335 1040 354 1069 i.
376 1050 413 1069 m.
436 1040 596 1078 [Κρατῖνος]
617 1040 787 1071 Atheniensis
798 1041 922 1071 comicus
935 1041 1055 1076 antiquae
1074 1038 1228 1071 Comoediae
1238 1059 1248 1075 ,

128 1084 175 1118 =vir
187 1075 323 1113 voluptati
339 1078 539 1115 deditissimus,
560 1088 764 1116 puerorumque
780 1086 896 1109 amator.
918 1078 1015 1109 docuit
1034 1078 1142 1107 fabulas
1163 1086 1207 1106 xx
1219 1087 1227 1105 1
1239 1097 1249 1112 ,

132 1113 200 1141 vicit
221 1123 266 1143 rx.
292 1116 394 1145 Aridior
405 1116 513 1146 suidas.
554 1116 643 1147 Locus
656 1117 747 1146 Suidae
766 1124 931 1154 corruptus.
952 1116 1056 1154 scripsit
1075 1116 1150 1145 enim
1165 1114 1252 1145 Fabu-

128 1148 172 1193 las
189 1160 234 1180 xx
246 1161 262 1180 x
274 1162 289 1181 v
299 1163 307 1181 1
319 1164 327 1181 1
339 1175 348 1188 ,
370 1159 416 1189 ut,
437 1153 511 1183 clare
526 1160 602 1192 patet
615 1165 649 1184 ex
664 1155 796 1184 Athenaeo
810 1176 819 1190 ,
840 1154 978 1192 Hesychio
990 1176 999 1190 ,
1019 1153 1132 1192 aliisque
1151 1153 1252 1183 Austo-

130 1187 216 1218 ribus.
238 1189 418 1226 Hujusetiani
429 1193 560 1221 meminit
572 1192 640 1222 Hor.
657 1203 679 1221 i.
696 1192 779 1230 Epist.
792 1202 837 1221 20.
851 1203 875 1222 1.

215 1226 303 1256 Prisco
317 1228 334 1256 si
346 1229 436 1259 credis
446 1251 453 1263 ‚
475 1229 613 1259 Maecenas
624 1229 707 1259 docte
717 1252 725 1265 ‚
747 1231 860 1259 Cratino
873 1239 880 1259 ε

213 1264 298 1295 Nulla
312 1266 422 1303 placere
430 1267 479 1296 diu
489 1288 497 1302 ‚
517 1277 571 1296 nec
581 1268 674 1296 vivere
684 1268 806 1298 carmina
814 1267 925 1306 possunt
933 1288 943 1304 ‚

215 1303 286 1339 Qua:
296 1303 450 1333 scribuntur
458 1314 535 1341 aquae
550 1305 705 1342 potoribus.

134 1339 235 1371 Fuit&
245 1341 312 1371 alter
324 1341 452 1371 Cratinus
462 1364 471 1376 ,
493 1342 575 1372 Poeta
592 1343 727 1377 comicus,
739 1343 784 1380 qui
801 1353 838 1372 vr
857 1342 976 1373 Fabulas
989 1341 1099 1380 scripsit.
1122 1341 1156 1373 V.
1173 1341 1255 1373 Athe-

153 1387 246 1408 naeum
258 1378 306 1409 lib.
319 1389 360 1415 14.
377 1381 429 1410 ἃς.
453 1379 573 1418 Hesych.
588 1380 694 1410 Polluc.
713 1383 739 1411 &
753 1380 831 1410 alios.

135 1415 232 1446 Fuit&
244 1416 370 1446 Cratinus
379 1418 492 1454 quidam
503 1418 594 1456 pictor
605 1440 613 1455 ,
636 1419 715 1456 cujus
724 1419 854 1449 meminit
869 1418 939 1449 Plin.
951 1416 999 1448 lib.
1013 1425 1059 1455 ῖς.
1075 1426 1137 1456 cap.
1154 1426 1198 1448 11.

138 1454 241 1484 Audax.
263 1454 330 1485 Pers.
346 1465 368 1484 1.
380 1456 435 1485 Sat.
449 1464 510 1492 123.

99 1492 266 1527 Caa'rio,
285 1495 335 1522 ire.
359 1492 388 1523 V.
411 1503 562 1524 castrus.

103 1530 127 1560 C
137 1539 151 1558 ir
161 1532 177 1558 Ᾰ
189 1539 208 1558 ·r
217 1540 226 1558 r
236 1539 250 1558 P
259 1540 274 1558 Ρ
283 1540 301 1559 υ
309 1539 322 1559 s
333 1552 341 1565 ‚
367 1531 386 1560 i.
408 1541 446 1561 m.
467 1531 651 1568 [Κςάπππυε]
671 1531 859 1569 Mitylenaeus,
881 1541 964 1568 quem
981 1531 1095 1561 Athenis
1106 1530 1257 1560 docentem

137 1567 245 1597 audivit
259 1567 401 1598 Ciceronis
416 1568 505 1599 filius:
528 1576 558 1599 ut
578 1570 616 1599 est
631 1571 660 1598 in
680 1570 819 1607 prooemio
840 1569 972 1599 librorum
1002 1570 1040 1598 De
1056 1569 1163 1598 officiis.
1204 1568 1258 1598 Hic

136 1603 299 1643 Pompeium
311 1606 370 1643 post
383 1606 560 1637 Pharsalicam
570 1617 691 1646 pugnam
702 1608 855 1644 fugientem
870 1608 946 1644 apud
965 1606 1122 1644 Mitylenen
1133 1628 1141 1641 ‚
1162 1615 1260 1636 occur-

137 1652 201 1673 rens
214 1643 287 1673 ultro
300 1644 402 1674 solatus
410 1645 449 1674 est
457 1645 547 1675 verbis
559 1645 761 1683 philosophicis
770 1667 779 1680 ,
800 1646 835 1675 ad
857 1645 988 1683 spemque
1005 1645 1131 1674 hortatus
1141 1665 1150 1679 ,
1170 1653 1259 1680 quum

137 1681 263 1718 quaedam
276 1682 311 1724 de
320 1683 497 1719 providentia
514 1682 676 1713 disseruisset
689 1705 698 1720 ,
719 1683 814 1720 resque
835 1683 973 1715 Romanas
996 1683 1110 1713 tandem
1129 1681 1186 1712 labi
1204 1680 1266 1712 esser

139 1719 246 1748 necesse
255 1720 410 1750 affirmaret.
434 1720 569 1750 Plutarch.
586 1722 614 1750 in
625 1721 766 1759 Pompeio}
944 1754 950 1761 ,

99 1755 204 1787 Caa‘r
215 1767 244 1786 is
255 1780 262 1791 ‚
284 1758 340 1787 sine
358 1757 524 1796 aspiratione
543 1757 680 1795 [Kgdm]
704 1759 797 1788 Africae
810 1759 927 1794 fluvius,
949 1768 964 1787 e
981 1757 1101 1796 Sicyone
1116 1757 1179 1787 lacu
1195 1766 1260 1795 pro-

137 1795 266 1863 lxlsuessfjn
278 1795 440 1832 Oceanum,
460 1797 540 1833 juxta
553 1807 635 1835 quem
649 1796 780 1827 nonnulli
803 1797 918 1826 fabulati
940 1796 1002 1826 sunt
1021 1796 1156 1826 eleclrum
1175 1794 1258 1826 nasci.

167 1856 173 1862 .
227 1843 265 1863 in.
279 1842 291 1868 ι
315 1856 322 1864 .
335 1843 368 1863 ca
391 1857 397 1863 .
408 1843 434 1864 2.

97 1870 148 1901 C‘s
157 1873 173 1900 ,ἶ
182 1880 202 1899 τ
210 1872 229 1900 Ῠ
239 1882 254 1900 1.
263 1843 320 1906 us7‚
342 1872 360 1900 i.
370 1844 420 1901 pm.
443 1870 608 1909 [Κρρὶτνλος]
631 1872 802 1903 Atheniensis
815 1872 997 1910 philosophus
1005 1894 1014 1907 ‚
1036 1871 1168 1901 Heracliti
1182 1870 1262 1900 disci-

138 1908 219 1947 pulus
231 1930 239 1944 ,
261 1910 288 1938 δι
300 1909 419 1940 Platonis
429 1918 539 1939 mortuo
548 1910 660 1940 Socrate
670 1918 840 1949 praeceptor:
862 1920 896 1940 ex
905 1911 983 1943 cuius
993 1910 1108 1939 nomine
1118 1908 1261 1946 dialogum

138 1947 174 1976 de
185 1946 394 1983 Significatione
405 1949 563 1983 nominum,
578 1948 720 1986 Cratylum
732 1948 874 1986 inscripsit.
888 1948 967 1984 Diog.
982 1947 1070 1977 Laert.
1082 1948 1112 1976 in
1125 1947 1192 1977 Plat.
1204 1948 1261 1976 S.6.

99 1983 148 2016 cn
159 1994 177 2013 A
188 1994 205 2013 υ
216 1994 233 2013 G
244 1995 253 2013 r
263 1995 288 2013 rr.
299 2007 308 2020 ,
328 1985 425 2015 lnsulae
435 1987 497 2017 duae
505 1985 577 2022 sunt,
598 1997 658 2025 quae
669 1987 777 2025 Spiraeo
791 1986 985 2025 promontorio
997 1985 1138 2022 objacent.
1159 1985 1261 2016 Audio:

138 2022 209 2053 Plin.
220 2022 268 2053 lib.
283 2034 310 2060 4.
321 2033 384 2062 cap.
399 2033 443 2055 12.

532 2063 575 2098 C'
660 2064 692 2101 R
790 2063 818 2098 E

102 2138 301 2175 Causam,
321 2148 353 2169 ae.
373 2139 392 2169 f.
413 2138 567 2176 [κςεοίκω]
587 2147 622 2167 ex
642 2138 709 2174 κρέως
728 2147 814 2173 carn,
835 2139 862 2168 δι
875 2137 940 2173 ἔχει
959 2143 1082 2175 captura.
1117 2136 1200 2167 Mart.
1212 2137 1263 2167 Ca-

141 2178 208 2215 pell.
221 2188 245 2214 9.
265 2188 292 2216 p:
310 2177 359 2207 ult.
382 2179 459 2207 Artes
470 2177 587 2213 creagris
600 2176 645 2205 vix
658 2176 760 2205 amicas
776 2176 881 2206 Atticis.
903 2175 987 2206 Gloff.
1002 2175 1096 2206 lsidor.
1117 2179 1240 2213 creagrae
1252 2195 1261 2211 ,

144 2214 263 2245 Fuscinae
275 2215 309 2245 ad
320 2225 416 2245 carnes
425 2216 460 2244 de
471 2214 598 2244 caldariis
606 2215 794 2252 proferendas.

103 2251 322 2288 Cane-euin,
343 2253 375 2283 V.
398 2262 600 2282 cesanum..

105 2290 265 2326 Cressa,
287 2291 335 2320 bra
346 2312 354 2327 ,
375 2291 462 2320 brun-i.
485 2291 500 2326 [
513 2288 598 2324 συχνός
609 2311 618 2326 ,
642 2290 741 2325 ἳαμινὲς
755 2290 770 2325 ]
790 2289 950 2328 Frequens;
971 2288 1043 2327 quasi
1060 2288 1193 2319 Crescens
1213 2298 1265 2319 nu-

139 2339 228 2359 mero.
252 2329 322 2367 Virg.
336 2338 361 2365 3.
379 2329 477 2366 Georg.
488 2337 553 2365 470.

221 2367 286 2396 Non
298 2374 353 2396 tam
363 2366 475 2401 creber,
497 2375 580 2403 agens
591 2364 714 2394 hiemem
725 2387 734 2400 ,
754 2366 809 2395 ruit
818 2374 927 2402 aequore
939 2364 1031 2395 turbo.

141 2404 238 2435 Crebri
252 2405 286 2434 ad
304 2413 404 2434 terrain
421 2404 565 2433 decidunt.
598 2403 709 2433 Plautus
730 2403 806 2433 Poen.
823 2413 849 2433 2.
864 2413 886 2440 3.
901 2408 926 2437 8.
956 2403 991 2433 Et
1006 2402 1124 2440 Amphit.
1142 2411 1164 2431 1.
1180 2412 1203 2433 1.
1217 2408 1264 2439 81.

162 2443 259 2472 Crebri
270 2443 359 2472 hostes
370 2443 484 2472 cadunt.
506 2441 565 2471 Liv.
583 2450 606 2471 1.
620 2450 663 2477 31.
678 2451 719 2478 pr.
741 2441 836 2472 Crebri
850 2440 977 2471 cecidere
987 2441 1056 2471 caelo
1066 2440 1186 2479 lapides.

142 2481 250 2511 Africus
263 2480 358 2511 creber
365 2480 505 2518 procellis.
529 2479 600 2516 Virg.
613 2488 636 2508 1.
650 2479 710 2509 [ΕΠ.
727 2484 773 2516 85.

335 2534 372 2539 —
381 2518 531 2555 creberque
540 2515 671 2555 procellis

143 2556 249 2593 Agmen
261 2556 391 2585 crebrius.
414 2555 497 2585 Ovid.
515 2565 537 2585 i.
550 2555 586 2584 de
602 2558 664 2584 ilrte
675 2556 734 2586 Am.
748 2556 794 2586 ⁶6.

144 2594 295 2632 Amplexus
307 2594 403 2623 crebri.
425 2593 545 2628 Ovid.9.
561 2593 631 2623 Met.
645 2601 707 2630 537.

145 2632 299 2662 anhelitus.
321 2632 391 2670 Virg.
406 2642 431 2666 ς.
444 2632 507 2661 AEn.
521 2640 582 2668 199.

145 2670 247 2701 Auster.
270 2670 343 2707 Virg.
361 2681 383 2705 ς.
398 2669 460 2699 AEn.
473 2673 537 2705 764.

225 2708 328 2737 Creber
339 2709 365 2737 &
377 2707 497 2745 aspirans
505 2705 593 2736 rursus
603 2711 684 2735 vocat
694 2705 787 2736 Auster
802 2705 830 2735 in
841 2704 938 2735 altum.

144 2745 385 2784 Compellationes
394 2745 505 2774 crebrae.
527 2744 586 2774 Cic.
599 2754 642 2774 12.
658 2744 731 2773 Fam.
742 2753 787 2779 ²5·
816 2744 834 2772 i.
849 2753 871 2771 e.
895 2743 1072 2780 Frequentes.

144 2783 256 2814 Diluvia
268 2783 380 2819 crebra,
402 2782 545 2813 &affiduae
556 2781 741 2819 tempestates.
765 2781 834 2810 Plin.
848 2781 896 2810 lib.
911 2787 936 2815 8.
950 2781 1031 2819 Epist.
1045 2791 1086 2817 ¹7·

145 2821 250 2852 Funale
262 2821 399 2851 crebrum.
439 2820 497 2850 Cic.
510 2820 546 2849 de
559 2820 668 2849 senen.
679 2830 725 2856 44.
756 2818 950 2849 Delectabatur
960 2819 1058 2848 crebro
1069 2818 1157 2849 funali
1169 2819 1195 2849 ἃ
1207 2818 1270 2849 tibi.

162 2859 237 2889 cine.
275 2860 320 2896 [i.
334 2869 360 2889 e.
380 2857 485 2889 Crebro
496 2858 553 2888 lato
573 2859 599 2887 &
615 2857 719 2891 relato,
741 2858 893 2895 interprete
906 2856 930 2893 J.
942 2857 971 2886 F.
985 2857 1107 2888 Gronov.
1124 2857 1192 2888 Obs.
1203 2866 1228 2895 3.
1240 2861 1268 2888 6.

164 2897 308 2935 Perperam
320 2897 349 2926 in
363 2898 407 2926 ed.
420 2896 509 2926 Lond.
524 2896 560 2925 ad
570 2895 676 2925 Crebro
686 2896 755 2926 Adv.
775 2895 822 2925 hic
831 2894 910 2925 locus
918 2895 1093 2926 reserebatur.

146 2935 284 2965 Gemitus.
305 2935 447 2965 Ovid.10.
467 2934 536 2964 Met.
550 2943 612 2970 509.

147 2973 229 3004 lctus.
253 2973 320 3002 Hor.
338 2982 362 3002 1.
382 2972 472 3002 Carm.
487 2981 534 3006 ας.
549 2981 576 3001 2.
702 3007 710 3014 ,

241 3010 345 3040 letibus
354 3010 457 3040 crebris
463 3010 579 3045 juvenes
588 3013 721 3047 protervi.

147 3049 222 3079 lc‘tus
231 3046 327 3078 creber
338 3069 346 3083 ,
366 3055 414 3077 aut
426 3047 583 3085 languidus.
605 3045 732 3076 Plin.lib.
746 3053 790 3089 ξι.
805 3054 866 3083 cap.
879 3053 923 3083 37.
947 3044 969 3083 §.
982 3049 1030 3081 88.

147 3087 222 3118 lctus
233 3086 343 3116 crebros
352 3086 560 3123 congeminare.
583 3084 654 3126 Virg.
671 3092 711 3112 12.
729 3083 789 3113 lhn.
802 3092 867 3120 713.

340 3139 378 3144 —
387 3130 447 3153 tum
461 3123 571 3153 crebros
578 3123 687 3152 ensibus
696 3121 768 3151 idlus

242 3161 456 3196 Congeminant.

147 3200 258 3231 Litterae
269 3200 379 3229 crebrze.
403 3199 461 3228 Cic.
477 3201 519 3227 16.
532 3197 607 3227 Fam.
623 3207 646 3232 ς.
1182 3232 1183 3240 ¹

148 3239 264 3268 Ilicibus
277 3237 381 3266 crebris
390 3236 462 3266 sacra
474 3245 573 3265 nemus
586 3235 703 3265 accubet
713 3233 820 3263 umbra.
841 3232 917 3278 Virg.
929 3240 953 3267 ζ.
968 3233 1067 3273 Georg.
1081 3241 1145 3272 334.

149 3276 294 3307 Mobilitas
302 3275 406 3304 crebra.
428 3274 515 3304 Ovid.
527 3282 540 3302 1
548 3284 572 3307 ς.
585 3273 668 3311 Epist.
680 3278 725 3309 48.
747 3273 782 3302 de
792 3271 961 3302 Concubitu.

148 3315 256 3344 mortes
265 3313 375 3343 crebrae.
396 3312 486 3341 Tacit.
498 3321 522 3340 2.
537 3311 603 3340 Hist.
617 3320 661 3347 30.

149 3352 272 3382 Nuntius
283 3351 377 3380 creber
389 3350 512 3379 recurrit.
535 3348 633 3379 Claud.
648 3359 674 3378 2.
687 3348 717 3377 in
727 3347 839 3385 Eutrop.
854 3354 917 3384 323.

149 3389 284 3421 Pericula.
305 3389 371 3418 Sen.
384 3388 466 3417 l-lerc.
480 3387 530 3416 fur.
544 3396 569 3416 v.
583 3396 642 3421 ³²7·

435 3440 474 3446 —-
482 3434 567 3454 nemo
581 3423 607 3453 se
618 3431 678 3453 tuto
688 3423 735 3452 diu

231 3463 361 3496 Periculis
376 3462 475 3492 offerre
485 3469 541 3492 tam
551 3461 652 3492 crebris
663 3461 764 3500 potest.

151 3503 262 3534 Pocula.
284 3502 393 3532 Lucret.
407 3500 454 3529 lib.
468 3512 495 3536 4.
509 3503 588 3530 1226.

152 3541 255 3572 Pulsus.
280 3541 350 3578 Virg.
369 3538 483 3568 12.AEn.
499 3547 560 3574 53³·

250 3615 261 3645 Ι
280 3588 284 3589 ’
345 3576 487 3606 —crebro
499 3575 578 3614 super
585 3574 689 3613 ungula
702 3572 783 3613 pulsu

264 3615 346 3645 ncita.
662 3632 665 3633 ν

155 3653 266 3690 Quaestu
277 3653 372 3682 crebro
383 3658 476 3690 petere
484 3650 598 3688 aliquid.
620 3649 710 3680 Tacit.
725 3658 750 3686 3.
766 3649 836 3678 Ann.
852 3657 897 3685 ςς.

155 3690 302 3730 Repulsus.
323 3690 432 3720 Lucret.
444 3689 492 3719 lib.
506 3699 531 3724 4.
547 3698 608 3721 ιος.

346 3743 382 3747 -
393 3728 497 3757 assiduo
511 3727 663 3762 crebroque
671 3723 788 3762 repulsu.

154 3767 278 3798 Rumore
287 3764 384 3794 crebro
394 3765 468 3800 vulgi
480 3764 600 3794 lacerari.
622 3763 711 3792 Tacit.
729 3772 739 3790 1
748 3772 772 3796 ς.
785 3762 854 3790 Arm.
865 3767 912 3797 73.

154 3804 258 3836 Salirlo
268 3800 364 3832 crebro
375 3803 601 3841 oppletuslocus.
623 3800 707 3829 Plaut.
723 3799 813 3828 Aulul.
827 3809 852 3832 ⁴-
869 3802 895 3827 6.
903 3807 931 3833 9.

830 2516 949 2548 Africus.

156 3845 253 3875 Sermo
264 3841 454 3870 creberrimus.
491 3840 550 3869 Cic.
565 3851 605 3874 ¹4-
617 3838 737 3875 Philipp.
755 3847 796 3870 ¹4-
817 3836 901 3865 Scitis
916 3834 992 3864 enim
1010 3843 1059 3873 per
1078 3835 1130 3865 hos
1146 3835 1206 3866 dies
1223 3845 1281 3866 cre-

176 3880 323 3909 berrimum
335 3878 412 3907 fuisse
421 3878 577 3907 sermonem
589 3887 595 3907 :
619 3885 664 3906 me
672 3885 721 3913 per
731 3874 797 3905 ldus
810 3872 954 3911 Quintiles
965 3894 974 3908 ,
994 3874 1040 3910 qui
1057 3873 1116 3904 dies
1124 3874 1209 3904 hodie
1221 3874 1260 3904 est
1270 3895 1279 3910 ,

175 3927 239 3985 cui&
242 3915 368 3984 s)fahs.cil1)·us
382 3915 584 3946 descensurum.

1747 93 1776 129 C
1873 94 1904 131 R
1999 95 2027 132 E

1331 174 1413 204 Silva.
1435 174 1543 204 Lucret.
1561 174 1612 205 lib.
1629 177 1654 205 6.
1670 183 1751 212 ¹304-

1331 213 1432 241 Sonus.
1457 212 1522 242 l'lin.
1536 212 1583 242 lib.
1604 223 1644 243 io.
1658 223 1718 251 cap.
1733 223 1777 249 29.

1332 249 1411 280 Tela.
1435 250 1506 288 Virg.
1524 259 1566 280 11.
1579 250 1639 280 AEn.
1653 255 1716 280 611.

1526 303 1564 308 —
1573 288 1695 318 fundunt
1703 287 1783 318 simul
1796 288 1922 327 undique
1932 287 1989 319 tela

1425 323 1528 354 Crebra
1540 326 1609 355 nivis
1626 327 1687 356 ritu.

1333 360 1436 392 Terrae.
1459 362 1532 399 Virg.
1546 372 1568 397 3.
1582 363 1642 393 AEn.
1661 371 1720 400 127.

1504 401 1653 430 —crebris
1665 402 1732 431 freta
1743 401 1854 431 concita
1863 402 1950 431 terris.
2009 430 2014 438 ,
2045 401 2063 430 i.
2076 409 2100 430 e.
2122 400 2231 431 Infulis.
2275 401 2314 433 Al.
2334 403 2454 436 Consita.

1335 436 1456 466 Vocibus
1467 437 1569 466 crebris
1579 447 1674 477 petere
1686 439 1798 477 aliquid.
1822 439 1918 469 Claud.
1933 440 1961 469 ln
1971 438 2023 468 sec.
2035 438 2116 468 Cons.
2133 439 2193 469 Stil.
2206 450 2249 476 54.

1335 473 1418 539 Vssnae
1430 478 1455 504 δι
1467 475 1571 504 arteriae
1586 476 1703 512 crebrae,
1724 477 1874 515 multaeque
1882 482 1943 507 toto
1959 487 2076 516 corpore
2088 477 2210 507 intextae.
2233 477 2292 508 Cic.
2303 486 2328 507 2.
2349 478 2384 507 dc
2395 479 2459 511 Nat.

1384 521 1439 540 eor.
1455 517 1514 547 ¹38-

1338 548 1447 577 Crebrae
1459 571 1467 582 .
1489 549 1531 578 vel
1542 550 1635 587 potius
1646 552 1816 586 quotidianae
1827 574 1835 588 ‚
1858 552 2099 591 compellationes.
2121 552 2180 583 Cic.
2194 562 2236 584 12.
2251 552 2325 582 Fam.
2339 561 2384 589 ις.

1339 586 1440 615 Creber
1451 587 1478 615 in
1491 596 1524 616 eo
1535 588 1626 616 fuisti:
1657 588 1683 618 h.
1699 599 1722 619 e.
1745 589 1886 626 Frequens
1906 592 1931 621 ὅ(
1947 590 2077 620 assiduus.
2111 590 2170 620 Cic.
2184 600 2234 629 pro
2246 590 2337 621 Plane.
2350 597 2395 628 83.
2416 591 2462 623 sic

1364 634 1386 652 1.
1405 625 1455 653 Art.
1473 634 1514 659 19.
1540 625 1571 654 Et
1581 626 1608 653 in
1619 625 1718 663 scripto
1731 627 1821 657 multo
1836 628 1921 658 essem
1934 629 2055 658 crebrior
2070 638 2152 665 quam
2165 634 2204 658 tu.

1339 660 1504 705 Fre-quentia
1516 672 1606 691 rerum
1618 664 1721 693 creber.
1745 665 1802 694 Cic.
1815 675 1840 695 2.
1853 666 1889 695 de
1901 666 1978 696 Orat.
1993 670 2036 701 56.
2061 666 2244 703 Thucydides
2257 675 2355 696 omnes
2368 666 2464 696 dicen.

1360 698 1515 728 diartificio
1524 710 1584 729 mea
1598 700 1731 731 sententia
1742 703 1822 732 facile
1832 703 1919 738 vicit,
1940 704 1986 741 qui
2006 704 2044 733 ita
2063 704 2160 734 creber
2173 704 2211 734 est
2232 713 2322 734 rerum
2335 704 2464 742 frequen.

1360 737 1398 765 tia
1407 758 1415 769 .
1437 743 1467 765 ut
1478 737 1624 766 verborum
1636 749 1723 776 prope
1733 749 1881 770 numerum
1892 740 2088 771 sententiarum
2098 751 2213 771 numero
2223 741 2416 779 consequatur.

1343 774 1532 804 Crebrislimos
1544 775 1643 805 fluctus
1654 777 1726 806 dixit
1738 777 1806 806 Gell.
1821 788 1848 809 2.
1866 788 1926 816 cap.
1944 788 1988 814 30.
2009 789 2060 818 pro
2072 779 2268 810 Creberrimos.

1305 810 1329 841 C
1339 821 1355 840 it
1365 821 1379 840 Β
1388 822 1402 839 B
1412 821 1426 839 iz
1436 821 1450 841 ι
1459 834 1468 847 ,
1489 813 1556 842 Adv.
1580 813 1682 844 Vitruv.
1694 824 1719 844 2.
1730 825 1756 851 9.
1780 815 1967 846 Palationibus
1977 817 2071 846 crebre
2082 816 2144 846 fixa.

1306 847 1353 877 Cr<
1364 859 1521 879 sanius
1532 872 1540 885 ‚
1562 851 1629 880 Adv.
1651 852 1735 881 etiam
1757 852 1858 883 Vitruv.
1871 859 1896 887 8.
1911 863 1936 891 3.
1954 856 1979 884 δι
1999 865 2040 883 io.
2058 863 2099 889 19,
2137 854 2192 884 Sed
2203 854 2329 884 usitatum
2343 856 2430 893 magis

1306 885 1468 953 CRanii‘i’
1491 888 1560 954 de.
1581 888 1716 925 [aazias]
1737 890 1914 929 Frequenter.
1936 891 2002 922 Ter.
2015 892 2117 922 Heaut.
2133 901 2156 922 1.
2168 902 2193 921 2.
2208 901 2252 929 3¹-
2273 893 2393 923 Scortari
2410 904 2468 925 cre.

1366 934 1377 952 l*
1425 934 1441 953 0
1455 934 1492 954 un
1508 947 1514 953 -

1344 961 1482 1028 Crebro?
1494 962 1648 994 Interdum.
1688 963 1747 995 Cic.
1762 974 1787 995 r.
1804 965 1840 996 de
1852 965 1949 1005 Legib.
1963 976 2006 1004 ις.
2035 966 2139 998 Crebro
2159 967 2300 1004 insistens,
2329 968 2469 1000 interdum

1345 1008 1644 1069 Ῑὲἓὲἒτιὶξεξξὲδξτεδῐο.
1667 1040 1743 1071 Curt.
1756 1045 1783 1075 8.
1793 1050 1819 1075 9.
1831 1049 1857 1077 7.

1346 1074 1476 1119 Compar.
1517 1077 1670 1107 Studiosius
1693 1079 1718 1108 δι
1742 1078 1865 1108 crebrius
1888 1079 1995 1117 aliquid
2014 1090 2028 1109 a
2049 1089 2104 1111 ere.
2143 1080 2201 1111 Cic.
2220 1091 2243 1111 1.
2262 1082 2298 1112 de
2317 1082 2408 1112 Divin.
2423 1091 2469 1120 93.

1364 1111 1470 1179 fitgffi?
1479 1120 1580 1150 autem,
1591 1115 1666 1152 quod
1675 1115 1810 1155 religione
1821 1116 1922 1147 imbuti
1933 1117 2021 1147 studio
2035 1128 2076 1148 ius
2087 1119 2115 1149 &
2129 1118 2251 1150 crebrius
2261 1119 2360 1150 hostias
2373 1121 2473 1150 immo-

1347 1187 1456 1254 Supetrl.
1477 1188 1658 1256 Crgltaern‘me.
1698 1191 1756 1221 Cic.
1769 1191 1840 1223 1.de
1852 1191 1945 1223 Divin.
1961 1195 2005 1229 56.
2027 1193 2099 1231 Quae
2118 1193 2287 1225 creberrime
2302 1204 2475 1226 commemo-

1367 1236 1415 1255 ran
1432 1236 1463 1255 ur
1481 1236 1496 1255 a
1545 1237 1621 1257 oicis.

1348 1263 1525 1294 crebrissime
1539 1266 1625 1295 utitur
1637 1265 1700 1296 Cael.
1718 1266 1808 1297 Aurei.
1824 1267 1911 1299 Tard.
1925 1276 1951 1298 α.
1964 1276 1990 1297 2.
2012 1268 2158 1299 Adducere
2177 1269 2280 1300 buccas
2297 1270 2474 1303 crebrissime.

1311 1301 1359 1333 Cr.
1370 1304 1506 1346 esaiani
1518 1312 1530 1332 s
1542 1324 1550 1338 ,
1569 1304 1632 1334 fitis.
1653 1304 1672 1334 f.
1694 1305 1856 1342 [συχνότης]
1877 1306 2049 1343 Frequentia.
2089 1307 2148 1337 Cic.
2163 1316 2187 1344 3.
2202 1307 2266 1338 Fam
2290 1319 2313 1338 1.
2340 1308 2377 1338 Ut
2398 1309 2475 1348 longi

1350 1346 1483 1378 temporis
1491 1340 1598 1370 usuram
1614 1363 1623 1376 ,
1645 1351 1698 1379 qua
1709 1344 1848 1374 caruimus
1859 1365 1868 1379 ,
1889 1343 2041 1374 intermissa
2058 1345 2149 1374 nostra
2167 1345 2366 1376 consuetudine
2381 1349 2406 1375 δι
2417 1357 2476 1384 gra.

1350 1378 1390 1407 tia
1401 1399 1409 1413 ‚
1430 1379 1455 1408 ἃ
1467 1378 1853 1418 crebritate&magnitudine
1871 1381 2029 1413 officiorum
2047 1392 2176 1413 meorum
2196 1383 2317 1414 sarciam.
2340 1383 2420 1414 Idem
2432 1394 2474 1422 ις.

1352 1416 1406 1445 Att.
1423 1421 1464 1450 18.
1485 1416 1576 1446 Tanta
1587 1424 1645 1446 erat
1655 1419 1785 1448 crebritas
1796 1419 1959 1449 litterarum.

1352 1453 1533 1483 Concinnitas
1543 1454 1725 1493 crebritasque
1732 1456 1942 1487 sententiarum.
1965 1456 2024 1487 Cic.
2038 1457 2074 1487 de
2083 1457 2156 1489 Clar.
2169 1458 2246 1489 Orat.
2266 1468 2327 1496 327.

1314 1490 1338 1521 C
1348 1501 1363 1520 a
1373 1501 1411 1535 1313
1419 1501 1434 1520 a
1445 1501 1481 1520 ιτ
1491 1502 1508 1521 υ
1518 1502 1536 1521 n
1546 1501 1563 1521 o
1575 1514 1583 1528 ,
1606 1494 1671 1523 inis.
1692 1494 1710 1524 f.
1734 1504 1786 1532 pro
1800 1494 1964 1526 Crebritate.
1986 1495 2098 1526 Sisenna
2109 1496 2160 1527 lib.
2171 1509 2196 1534 4.
2208 1497 2399 1529 Historiarum.
2420 1498 2479 1529 No.

1353 1539 1415 1558 nius
1426 1538 1452 1559 2.
1469 1535 1529 1566 178.
1571 1531 1732 1568 Antiquum.

1316 1566 1339 1597 C
1349 1577 1365 1595 a
1375 1577 1390 1596 e
1398 1577 1413 1595 Β
1421 1576 1438 1596 R
1447 1577 1461 1596 ιι
1471 1577 1482 1596 s
1493 1578 1547 1603 co,
1567 1570 1687 1606 crsbruh
1711 1569 1755 1600 vel
1775 1569 1822 1600 Cn
1831 1580 1869 1600 irs
1877 1580 1912 1601 es
1920 1581 1937 1600 c
1947 1580 1964 1601 o
1973 1592 1982 1606 ,
2003 1571 2070 1608 bui,
2084 1572 2256 1608 [σνχνῢμοα]
2277 1573 2331 1604 e‘re.
2344 1574 2479 1606 Crebrum

1353 1604 1423 1635 fieri.
1445 1604 1512 1635 Plin.
1524 1609 1551 1636 6.
1576 1605 1660 1644 Epist.
1675 1611 1720 1637 2⁶.
1742 1607 1818 1638 Tum
1828 1608 2000 1639 crebrescere
2011 1609 2119 1648 fragor,
2139 1610 2288 1641 adventare
2300 1612 2382 1642 etiam
2395 1635 2404 1649 ,
2424 1617 2478 1644 otc.

1354 1643 1467 1681 Optatae
1476 1653 1548 1674 aurae
1558 1644 1743 1675 crebrescunt.
1767 1645 1838 1684 Virg.
1849 1655 1874 1683 3.
1884 1647 1946 1677 AEn.
1960 1656 2023 1684 530.

1354 1680 1517 1711 Sermonem
1534 1682 1713 1713 crebrescere.
1736 1683 1807 1722 Virg.
1827 1693 1870 1714 12.
1891 1685 1953 1715 AEn.
1971 1694 2035 1715 222.

1352 1718 1467 1749 Famam
1480 1719 1649 1750 Germanicae
1660 1721 1747 1751 cladis
1758 1721 1978 1753 crebrescentem
1988 1732 2166 1761 nequaquam
2187 1723 2278 1754 maesta
2292 1725 2389 1755 civitas
2403 1726 2481 1756 exci-

1374 1757 1476 1795 piebat.
1496 1754 1588 1788 Tacit.
1600 1769 1626 1795 4.
1640 1758 1706 1789 Hist.
1723 1769 1764 1789 12.

1318 1793 1341 1824 C
1351 1804 1367 1824 R
1377 1806 1390 1824 e
1399 1806 1414 1824 Β
1423 1806 1437 1824 a
1445 1796 1457 1825 ἴ
1465 1805 1477 1825 s
1485 1799 1504 1824 ῦ
1512 1805 1529 1824 R
1538 1806 1555 1825 u
1564 1805 1577 1825 s
1588 1818 1596 1831 ‚
1621 1807 1636 1826 a
1648 1818 1656 1831 ,
1678 1806 1735 1827 um.
1756 1797 1818 1834 Adj.
1833 1802 1882 1834 ut,
1903 1797 2014 1828 Vallum
2027 1797 2210 1829 crebrisurum
2221 1801 2296 1838 apud
2311 1800 2440 1837 Ennium,
2452 1801 2483 1832 si-

1356 1834 1468 1869 gnificat
1478 1833 1588 1863 Vallum
1598 1834 1702 1864 crebris
1713 1834 1778 1865 suris
1789 1858 1798 1873 ,
1819 1835 1874 1865 hoc
1884 1835 1922 1865 est
1932 1836 2000 1873 palis
2011 1837 2160 1866 munitum.
2182 1837 2284 1867 Festus.

1319 1869 1343 1900 C
1350 1880 1367 1899 a
1375 1875 1391 1901 Ξ
1400 1882 1417 1900 n
1427 1881 1444 1901 o
1454 1893 1462 1907 ,
1483 1872 1589 1901 credidi
1602 1894 1611 1906 ‚
1630 1873 1771 1903 creditum
1779 1895 1787 1909 ‚
1808 1875 1824 1909 [
1833 1872 1947 1909 ons-66⁶1]
1968 1874 2022 1904 ere.
2044 1875 2082 1904 est
2098 1875 2185 1905 Dictis
2195 1876 2240 1906 vel
2252 1876 2332 1906 factis
2341 1875 2426 1906 fidem
2435 1877 2481 1907 ha-

1356 1909 1430 1940 bere.
1453 1909 1527 1947 Virg.
1539 1919 1565 1939 2.
1580 1910 1641 1941 AEn.
1654 1920 1719 1947 247.
1743 1911 1785 1941 De
1800 1910 1948 1941 Cassandra
1958 1933 1966 1947 ‚

1449 1947 1506 1976 Ora
1518 1947 1564 1976 dei
1572 1947 1641 1983 jussu
1655 1958 1713 1977 non
1724 1958 1848 1986 unquam
1856 1949 1960 1979 credita
1966 1945 2092 1980 Teucris.

1357 1983 1450 2014 Credo
1462 1985 1542 2014 illum
1550 1986 1607 2021 jam
1621 1985 1773 2016 affuturum
1781 1986 1844 2016 effe.
1865 1987 1930 2017 Ter.
1944 1987 2013 2017 Eun.
2024 1999 2051 2023 4.
2064 1992 2089 2017 6.
2103 1996 2128 2017 1.

1357 2022 1478 2052 Credam
1492 2023 1566 2058 fore,
1588 2024 1655 2054 dum
1666 2025 1779 2061 quidem
1790 2024 1886 2063 ipsein
1896 2034 1980 2055 manu
1990 2024 2092 2056 habeo.
2116 2024 2204 2057 Plaut.
2220 2026 2290 2057 Asin.
2304 2035 2330 2058 2.
2345 2035 2372 2063 4.
2387 2036 2431 2066 57.

1359 2060 1450 2091 Credo
1459 2067 1487 2091 te
1498 2062 1622 2091 credere.
1643 2061 1708 2092 Ter.
1719 2063 1802 2092 Andr.
1820 2074 1844 2098 ς.
1858 2074 1884 2099 4.
1897 2074 1943 2099 45.

1551 2115 1587 2120 —
1597 2109 1695 2129 omnes
1707 2109 1758 2129 nos
1767 2101 1888 2138 gaudere
1900 2101 1973 2137 hoc,
1994 2099 2114 2131 Chreme
2126 2122 2135 2137 ‚

1451 2136 1494 2166 Te
1503 2137 1587 2166 credo
1598 2138 1720 2167 credere.
1742 2147 1760 2167 c
1769 2147 1799 2167 H.
1820 2139 1858 2168 ita
1871 2148 1916 2168 me
1925 2139 1964 2168 dii
1976 2145 2071 2168 ament
2086 2161 2094 2174 ,
2117 2138 2211 2169 credo.

1361 2174 1519 2203 Avidiffime
1529 2176 1654 2204 credere.
1677 2175 1746 2204 Plin.
1761 2175 1810 2205 lib.
1824 2186 1847 2211 5.
1859 2185 1920 2214 cap.
1936 2186 1960 2206 1.

1358 2211 1422 2242 Cito
1434 2212 1546 2242 credere
1557 2213 1592 2241 de
1606 2212 1708 2250 aliquo.
1728 2213 1787 2243 Cic.
1802 2222 1826 2249 3.
1844 2213 1918 2244 Fam.
1936 2224 1946 2243 1
1955 2223 1977 2244 1.
1999 2213 2045 2243 Bis
2055 2213 2090 2243 ad
2103 2219 2132 2243 te
2146 2212 2246 2252 scripsi,
2259 2224 2304 2244 me
2314 2225 2433 2254 purgans
2444 2217 2485 2248 di.

1379 2250 1507 2288 ligenter,
1528 2256 1556 2279 te
1566 2250 1666 2280 leviter
1674 2250 1803 2281 accusans
1812 2252 1840 2280 in
1849 2261 1893 2285 eo,
1907 2251 1982 2289 quod
1991 2252 2026 2281 de
2038 2261 2083 2280 me
2094 2252 2150 2281 cito
2159 2253 2328 2283 credidisses,
2368 2250 2374 2254 ’

1359 2288 1448 2355 Βεςῖς
1456 2288 1570 2318 credere
1583 2289 1618 2318 de
1628 2288 1729 2326 aliquo.
1768 2288 1826 2320 Cic.
1837 2298 1864 2325 9.
1881 2290 1936 2320 Att.
1951 2298 1994 2320 11.
2024 2288 2112 2320 Recte
2124 2299 2183 2319 non
2196 2291 2289 2321 credis
2308 2291 2344 2322 de
2368 2302 2485 2323 numero

1379 2335 1417 2355 ml
1431 2334 1509 2355 itum.
1961 2334 1965 2342 '¹

1361 2364 1454 2401 magis
1466 2363 1562 2394 credo.
1582 2363 1613 2394 V.
1635 2374 1657 2393 M
1666 2374 1684 2393 A
1696 2373 1714 2393 c
1723 2372 1760 2394 is.

1362 2402 1506 2432 Obstinate
1517 2402 1639 2432 credere.
1671 2401 1704 2431 V.
1726 2411 1743 2432 o
1751 2412 1765 2431 Β
1775 2411 1788 2432 s
1796 2411 1817 2432 'r
1827 2413 1836 2432 1
1847 2411 1868 2432 u
1875 2412 1895 2432 A
1905 2411 1926 2432 ‘r
1935 2413 1954 2433 u
1962 2412 1985 2433 s.

1361 2440 1432 2471 Satis
1441 2441 1534 2470 cred0.
1556 2439 1622 2470 Ter.
1636 2440 1703 2471 And.
1717 2450 1743 2475 4.
1759 2449 1781 2469 1.
1793 2451 1838 2477 49.
1859 2440 1940 2470 Idem
1952 2441 2022 2471 Eun.
2038 2450 2062 2476 ς.
2075 2444 2102 2475 8.
2114 2448 2161 2471 21.

1454 2478 1578 2508 Gaudeo.
1600 2487 1625 2508 c.
1646 2478 1709 2507 satis
1720 2479 1804 2508 credo
1816 2500 1825 2515 ,
1845 2479 1918 2509 nihil
1931 2480 1970 2510 est
1981 2479 2092 2510 Thaide
2105 2479 2175 2516 hac,
2194 2479 2295 2516 frater,
2308 2485 2355 2511 tua
2377 2481 2431 2512 sce.

1358 2515 1462 2546 Tarde.
1485 2516 1567 2546 Ovid.
1580 2525 1605 2545 2.
1622 2515 1703 2554 Epist.
1718 2526 1744 2552 9.

1361 2554 1491 2585 Temere.
1513 2553 1598 2584 Ovid.
1609 2554 1644 2583 ad
1654 2554 1711 2583 Liv.
1726 2563 1786 2590 329.

1360 2592 1482 2623 Temere
1498 2591 1582 2621 alicui
1594 2591 1629 2621 de
1639 2602 1668 2621 re
1683 2592 1781 2628 aliqua.
1803 2591 1924 2629 Quintil.
1938 2591 1988 2622 lib.
2002 2602 2028 2623 2.
2041 2602 2102 2631 cap.
2115 2602 2158 2628 14.

1359 2630 1426 2661 Non
1437 2637 1551 2660 temere.
1592 2629 1650 2659 Cic.
1661 2630 1698 2660 de
1708 2630 1789 2661 Petit.
1797 2630 1879 2661 Cons.
1892 2639 1936 2668 30.
1958 2631 2065 2662 Nervos
2079 2638 2161 2670 atque
2176 2635 2250 2662 artus
2261 2631 2315 2663 esse
2333 2632 2486 2671 sapientiae,

1380 2677 1440 2698 non
1450 2676 1555 2698 temere
1566 2668 1688 2698 credere.

1361 2706 1391 2736 Si
1403 2706 1515 2736 credere
1524 2706 1651 2743 dignum.
1675 2706 1746 2744 Virg.
1758 2714 1782 2739 π.
1796 2706 1898 2744 Georg.
1913 2715 1978 2744 391.

1363 2746 1409 2774 Sic
1418 2744 1732 2775 crediditaltavetustas.
1756 2743 1806 2775 Sil.
1817 2744 1866 2773 lib.
1883 2754 1907 2774 1.
1920 2747 1965 2774 26.

1363 2782 1416 2811 Vix
1424 2782 1537 2811 credere
1547 2781 1630 2819 poffis
1711 2783 1805 2819 Quam
1817 2781 1866 2811 fibi
1878 2791 1936 2811 non
1951 2782 1982 2812 sit
1993 2782 2108 2812 amicus.
2140 2782 2211 2812 Hor.
2224 2791 2248 2813 1.
2260 2782 2348 2814 Serm.
2362 2792 2388 2815 2.
2405 2794 2449 2822 ¹⁹·

1363 2820 1486 2850 Credere
1499 2842 1507 2855 ,
1528 2820 1641 2855 Putate,
1660 2819 1751 2857 inquit
1761 2821 1895 2850 Donatus.
1917 2820 1981 2850 Ter.
1992 2820 2069 2849 Adel.
2082 2830 2108 2855 4.
2124 2830 2149 2855 ς.
2165 2830 2207 2855 59-

1446 2857 1522 2894 Quid
1533 2858 1687 2887 credebas?
1710 2858 1860 2888 dormienti
1870 2858 1929 2889 haec
1939 2858 1987 2888 tibi
1997 2858 2173 2887 confecturos
2184 2858 2252 2888 deos
2261 2859 2275 2888 ἵ)

1363 2895 1543 2927 Inhonestam
1556 2896 1602 2925 sibi
1612 2896 1730 2925 credidit
1738 2896 1893 2926 orationem
1904 2897 2030 2926 Socrates
2042 2918 2049 2931 ,
2070 2905 2151 2933 quam
2164 2897 2189 2926 ei
2204 2896 2293 2934 Lysias
2304 2904 2353 2926 reo
2372 2906 2489 2937 compo·

1384 2934 1482 2964 suerat.
1506 2933 1627 2970 Quintil.
1639 2933 1688 2963 lib.
1698 2943 1725 2964 2.
1744 2944 1806 2972 cap.
1820 2943 1862 2970 15.

1365 2972 1458 3002 Credo
1467 2994 1474 3006 ,
1494 2972 1634 3007 addimus,
1656 2972 1748 3009 inquit
1760 2972 1895 3007 Donatus,
1916 2971 1950 3000 ad
1960 2981 1992 3001 ea
2001 2981 2060 3009 quae
2069 2970 2146 3009 apud
2157 2980 2208 3001 nos
2221 2981 2318 3007 parum
2330 2980 2402 3002 certa
2415 2973 2487 3010 sunt,

1383 3017 1414 3039 ut
1427 3010 1636 3039 Dubitationem
1647 3010 1740 3048 potius
1751 3020 1832 3047 quam
1842 3009 2044 3040 Certirudinem
2054 3008 2197 3047 significet.
2219 3009 2284 3040 Ter.
2296 3011 2373 3040 Adel.
2383 3021 2487 3048 ¹·²·71·

1384 3048 1492 3083 Credo,
1513 3047 1568 3084 jam
1581 3049 1708 3077 omnium
1719 3048 1847 3077 taedebat.

1365 3085 1457 3117 Credo
1469 3108 1478 3120 ,
1500 3085 1608 3115 ironice
1624 3085 1749 3121 dictum,
1770 3085 1862 3122 inquit
1874 3084 2009 3115 Donatus.
2049 3083 2114 3114 Ter.
2129 3083 2199 3115 Eun.
2214 3095 2238 3121 ς.
2251 3093 2276 3115 2.
2292 3094 2338 3122 23.

1445 3124 1515 3153 Abin
1528 3123 1596 3153 hinc
1612 3123 1728 3153 insana?
1748 3133 1772 3154 r.
1793 3123 1860 3160 quid
1870 3123 1907 3152 ita
1922 3132 1986 3152 vero
1996 3122 2011 3151 t
2030 3122 2167 3157 debeam,

1446 3161 1555 3196 Credo,
1576 3162 1617 3190 isti
1636 3162 1785 3198 quicquam
1805 3161 1949 3195 furcifero,
1972 3159 1990 3188 si
2015 3159 2043 3188 id
2063 3160 2186 3190 fecerim.
2268 3160 2326 3190 Cic.
2339 3170 2362 3191 1.
2377 3161 2414 3191 de
2423 3161 2488 3193 Nat.

1383 3198 1468 3229 Deor.
1485 3203 1530 3233 86.
1551 3199 1588 3228 de
1602 3199 1756 3228 latronibus
1775 3201 1801 3228 ἃ
1812 3198 1947 3237 sacrilegis
1961 3197 2080 3236 loquens
2091 3219 2099 3233 ‚
2120 3197 2213 3228 Credo
2224 3220 2232 3234 ,
2253 3206 2300 3228 aut
2311 3198 2375 3229 illos
2392 3202 2490 3231 mortis

1383 3237 1467 3266 timor
1482 3243 1566 3266 terret
1577 3259 1585 3272 ,
1608 3237 1714 3266 authos
1723 3237 1872 3274 religionis.

1364 3274 1456 3305 Credo
1467 3297 1475 3311 ,
1497 3274 1566 3304 Vere
1576 3275 1642 3304 scio.
1683 3275 1747 3304 Ter.
1761 3275 1870 3304 Phorm.
1887 3283 1910 3304 1.
1924 3283 1947 3303 1.
1960 3276 1987 3303 6.
2009 3273 2040 3302 Ei
2050 3272 2136 3302 credo
2148 3283 2249 3302 munus
2259 3273 2312 3303 hoc
2323 3276 2486 3307 corraditur.

1385 3313 1444 3342 Cic.
1460 3324 1484 3348 ς.
1499 3312 1576 3342 Verr.
1589 3316 1652 3342 216.
1676 3313 1708 3342 At
1721 3312 1849 3342 uberiora
1858 3312 1961 3342 cibaria
1969 3311 2040 3340 facta
2054 3310 2116 3340 sunt
2132 3312 2254 3341 caritate.
2276 3312 2377 3342 credo:
2399 3324 2492 3352 neque

1384 3351 1413 3380 id
1423 3351 1461 3380 est
1472 3360 1577 3380 novum
1588 3372 1597 3386 ,
1619 3360 1710 3386 neque
1723 3359 1751 3379 re
1773 3350 1995 3379 rehendendum.
2021 3349 2154 3378 Donatus.

1364 3388 1476 3423 Credo,
1498 3388 1700 3426 interpositum.
1765 3388 1800 3418 ic.
1813 3398 1836 3418 i.
1848 3387 1922 3417 Fam.
1937 3398 1964 3424 9.
1984 3386 2074 3416 Exarsi
2084 3396 2143 3416 non
2160 3385 2248 3416 solum
2268 3387 2413 3425 praesenti,
2433 3399 2491 3420 cre.

1383 3427 1438 3462 do,
1458 3427 1608 3456 iracundia.
1649 3441 1652 3444 ⁴

1365 3463 1458 3494 Credo
1470 3486 1478 3498 .
1500 3464 1529 3492 in
1538 3463 1724 3501 responsione.
1745 3462 1810 3492 Ter.
1824 3462 1894 3492 Eun.
1906 3471 1931 3492 2.
1946 3472 1972 3492 2.
1983 3471 2029 3498 41.

1406 3502 1479 3531 Num
1490 3501 1623 3539 quidnam
1637 3501 1682 3530 hic
1689 3501 1765 3537 quod
1775 3500 1847 3530 nolis
1857 3500 1936 3531 vides
1946 3501 1960 3529 ἶ)
1979 3510 2002 3528 P.
2015 3506 2042 3528 te
2058 3508 2085 3528 G.
2098 3499 2192 3528 credo.
2214 3505 2241 3529 at
2249 3501 2386 3538 numquid
2397 3502 2489 3533 aliud?

1367 3539 1460 3569 Credo
1471 3539 1517 3576 qui
1529 3560 1537 3573 ,
1559 3549 1610 3576 pro
1620 3540 1759 3567 Nimirum
1771 3539 1827 3574 qui.
1867 3537 1926 3567 Cic.
1937 3542 1963 3567 6.
1988 3537 2060 3566 Verr-
2073 3546 2115 3573 33.
2146 3537 2224 3566 Pueri
2242 3547 2334 3568 autem
2352 3539 2490 3576 Sisennae,

1387 3577 1491 3611 cresin,
1513 3577 1558 3613 qui
1578 3576 1743 3605 audivissent
1760 3586 1820 3613 quae
1840 3576 1869 3605 in
1891 3576 1969 3605 istum
1987 3575 2144 3604 testimonia
2163 3574 2249 3604 essent
2268 3576 2351 3606 dieta.
2392 3578 2422 3606 Et
2441 3588 2491 3615 pro

1388 3614 1471 3644 Rosc.
1484 3614 1573 3643 Amer.
1586 3624 1595 3642 i
1605 3624 1614 3642 1
1624 3624 1646 3643 1.
1666 3614 1757 3642 Credo
1770 3620 1926 3651 propterea,
1945 3613 2021 3650 quod
2042 3612 2141 3649 quibus
2159 3613 2186 3641 in
2197 3613 2277 3642 rebus
2294 3614 2421 3644 interesse
2433 3626 2492 3644 non

1408 3651 1530 3681 offumus
1541 3673 1550 3687 ,
1570 3652 1598 3680 in
1611 3651 1654 3681 his
1666 3661 1757 3689 operae
1768 3651 1865 3681 nostrae
1876 3651 1976 3680 vicaria
1994 3650 2062 3680 fides
2076 3651 2231 3680 amicorum
2245 3651 2418 3689 supponitur.
2439 3663 2491 3691 pro

1417 3699 1434 3718 ti
1457 3698 1502 3718 ue.

1370 3700 1490 3757 Creditre
1501 3748 1509 3761 ‚
1529 3725 1696 3755 dubitantis:
1719 3726 1831 3755 Certum
1843 3725 1898 3755 effe
1911 3747 1920 3760 ,
1939 3725 2060 3754 fidentis.
2083 3724 2146 3754 Ter.
2161 3724 2265 3760 Eun.4.
2278 3735 2302 3761 7.
2316 3735 2362 3763 4²·

1541 3779 1578 3784 -—
1589 3764 1655 3800 quin
1668 3763 1807 3793 redimus:
1830 3764 1887 3799 jam
1899 3764 1959 3792 haec
1973 3763 2026 3792 tibi
2039 3763 2129 3792 aderit
2138 3762 2296 3801 supplicans

1452 3800 1538 3830 Ultro.
1562 3810 1611 3829 Tu
1624 3811 1649 3829 a.
1670 3802 1774 3830 credin’
1786 3802 1800 3830 ’ἶ
1822 3811 1848 3831 c.
1873 3802 1959 3830 immo
1969 3808 2054 3831 certe.

1372 3839 1492 3870 Credere
1500 3837 1592 3867 alicui.
1616 3838 1702 3868 Plaut.
1713 3839 1812 3868 Bacch.
1827 3849 1851 3868 2.
1870 3848 1895 3868 2.
1910 3848 1934 3873 7.

1455 3876 1552 3904 Venire
1563 3883 1593 3905 tu
1605 3885 1650 3904 me
1659 3877 1777 3913 gaudes:
1799 3885 1852 3913 ego
1863 3876 1950 3905 credo
1963 3875 2023 3905 tibi.

1373 3914 1494 3946 Credere
1505 3913 1588 3944 alicui
1599 3914 1675 3951 quod
1687 3913 1764 3944 dicit.
1786 3913 1850 3944 Ter.
1862 3914 1933 3984 Eup<
1944 3925 1969 3948 4.
1983 3924 2009 3947 4.
2024 3921 2068 3949 3⁷·

1944 3959 1962 3980 x
1973 3960 1990 3980 x
2001 3959 2020 3980 x

2385 110 2452 148 '7¹3

2407 3961 2499 3989 -age
