2604 4222
151 142 225 172 610
317 185 326 189 -
625 130 655 165 C
753 128 787 163 Ο
884 125 924 161 M

185 217 295 247 Amicos
308 215 414 245 aversos
425 222 610 252 componere,
631 212 649 242 i.
664 221 688 241 e.
710 211 797 241 iratos
809 209 843 239 ad
854 207 1030 238 concordiam
1041 204 1174 242 redigere.
1195 201 1262 232 Hor.
1277 209 1303 230 1.

207 256 292 283 Serm.
309 265 331 288 ς.
349 262 393 286 20.

188 292 308 323 Gentem
318 299 496 329 componere.
520 287 566 318 Sil.
579 288 626 316 lib.
642 297 682 322 17.
702 288 764 321 356.

474 342 510 347 —
523 334 633 363 tempus
649 331 818 361 componere
829 326 940 358 gentem
952 341 961 353 ,

283 367 323 395 Ad
334 366 417 395 finem
429 371 541 395 ventum
553 385 559 396 ,
584 365 609 392 o‘c
621 360 774 391 claudenda
785 361 822 389 est
835 360 917 394 janua
926 355 1002 385 belli.

190 402 289 435 Pacem
311 413 479 441 componere
501 401 583 431 alicui
607 409 670 429 curn
699 399 794 428 altero,
832 395 1015 426 Plautium.
1030 403 1053 428 ς.
1068 402 1095 422 2.
1112 400 1174 422 112.
1200 390 1302 421 Pacem

211 443 344 474 componi
357 441 419 470 volo
431 450 493 469 meo
508 440 652 475 patricum
664 444 759 466 matre.

191 475 366 509 Tumultum.
389 479 480 508 Lucan
503 477 550 505 lib.
567 486 588 505 1.
607 480 669 511 298.
802 509 807 515 Π
1132 505 1139 511 .

192 518 369 554 Componere
381 539 388 551 ‚
412 520 436 545 et
448 515 600 550 tranligere.
641 513 708 541 Plin.
722 521 745 545 ς.
758 510 841 547 Epist.
856 517 880 538 1.
910 506 1074 537 Cohaeredes
1084 515 1140 535 mer
1152 512 1305 541 compone-

210 566 238 584 re
253 557 278 585 &
290 555 434 591 transigere
445 553 593 589 cupiebant
603 573 610 583 ‚
634 560 692 578 non
706 547 859 577 diffidentia
869 545 966 589 causae,
988 545 1034 575 sed
1045 551 1120 587 metu
1132 550 1300 579 temporum.

212 594 229 622 i.
241 603 264 621 e.
287 591 460 621 Concordare
478 594 502 620 ὁ(
513 589 660 619 convenire
676 587 730 616 line
745 586 857 623 strepitu
868 585 976 620 judicu.
1016 586 1152 619 Appomter
1163 603 1172 617 ‚
1192 579 1306 607 accorder

209 641 274 657 avec
286 641 323 656 mo
340 652 346 658 .
1227 655 1233 661 ¹

191 641 514 703 Sententiricomponere
526 663 628 701 aliquid
637 663 708 691 inter
718 661 833 697 aliquos.
872 658 959 689 Plaut.
972 657 1051 704 Cure.
1066 665 1130 700 52³·
1141 663 1186 691 23.
1206 654 1233 684 Si
1243 652 1304 698 pos-

212 706 268 734 sum
282 705 336 734 hoc
349 705 418 733 inter
429 712 476 732 vos
484 702 618 731 sententia
632 709 810 738 componere.
852 697 975 727 Gronov.
997 697 1025 724 Si
1041 701 1115 733 potis
1125 694 1183 723 sum
1195 692 1251 722 hoc
1262 700 1302 720 m-

210 752 250 772 ter
261 753 307 771 vos
318 752 409 779 comp.
846 773 851 779 ,
999 772 1004 778 ,
1245 767 1252 774 ,

192 780 337 817 compone
358 781 411 808 hoc
430 777 465 807 de
483 782 613 813 argento.
634 776 669 804 de
695 774 802 812 reliquo
825 772 931 802 videro.
971 771 1030 801 Cic.
1048 773 1073 800 6.
1090 769 1222 805 Verr.33.
1244 776 1262 796 1.
1275 775 1300 796 e.

213 820 261 847 Dic
272 818 412 853 quomodo
425 816 572 844 conveniat
582 814 651 843 illud
663 835 671 847 ,
695 813 769 850 quod
784 812 848 841 dico
858 812 893 839 de
905 816 1028 846 argento.

191 857 365 892 componere
388 855 494 883 animos
515 853 616 881 dicitur
631 851 709 880 ratio.
752 850 809 879 Cic.
822 859 848 878 1.
866 848 923 878 Off.
943 857 1001 883 ¹31-
1017 885 1023 891 Ι
1041 845 1146 874 Cavere
1167 843 1301 886 debemus

208 903 242 921 ne
266 893 293 921 in
320 892 555 929 perturbationem
572 891 648 927 prius
669 888 845 922 incidamus,
875 895 959 924 quam
977 892 1086 914 animos
1107 882 1214 911 nostros
1231 887 1300 910 ratlo

208 941 272 960 com
287 939 368 959 ›onat-

186 941 315 998 Aninnirn
325 976 496 1003 componere
508 965 541 994 ad
552 965 657 1001 aliquos
666 963 749 993 casus.
773 961 862 991 valer.
878 971 901 990 1.
916 961 1014 997 Argon.
1029 967 1091 1003 ³.²¹·
1244 993 1250 1000 .

186 1006 311 1037 mentem
324 1014 500 1042 componere.
541 1002 610 1032 Cels.
623 1002 670 1030 lib.
686 1010 709 1037 3.
725 1010 785 1038 cap.
800 1006 841 1033 ¹8·
864 998 975 1028 Prodest
991 997 1026 1026 ad
1045 997 1093 1030 id,
1114 1000 1196 1038 atque
1207 999 1298 1039 'etiarn

205 1045 238 1072 ad
252 1051 373 1072 mentem
388 1042 474 1080 ipsam
485 1040 709 1078 componendam
721 1038 864 1068 crocinum
878 1041 1051 1072 unguentum
1067 1055 1074 1068 ,
1098 1042 1163 1062 cum
1181 1042 1254 1061 1r1no
1268 1041 1298 1060 in

204 1089 287 1118 caput
299 1082 404 1112 datum.
441 1079 539 1110 Tradit
549 1086 640 1107 aurem
655 1087 688 1106 eo
705 1077 767 1106 loco
779 1075 872 1105 Celsus
883 1096 891 1109 ,
913 1083 945 1102 ea
955 1083 1014 1110 quae
1025 1072 1119 1102 valent
1135 1071 1170 1100 ad
1181 1079 1297 1107 compo-

204 1121 325 1148 nendam
336 1124 460 1147 mentem
475 1116 707 1153 phreneticorum.
937 1148 940 1152 ¹
1122 1146 1126 1152 ι

186 1156 378 1192 componere,
400 1165 449 1192 pro
464 1155 594 1183 condire.
634 1152 749 1186 Confire,
772 1149 914 1185 Composter.
954 1147 1092 1177 Columel.
1109 1145 1158 1175 lib.
1170 1153 1212 1174 12.
1233 1154 1294 1188 cap.

204 1200 247 1229 87.
273 1194 374 1224 Eadem
393 1193 540 1222 conditura
564 1189 650 1228 poss'et
669 1191 751 1219 etiam
773 1187 843 1216 oliva
853 1187 924 1223 regia
941 1185 1093 1229 componi,
1113 1183 1157 1213 vel
1179 1182 1295 1226 orchita.

203 1232 250 1261 lib.
264 1232 326 1261 eod.
339 1242 399 1268 cap.
415 1242 456 1266 54.
478 1229 550 1267 Napi
563 1237 671 1266 quoque
686 1249 694 1262 ,
716 1226 762 1255 sed
780 1225 900 1261 integri,
921 1223 939 1252 ii
959 1229 1061 1252 minuti
1079 1222 1157 1256 sunt,
1179 1228 1297 1255 majores

203 1277 296 1299 autem
309 1269 403 1298 insecti
418 1291 425 1303 ,
446 1269 546 1296 eodem
565 1267 624 1302 jure
642 1275 697 1302 quo
715 1273 777 1301 rapa
797 1262 906 1291 conditi
922 1260 1050 1298 possunt:
1077 1260 1124 1289 sed
1141 1258 1295 1287 curandum

202 1308 240 1336 ost
252 1330 258 1341 ,
280 1314 310 1336 ur
322 1307 380 1336 haee
390 1313 502 1342 utraque
514 1312 660 1341 antequam
673 1301 779 1331 caulem
790 1307 837 1330 aut
850 1308 958 1337 cymam
969 1299 1081 1333 faciant,
1102 1297 1170 1326 dum
1181 1296 1243 1326 sunt
1255 1302 1297 1325 te-

202 1355 266 1374 nera
279 1367 286 1379 ,
308 1350 520 1382 componantur.
900 1374 906 1381 .

183 1381 361 1421 Componere
376 1404 384 1417 ,
405 1379 592 1418 [vastemur]
613 1388 663 1419 pro
675 1377 850 1414 Comparare.
873 1372 946 1412 'Virg.
962 1383 986 1403 1.
1000 1372 1058 1403 Ecl.
1071 1381 1133 1417 24..
1264 1408 1271 1415 .

375 1435 410 1439 —-
421 1419 455 1448 lic
464 1418 554 1456 parvis
564 1425 734 1454 componere
745 1422 842 1450 magna
861 1412 993 1456 solebam.
1076 1412 1168 1440 Actius
1182 1431 1191 1445 ,
1215 1407 1293 1446 Quid

201 1456 238 1485 est
251 1464 298 1484 cur
306 1466 476 1494 componere
486 1455 553 1485 aulis
563 1455 630 1483 mihi
646 1460 689 1487 te,
710 1459 756 1482 aut
765 1461 809 1480 me
820 1451 893 1479 tibi?
914 1450 988 1487 apud
1000 1449 1072 1479 Non.
1086 1460 1112 1484 4.
1126 1453 1170 1477 62.

185 1495 325 1530 Componi
338 1504 402 1523 cum
413 1494 506 1523 altero.
523 1492 607 1522 Lucil.
618 1492 672 1521 Sat.
685 1490 732 1520 lib.
745 1501 770 1525 4.
785 1489 852 1517 ibid.
862 1488 998 1532 V.Cic.de
1008 1487 1151 1531 th.gent.
1164 1485 1292 1521 Orat.17.

181 1531 294 1561 Causam
311 1532 384 1561 suam
396 1541 458 1560 cum
469 1531 546 1560 causa
557 1528 701 1559 adversarii
717 1536 894 1564 componere.
922 1525 1041 1562 Quintil.
1054 1534 1077 1559 7.
1093 1535 1118 1553 2.
1133 1534 1160 1561 p.
1174 1527 1238 1568 ⁶⁶3²·

181 1570 335 1599 Dictaeum
349 1570 427 1599 faciis
447 1577 621 1606 componere.
662 1566 766 1596 Sallust.
780 1563 908 1602 Jugurth.
923 1573 964 1599 52.
988 1562 1142 1601 Jugurtha,
1162 1561 1210 1591 ub1
1232 1561 1294 1591 Me—

200 1608 257 1636 telli
271 1608 343 1636 (lic'ta
355 1617 417 1637 cum
430 1608 504 1636 factis
519 1604 688 1643 composuit.
707 1606 758 1634 &12.
1126 1637 1133 1643 ι
1220 1637 1226 1644 ⁸

178 1645 318 1682 componi
331 1645 495 1682 gladiatores
509 1644 638 1672 dicuntur
649 1664 657 1675 ,
679 1642 734 1678 Qui
745 1651 799 1671 una
811 1641 839 1670 in
850 1649 960 1670 arenam
976 1637 1133 1682 descensum
1144 1659 1152 1673 ,
1174 1639 1201 1668 &
1219 1642 1292 1667 mter

199 1682 225 1711 se
236 1683 398 1712 decertaturi
410 1682 478 1712 sunt.
518 1680 636 1718 Quintil.
649 1680 695 1710 lib.
713 1690 737 1709 2.
749 1689 810 1717 cap.
827 1687 868 1715 ¹7·
898 1679 976 1714 Saepe
992 1676 1155 1720 gladiatores
1173 1675 1223 1705 sub
1245 1684 1293 1719 eo-

197 1722 261 1749 dem
273 1721 397 1757 magistro
414 1719 529 1754 eruditi,
550 1720 622 1748 inter
644 1718 669 1747 se
691 1722 908 1755 componuntur.
940 1716 958 1744 i.
972 1725 996 1744 e.
1018 1714 1292 1744 Committunturm-

197 1759 286 1788 vicem
300 1758 454 1795 pugnaturi.
494 1757 591 1786 Auson.
606 1756 674 1794 ldyl.
691 1766 732 1785 12.
750 1764 811 1784 102.

271 1796 341 1832 Quis
355 1795 527 1833 Myrmilloni
540 1794 738 1832 componituri>
760 1793 930 1830 aequimanus
947 1790 1051 1821 Thrax.
1162 1788 1288 1820 Turneb.

200 1842 242 1862 ir.
256 1844 280 1869 ς.
310 1834 342 1863 al.
367 1833 560 1862 contenditur.

178 1871 352 1909 Componere
364 1871 521 1901 societatem
530 1879 595 1900 cum
608 1868 769 1899 latronibus.
812 1867 915 1897 Sallust.
934 1866 982 1896 lib.
991 1877 1018 1901 4.
1033 1865 1100 1895 Hist.
1134 1862 1292 1903 Suspectus.

197 1918 250 1945 que
264 1907 334 1943 fuit,
356 1909 490 1938 incertum
511 1917 576 1937 vero
594 1929 602 1942 ,
622 1917 656 1937 an
667 1917 715 1945 per
733 1905 940 1943 negligentiam,
959 1904 1118 1934 societatem
1134 1904 1289 1941 praedarurn

196 1955 259 1975 curn
271 1947 422 1975 latronibus
435 1945 624 1984 composuisse.
646 1944 722 1982 apud
733 1944 805 1973 Non.
817 1954 844 1978 4.
856 1948 900 1973 62.
1163 1979 1169 1986 ·

179 1983 352 2021 Componere
378 1985 466 2022 pretio
479 2005 486 2019 ,
517 1993 567 2021 pro
588 1983 744 2013 Redimere.
785 1981 892 2011 Sallust.
906 1980 972 2010 Hist.
982 1979 1029 2009 lib.
1046 1989 1069 2008 1.
1113 1978 1189 2015 Quin
1209 1978 1289 2008 leno-

198 2031 247 2050 nes
260 2024 283 2051 8(
298 2023 394 2051 vinarii
408 2022 528 2057 laniique
540 2043 548 2055 ,
571 2020 687 2057 quorum
700 2025 830 2058 praeterea
844 2018 942 2056 vulgus
957 2019 985 2047 in
1005 2018 1064 2047 dies
1086 2017 1163 2046 usum
1182 2016 1287 2052 habet,

197 2060 285 2097 pretio
298 2059 448 2097 compositi.
480 2058 507 2088 h.
521 2069 545 2088 e.
567 2058 647 2088 Facta
658 2058 738 2096 pretii
750 2057 951 2094 compositione
962 2056 1100 2093 redempti
1112 2077 1120 2090 ,
1140 2055 1231 2092 inquit
1241 2054 1288 2084 Pe-

197 2104 293 2126 rottus.
316 2107 349 2126 ex
365 2096 466 2126 Charis.
480 2097 506 2125 in
520 2096 623 2134 Fragm.
636 2106 662 2133 p.
675 2099 737 2131 936.
759 2094 838 2123 affert
848 2094 925 2124 Cort.

180 2134 375 2172 componere,
397 2134 578 2171 [σωρμέωεῃ
601 2132 792 2167 cumula-refixi]
813 2131 969 2169 ficutvulgo
978 2130 1136 2169 usurpatur,
1157 2139 1207 2169 pro
1219 2129 1289 2160 Scri-

200 2173 282 2201 bere:
304 2180 352 2206 ut,
374 2171 707 2209 Componerehistoriam.
729 2169 797 2199 Plin.
809 2178 836 2206 7.
857 2169 994 2207 Epist.1⁶.

179 2209 308 2240 Condere
323 2212 347 2239 8(
359 2217 536 2246 componere.
560 2208 624 2238 Hor.
642 2218 663 2237 1.
677 2207 758 2245 Epist.
774 2216 797 2237 1.
812 2217 853 2237 12.

180 2248 337 2276 Describere
354 2250 377 2276 8(
390 2256 557 2284 componere
568 2246 628 2282 jura
639 2247 664 2276 8(
675 2245 742 2280 juss'a
751 2245 927 2282 populorum.
950 2243 1007 2273 Cic.
1021 2253 1044 2273 1.
1059 2243 1095 2273 de
1108 2242 1201 2282 Legib.
1215 2253 1257 2281 ¹7·

179 2284 302 2314 invenire
315 2287 340 2314 Sc
350 2294 518 2322 componere
529 2293 579 2313 res.
601 2283 659 2312 Cic.
672 2283 706 2312 de
718 2283 787 2312 Clar.
802 2283 877 2312 Orat.
890 2287 953 2318 2353.

178 2323 286 2357 Aliquid
298 2324 333 2352 de
341 2323 446 2352 ratione
457 2322 570 2350 dicendi
578 2330 756 2359 componere.
779 2319 898 2357 Quintil.
913 2321 942 2349 in
955 2328 1072 2358 prooem.
1084 2317 1133 2349 lib.
1147 2328 1171 2349 1.

180 2361 313 2390 Actiones.
335 2360 393 2389 Cic.
407 2364 431 2388 6.
445 2360 497 2388 Att.
513 2369 535 2388 1.

179 2400 304 2432 Amores,
329 2398 365 2427 est
378 2397 484 2427 Lasciva
501 2395 620 2426 carmina
631 2395 746 2425 scribere
759 2395 833 2433 apud
849 2394 932 2424 Ovid.
945 2403 971 2424 2.
985 2393 1064 2424 Trist.
1079 2396 1142 2432 361.

268 2435 392 2472 Denique
404 2434 546 2472 composui
558 2441 668 2463 teneros
687 2443 744 2462 non
763 2433 835 2462 solus
845 2441 962 2462 amores.

178 2473 383 2509 Argumentum.
407 2473 464 2501 Cio.
483 2482 523 2506 ις.
540 2473 592 2501 Att.
608 2482 635 2507 4.

178 2512 276 2540 Artem.
299 2509 415 2547 Quintil.
430 2510 512 2543 lio-3.
524 2519 584 2547 cap.
601 2520 623 2539 ι.

177 2549 260 2577 Artes,
284 2548 339 2577 Cic.
353 2548 387 2577 dc
401 2548 469 2577 Clar.
482 2547 558 2576 Orat.
571 2551 616 2580 48.

178 2585 327 2614 Arriiicium
338 2586 442 2622 dejure
454 2584 539 2614 civili.
561 2584 619 2613 Cic.
635 2592 660 2612 2.
677 2582 713 2613 de
726 2582 800 2613 Orat.
814 2592 879 2619 224.

177 2624 278 2652 Cantus
293 2645 300 2657 ,
321 2624 337 2652 i.
353 2632 376 2652 e.
400 2623 608 2653 lncantationes.
629 2620 725 2651 Tibul.
737 2620 784 2651 lib.
798 2631 822 2651 1.
835 2631 861 2650 2.
879 2630 922 2657 ςς.

177 2660 318 2689 (Στηιῃίηῑι.Δ
337 2660 399 2690 Hor.
415 2670 441 2689 2.
452 2662 537 2689 Serm.
550 2669 573 2688 1.
586 2662 630 2693 63.

175 2698 301 2727 Carmina
312 2698 345 2726 ad
357 2698 451 2735 lyram.
473 2696 592 2734 Quintil.
604 2696 652 2725 lib.
668 2705 690 2725 1.
702 2705 763 2733 cap.
779 2705 820 2724 ιο.

177 2737 196 2764 A
215 2736 413 2772 componendo
425 2736 545 2764 carmine
557 2735 653 2763 teneri.
675 2733 757 2762 Ovid.
770 2743 793 2769 ς.
806 2733 885 2763 Trist.
903 2741 943 2762 12.
958 2735 1003 2763 60.

253 2773 313 2802 Nec
324 2782 416 2802 tamen
426 2795 433 2807 ,
455 2779 484 2801 ut
495 2773 577 2801 fatear
587 2780 682 2800 verum
693 2770 743 2799 tibi
756 2792 764 2806 ,
785 2771 874 2801 nostra
887 2771 974 2801 teneri

292 2811 308 2839 A
329 2811 527 2848 componendo
539 2811 660 2838 carmine
671 2808 748 2838 Musa
755 2809 852 2846 potest.
944 2808 973 2839 h.
983 2817 1008 2838 e.
1028 2806 1171 2839 Cohiiseri.

175 2847 255 2877 Casus
266 2847 390 2883 alicujus.
413 2848 495 2877 Ovid.
509 2856 534 2876 2.
549 2847 637 2876 Amor.
656 2855 732 2875 1.10.

265 2885 508 2923 Composuitcasus
522 2884 568 2914 iste
578 2890 662 2922 poeta
674 2883 773 2913 meos‘?

176 2922 419 2953 Commentarium.
441 2923 498 2952 Cic.
514 2932 536 2951 1.
553 2923 607 2952 Att.
621 2925 664 2952 16.

175 2959 309 2989 Edictum.
333 2961 388 2990 Cic.
408 2970 430 2994 η.
455 2961 528 2990 Fam.
545 2969 586 2989 11.

176 2997 279 3033 Ele-gos.
302 2998 384 3027 Ovid.
399 3007 421 3033 3.
442 2999 531 3026 Amor.
549 3007 590 3032 ις.
606 3004 631 3033 3.

177 3034 507 3071 Exemplumlitterarum.
531 3035 590 3063 Cic.
601 3044 625 3064 2.
640 3033 675 3063 de
686 3032 758 3070 Lege
768 3033 825 3069 Agr.
843 3039 886 3067 ς2,

176 3071 323 3138 Elagrdium
351 3074 468 3102 nimium
494 3073 630 3110 apparatis
654 3070 744 3101 verbis
772 3078 950 3107 componere.
991 3070 1091 3101 Auster
1116 3069 1151 3100 ad
1174 3068 1278 3102 Heren.

207 3120 212 3137 1
237 3133 242 3138 .
260 3121 281 3139 1.
299 3120 338 3140 12.

175 3145 329 3177 formulam
340 3147 490 3185 disciplinae
499 3147 636 3183 quandam
647 3151 751 3176 certam
763 3153 940 3180 componere.
962 3143 1019 3173 Cic.
1033 3153 1057 3173 1.
1072 3144 1152 3174 Acad.
1168 3154 1211 3182 ¹7-

177 3183 314 3213 Formulas
326 3186 491 3220 iudiciorum
506 3184 747 3222 &stipulationum
760 3191 822 3211 corn
846 3191 938 3211 onere.
959 3182 1017 3210 Cic.
1032 3192 1052 3211 1.
1065 3181 1100 3212 de
1112 3182 1202 3220 Legib.
1216 3193 1260 3220 14.

177 3220 352 3251 interdictum
364 3223 516 3260 aliquorum
529 3221 606 3251 causa
615 3230 794 3259 componere.
839 3220 873 3249 ic.
887 3229 938 3258 pro
949 3218 1050 3249 Caecin.
1064 3224 1109 3249 60.

178 3258 280 3288 Laudes
290 3261 411 3293 alicuius.
434 3259 527 3289 Tibul.
542 3259 590 3288 lib.
599 3270 625 3295 4.
637 3269 660 3289 1.
673 3268 715 3294 ις.

178 3294 285 3325 Librum
297 3307 330 3326 ex
341 3298 435 3326 alienis
450 3297 628 3326 orationibus.
651 3297 708 3327 Cic.
722 3306 744 3326 1.
757 3294 832 3324 Verr.
842 3303 889 3331 47.

180 3332 281 3362 Libros.
308 3335 365 3363 Cic.
383 3339 422 3363 16.
435 3334 506 3364 Fam.
518 3344 563 3364 20.
584 3335 646 3370 Sic,
667 3334 842 3372 Componere
883 3336 999 3361 oemata.
1022 3330 1117 3368 Cic.3.
1132 3331 1237 3368 erat.
1252 3342 1276 3363 r.

178 3368 289 3398 Litteras
299 3371 387 3400 alieno
396 3373 518 3400 nomine.
560 3371 615 3402 Liv.
627 3380 672 3408 27.
689 3377 734 3406 28.
754 3372 797 3401 Ne
808 3371 854 3407 qui
876 3379 908 3399 us
923 3368 1021 3399 litteris
1031 3369 1176 3400 crederent
1189 3372 1280 3400 nomi-

201 3416 233 3435 nc
246 3407 364 3437 Marcelli
374 3409 538 3446 compositis.

177 3443 254 3479 Opus
265 3445 297 3472 ad
306 3446 456 3482 aliquorum
468 3446 622 3476 utilitatem.
645 3445 763 3482 Quintil.
778 3444 825 3476 lib.
842 3453 866 3481 3.
884 3452 945 3481 cap.
959 3446 986 3473 6.

178 3481 336 3510 (irationem
346 3484 379 3511 ad
389 3483 503 3512 aliorum
514 3485 624 3519 judicia.
643 3483 761 3520 Quintil.
773 3483 820 3512 lib.
835 3493 859 3517 ς.
873 3491 933 3520 cap.
950 3491 993 3518 14.

179 3517 312 3547 Ordinem
324 3521 359 3548 rei
370 3521 501 3555 gerendae.
525 3521 579 3550 Liv.
593 3531 636 3555 29.
651 3524 676 3550 6.
703 3521 743 3550 Al.
767 3520 893 3558 Agendae.

179 3554 307 3584 Rationes
319 3556 468 3587 familiares.
485 3558 574 3588 Tacit.
588 3563 613 3588 6.
628 3561 696 3588 Ann.
708 3562 754 3588 ²⁶.

179 3591 232 3621 Res
243 3593 332 3627 gestas.
356 3594 420 3623 l-lor.
431 3605 455 3623 2.
470 3595 548 3633 Epist.
567 3606 588 3624 ι.
601 3605 634 3629 2ς
644 3606 665 3625 ι.

178 3630 383 3672 Testimonium.
423 3633 477 3661 Cic.
496 3643 534 3667 ις.
551 3633 602 3662 Att.
620 3643 662 3668 ις.
691 3631 893 3662 Testimonium
910 3631 1053 3669 composui
1067 3653 1074 3666 ‚
1096 3631 1171 3669 quod
1192 3642 1277 3671 quum

197 3667 272 3695 voles
280 3667 438 3703 oblignabis.
477 3670 610 3706 Quaedam
622 3670 788 3707 exemplaria
798 3669 894 3707 legunt
903 3669 1121 3700 Testamentum.

178 3703 267 3733 Verba
280 3713 444 3741 componere
456 3716 536 3735 manu
551 3729 559 3741 ,
580 3708 712 3737 Scribere.
736 3708 817 3736 Ovid.
829 3719 854 3743 9.
875 3707 943 3736 Met.
963 3716 1025 3742 5²0·

271 3740 437 3770 Etmeditz¹ta
448 3753 528 3772 manu
540 3746 682 3782 componit
692 3745 772 3773 verba
782 3745 922 3774 trementi.

177 3778 265 3806 Verba
283 3778 316 3806 ad
337 3778 496 3815 religionem
516 3782 628 3810 deorum
649 3782 846 3812 immortalium
861 3791 1038 3819 componere.
1064 3781 1140 3822 Cic.
1154 3792 1206 3821 pro
1223 3779 1278 3813 Do-

196 3825 250 3844 mo.
272 3825 330 3846 121.

179 3852 267 3881 Verba
276 3862 442 3888 componere
456 3854 481 3881 ἃ
495 3854 562 3889 quali
574 3862 772 3891 coagmentare.
793 3855 850 3885 Cic.
863 3856 898 3884 de
909 3854 978 3885 Clar.
992 3855 1069 3886 Orat.
1087 3861 1132 3893 98.

177 3890 263 3918 Verba
276 3899 443 3926 componere
454 3892 479 3918 &
493 3890 656 3920 construere.
678 3893 734 3921 Cic.
750 3901 775 3928 ς.
790 3893 827 3921 de
838 3895 915 3923 Orat.
932 3897 992 3927 169.

177 3926 281 3957 Versus.
303 3927 368 3955 Ηυτ.
386 3937 409 3955 ι.
422 3927 506 3956 Serm.
520 3940 544 3963 ⁴·
560 3933 583 3960 8.

1829 114 1858 150 C
1954 109 1990 151 O
2088 116 2126 153 M

1394 193 1604 262 Versuslinsssl'z?3
1614 194 1733 261 anesi-ius
1744 204 1932 234 componere,
1956 197 2135 236 Epitaphium
2145 209 2261 237 ponere.
2283 199 2379 230 Tibul.
2397 200 2444 230 lib.
2456 208 2519 237 3.2.

1416 240 1459 264 26.
1507 242 1715 263 .11rooer.
2391 252 2397 253 .

1394 273 1473 301 Viam
1486 270 1677 307 componendi
1687 269 1768 299 facile
1783 271 1886 300 efficiet
1894 273 2062 302 exercitatus
2076 274 2159 303 stilus.
2182 274 2241 304 Cic.
2262 276 2291 303 in
2302 275 2380 304 Orat.
2400 285 2459 310 150.

1396 310 1574 347 Componere
1586 309 1692 336 itinera.
1734 308 1791 337 Cic.
1809 319 1849 343 ις,
1866 310 1916 339 Att.
1931 314 1975 339 26.
1998 311 2054 348 Ego
2068 311 2166 341 itinera
2183 312 2220 342 fic
2237 312 2446 350 composueram
2457 335 2465 348 ,
2485 318 2517 342 ut

1418 349 1489 376 Non.
1513 345 1663 382 Quintilib.
1687 345 1808 374 Puteolis
1822 346 1914 376 essem.
1936 349 2081 383 Ordonner,
2098 350 2209 387 dispostr,

1396 385 1574 422 Componere
1584 383 1680 412 urbem
1691 404 1699 417 .
1721 383 1876 413 slidificare.
1899 384 1970 422 Virg.
1983 394 2007 422 3.
2025 386 2086 416 AEn.
2101 392 2163 425 387.

1479 423 1570 458 Quam
1582 428 1640 449 tura
1653 420 1734 458 poffis
1745 422 1842 450 urbem
1855 432 2025 460 componere
2036 430 2115 453 terra.

1396 459 1572 497 Componere
1587 457 1724 491 fallacias,
1747 469 1798 496 pro
1811 459 1941 489 Meditari
1960 462 1985 490 8(
2000 462 2183 493 comminisci.
2206 462 2292 493 Plaut.
2304 462 2382 493 Poen.
2397 471 2422 499 3.
2436 473 2460 500 ς.
2471 471 2517 499 29.

1415 498 1460 526 Sic
1475 520 1482 530 ,
1506 497 1684 533 Componere
1696 497 1849 526 mendacia.
1874 497 1958 527 Plaut.
1973 499 2071 536 Amph.
2087 509 2110 529 1.
2127 509 2150 529 1.
2164 509 2228 531 210.

1395 535 1547 565 Blanditias
1557 543 1736 571 componere.
1777 534 1873 572 Tibul.
1887 535 1922 564 de
1933 535 2004 565 Sene
2012 542 2152 574 amatore,
2173 537 2221 567 lib.
2234 548 2258 568 1.
2271 548 2297 568 2.
2308 548 2353 573 95.

1489 572 1522 601 Et
1531 571 1579 600 fibi
1591 571 1740 600 blanditias
1750 571 1868 602 tremula
1877 583 2048 611 componere
2059 583 2138 605 voce.
2223 575 2339 606 subaud.
2362 575 2436 605 Vidi.

1395 609 1508 640 Insidias
1516 610 1608 639 alicui.
1632 608 1783 638 Tibullib.
1801 620 1824 639 1.
1838 615 1863 640 6.
1874 622 1901 646 4.

1395 648 1483 678 Risus.
1506 653 1537 677 ut
1548 669 1556 681 ,
1577 647 1642 676 Non
1654 647 1724 675 bene
1734 648 1861 677 mendaci
1873 648 1940 678 risus
1953 650 2134 687 componitur
2145 659 2202 680 ore.
2229 649 2324 680 Tibul.
2338 650 2386 680 lib.
2398 660 2422 685 3.
2435 659 2460 685 7.
2473 659 2500 687 3.

1398 686 1588 728 Componere‚
1598 685 1674 728 quod
1684 684 1756 714 Galli
1767 685 1933 722 Confromare
1942 687 2049 716 dicunt.
2060 687 2149 718 Tacit.
2158 698 2168 717 1
2176 699 2199 723 ς.
2212 689 2298 723 Αηη.ς
2307 699 2329 717 1.
2340 694 2408 718 extr.
2421 689 2516 719 Accita

1414 724 1518 789 quippe
1531 722 1670 789 {moliaris
1682 744 1690 758 ‚
1708 724 1735 753 ἃ
1747 733 1811 753 cum
1821 724 1915 754 indice
1923 724 2075 763 composita
2088 747 2097 761 ,
2118 725 2203 756 nullis
2211 726 2324 756 testibus
2333 727 2463 756 innixum
2476 726 2516 756 fa.

1413 772 1437 791 Cl
1453 771 1528 790 CCOH
1544 767 1636 790 Utflvlt.
2195 784 2201 785 .
2460 784 2463 785 ν

1356 799 1378 829 C
1387 809 1431 866 <ig
1440 809 1456 828 P
1465 809 1481 828 o
1492 808 1503 828 s
1514 801 1526 828 ῖ
1535 809 1554 827 Τ
1564 808 1583 827 υ
1593 808 1605 827 s
1614 820 1622 833 ,
1644 808 1659 827 a
1669 819 1678 833 ‚
1698 807 1754 828 um.
1781 795 1995 836 [cumsassfi&
2006 822 2015 836 ,
2034 797 2232 838 euisaeprnlsp‘&]
2262 801 2360 833 Partic.
2387 802 2514 841 Propert,

1404 848 1409 866 1
1433 860 1438 867 .
1453 847 1474 866 1.
1490 847 1535 865 20.
1549 846 1593 865 ²2-

1472 874 1573 904 Mollia
1582 872 1733 911 composita
1744 872 1826 904 litora
1842 874 1942 904 fronde
1952 876 2029 913 tegit.

1391 912 1433 979 A?
1449 912 1608 942 moestitiam
1620 911 1797 949 compositus.
1837 913 1928 943 Tacit.
1943 922 1986 950 13.
2000 915 2072 944 Arm.
2081 923 2127 945 20.
2155 915 2175 944 i.
2185 923 2210 945 e.
2231 913 2395 946 Moestitiam
2411 925 2468 955 prae
2484 915 2514 946 se

1422 960 1510 980 erens.

1390 988 1566 1026 Compofitus
1584 985 1613 1017 in
1636 987 1851 1017 ostentationem
1864 989 2007 1019 virtutum.
2047 989 2107 1019 Liv.
2120 993 2165 1020 26.
2180 999 2222 1026 19.
2232 1000 2274 1029 pr.
2297 990 2353 1021 Sed
2370 996 2428 1022 arte
2444 1000 2514 1030 quo·

1409 1036 1461 1063 que
1473 1026 1590 1063 quadam
1602 1025 1636 1054 ab
1648 1026 1761 1060 juventa
1769 1025 1798 1054 in
1809 1027 2021 1057 ostentationem
2032 1036 2127 1057 earum
2135 1029 2316 1066 compositus.

1390 1064 1420 1094 ln
1430 1065 1565 1093 rationem
1576 1072 1714 1092 annorum
1724 1063 1901 1102 compositus.
1925 1065 2047 1102 Quintil.
2057 1064 2106 1095 lib.
2119 1075 2144 1103 3.
2157 1075 2217 1104 cap.
2232 1071 2259 1101 8.

1389 1102 1420 1133 In
1437 1102 1609 1132 securitatem
1623 1101 1800 1138 compositus,
1840 1102 1931 1132 Tacit.
1944 1113 1969 1139 3.
1982 1107 2051 1133 Ann.
2062 1114 2108 1139 4⁴·
2131 1104 2223 1134 Tanto
2237 1104 2386 1143 impensius
2396 1104 2424 1134 in
2436 1104 2511 1135 secu.

1406 1141 1517 1207 ritat'epi
1528 1138 1712 1206 cgrnposituS,
1733 1149 1824 1177 neque
1835 1139 1915 1177 loco,
1938 1151 2029 1179 neque
2038 1142 2116 1172 vultu
2126 1148 2244 1179 mutato,
2260 1142 2318 1179 sed,
2339 1148 2371 1173 ut
2385 1142 2509 1179 solitum,

1428 1188 1473 1208 eri
1500 1188 1529 1207 os
1562 1187 1624 1207 rese
1644 1185 1674 1206 it.

1385 1188 1581 1255 ciimpositum
1590 1238 1597 1248 .
1619 1187 1796 1253 cgompactum
1808 1217 1834 1246 8(
1846 1222 2079 1254 coagmentatum.
2102 1217 2161 1248 Cic.
2172 1226 2198 1255 3.
2211 1218 2247 1248 de
2257 1218 2346 1248 Finib.
2357 1227 2402 1255 74.

1387 1255 1539 1292 Conipoliti
1551 1253 1618 1284 acie.
1643 1253 1674 1282 V.
1698 1263 1719 1282 A
1729 1262 1746 1282 c
1757 1264 1766 1281 1
1777 1263 1821 1283 es.

1385 1292 1511 1323 Numero
1519 1290 1666 1329 compositi
1676 1290 1705 1319 in
1715 1298 1829 1322 turmas.
1868 1291 1942 1329 Virg.
1957 1302 1998 1322 11.
2013 1292 2075 1323 AEn.
2087 1303 2148 1329 599.
2166 1293 2222 1323 Ubi
2241 1293 2360 1329 Servius,
2382 1293 2508 1324 Numero

1403 1331 1542 1368 exponit,
1563 1329 1792 1359 Rationabiliter:
1816 1329 1913 1366 Unde,
1934 1331 2026 1368 inquit
2040 1353 2048 1367 ,
2070 1331 2096 1361 8(
2110 1332 2310 1369 Saepenumero
2327 1332 2456 1368 dicimus,
2477 1332 2509 1361 id.

1404 1369 1443 1398 est
1451 1367 1860 1406 frequenter&rationabiliten
1898 1368 1973 1399 Hinc
1982 1369 2039 1405 est,
2064 1369 2140 1400 Tum
2149 1379 2216 1400 vero
2227 1370 2257 1399 in
2271 1379 2430 1407 numerum,
2452 1370 2470 1400 i.
2481 1378 2508 1400 e.

1403 1406 1436 1436 ln
1448 1407 1584 1436 rationem
1596 1406 1622 1434 &
1630 1405 1802 1443 rhythmum.

1383 1444 1489 1474 Somno
1500 1443 1678 1481 compositus.
1712 1443 1796 1473 Ovid.
1811 1453 1834 1473 1.
1854 1445 1946 1474 Amor.
1958 1455 1984 1481 4.
1997 1453 2040 1482 53.

1384 1485 1489 1512 Acervo
1498 1481 1650 1519 composito
1667 1480 1808 1519 despicere
1820 1482 1892 1512 dites
1904 1483 2051 1513 &famem
2072 1482 2167 1513 Tibul.
2185 1482 2233 1513 lib.
2249 1492 2273 1513 1.
2288 1492 2312 1513 1.
2324 1491 2370 1521 77.

1384 1522 1459 1551 AEtas
1473 1519 1641 1558 composita,
1663 1519 1680 1548 i.
1691 1529 1715 1549 e.
1738 1520 1848 1550 Matura
1860 1523 1885 1551 &
1896 1521 1997 1558 quieta.
2019 1521 2110 1551 Tacit.
2127 1531 2168 1551 12.
2184 1523 2312 1559 Ann.32.

1384 1558 1506 1588 Affedus
1516 1561 1610 1592 mites,
1634 1562 1716 1594 atque
1727 1558 1884 1596 compositi.
1907 1558 2027 1595 Quintil.
2040 1559 2089 1589 lib.
2100 1563 2125 1590 6.
2137 1569 2198 1598 cap.
2214 1569 2241 1590 2.

1384 1598 1470 1634 Agger
1480 1596 1580 1625 tumuli
1592 1595 1770 1633 compositus.
1794 1596 1865 1634 Virg.
1881 1606 1908 1634 7.
1924 1597 1984 1627 AEn.
1997 1600 2023 1627 6.

1384 1637 1488 1671 Agmen
1501 1635 1535 1663 ad
1549 1635 1600 1663 iter
1609 1635 1696 1671 magis
1705 1655 1713 1668 ,
1735 1643 1818 1672 quam
1829 1635 1865 1664 ad
1880 1644 2002 1673 pugnam
2015 1635 2209 1674 compofitum.
2232 1634 2291 1666 Liv.
2301 1643 2345 1674 37.
2355 1644 2399 1667 21.
2415 1645 2458 1674 pr.

1383 1674 1487 1705 Acmen
1501 1672 1685 1709 compositum
1698 1671 1732 1701 ad
1742 1681 1840 1702 omnes
1847 1673 1931 1704 casus.
1972 1672 2032 1703 Lrv.
2041 1682 2086 1711 ²4·
2100 1683 2143 1710 35.
2158 1679 2228 1704 extr.
2250 1675 2339 1712 Atque
2348 1674 2457 1713 agmine
2469 1673 2507 1706 affl

1400 1720 1500 1740 omnes
1509 1709 1586 1740 casus
1598 1710 1753 1747 Composlto
1763 1710 1828 1740 ibat.

1381 1749 1465 1785 Aquae
1474 1748 1652 1785 compositae,
1674 1749 1691 1777 i.
1705 1757 1729 1778 e.
1751 1748 1876 1785 sedatae,
1895 1758 1953 1779 non
1968 1748 2163 1780 tumescentes.
2185 1749 2271 1781 Ovid.
2286 1758 2328 1788 13·
2342 1748 2425 1788 Epist.
2439 1751 2503 1788 136.

1474 1786 1634 1823 Blandaque
1644 1786 1812 1825 compositas
1822 1797 1886 1817 aura
1895 1786 2029 1817 secundet
2038 1797 2131 1825 aquas.

1381 1824 1473 1854 Arma.
1497 1824 1562 1853 Hor.
1575 1835 1602 1860 4.
1616 1823 1706 1853 Carm.
1723 1834 1765 1860 ¹⁴·
1779 1834 1820 1860 52·
1849 1826 1867 1855 i.
1880 1835 1904 1855 e.
1934 1825 2033 1856 Finita.

1381 1862 1509 1899 Auspicia
1517 1861 1551 1892 ad
1562 1862 1711 1891 utilitatem
1722 1861 1903 1900 Reipublicae.
1925 1863 1984 1894 Cic.
1998 1873 2026 1894 2.
2041 1863 2078 1894 de
2092 1862 2189 1902 Legib.
2203 1871 2248 1902 32.

1381 1900 1502 1929 Bustum.
1527 1900 1628 1930 Lucan.
1648 1900 1696 1929 lib.
1712 1905 1738 1934 8.
1749 1906 1811 1938 748.

1382 1937 1468 1968 Cinis.
1491 1939 1573 1968 Ovid.
1588 1947 1612 1973 3.
1626 1937 1694 1967 Fast.
1706 1948 1767 1974 547.
2096 1961 2101 1964 -

1462 1975 1692 2014 compositusque
1703 1977 1773 2007 cinis
1785 1999 1794 2014 ‚
1817 1976 1975 2016 tumulique
1984 1977 2014 2008 in
2025 1986 2164 2008 marmore
2175 1986 2295 2010 carmen.

1383 2013 1486 2043 Comae.
1510 2014 1593 2044 Ovid.
1612 2023 1653 2044 12.
1670 2014 1753 2052 Epist.
1769 2019 1829 2050 156.

1379 2051 1580 2081 Controverfiae
1591 2061 1627 2081 ex
1639 2052 1765 2083 historiis.
1788 2053 1908 2091 Quintil.
1921 2052 1971 2083 lib.
1987 2062 2010 2089 3.
2023 2063 2083 2092 cap.
2096 2059 2123 2089 8.

1379 2089 1488 2119 Crines.
1511 2089 1582 2127 Virg.
1594 2100 1621 2125 4.
1636 2090 1811 2128 Georg.4r7.
1841 2092 1859 2121 i.
1872 2101 1896 2121 e.
1922 2091 2047 2129 Compti.
2300 2100 2303 2101 ⁷

1377 2127 1532 2157 Discrimen
1543 2137 1607 2157 com
1630 2128 1738 2158 ofitum.
1779 2130 1865 2160 Ovid.
1878 2137 1903 2159 2.
1920 2130 1956 2159 de
1975 2131 2037 2159 Arte
2049 2129 2181 2166 Am.303.
2208 2127 2365 2159 Discrimen
2385 2128 2502 2168 capillo·

1397 2164 1597 2203 rumintelligit
1632 2166 1748 2196 oclocO:

1378 2202 1518 2233 Gradibus
1529 2203 1688 2241 compositis
1697 2226 1705 2239 ‚
1728 2203 1847 2234 Paffibus
1856 2204 2005 2236 moderatis
2014 2204 2118 2235 eundo.
2139 2204 2214 2242 Virg.
2228 2212 2253 2240 3.
2268 2203 2367 2242 Georg.
2379 2213 2442 2241 192.

1378 2240 1455 2271 Hora
1467 2242 1621 2279 composita
1632 2264 1640 2277 ,
1662 2252 1712 2279 pro
1723 2242 1861 2272 Condicta
1871 2264 1879 2278 ,
1900 2243 2058 2272 constituta.
2081 2242 2149 2273 Hor.
2162 2254 2186 2273 r.
2202 2241 2292 2272 Carm.
2304 2251 2331 2278 9.
2343 2253 2389 2273 20.

1377 2278 1472 2316 Leges.
1496 2279 1627 2316 Virg.12.
1645 2280 1706 2310 AEn.
1721 2289 1784 2317 315.
1814 2281 1833 2311 i.
1843 2290 1867 2310 e.
1890 2279 2062 2311 Constitutae.
2204 2292 2209 2296 ·

1376 2316 1464 2346 Mare.
1487 2316 1569 2346 Ovid.
1582 2323 1609 2351 8.
1625 2317 1766 2353 Met.857.

1375 2354 1488 2384 Nomen
1498 2354 1569 2392 quasi
1580 2355 1615 2383 ad
1627 2361 1761 2385 terrorem
1775 2355 1960 2394 compositum
1972 2355 2214 2394 Vercingentorix.
2224 2354 2322 2386 Florus
2333 2364 2358 2392 3.
2373 2365 2416 2385 10.
2428 2356 2502 2386 extr.

1375 2392 1476 2459 Obatio
1487 2392 1640 2460 coimpgfita
1650 2415 1658 2429 ,
1680 2398 1778 2424 ornata
1789 2416 1798 2430 ,
1819 2395 1846 2424 8<
1861 2394 1978 2424 artificio
1995 2394 2117 2432 quodam
2131 2395 2158 2424 &
2176 2393 2351 2432 expolitione
2361 2394 2498 2425 distincta.

1426 2438 1459 2459 ic.
1479 2440 1501 2459 1.
1533 2441 1547 2460 e
1590 2437 1637 2460 rat.
1651 2441 1694 2466 50.
1931 2459 1933 2464 ,

1374 2467 1430 2511 Pax
1441 2468 1601 2535 cogrposilta.
1641 2468 1738 2499 Vellei.
1749 2478 1775 2499 2.
1788 2471 1834 2507 76.
1846 2477 1870 2505 3.
1893 2468 1948 2499 Sed
1963 2478 2019 2508 pax
2040 2469 2113 2499 circa
2130 2468 2315 2500 Brundusium
2326 2469 2497 2508 composita,

1397 2516 1414 2534 ι.
1429 2515 1453 2535 e.
1498 2515 1562 2535 onci
1575 2513 1636 2536 iata.

1376 2542 1479 2573 Poema
1490 2543 1572 2573 craffe
1586 2546 1611 2574 8(
1622 2543 1737 2582 illepide
1747 2543 1942 2582 compositum.
1964 2544 2033 2575 Hor.
2043 2554 2069 2575 2.
2086 2544 2169 2583 Epist.
2184 2555 2207 2575 r.
2219 2553 2265 2583 77.

1377 2581 1469 2611 Pudor
1479 2581 1571 2619 palam
1581 2582 1758 2620 compositus.
1783 2582 1872 2612 Tacit.
1885 2594 1911 2617 4.
1924 2583 1995 2613 Ann.
2010 2593 2034 2613 1.

1377 2618 1469 2649 Torus
1490 2619 1562 2650 bene
1578 2620 1767 2658 compositus,
1806 2621 1824 2650 i.
1840 2629 1864 2650 e.
1895 2620 2065 2659 Conjugium
2083 2620 2244 2659 pacificum.
2274 2619 2359 2651 Ovid.
2382 2629 2407 2659 3.
2428 2619 2496 2651 Fast.

1376 2693 1492 2725 Venena
1506 2695 1676 2733 composita,
1697 2704 1748 2734 pro
1759 2694 1834 2725 Fuco
1848 2695 1988 2726 muliebri.
2009 2695 2094 2726 Ovid.
2112 2695 2191 2726 Rem.
2202 2695 2294 2727 Amor.
2313 2705 2376 2734 351.

1469 2733 1514 2763 Tu
1525 2743 1635 2770 quoque
1646 2755 1654 2768 ‚
1675 2733 1835 2771 compositis
1846 2733 1892 2763 sua
1903 2743 1988 2771 quum
2003 2733 2067 2763 linit
2077 2743 2125 2764 ora
2133 2735 2250 2764 venenis
2261 2756 2269 2769 ,

1507 2771 1548 2800 Ad
1559 2772 1679 2800 dominae
1689 2771 1781 2800 vultus
1792 2793 1800 2806 ,
1822 2781 1875 2800 nec
1884 2771 1976 2809 pudor
1987 2771 2094 2807 obstet,
2114 2781 2171 2802 eas.
2253 2771 2290 2802 al.
2310 2771 2381 2801 Cum
2392 2771 2497 2810 politis.

1376 2805 1465 2838 Verba
1477 2809 1627 2846 composita
1638 2830 1646 2844 ‚
1668 2809 1687 2838 i.
1702 2818 1727 2838 e.
1750 2808 1832 2844 Culta
1844 2811 1868 2839 8(
1880 2816 1985 2839 ornata.
2008 2809 2115 2839 Sallust.
2136 2811 2164 2839 in
2178 2809 2304 2847 Jugurth.
2319 2820 2379 2848 cap.
2394 2815 2439 2846 85.
2455 2819 2498 2846 31.

1395 2846 1461 2912 istm
1473 2845 1542 2912 tgunt
1561 2847 1711 2884 composita
1723 2856 1786 2876 mea
1807 2846 1910 2877 verba:
1938 2847 2015 2886 parvi
2034 2848 2065 2877 id
2085 2848 2176 2878 facio:
2209 2846 2266 2885 ipsa
2286 2848 2314 2878 se
2331 2851 2418 2878 virtus
2436 2848 2500 2878 satis

1393 2892 1411 2912 o
1436 2893 1470 2912 en
1493 2890 1522 2913 it.

1376 2919 1438 2950 Vox
1450 2920 1602 2959 composita
1614 2943 1623 2956 ,
1643 2922 1719 2959 apud
1733 2921 1867 2953 Senecam
1876 2944 1884 2958 ,
1906 2922 1956 2953 lib.
1969 2931 1995 2952 2.
2007 2922 2043 2952 de
2055 2922 2193 2953 Clement.

1378 2957 1477 2988 Vultus
1488 2959 1666 2997 compositus.
1691 2960 1780 2989 Tacit.
1794 2969 1818 2989 1.
1835 2962 1905 2991 Ann.
1918 2969 1944 2998 7.

1376 2995 1574 3034 compositus,
1595 2997 1734 3034 Idoneus,
1754 2998 1904 3035 appositus.
1944 2995 2064 3035 Quintil.
2077 3006 2103 3027 2.
2113 3001 2140 3032 8.
2153 3007 2182 3036 p.
2197 3001 2258 3034 158.
2280 2996 2357 3028 Alius
2374 2997 2496 3028 historiae

1358 3035 1900 3111 ..vffiffffi‘ggssffissgnssuscggngggtsffff
1908 3035 2108 3109 325t³2m3¹¹3⁶
2122 3049 2132 3063 “

1376 3107 1414 3138 Ut
1429 3110 1613 3148 compositum
1623 3111 1712 3140 tuerat
1723 3121 1787 3140 cum
1798 3121 1832 3141 eo
1844 3133 1852 3147 ‚
1872 3121 1924 3150 pro
1941 3111 1977 3141 Ut
1996 3115 2166 3141 convenerat
2182 3109 2243 3140 aliis
2257 3119 2320 3140 cum
2333 3119 2375 3141 eo.
2397 3110 2456 3141 Liv.
2466 3119 2492 3141 2.

1398 3156 1439 3184 37.
1457 3157 1497 3185 pr.
1523 3148 1596 3177 Prius
1606 3158 1688 3186 quam
1700 3150 1942 3179 committerentur
1952 3148 2022 3185 ludi,
2043 3148 2163 3185 Tullus,
2184 3155 2214 3178 ut
2222 3148 2300 3178 domi
2311 3149 2494 3188 compositum

1395 3195 1459 3214 cum
1474 3185 1581 3215 Marcio
1591 3186 1679 3215 fuerat
1692 3208 1700 3220 ,
1721 3187 1756 3215 ad
1772 3186 1904 3217 Consules
1917 3187 2004 3217 venit.

1376 3223 1541 3260 Compostus
1555 3245 1563 3259 ,
1584 3233 1634 3261 per
1649 3224 1801 3262 syncopen.
1824 3225 1895 3262 Virg.
1913 3234 1935 3253 r.
1952 3224 2014 3260 [ΕΠ.
2028 3232 2091 3260 253.

1567 3276 1604 3282 —
1614 3271 1690 3291 nunc
1703 3262 1813 3299 placida
1824 3262 1983 3299 compostus
1991 3263 2061 3300 ‘pace
2070 3260 2196 3299 quiescit.

1376 3297 1506 3336 Compar.
1546 3298 1603 3328 Liv.
1616 3305 1661 3333 28.
1674 3309 1719 3329 n.
1731 3307 1801 3329 extr.
1824 3301 1918 3330 Acrior
1931 3301 2038 3338 impetu
2052 3306 2134 3337 atque
2143 3298 2243 3329 animis
2254 3320 2263 3335 ,
2284 3307 2367 3336 quam
2378 3308 2494 3338 compo·

1395 3336 1470 3365 sitior
1480 3335 1537 3365 ullo
1547 3337 1645 3366 ordine
1656 3346 1748 3375 pugna
1760 3338 1822 3366 fuit.

1376 3374 1482 3403 Omnia
1490 3381 1571 3403 erunt
1579 3376 1782 3412 compositiora.
1804 3374 1924 3410 Quintil.
1936 3374 1965 3403 in
1980 3383 2099 3412 prooem.
2111 3373 2160 3403 lib.
2173 3383 2198 3404 1.

1375 3411 1561 3449 Compolitior
1570 3413 1614 3441 ad.
1655 3412 1714 3442 Cic.
1726 3423 1750 3441 2.
1765 3412 1839 3442 Verr.
1854 3422 1897 3448 32.
1922 3412 1954 3443 Et
1962 3421 1997 3441 ex
2005 3412 2180 3442 accusatione
2189 3410 2344 3449 perficiam,
2365 3416 2398 3441 ut
2407 3420 2491 3442 nemo

1393 3458 1516 3485 unquam
1529 3450 1587 3487 post
1605 3450 1753 3479 hominum
1771 3451 1938 3480 memoriam
1958 3451 2097 3488 paratior,
2117 3449 2293 3487 vigilantior,
2314 3449 2494 3487 compositior

1394 3487 1428 3515 ad
1439 3487 1574 3522 judicium
1585 3488 1720 3517 videatur.

1374 3523 1481 3561 Superl.
1523 3524 1582 3554 Cic.
1597 3529 1622 3554 6.
1635 3526 1686 3554 Att.
1700 3525 1780 3567 Epist.
1794 3523 1845 3554 ult.
1871 3524 2026 3554 Admiratus
2041 3524 2098 3554 sum
2108 3546 2116 3559 ‚
2138 3530 2169 3553 ut
2181 3523 2239 3553 vidi
2249 3522 2418 3560 obsignatam
2433 3524 2490 3562 epi-

1394 3561 1490 3590 stolam
1504 3583 1511 3596 ,
1533 3561 1694 3591 brevitatem
1704 3572 1763 3595 eius
1777 3572 1783 3591 x
1807 3569 1838 3592 ut
1847 3563 1942 3599 aperui
1955 3562 2043 3592 rursus
2062 3560 2183 3595 σύγχυσιν
2202 3560 2385 3590 litterularum
2400 3583 2408 3597 ‚
2429 3571 2490 3599 quae

1394 3598 1483 3628 solent
1501 3605 1554 3628 tuae
1573 3600 1804 3637 cornpolitillimae
1817 3602 1842 3630 δ(
1853 3599 2004 3629 clarissimae
2021 3599 2084 3629 esse.
2107 3598 2226 3632 σύγχυσιν
2237 3620 2245 3632 ,
2267 3599 2283 3627 i.
2298 3608 2321 3628 e.
2345 3599 2488 3629 Confusio-

1394 3645 1468 3670 nem,
1481 3636 1678 3667 turbationem.
1700 3637 1955 3674 Compofitissimae,
1978 3638 2004 3667 h.
2017 3647 2041 3667 e.
2063 3635 2211 3666 Belliffirne
2222 3636 2391 3666 constructae.
2413 3645 2488 3666 nunc

1393 3680 1485 3702 autem
1504 3673 1625 3712 scripsisti
1641 3675 1835 3704 vacillantibus
1855 3674 2000 3710 litterulis,
2032 3684 2115 3704 manu
2135 3683 2151 3702 a
2170 3673 2269 3702 morbo
2290 3672 2383 3704 ininus
2396 3673 2485 3704 -firma-

1395 3712 1458 3739 Non
1470 3712 1555 3748 igitur
1568 3713 1603 3741 de
1617 3712 1734 3750 Epillola
1747 3713 1885 3756 lpquitur,
1907 3712 1953 3742 sed
1965 3713 2000 3742 de
2009 3710 2229 3742 Charaeteribus.

1336 3747 1360 3778 C
1371 3758 1387 3777 o
1398 3757 1439 3777 mv
1450 3758 1467 3777 o
1477 3758 1575 3784 siro,
1596 3750 1684 3786 [azy-ni
1699 3751 1807 3785 vary-mnu
1818 3772 1827 3786 ‚
1846 3749 1892 3777 κριὲ
1911 3748 2104 3786 φθήῃ-τῶι]
2123 3748 2261 3778 ablativus
2277 3749 2338 3779 vice
2355 3747 2485 3781 adverbii.

1380 3787 1395 3816 l
1402 3795 1439 3815 en
1454 3786 1731 3861 Cibiiissolitolsagum
1746 3824 1785 3854 est
1794 3824 1937 3862 quomodo
1947 3824 2021 3854 hanc
2030 3832 2126 3852 amans
2135 3822 2237 3853 habere
2247 3822 2336 3861 poss'et

1455 3860 1520 3889 Sine
1531 3862 1605 3891 dote.
1718 3862 1846 3891 Veterum
1856 3863 2049 3898 loquutionem
2064 3860 2118 3890 effe
2130 3860 2254 3890 Donatus
2265 3861 2406 3891 admonet.

1374 3897 1416 3930 Ex
1427 3898 1600 3940 composito,
1620 3899 1708 3929 ldem.
1731 3899 1797 3928 Plin.
1823 3900 1899 3928 Nihil
1917 3909 1974 3928 non
1997 3908 2032 3928 ex
2050 3899 2204 3935 co‘mpolito
2221 3898 2355 3934 fecimus,
2375 3898 2484 3937 pactum

1390 3933 1570 3969 servavrmus.
1601 3936 1633 3968 V.
1655 3946 1696 3967 ax
1709 3936 1824 3977 praepos.
1837 3938 1864 3968 &
1874 3936 1932 3968 Liv.
1946 3945 1970 3967 ι.
1980 3945 2014 3974 9:
2039 3946 2063 3975 ς.
2077 3945 2120 3972 ¹4›
2133 3936 2159 3966 &
2169 3945 2215 3973 24.
2234 3945 2278 3971 14.
2401 3969 2485 4000 cm.
