2600 4177
442 161 470 196 C
567 162 604 196 AE
701 163 729 196 C

35 239 81 268 ca
91 249 126 267 ni
138 249 155 267 Α
167 250 220 269 ms
230 263 237 275 ‚
258 250 280 270 e.
304 241 386 269 Gadis
396 241 541 282 abditus&
551 243 695 276 zidvec'lus:
718 252 748 272 ut
759 266 767 277 ,
789 243 884 273 Refina
897 246 1016 275 cadialis.
1041 246 1105 276 Caei,
1122 248 1179 281 ,Au-

72 276 118 304 rel.
136 277 218 307 Tard.
232 288 256 307 2.
269 288 293 313 7.
335 279 405 314 [Nili
419 288 450 307 ea
462 280 516 315 est,
538 291 590 317 qua
601 281 661 309 cadi
673 281 880 310 oblinebantur.

36 313 176 343 Cnmsc
189 326 204 343 υ
217 326 228 344 s
243 338 249 347 ,
270 316 287 343 i.
306 325 341 344 ni.
364 314 533 352 [zoelicho]
555 318 651 346 dimin.
674 318 817 348 Vasculum
834 330 888 356 quo
907 319 1032 354 sutl‘raqia
1047 321 1183 357 colligun-

71 358 122 379 tur.
150 351 284 394 'Fuerunt
294 360 385 381 autem
399 353 454 383 duo
466 356 540 392 apud
554 363 659 384 veteres
679 356 796 390 cidisci,
819 357 845 385 in
865 367 932 393 quos
950 358 1072 387 calculos
1092 360 1182 386 initte-

73 388 262 431 bsssst-Judices-
303 391 423 419 Alterum
435 393 531 426 mem,
554 394 581 421 in
597 402 677 429 quem
690 394 952 424 condemnationis:
986 395 1101 424 alterurn
1123 395 1182 420 Ῐκκυ-

72 437 116 460 ξον,
137 436 165 454 in
176 436 257 462 quem
267 427 445 457 absolutionis
455 429 576 459 calculos
585 430 782 466 conjiciebant.
806 431 846 461 Ex
857 432 923 462 Bud.
931 432 1089 461 Comment.
1102 432 1178 467 Line.

73 463 117 491 Gr.
140 463 186 492 ubi
197 463 273 500 plura
292 464 323 493 V.
1154 463 1165 469 ’

38 499 111 529 CAn
124 510 213 543 US.¹.¹'
237 505 325 531 orum.
349 512 384 532 in.
403 503 440 540 pl.
473 503 548 533 Gens
570 505 644 538 iuxta
663 514 738 534 mare
758 505 886 543 Caspium
906 507 934 535 in
950 506 1053 536 Mediae
1072 506 1182 535 linibus.

74 537 202 566 Meminit
212 538 307 575 Nepos
320 550 362 581 34<
378 550 399 568 1.
411 552 436 575 4.
451 542 553 570 &Puri
565 546 590 571 6.
605 552 630 578 7.
643 542 754 572 &Cure
767 554 792 577 4.
808 553 848 572 12.
861 555 885 579 4.

37 573 84 604 CA
96 584 216 618 bramis
229 598 237 609 ‚
258 578 409 619 [καόϋπκ]
431 578 521 608 Herba
532 601 539 614 ,
563 581 599 609 de
618 590 670 617 qua
685 580 753 609 Plin.
769 580 816 609 lib.
832 586 872 609 16.
892 591 954 619 cap.
966 581 1016 611 ult.
1057 581 1099 610 Est
1114 583 1139 610 8(
1156 582 1184 609 in

71 612 294 656 Syriaffiinquit,
324 614 424 649 herba,
454 626 514 653 quae
531 625 644 646 vocatur
663 618 793 655 cadytas,
815 628 872 647 non
895 626 1002 649 tantum
1021 618 1163 649 arboribus
1176 639 1183 653 ‚

72 649 119 678 sed
130 652 192 688 iplis
204 652 287 680 etiam
303 651 386 690 spinis
396 653 618 685 circumvolvens
633 655 695 685 sese.

487 717 515 751 C
590 718 627 752 ΣΕ
712 718 740 752 A

39 756 137 794 cm,
160 759 275 795 Cfflos,
297 761 412 793 Ceus.
454 764 485 794 V.
507 775 587 795 caA.

38 796 214 833 CAEADAS,
248 798 278 828 V.
302 808 460 831 carinas.

481 878 509 913 C
603 877 640 914 AE
737 879 766 914 C

39 952 119 984 Cffic
129 964 188 999 ¹:⁴⁵
198 978 205 992 ,
227 966 257 987 ae.
280 957 432 995 [Kmni'oez]
453 959 556 989 Ventus
571 960 638 989 flans
649 961 720 989 inter
735 959 899 997 Aquilonem
913 965 939 992 &
952 968 1080 992 exortum
1094 961 1188 999 AEqui-

73 993 240 1036 nospalem:
263 1005 346 1032 quem
363 997 519 1027 Aristoteles
538 999 594 1033 (ut
611 998 695 1027 docet
713 998 783 1028 Gell.
800 999 845 1028 lib.
860 1010 885 1028 2.
905 1010 967 1038 cap.
982 1003 1048 1031 22.)
1070 1001 1107 1029 ita
1123 1000 1188 1028 flare

38 1047 40 1050 -
75 1031 160 1066 dicit,
182 1033 309 1099 uthubes
319 1035 485 1102 ngprcffffl
496 1036 651 1102 prgpellat,
662 1036 719 1102 ‚sep
735 1042 765 1065 ut
772 1037 807 1102 ai?
818 1036 871 1066 sese
885 1045 974 1104 vkpcet.
1016 1038 1085 1068 Plin.
1098 1037 1146 1067 lib.
1159 1046 1186 1066 2.

72 1077 340 1138 ffigia4ai7ttrahaerri‘suiiil
351 1083 410 1139 sesi:1
413 1132 421 1145 ,
442 1081 694 1140 gpgiaeeffigilagibgrsi.
711 1081 955 1142 ePi‘zbv‘i'errebiiiumcisri
969 1123 1018 1143 eos
1028 1113 1075 1150 qui
1087 1112 1134 1141 sibi
1147 1112 1187 1149 ip-

91 1143 232 1211 gfff-tigm
246 1155 278 1176 ac
292 1149 467 1185 negotiorum
483 1149 624 1179 materiam
635 1150 748 1187 pariunt
760 1171 768 1185 ‚
793 1150 992 1188 arcessuntque.
1033 1149 1063 1180 V.
1085 1148 1186 1180 Erasm.

118 1200 125 1210 .
158 1192 183 1211 ia
206 1205 212 1212 .

11 1217 288 1257 -Caecrctuus‚
319 1222 350 1253 V.
371 1233 503 1255 ciricus.

39 1255 117 1286 (ἷκε
126 1268 179 1301 {²¹
189 1269 207 1287 A
220 1281 228 1295 ,
249 1260 342 1291 Genus
353 1260 496 1300 serpentis.
512 1261 648 1292 Columel.
661 1262 708 1293 lib.
723 1265 749 1292 6.
762 1272 823 1301 cap.
837 1271 878 1300 ¹7·
890 1273 930 1300 pr.
943 1262 985 1292 Est
1000 1263 1085 1294 etiam
1095 1263 1191 1293 morti-

74 1293 156 1339 feriis
170 1294 303 1335 serpentis
321 1300 407 1334 istus,
431 1301 469 1330 est
492 1302 518 1331 &
536 1301 675 1330 minorum
694 1301 857 1331 animalium
876 1301 991 1330 noxium
1009 1303 1101 1331 virus:
1124 1310 1189 1330 nam

78 1334 228 1370 &vipera‚
252 1337 277 1365 8(
290 1337 394 1366 caecilia
404 1338 473 1376 saepe
484 1348 570 1375 quum
589 1339 617 1367 in
635 1338 737 1376 pascuo
756 1339 805 1368 bos
825 1339 981 1376 improvide
991 1339 1188 1378 supercubuit‚

75 1369 194 1401 lacessita
203 1382 303 1409 onere,
326 1375 597 1414 morsumimprimit.
641 1377 670 1405 V.
696 1386 716 1405 A
724 1387 744 1405 M
754 1387 768 1405 P
778 1387 798 1405 H
810 1388 818 1405 1
828 1386 840 1406 s
849 1387 862 1405 b
872 1388 895 1405 ,τε
906 1386 925 1404 Ν
935 1386 964 1406 Α.

41 1405 137 1452 ciaet
148 1420 210 1439 LrA
221 1433 229 1446 ‚
252 1414 423 1448 praenomine
436 1414 501 1443 Caia
516 1436 524 1448 ‚
545 1414 690 1451 Tarquinii
705 1414 784 1444 Prisci
795 1424 866 1443 uxor
877 1434 883 1445 ,
905 1415 1019 1444 maximi
1033 1415 1118 1444 animi
1131 1424 1192 1444 mu-

75 1444 145 1482 her,
166 1448 314 1478 &lanificii
327 1451 503 1487 peritissima,
526 1461 586 1489 quae
608 1453 685 1490 prius
708 1451 843 1489 Tanaquil
862 1451 1024 1487 dicebatur,
1046 1459 1078 1481 ut
1098 1452 1192 1482 scribit

74 1482 207 1515 Volaterr.
247 1487 275 1516 V.
298 1487 364 1517 Plin.
381 1489 430 1518 lib.
442 1492 467 1523 8.
480 1498 539 1527 cap.
552 1495 597 1524 48.
615 1492 640 1519 &
652 1489 719 1519 Fest.
738 1490 767 1519 in
776 1489 896 1524 Praedia,
919 1489 988 1518 Plut.
1004 1491 1039 1526 Q.
1054 1490 1086 1520 R.
1099 1500 1142 1527 30.

41 1519 63 1551 c
72 1531 135 1551 AECI
146 1533 162 1551 L
171 1533 181 1551 1
190 1533 210 1567 A
228 1524 311 1554 Gens.
351 1526 393 1556 De
405 1527 522 1556 Caeciliae
534 1528 624 1565 gentis
636 1528 742 1565 origine
754 1528 840 1557 varias
851 1529 877 1556 8(
889 1527 1006 1556 diversas
1022 1528 1100 1558 fuisse
1117 1534 1192 1557 vete-

74 1568 136 1603 rum
151 1563 300 1598 opiniones
312 1585 320 1599 ‚
351 1565 425 1594 testis
442 1565 479 1594 est
494 1565 540 1594 lib.
553 1573 578 1601 3.
604 1565 694 1595 Festus
715 1565 872 1603 Pompeius.
894 1575 920 1595 v.
943 1565 1078 1595 Caeculus.
1119 1566 1193 1595 Nam

75 1596 121 1626 alii
135 1608 150 1627 a
161 1599 272 1642 Qaeculo
283 1623 291 1635 ,
312 1603 357 1638 qui
368 1602 497 1632 Praeneste
507 1603 635 1632 condidit
644 1625 652 1638 ‚
674 1610 749 1632 ortos
762 1602 888 1632 Caecilios
902 1625 909 1637 ,
932 1603 978 1631 alii
998 1613 1063 1632 vero
1076 1613 1090 1633 a
1101 1603 1194 1633 Caeca-

74 1635 112 1664 de
122 1635 246 1672 Trojano
255 1639 349 1668 AEneae
365 1641 468 1670 comite
477 1641 512 1670 sic
527 1641 685 1670 nominatos
693 1641 891 1670 existimarunt.
932 1641 1010 1670 Idem
1024 1651 1134 1678 quoque
1147 1651 1195 1670 au-

76 1674 135 1717 (tor
148 1673 195 1704 lib.
212 1685 253 1705 11.
274 1687 288 1706 a
305 1677 415 1707 Caculis
424 1678 544 1707 militum
556 1677 637 1707 servis
653 1679 777 1708 deducit.
818 1678 904 1715 Quod
918 1678 1039 1707 siverum
1059 1680 1115 1713 est⁷
1138 1678 1194 1708 sine

75 1710 252 1751 diphthongo
269 1714 389 1745 Cecilios
407 1716 566 1745 scribendos
587 1717 782 1746 existimarem.
833 1716 946 1752 [Immo
967 1717 1002 1746 de
1024 1715 1194 1754 cognomine

78 1748 252 1780 Caeciliorum
264 1752 396 1783 Metellus
414 1754 443 1782 id
455 1755 524 1783 dicit
542 1754 639 1783 Festus.
680 1754 711 1783 V.
733 1754 787 1783 loc.
813 1754 999 1791 Scriptionem
1020 1763 1084 1783 cum
1108 1755 1194 1792 Diph-

77 1787 185 1825 thongo
200 1789 364 1820 confirmant
381 1792 486 1821 denarii
501 1792 608 1829 antiqui
625 1792 700 1830 apud
718 1791 793 1822 Fulv.
814 1790 952 1826 Ursinum,
974 1801 1057 1829 quem
1076 1793 1194 1822 omnino

77 1824 175 1868 dehac
185 1833 267 1864 gente
275 1829 329 1858 adi.
351 1830 425 1859 conf.
450 1841 470 1858 M
481 1840 494 1859 ii
502 1840 522 1858 T
530 1840 545 1858 iz
555 1841 571 1858 L
580 1840 596 1858 1.
607 1840 625 1858 u
635 1839 656 1859 s.

77 1862 208 1906 Princeps
218 1866 243 1895 8(
257 1876 354 1903 parens
365 1867 447 1902 hujus
459 1869 547 1906 gentis
558 1867 586 1896 L.
599 1867 727 1897 Caecilius
739 1889 747 1902 ‚
772 1867 873 1905 opinor
884 1867 922 1896 est
932 1889 940 1902 ,
966 1867 1012 1904 qui
1029 1876 1093 1896 cuin
1105 1867 1195 1897 Servi-

97 1900 136 1929 lio
146 1901 247 1932 Consul
258 1904 309 1934 fuit
321 1906 346 1934 8(
359 1905 480 1935 Praetora
490 1905 574 1935 Gallis
586 1915 711 1935 unacum
724 1906 848 1934 exercitu
859 1904 1000 1942 oppressus
1018 1905 1064 1934 est.
1102 1905 1194 1934 Nemo

95 1939 172 1968 enini
183 1941 217 1970 de
234 1942 351 1972 Caeciliis
363 1950 427 1972 ante
443 1943 519 1973 hunc
538 1943 665 1972 curulem
682 1943 866 1980 magistratum
886 1942 972 1980 gessit.
1013 1943 1115 1972 Verum
1126 1943 1154 1971 hi
1164 1943 1195 1972 in

92 1983 202 2007 tantum
211 1979 314 2009 deinde
325 1981 453 2010 maximis
464 1981 688 2019 amplissimisque
698 1981 849 2010 honoribus
859 1981 932 2010 austi
944 1980 1014 2016 sunt,
1039 1986 1072 2009 ut
1083 1981 1195 2010 Naevius

95 2021 197 2058 poeta,
219 2017 275 2046 sato
289 2018 420 2048 Metellos
439 2019 497 2048 fieti
512 2018 644 2048 Consules
663 2019 756 2048 dicere
770 2028 828 2047 non
840 2018 993 2053 dubitarit,
1014 2024 1046 2047 ut
1064 2018 1102 2047 est
1119 2018 1195 2055 apud

95 2053 247 2096 Pedianum
262 2056 290 2084 in
303 2065 328 2085 2.
352 2057 424 2086 Verr.
436 2066 480 2092 29.
521 2057 584 2093 Qua
595 2057 631 2085 de
641 2066 669 2086 re
681 2057 717 2086 sic
728 2057 829 2086 Patere.
848 2056 896 2085 lib.
910 2065 935 2085 2.
949 2066 972 2085 c.
988 2066 998 2085 1
1007 2065 1029 2085 1.
1042 2062 1110 2085 extr.
1133 2056 1196 2085 scri-

96 2090 152 2125 bit,
175 2091 211 2120 Ut
223 2093 306 2129 paulo
315 2101 378 2123 ante
389 2095 517 2124 Domitiae
528 2095 654 2129 familiae,
677 2095 713 2123 ita
725 2094 842 2124 Caeciliae
857 2094 981 2123 notanda
991 2093 1129 2123 claritudo
1139 2094 1193 2123 est:

117 2129 203 2166 uippe
212 2130 282 2160 intra
292 2141 334 2160 xii
352 2132 439 2162 ferme
450 2141 537 2162 annos
551 2133 632 2168 hujus
646 2133 781 2171 temporis
800 2141 818 2161 c
828 2141 863 2161 os
874 2142 895 2161 s.
917 2131 994 2161 fuere
1007 2131 1129 2168 Metelli,
1149 2136 1198 2161 aut

120 2167 228 2210 ensores
239 2190 247 2204 ,
267 2176 314 2198 aut
325 2170 532 2208 triumpharunt
543 2170 661 2208 amplius
683 2179 733 2200 xii.

78 2203 110 2234 C.
134 2204 237 2235 Plinius
246 2206 392 2237 Secundus
401 2208 530 2238 Caecilius
540 2231 548 2244 ,
568 2209 598 2237 in
621 2208 640 2236 V
651 2219 670 2237 A
681 2219 697 2236 r.
706 2218 720 2237 13
729 2218 744 2237 n
753 2219 763 2236 1
771 2217 790 2236 u
799 2217 811 2236 s
822 2229 830 2242 ‚
851 2206 899 2236 ubi
917 2207 952 2236 de
974 2206 1084 2236 Valerio
1103 2207 1199 2236 Corvi-

98 2251 135 2271 no
147 2264 154 2277 ‚
176 2244 275 2273 citatur
285 2245 426 2281 Caecilius,
448 2247 512 2276 vide
523 2257 557 2275 an
574 2246 605 2275 sit
616 2246 728 2275 Plinius.
751 2245 786 2275 H.
801 2245 840 2274 St.
881 2246 896 2280 [
908 2244 1035 2275 Caecilius
1048 2245 1138 2275 dietus
1149 2245 1197 2280 est,

97 2290 147 2324 pro
157 2290 345 2320 cognomento
354 2284 480 2321 pristino,
497 2284 594 2321 gentili
605 2284 659 2313 hoc
670 2284 786 2312 nomine
794 2282 939 2320 assumpto,
950 2283 1126 2321 posteaquam
1140 2293 1155 2312 a
1163 2283 1194 2312 C.

98 2318 186 2347 Plinio
197 2321 326 2350 Secundo
335 2321 473 2351 avunculo
484 2321 532 2351 suo
545 2322 691 2359 adoptatus
703 2322 757 2351 fuit
767 2343 774 2356 ‚
797 2330 862 2350 cum
882 2321 939 2349 dici
959 2321 1096 2350 debuisset
1112 2320 1200 2350 Caeci·

98 2355 186 2386 lianus
196 2360 280 2387 veteri
291 2369 367 2388 more
377 2381 385 2394 ,
407 2359 454 2388 sed
465 2367 525 2389 tuni
532 2360 684 2397 antiquato.
725 2360 756 2389 V.
778 2358 849 2387 Voff.
863 2358 898 2387 de
910 2358 1023 2396 Analog.
1038 2370 1059 2388 i.
1072 2369 1098 2395 7.
1120 2359 1199 2388 Sicut

97 2394 133 2431 Q.
147 2394 275 2425 Caecilius
292 2396 496 2435 Pomponianus
507 2398 596 2427 dictus
608 2398 646 2427 est
659 2397 694 2427 T.
709 2397 879 2434 Pomponius
890 2397 1009 2432 Atticus,
1021 2397 1100 2433 cujus
1116 2397 1171 2425 vita
1182 2405 1199 2425 a

96 2432 210 2470 Nepote
222 2434 352 2464 Cornelio
362 2435 461 2473 scripta
477 2442 571 2471 extat,
592 2436 738 2473 postquam
750 2444 766 2463 a
784 2434 821 2471 Q
838 2434 962 2470 Caecilio,
979 2434 1119 2465 avunculo
1128 2434 1198 2464 item

95 2469 154 2505 suo,
165 2471 314 2509 adoptatus
323 2473 385 2503 fuit.
428 2473 468 2503 Ab
478 2474 532 2503 hoc
543 2480 660 2511 patrono
670 2474 762 2502 dietus

80 2507 205 2538 Caecilius
216 2510 342 2547 Epirota,
364 2510 490 2540 Libertus
510 2512 592 2540 Attici
607 2511 733 2547 ejusdem
756 2510 856 2547 equitis
872 2509 1010 2545 Romani,
1031 2510 1077 2546 qui
1099 2509 1198 2539 ludum

97 2549 291 2583 grammaticis,
302 2549 397 2578 Romae
407 2550 528 2587 aperuit3
550 2549 710 2586 Primusque
725 2548 827 2577 dicitur
844 2547 999 2584 Virgilium,
1010 2548 1036 2577 &
1050 2548 1118 2577 alios
1131 2557 1198 2585 poe-

98 2589 138 2613 tas
147 2594 235 2616 novos
246 2586 393 2624 praelegere
403 2587 533 2625 coepisse:
555 2588 630 2624 quod
642 2588 726 2616 etiam
738 2585 856 2616 Domitii
869 2585 947 2615 Marsi
959 2585 1107 2615 versiculus
1124 2586 1198 2614 indi-

97 2628 156 2656 cat,
179 2623 291 2661 Epirota
303 2624 470 2654 tenellorum
481 2625 617 2654 nutricula
629 2632 733 2654 vatum.
770 2624 811 2653 Ex
819 2624 933 2653 Sueton.
945 2624 981 2653 de
992 2622 1090 2653 Illustr.
1102 2623 1195 2653 Gram.

99 2669 159 2696 cap.
174 2667 216 2690 ιθ.
239 2662 327 2694 Huius
344 2663 431 2692 etiam
442 2663 571 2692 meminit
580 2662 749 2693 Macrobius.

78 2695 205 2728 Caeciiius
217 2699 310 2729 Gallus
320 2700 348 2733 in
358 2699 503 2738 disciplina
511 2701 593 2737 juris,
614 2707 696 2738 atque
706 2699 812 2737 iegibus
829 2698 927 2736 Populi
945 2698 1064 2728 Romani
1081 2699 1197 2728 noscen-

99 2735 141 2765 dis
151 2757 160 2771 ,
180 2737 449 2775 interpretandisque
463 2737 576 2768 scientia
586 2761 593 2773 ,
614 2738 663 2768 usu
674 2761 682 2773 ,
703 2737 920 2774 auctoritateque
934 2736 1044 2766 illustris
1060 2737 1113 2766 fuit
1127 2747 1198 2766 tem-

99 2783 167 2810 pore
188 2775 291 2810 Gellii,
319 2777 398 2812 cujus
412 2777 496 2805 etiam
513 2775 569 2815 ipse
586 2776 728 2810 meminit,
750 2776 873 2810 dicitque
890 2775 993 2804 librum
1009 2774 1139 2811 scripsisse
1159 2775 1196 2804 de

100 2810 251 2841 Verborum
264 2813 460 2851 significatione
471 2836 479 2849 ‚
500 2824 560 2851 qiiae
572 2815 606 2843 ad
617 2815 660 2850 jus
670 2813 753 2843 civile
765 2813 915 2851 pertinent.
955 2811 988 2842 V.
1011 2812 1081 2842 Gell.
1095 2812 1141 2842 lib.
1151 2816 1193 2842 16.

100 2857 160 2885 cap.
175 2861 198 2885 5.
213 2852 238 2880 8(
250 2851 372 2881 Macrob.
387 2856 411 2881 6.
434 2853 543 2882 Saturn.
555 2861 616 2890 cap.
630 2858 655 2886 8.

83 2885 114 2916 C.
124 2887 251 2918 Caecilius
262 2889 328 2919 item
340 2889 470 2919 Claudius
482 2890 608 2924 Isidorus,
629 2890 660 2919 C.
675 2888 763 2919 Asinio
776 2887 867 2921 Gallo,
878 2887 910 2916 C.
924 2887 1029 2917 Marcio
1044 2887 1195 2918 Censorino

101 2934 191 2955 coss.
207 2928 260 2956 a.d.
277 2937 313 2956 vr
331 2927 444 2958 Calend.
459 2928 585 2958 Februar.
597 2929 759 2957 testamento
772 2926 820 2955 suo
832 2926 935 2955 edixit:
963 2926 1098 2962 Quamvis
1107 2926 1196 2956 multa

101 2962 174 2993 civili
185 2964 259 2993 bello
270 2965 447 3003 perdidiffet‚
468 2973 561 2996 tamen
572 2966 725 3003 relinquere
736 2964 875 2993 servorum
890 2970 1007 3000 quatuor
1018 2963 1105 2993 millia
1115 2974 1193 2999 cxvi,

100 3000 165 3039 juga
179 3001 265 3032 boum
276 3004 328 3033 tria
341 3003 428 3033 millia
439 3014 458 3033 o
470 3014 497 3039 c,
508 3004 606 3041 reliqui
619 3003 728 3041 pecoris
740 3012 758 3031 c
766 3012 783 3031 c
793 3012 832 3031 tv
841 3013 850 3030 1
858 3012 867 3030 1
885 3001 988 3030 millia:
1010 3002 1039 3030 in
1049 3009 1195 3031 numerato

103 3063 170 3086 n-s.
192 3066 245 3086 nc.
268 3056 432 3087 Funerarise
443 3058 517 3093 juffit
531 3068 601 3088 rr-s.
616 3068 661 3087 xi.
684 3059 783 3087 Auctor
798 3056 866 3086 Plin.
880 3056 927 3085 lib.
940 3065 982 3092 3³·
996 3065 1056 3093 cap.
1072 3065 1114 3084 10.

84 3089 145 3123 Fuit
154 3096 180 3124 &
192 3094 318 3124 Caecilius
329 3095 517 3126 Callantianus
531 3119 539 3132 ,
561 3095 694 3125 Callantis
703 3102 795 3124 autem
806 3117 813 3129 ,
834 3095 929 3123 civitas
938 3093 1037 3123 Siciliae
1047 3093 1084 3122 est
1093 3115 1101 3127 ‚
1122 3094 1137 3129 [
1148 3093 1196 3123 Di-

53 3151 56 3154 .
103 3133 223 3161 cendum
234 3134 326 3170 potius
338 3133 494 3163 Caladtinus
503 3134 537 3163 ab
544 3134 652 3172 oppido
665 3133 798 3167 Calacte]
818 3131 980 3168 Judaeorum
996 3131 1138 3168 religionis
1158 3131 1198 3160 se-

103 3170 190 3199 stator
200 3192 207 3205 ,
229 3171 324 3200 Romae
333 3172 430 3201 docuit
439 3171 488 3201 sub
498 3173 615 3209 Augusto
627 3181 713 3209 usque
723 3171 758 3200 ad
772 3171 929 3199 Adrianum.
966 3169 1077 3206 Scripsit
1094 3169 1197 3198 librum

103 3214 200 3237 contra
215 3208 351 3246 Phrygas,
373 3210 574 3239 Βίέὶίοηᾶῐὶυῐη
594 3219 629 3239 ex
645 3210 743 3239 ordine
760 3208 919 3244 literarum,
948 3206 1197 3244 Comparationem

102 3244 295 3276 Demosthenis
304 3257 336 3276 ac
346 3248 507 3283 Ciceronis,
528 3249 554 3277 &
567 3247 628 3277 alia.
668 3248 769 3277 Audior
779 3246 886 3275 Suidas.
927 3244 969 3274 De
979 3245 1057 3280 cujus
1068 3245 1096 3273 in
1118 3254 1150 3273 ea
1167 3254 1198 3274 re

103 3282 158 3312 fide
177 3283 207 3312 V.
223 3284 291 3313 Vols.
306 3285 341 3314 de
354 3286 420 3315 Hist.
430 3285 516 3315 Graec.
529 3285 548 3314 l.
558 3295 584 3314 2.
607 3295 632 3314 c.
645 3295 671 3320 4.
694 3285 767 3314 conf.
780 3283 892 3314 Casaub.
905 3283 934 3312 in
946 3282 1045 3311 Athen.
1055 3281 1074 3312 l.
1086 3285 1112 3311 6.
1121 3291 1196 3312 c.21.

84 3316 183 3351 Praeter
192 3321 242 3351 hos
254 3322 380 3352 Caecilius
399 3323 529 3360 Argivus,
551 3323 735 3358 Versifieator,
755 3321 860 3360 scripsit
876 3321 911 3350 de
930 3320 1059 3350 Piscibus.
1097 3321 1199 3349 Auctor

105 3358 208 3389 Suidas.
240 3360 269 3389 V.
292 3360 369 3390 Siml.
381 3360 452 3390 Bibl.

85 3394 212 3427 Caecilius
223 3398 325 3428 Statius
335 3420 343 3434 ,
363 3398 448 3428 Poeta
459 3398 606 3434 Comicus,
626 3407 709 3435 quem
720 3397 779 3427 Cic.
792 3407 816 3433 7.
830 3398 881 3426 Att.
895 3405 918 3431 3.
949 3395 1057 3426 Malum
1069 3394 1199 3425 Latinita-

104 3434 139 3464 tis
148 3436 287 3465 auc‘torem
299 3443 389 3465 vocat.
429 3436 569 3466 Volcatius
579 3443 672 3466 tamen
688 3436 866 3465 Comicorum
877 3434 997 3472 palmam
1011 3434 1037 3476 ei
1048 3433 1197 3462 concedit:

86 3471 156 3514 'fuit
171 3474 284 3502 natione
305 3474 418 3509 Gallus,
440 3475 466 3505 &
483 3474 564 3504 Ennii
588 3473 808 3504 contubernalis:
832 3472 944 3509 quidam
960 3469 1201 3500 Mediolanensem

104 3509 216 3577 ίῐξιὲἰυῖἰῑ.
255 3511 457 3578 Βειξίζῑᾶεηηο
472 3512 677 3550 postEnnium:
698 3511 821 3549 sepultus
831 3510 860 3539 in
870 3508 1008 3546 Janiculo.
1040 3508 1200 3538 Auctorita-

4 3557 34 3574 ..ν’
115 3557 131 3576 o
151 3571 158 3577 .
208 3558 247 3578 or.
260 3559 285 3578 2.
325 3560 354 3587 pi
379 3573 385 3579 .
398 3560 421 3580 1.
438 3561 480 3586 59.

5 3611 7 3615 .
178 3585 295 3616 Vincere
305 3587 433 3617 Caecilius
445 3588 576 3625 gravitate
586 3609 594 3622 ,
615 3586 764 3617 Terentius
774 3593 839 3615 arte.

5 3629 23 3652 Ι·
86 3632 244 3653 fficxmus
255 3647 264 3659 ,
285 3635 300 3654 a
311 3647 320 3661 7
340 3635 397 3655 um.
419 3627 479 3660 Adj.
500 3632 531 3655 ut
541 3624 780 3661 Caeciliaefamiliae
795 3621 941 3653 claritudo.
963 3621 1060 3651 Vellei.
1074 3631 1101 3658 2.
1116 3631 1199 3666 ¹¹·.³·

5 3666 29 3697 t.
61 3658 270 3691 CAECHAANU
281 3672 309 3697 S,
329 3673 361 3697 a,
382 3673 440 3693 um.
465 3664 525 3699 Adi.
548 3670 579 3693 ut
592 3663 747 3692 Caecilianae
757 3661 884 3696 lactucae,
914 3661 949 3690 de
960 3660 1060 3697 quibus
1072 3659 1140 3689 Plin.
1151 3660 1199 3690 lib.

5 3702 20 3765 ξ
92 3708 116 3732 9.
128 3708 187 3736 cap·
197 3705 222 3733 8.
236 3702 262 3729 &
272 3700 421 3731 Caeciliana
430 3701 536 3738 cerasa,
556 3711 617 3739 quae
632 3702 658 3730 &
673 3700 804 3730 Rotunda
821 3704 903 3728 vocat
919 3698 996 3727 idem
1012 3697 1081 3727 Plin.
1093 3697 1142 3727 lib.
1157 3707 1200 3734 ις.

0 2926 15 3038 ΨΨᾸΨ

15 3000 25 3029 ν-

3 3443 27 3484 -.
0 3325 26 3425 exea
0 3215 23 3313 stuata
0 3063 27 3200 vste-f*

88 3745 233 3804 &oligua
240 3775 403 3806 fabulacic.
411 3786 421 3805 1
427 3799 433 3806 .
439 3778 490 3805 Att.
498 3787 508 3806 1
514 3780 539 3806 6.
545 3777 582 3805 Ac
590 3786 686 3805 vereor
693 3771 1205 3810 neLucullus‚(A1.Lucullis)quoniam

108 3811 232 3842 Graecum
243 3823 342 3850 poema
357 3815 501 3849 condidit,
522 3824 598 3844 nunc
615 3815 651 3843 ad
666 3813 844 3843 Caecilianam
855 3811 976 3840 fabulam
987 3810 1100 3848 spe&et.
1133 3811 1205 3840 Tur-

109 3848 196 3878 nebus
211 3850 265 3879 hoc
277 3850 340 3881 loco
350 3851 498 3882 Lucullum
508 3851 658 3889 legendum
671 3851 835 3883 contendit,
857 3850 936 3885 cujus
945 3858 988 3877 res
997 3848 1081 3886 gestas
1095 3846 1205 3878 Archias

110 3887 228 3916 versibus
241 3888 341 3918 Graecis
355 3889 498 3919 illustrarat
514 3912 521 3923 ,
543 3890 590 3926 qui
601 3891 627 3919 8(
638 3889 740 3919 Caecilii
753 3887 860 3918 Metelli
871 3886 942 3916 faeta
953 3896 1072 3924 pangere
1082 3887 1204 3926 parabat,

111 3932 193 3960 quarn
203 3925 300 3955 Cicero
308 3927 429 3964 appellat
438 3927 617 3957 Caecilianam
628 3927 750 3957 fabulam
761 3949 768 3962 ,
791 3926 826 3955 ad
845 3924 988 3954 Caecilium
1004 3925 1146 3953 comicum
1167 3924 1206 3952 al-

12 3969 20 4017 ζ
110 3959 216 4029 Ιιιὺὶεηε.
254 3963 313 4030 LCic.
322 3975 372 4002 pro
382 3965 461 3995 Arch.
476 3975 521 3995 21.
543 3965 768 3995 Mithridaticum
777 3973 842 3993 vero
855 3962 961 3992 bellum
971 3984 980 3999 ,
997 3963 1049 3992 &c.
1070 3968 1161 3992 totum
1172 3961 1207 3991 ab

12 4006 14 4018 ¹
161 4009 212 4030 οι.
266 4023 272 4031 .

1647 167 1676 200 C
1770 167 1806 201 A.
1904 169 1930 202 C
2318 184 2332 212 ς
2342 180 2357 209 §2
2370 182 2383 208 r

1293 246 1348 275 linc
1361 247 1514 284 expressum
1528 248 1566 278 est
1580 271 1588 281 ,
1610 249 1655 285 qui
1670 248 1734 277 libri
1747 258 1803 277 non
1816 249 1901 277 modo
1914 248 1941 277 L.
1957 248 2100 278 Lucullum
2114 248 2285 280 fortissimum
2298 254 2323 281 ἃ
2335 252 2386 281 cla-

1296 284 1426 313 rill'imuin
1441 286 1531 315 virum
1544 309 1552 321 ,
1573 287 1755 315 verumetiam
1774 296 1839 323 pop.
1853 286 1934 316 Rom.
1947 296 2049 314 nomen
2062 286 2202 315 illustrant.
2263 290 2364 324 [sorte
2379 312 2385 321 ,

1295 321 1339 350 Ne
1354 321 1500 357 Luculleis,
1521 334 1575 360 quo
1587 325 1701 353 nomine
1713 324 1744 352 G.
1757 334 1783 360 p.
1800 334 1824 352 c.
1837 333 1863 351 n.
1876 324 1910 352 ad
1921 323 2067 353 Caecili’ada
2082 325 2134 352 ἃς.

1240 358 1636 394 Cffi‹:1>r.is,Cffic,0,as.
1741 370 1863 390 acus.

1240 396 1348 424 Officii*
1361 406 1374 423 n
1387 407 1451 429 um,
1470 399 1487 426 i.
1503 408 1530 426 n.
1553 396 1686 433 [Ruinam
1743 398 1888 436 Oppidum
1902 398 1939 427 est
1959 397 2119 433 Canipaniae
2143 396 2263 426 initalia
2280 422 2287 432 ‚
2316 401 2391 435 quod

1278 432 1343 461 licet
1355 433 1502 470 paludibus
1512 436 1652 471 adjaceat,
1674 437 1766 465 vincta
1786 445 1877 464 tamen
1891 436 1945 464 vini
1958 435 2151 472 generosill'imi
2173 437 2310 472 pnt’cipine
2325 448 2391 466 enu-

1278 470 1324 497 trit
1336 470 1487 500 arboribus.
1530 473 1616 508 [Non
1628 473 1725 510 oppidi
1741 496 1748 507 ,
1769 473 1815 502 sed
1827 474 1946 510 regionis
1960 481 2062 501 nomen
2077 474 2114 501 est
2126 495 2133 507 ‚
2154 479 2185 501 nt
2203 481 2235 500 eir
2251 473 2307 510 ipso
2322 476 2393 504 Stra-

1279 506 1369 548 bone,
1391 509 1466 537 unde
1480 510 1539 538 haec
1554 510 1697 547 desumpta
1710 511 1772 539 sont
1793 510 1810 539 l.
1828 522 1849 545 ς.
1873 510 2039 547 cognoscere
2060 510 2132 539 licet.
2174 510 2281 540 Dicitur
2295 513 2392 541 eadem

1278 546 1366 572 toroni
1378 555 1410 574 ac
1422 545 1554 576 Picenum
1564 568 1573 582 ‚
1595 549 1748 580 Samnium.
1775 548 1881 577 Latium
1894 550 1945 577 ἃς.

1242 579 1263 609 C
1274 591 1322 609 iac
1334 584 1352 609 ῠ
1362 592 1376 609 Β
1387 592 1444 648 υἷι,
1469 593 1484 612 a
1495 605 1502 618 ,
1521 594 1578 614 um,
1606 586 1666 620 Adj,
1688 584 1874 621 [Kotinai-3⁷3⁴]
1895 593 1925 615 ut
1936 608 1944 621 ,
1963 586 2032 622 Ager
2052 584 2186 614 Caecubus
2197 607 2205 620 ,
2235 586 2309 623 apud
2324 585 2392 617 Plin.

1279 628 1305 647 2.
1322 629 1367 653 95.
1436 630 1481 648 inc

1241 654 1350 685 Cfficu
1361 667 1376 684 B
1387 666 1434 685 UM
1447 679 1454 692 ,
1476 658 1493 686 i.
1515 668 1542 687 n.
1563 658 1723 688 subauditur
1734 659 1845 688 Vinum.
1867 660 1961 688 Horat.
1978 669 2000 689 1.
2014 659 2103 689 Carni.
2119 669 2163 696 37.
2178 671 2201 696 5.

1334 695 1457 723 Antehac
1469 696 1548 724 nefas
1562 697 1725 733 depromere
1737 698 1887 726 Caeeubum

1334 730 1419 760 Cellis
1431 732 1518 761 avitis.
1626 733 1695 762 Plur.
1711 734 1827 763 Martial.
1842 735 1888 762 lib.
1905 743 1946 769 ιζ.
1962 745 2022 769 ιις.

1335 768 1454 798 Caecuba
1467 770 1606 798 Fundanis
1617 772 1747 807 generosa
1759 778 1916 809 coquuntur
1929 772 2056 809 Amyclis.
2140 773 2210 803 Plin.
2225 773 2270 802 lib.
2279 777 2320 802 16.
2333 783 2395 811 cap.

1282 813 1325 841 37.
1363 805 1440 849 Licet
1455 807 1552 844 populi
1567 808 1669 837 vitibus
1681 808 1828 846 placeant,
1850 811 1878 839 &
1900 810 2021 839 Caecuba
2033 810 2165 841 educent.
2203 811 2339 849 Populum
2359 823 2399 841 ar-

1280 842 1378 872 borem
1395 844 1536 881 intelligit.

1282 879 1380 910 Potare
1393 882 1514 911 caecuba.
1537 882 1656 911 Maniai.
1671 881 1720 911 lib.
1738 892 1779 911 12.
1797 892 1837 919 17.

1363 919 1423 949 Nec
1435 920 1483 948 nisi
1496 920 1555 957 post
1568 920 1678 948 niveam
1692 920 1803 949 caecuba
1817 925 1895 957 potat
1909 930 2016 958 aquam.

1282 954 1395 985 Caecubi
1407 958 1482 986 alind
1497 965 1613 995 etymon
1626 956 1705 986 affert
1715 968 1750 986 cx
1762 957 1867 986 Galerio
1879 958 2026 989 Cornarius
2037 961 2066 989 in
2080 970 2140 998 cap.
2159 971 2182 990 1.
2199 961 2247 990 lib.
2259 970 2283 998 7.
2301 961 2401 991 Galerii

1302 993 1337 1023 de
1350 994 1560 1033 Compositione
1570 995 1785 1033 pharmacorum
1795 995 1948 1024 secundum
1959 996 2046 1027 locos.

1246 1029 1452 1068 Cfflcutus,
1475 1033 1574 1062 dimin.
1600 1032 1797 1062 Cffieumo.
1838 1032 1868 1061 V.
1891 1044 2024 1063 cincus.

1247 1067 1270 1097 C
1279 1078 1328 1098 ωε
1337 1079 1356 1098 u
1365 1081 1381 1098 L
1391 1079 1410 1099 u
1419 1080 1430 1099 s
1443 1092 1450 1105 ,
1472 1071 1665 1106 [flammae]
1685 1071 1697 1106 <
1708 1071 1799 1108 inquit
1811 1070 1938 1106 Servius)
1959 1071 2045 1101 Filius
2064 1072 2199 1108 Vulcani,
2231 1073 2267 1103 sic
2292 1074 2381 1104 dictus
2393 1097 2401 1110 .,

1283 1107 1359 1143 quod
1373 1108 1526 1137 minoribus
1540 1107 1646 1137 occulis
1657 1107 1756 1137 suerit:
1780 1117 1862 1145 quam
1874 1118 1932 1137 rem
1945 1108 2105 1146 frequenter
2113 1110 2197 1139 efficit
2205 1111 2308 1140 fumus.
2352 1113 2404 1142 Hic

1283 1145 1402 1174 collecta
1411 1146 1592 1175 multitudine
1601 1146 1744 1183 postquam
1759 1146 1806 1175 diu
1822 1145 2002 1175 latrocinatos
2022 1147 2087 1176 esset
2099 1169 2107 1181 ,
2129 1148 2318 1178 Praenestinam
2338 1150 2405 1179 civi-

1282 1188 1368 1211 tatem
1379 1184 1409 1212 in
1422 1183 1567 1213 montibus
1586 1183 1734 1213 condidit:
1758 1186 1783 1213 &
1806 1193 1891 1220 quum
1911 1184 1946 1212 ad
1968 1184 2049 1214 ludos
2070 1185 2176 1214 vicinos
2191 1187 2310 1223 populos
2334 1188 2405 1216 invi-

1283 1219 1363 1249 tasset
1376 1243 1384 1256 ,
1406 1222 1495 1259 coepit
1507 1231 1554 1251 eos
1568 1221 1685 1256 hortari,
1709 1229 1739 1250 ut
1750 1221 1842 1250 secum
1854 1221 2029 1251 habitarent:
2052 1224 2078 1252 8(
2099 1232 2149 1260 pro
2170 1224 2253 1259 gloria
2264 1225 2364 1259 jactare
2378 1225 2405 1254 sc

1284 1257 1374 1287 filium
1389 1258 1513 1288 Vulcani.
1556 1259 1641 1295 Quod
1655 1269 1741 1296 quum
1761 1259 1801 1287 illi
1820 1268 1878 1287 non
1892 1259 2052 1294 crederent,
2075 1261 2204 1289 invocato
2229 1261 2353 1291 Vulcano
2374 1270 2406 1292 ut

1285 1305 1351 1325 eum
1370 1294 1460 1326 filium
1478 1296 1696 1334 comprobaret,
1716 1297 1808 1326 omnis
1828 1296 1901 1326 illius
1922 1297 2109 1327 multitudinis
2127 1298 2227 1328 chorus
2241 1301 2278 1328 est
2295 1300 2404 1329 flamma

1285 1334 1481 1364 circumdatus.
1523 1335 1589 1371 Quo
1600 1335 1673 1364 fafto
1687 1334 1825 1364 commoti
1836 1344 1933 1364 omnes
1945 1335 2024 1364 simul
2035 1336 2238 1372 habitaverunt,
2250 1339 2277 1366 &
2291 1338 2406 1367 Vulcani

1284 1370 1374 1401 filiurn
1385 1372 1438 1401 esse
1449 1373 1634 1402 crediderunt.
1676 1373 1817 1402 Hastenus
1828 1371 1874 1400 ille
1885 1373 1920 1402 ad
1935 1372 2006 1410 Virg.
2020 1383 2046 1410 7.
2060 1373 2122 1403 AEn.
2137 1377 2201 1408 681.

1410 1411 1471 1440 Nec
1483 1411 1650 1440 Praenestinae
1661 1410 1792 1439 fundator
1804 1409 1893 1439 defuit
1906 1410 1981 1439 urbis
1993 1433 2001 1445 ,

1411 1448 1536 1477 Vulcano
1550 1448 1690 1485 genitum,
1716 1457 1817 1486 pecora
1831 1448 1903 1477 inter
1913 1449 2024 1485 agrestia
2034 1470 2042 1482 ,
2063 1457 2157 1486 regem
2167 1470 2176 1483 ,

1414 1486 1622 1522 Inventumque
1634 1485 1721 1521 focis,
1743 1485 1835 1514 omnis
1847 1495 1930 1522 quem
1942 1485 2064 1515 credidit
2075 1495 2138 1516 aetas
2148 1508 2157 1521 ‚

1411 1523 1553 1559 Caeculus,
1574 1525 1626 1553 810.
1743 1523 1818 1552 conf.
1840 1533 1888 1552 cas
1897 1533 1931 1552 cr
1942 1534 1958 1551 L
1968 1535 1978 1552 1
1989 1534 2007 1552 A
2023 1533 2100 1560 gens.

1248 1559 1380 1589 cincus
1395 1582 1403 1595 ,
1424 1571 1438 1590 a
1453 1584 1460 1595 ,
1482 1572 1540 1591 um.
1564 1562 1622 1596 Adj.
1644 1562 1772 1596 [nemag
1794 1559 1887 1596 ἀλωὶς,
1910 1562 2002 1597 mehr]
2026 1563 2082 1598 Qui
2105 1567 2180 1591 caret
2192 1561 2240 1591 usu
2259 1561 2408 1599 luminum,

1289 1597 1407 1632 aCaedo,
1424 1599 1507 1628 caedis
1516 1621 1524 1633 ,
1545 1599 1621 1636 quod
1633 1598 1664 1627 sit
1676 1598 1764 1628 oculis
1775 1598 1910 1628 concisus.
1933 1600 2057 1635 quamvis
2067 1599 2113 1628 alii
2128 1600 2239 1628 Caecum
2252 1600 2323 1637 quasi
2336 1600 2411 1630 Ocu.

1287 1636 1321 1665 lis
1333 1644 1462 1673 captum:
1486 1637 1532 1666 aiii
1544 1636 1617 1674 quasi
1630 1635 1777 1665 Carentein
1800 1636 1889 1665 oculis
1908 1638 2081 1674 appellatum
2104 1637 2199 1666 velint.
2239 1639 2254 1673 [
2266 1639 2336 1666 Mira
2349 1648 2410 1675 pro-

1286 1674 1361 1703 fecto
1374 1682 1465 1712 etyma
1474 1697 1482 1709 ,
1505 1682 1535 1704 ut
1546 1675 1598 1704 alia
1607 1674 1810 1712 quamplurima
1821 1675 1850 1703 in
1866 1675 1920 1703 hoc
1930 1674 2072 1704 Thesauro
2087 1676 2237 1713 proposita,
2257 1686 2317 1713 quae
2325 1686 2373 1713 per
2383 1675 2411 1705 se

1287 1711 1396 1741 refellet
1409 1713 1506 1742 Lector
1514 1713 1653 1742 cordatus.

1288 1749 1446 1780 Obscurum
1458 1754 1483 1780 8(
1496 1760 1611 1780 caecum.
1633 1749 1691 1778 Cic.
1705 1758 1731 1778 2.
1745 1759 1795 1787 pro
1812 1749 1883 1787 Lege
1898 1751 1957 1788 Agr.
1972 1753 2014 1786 36.

1288 1786 1384 1817 Futuri
1399 1798 1487 1818 caecus
1499 1811 1506 1823 ‚
1526 1789 1545 1817 i.
1560 1798 1583 1818 e.
1606 1787 1700 1817 Futuri
1715 1787 1832 1817 nescius.
1856 1787 1953 1818 Claud.
1969 1798 1992 1818 ι.
2005 1788 2040 1818 de
2048 1787 2130 1827 Rapt.
2145 1787 2266 1827 Proserp.
2285 1793 2346 1824 138.

1290 1826 1391 1855 Amore
1405 1827 1462 1855 auri
1476 1836 1574 1856 caecus.
1597 1825 1669 1862 Virg.
1686 1835 1708 1854 1.
1722 1825 1784 1855 AEn.
1802 1834 1864 1861 353.
2035 1837 2037 1841 ·

1290 1863 1383 1893 Animi
1395 1874 1491 1893 caecus.
1516 1863 1636 1900 Quintil.
1652 1862 1698 1892 lib.
1716 1873 1738 1892 1.
1752 1872 1812 1901 cap.
1828 1873 1869 1892 10.

1289 1901 1390 1930 Animo
1404 1911 1502 1931 caecus.
1523 1901 1584 1931 Cic.
1602 1912 1625 1937 ς.
1643 1901 1678 1930 de
1690 1901 1749 1930 Fin.
1761 1905 1806 1936 ός.

1289 1938 1453 1977 Cupiditate
1463 1941 1489 1969 8:
1503 1940 1615 1969 avaritia
1625 1948 1724 1967 caecus.
1746 1938 1804 1968 Cic.
1816 1948 1867 1977 pro
1883 1937 1981 1975 Quint.
1993 1944 2037 1976 83.

1288 1976 1397 2006 Fraude
1412 1979 1438 2007 8(
1454 1978 1493 2007 ira
1507 1987 1604 2007 caecus.
1626 1976 1684 2006 Liv.
1698 1982 1724 2010 8.

1290 2014 1393 2045 Furore
1405 2025 1494 2044 caecus
1506 2022 1587 2053 atque
1600 2024 1705 2044 amens.
1727 2013 1786 2043 Cic.
1800 2024 1850 2052 pro
1866 2014 1942 2044 Sext.
1960 2023 2002 2051 17.

1290 2052 1395 2083 Furore
1405 2055 1509 2082 amenti
1519 2062 1617 2082 caecus.
1640 2051 1730 2081 Catul.
1743 2056 1787 2081 62.
1803 2062 1863 2089 197.

1369 2091 1463 2128 Cogor
1472 2091 1556 2129 inops
1568 2113 1576 2125 ,
1598 2090 1698 2120 ardens
1712 2111 1720 2125 ,
1741 2091 1847 2119 amenti
1859 2089 2042 2119 caecafurore.

1290 2128 1372 2159 Metu
1385 2128 1489 2158 Caecus.
1532 2128 1601 2159 Plin.
1613 2127 1661 2157 lib.
1675 2137 1718 2157 10.
1734 2138 1795 2165 cap.
1811 2137 1853 2164 33.
1877 2127 2003 2156 Perdices
2013 2131 2088 2157 tanta
2096 2127 2320 2165 rablefetuntur,
2340 2134 2372 2158 ut
2385 2131 2414 2159 ini

1311 2168 1403 2204 capite
1412 2167 1612 2203 aucupantium
1623 2165 1694 2203 saepe
1703 2175 1782 2195 caecae
1792 2173 1869 2195 metu
1877 2165 1998 2195 sedeant.

1291 2205 1423 2234 Acervus.
1444 2204 1530 2234 Ovid.
1550 2214 1572 2233 1.
1587 2204 1654 2233 Met.
1671 2213 1716 2239 24.
1742 2203 1888 2233 Confusus.
1912 2203 1954 2233 De
1967 2202 2045 2233 Chao
2058 2201 2189 2241 loquitur.

1291 2242 1400 2272 Aditus.
1423 2242 1487 2272 Sen.
1503 2242 1583 2271 Here.
1595 2242 1647 2270 fur.
1664 2251 1706 2269 10.

1292 2282 1376 2310 Amor
1390 2279 1429 2309 sui
1441 2289 1539 2309 caecus.
1561 2279 1629 2309 Hor.
1645 2288 1669 2308 1.
1684 2278 1774 2308 Carni.
1788 2283 1831 2312 18.
1846 2287 1890 2314 14.

1485 2332 1523 2338 —-
1533 2327 1593 2355 quae
1604 2316 1775 2354 subsequitur
1786 2325 1875 2345 caecus
1888 2325 1966 2345 arnor
1974 2315 2014 2345 sui
2023 2337 2033 2351 ‚

1404 2354 1541 2386 Attollens
1551 2364 1670 2384 vacuum
1682 2354 1745 2392 plus
1757 2355 1847 2383 nimio
1857 2354 1999 2384 verticem.

1293 2393 1414 2423 Amator.
1438 2393 1504 2422 Hor.
1521 2403 1545 2422 1.
1559 2393 1646 2422 Serm.
1659 2401 1684 2429 3.
1701 2402 1745 2428 39.

1292 2431 1402 2461 Αῐηίἐὶιι
1411 2441 1486 2460 caeco
1498 2438 1598 2460 terram
1606 2431 1707 2460 condit
1717 2439 1782 2459 nox.
1805 2429 1852 2459 Sil.
1866 2429 1915 2458 lib.
1932 2437 1974 2458 12.
2002 2429 2020 2458 i.
2036 2438 2060 2458 e.
2082 2429 2179 2467 Nigro.

1292 2470 1412 2498 Avaritia
1426 2479 1507 2498 caeca.
1531 2468 1590 2498 Cic.
1601 2478 1627 2498 π,
1641 2468 1761 2506 Philipp.
1784 2469 1817 2498 At
1827 2477 1910 2505 quarn
1924 2476 1998 2496 caeca
2010 2467 2124 2497 avaritia
2136 2468 2194 2498 est?

1293 2506 1400 2544 Caligo.
1422 2507 1494 2544 Virg.
1511 2515 1536 2542 3.
1552 2506 1614 2536 AEn.
1626 2515 1688 2540 203.

1293 2544 1410 2574 Carcere
1418 2554 1492 2574 caeco
1504 2544 1619 2574 clausus.
1642 2544 1714 2580 Virg.
1727 2546 1753 2572 6.
1768 2542 1829 2572 AEn.
1843 2552 1906 2580 734.
1998 2551 2097 2572 ——nec
2105 2552 2184 2573 auras

1386 2582 1549 2619 Respiciunt
1558 2581 1654 2612 clausae
1664 2581 1785 2610 tenebris
1796 2603 1803 2617 ‚
1825 2582 1850 2611 8(
1860 2590 1968 2610 carcere
1977 2590 2061 2610 caeco.
2146 2582 2164 2609 i.
2174 2590 2199 2610 e.
2222 2581 2357 2612 Obscuro.

1292 2618 1386 2650 Casus.
1428 2620 1486 2649 C‘m.
1500 2629 1526 2649 2.
1540 2620 1575 2648 de
1587 2619 1680 2648 Divin.
1695 2629 1719 2654 ς.
1742 2619 1895 2655 Quomodo
1907 2628 1972 2656 ergo
1983 2619 2012 2647 id
2023 2618 2098 2654 quod
2110 2625 2216 2649 temere
2225 2619 2256 2648 fit
2267 2629 2341 2650 caeco
2351 2620 2415 2650 casu

1313 2659 1340 2688 &
1350 2657 1527 2687 volubilitate
1539 2658 1657 2687 fortunae
1669 2679 1676 2692 ‚
1698 2657 1850 2694 praesentiri
1858 2658 1885 2686 &
1897 2657 2013 2695 praedici
2026 2656 2116 2694 potest
2125 2657 2139 2686 ἱ)

1294 2696 1435 2725 Cavernae.
1458 2695 1541 2725 Ovid.
1560 2705 1603 2730 ις.
1618 2695 1688 2724 Met.
1704 2705 1766 2730 299.

1293 2733 1396 2763 Causae.
1418 2733 1527 2763 Lucret.
1540 2733 1588 2762 lib.
1603 2742 1627 2767 3.
1644 2741 1707 2770 317.
1730 2733 1748 2762 i.
1764 2742 1788 2762 e.
1811 2732 1984 2770 incognitae,
2006 2732 2128 2761 incertae„

1293 2772 1395 2801 Chaos.
1419 2772 1483 2801 Seri.
1498 2772 1527 2800 in
1539 2771 1616 2801 Med.
1632 2780 1673 2799 io.

1292 2810 1404 2848 Corpus
1412 2819 1533 2844 caecum,
1554 2808 1695 2838 Sallustius
1703 2807 1778 2837 dixit
1791 2829 1799 2841 ‚
1819 2806 1946 2844 jugurth.
1959 2817 2018 2842 115.
2034 2807 2073 2836 de
2085 2807 2180 2837 Aversa
2191 2807 2316 2845 corporis
2326 2814 2414 2846 parte,

1314 2848 1390 2883 quod
1413 2847 1485 2876 nulli
1505 2847 1544 2876 ibi
1563 2846 1659 2882 oculi,
1688 2846 1756 2876 sicut
1778 2846 1807 2874 in
1822 2845 1952 2881 adversa,
1974 2845 2030 2874 five
2054 2846 2207 2882 anteriore,
2228 2846 2344 2876 exstent.
2382 2847 2404 2877 V

1311 2884 1403 2915 Waff.
1418 2886 1448 2914 in
1461 2885 1514 2914 loc.
1529 2886 1555 2915 8(
1565 2884 1654 2914 Lutat.
1667 2885 1697 2913 in
1713 2892 1737 2920 7.
1751 2882 1840 2913 Theb.
1855 2883 1955 2918 Statii,
1976 2894 2003 2921 p.
2016 2892 2079 2920 327.

1294 2923 1441 2961 Cupiditas
1456 2932 1529 2952 caeca
1543 2924 1568 2952 &
1581 2922 1735 2952 temeraria.
1759 2921 1816 2951 Cic.
1834 2931 1856 2950 1.
1873 2921 1909 2951 de
1921 2921 2028 2951 Invent.
2041 2930 2066 2951 2.

1294 2961 1457 2999 Cupiditate
1467 2970 1540 2990 caeca
1549 2961 1617 2998 rapi.
1639 2960 1699 2989 Cic.
1711 2961 1741 2989 iri
1750 2959 1838 2989 Pison.
1855 2968 1898 2996 57.

1296 2999 1418 3037 Cupido.
1440 2999 1526 3028 Ovid.
1542 3007 1567 3034 3.
1584 2999 1652 3028 Met.
1664 3002 1728 3028 620.

1488 3051 1526 3057 —-
1534 3036 1634 3074 praedae
1646 3042 1704 3065 tam
1716 3044 1788 3066 caeca
1797 3034 1902 3073 cupido
1911 3034 1958 3064 est.

1295 3072 1407 3103 Cursus.
1433 3073 1535 3103 Lucan.
1549 3074 1597 3104 lib.
1610 3084 1635 3104 2.
1657 3078 1718 3110 567.

1295 3112 1350 3142 Die
1359 3121 1431 3141 caeca
1443 3121 1535 3141 emere
1545 3111 1658 3149 aliquid.
1700 3111 1786 3141 Plaut.
1809 3109 1904 3140 Pseud.
1918 3119 1940 3139 1.
1956 3117 1981 3146 3.
1999 3112 2044 3145 67.
2076 3107 2145 3138 Eme
2163 3108 2210 3137 die
2231 3118 2311 3152 caeca⁴
2322 3108 2418 3140 hercle

1315 3149 1423 3179 olivum
1434 3171 1441 3184 ‚
1462 3150 1491 3178 id
1499 3150 1615 3179 vendito
1623 3149 1735 3179 oculata
1747 3149 1802 3178 die.
1825 3149 1844 3177 i.
1856 3158 1880 3177 e.
1902 3147 1970 3177 Eme
1985 3156 2043 3175 nori
2057 3146 2189 3183 praesente
2210 3156 2329 3184 pecunia
2340 3170 2348 3182 ,
2370 3148 2418 3178 fed

1316 3188 1346 3216 iri
1366 3187 1440 3216 diem
1460 3189 1554 3225 pacta:
1590 3188 1713 3217 revende
1732 3187 1852 3225 pecunia
1874 3184 2016 3223 praesente.
2057 3184 2205 3213 Vocant&
2224 3183 2285 3219 JCri
2307 3185 2419 3217 Caecam

1317 3226 1393 3254 diem
1402 3246 1410 3259 ‚
1431 3227 1457 3255 8(
1473 3225 1553 3255 Caeca
1563 3226 1720 3255 testimonia
1729 3247 1737 3261 ‚
1758 3225 1829 3261 Quae
1838 3223 1939 3261 scripto
1951 3220 2133 3260 perhibentur
2142 3221 2310 3251 absentibus.
2344 3224 2418 3254 Nam

1317 3263 1395 3293 Caeca
1404 3262 1466 3292 sunt
1478 3273 1536 3292 non
1545 3270 1654 3293 tantuin
1664 3286 1672 3298 ,
1693 3264 1764 3299 Quae
1775 3272 1832 3291 non
1841 3262 1938 3290 vident
1951 3282 1958 3292 ,
1979 3259 2027 3288 sed
2040 3259 2110 3294 Quae
2122 3268 2178 3287 non
2196 3259 2327 3289 videntur
2337 3262 2419 3290 &ab-

1315 3300 1386 3332 sunt.
1409 3301 1508 3330 Erasm.
1522 3302 1552 3330 in
1564 3300 1682 3331 Chiliacl.
1703 3300 1787 3330 Conf.
1802 3298 1915 3328 similem
1930 3297 2102 3326 Catachresin
2114 3297 2144 3325 in
2158 3297 2224 3326 dict.
2243 3307 2256 3326 s
2266 3308 2334 3327 oar)
2347 3309 2396 3329 us.

1297 3338 1416 3368 Dolores
1426 3340 1503 3368 caeci.
1525 3339 1593 3369 Plin.
1606 3339 1701 3374 lib.29.
1715 3347 1825 3376 cap.13.
1848 3337 1866 3365 i.
1878 3346 1902 3364 e.
1926 3334 2041 3369 Obtusi,
2061 3333 2417 3371 velQuorumcausalatet.

1298 3377 1414 3406 Domus.
1437 3377 1521 3406 Ovid.
1537 3378 1567 3406 in
1584 3377 1643 3407 Ibin
1655 3399 1662 3412 ,
1678 3387 1738 3413 374.
1759 3376 1799 3405 De
1809 3372 1989 3410 Labyrintho.

1298 3414 1384 3444 Ensis.
1406 3415 1474 3444 Stat.
1487 3425 1513 3450 9.
1535 3415 1626 3444 Theb.
1643 3421 1702 3449 198.
1726 3415 1744 3443 i.
1763 3423 1788 3442 e.
1809 3413 1928 3441 Temere
1940 3416 2054 3438 rotatus.

1298 3452 1379 3482 Error
1389 3462 1478 3482 caecus
1491 3462 1546 3489 quo
1557 3463 1602 3482 coe
1625 3453 1645 3481 it
1655 3458 1706 3481 eat.
1727 3452 1790 3481 Sen.
1809 3450 1890 3479 Herc.
1905 3448 1955 3477 fur.
1971 3456 2013 3477 12.

1297 3490 1430 3520 Eventus.
1452 3490 1525 3528 Virg.
1539 3495 1565 3520 6.
1578 3463 1639 3521 Ηὲξῑ.
1655 3499 1715 3525 157-

1628 3543 1666 3548 —
1676 3526 1815 3562 caecosque
1825 3523 1932 3553 volu-tat

1392 3564 1516 3595 Eventus
1528 3565 1622 3594 animo
1640 3564 1741 3594 secum.
1858 3562 1874 3589 i.
1891 3571 1914 3589 c-
1936 3560 2069 3590 lncertos-

1299 3604 1474 3641 Expectatio.
1513 3603 1574 3632 Cic.
1587 3612 1612 3631 2.
1634 3612 1684 3639 pro
1700 3601 1772 3637 Lege
1794 3600 1881 3636 Agrar.
1895 3603 1940 3634 ⁶5-
1973 3598 2046 3626 Nolo
2061 3596 2216 3641 suspensam
2241 3600 2268 3629 8(
2285 3599 2422 3633 incertam

1320 3641 1432 3679 plebem
1447 3641 1601 3670 Romanam
1611 3639 1724 3669 obscura
1736 3638 1782 3675 spe
1793 3659 1801 3671 ‚
1823 3638 1928 3665 &caeca
1943 3637 2139 3673 expectatione
2150 3637 2280 3673 pendere.

1300 3680 1375 3709 Fata.
1397 3679 1463 3708 Hor.
1474 3688 1500 3707 2.
1514 3678 1602 3707 Carm.
1622 3687 1661 3713 13.
1679 3680 1718 3705 16.
1741 3677 1759 3704 i.
1773 3685 1797 3704 e.
1820 3672 1969 3712 Improvisa
1980 3695 1988 3708 ,
2008 3675 2036 3703 8(
2047 3683 2107 3711 quae
2124 3674 2212 3703 videri
2228 3685 2283 3704 non
2298 3677 2419 3715 possunt.

1301 3717 1414 3748 Fluctus
1443 3725 1540 3745 caecus.
1573 3715 1631 3743 Liv.
1655 3714 1729 3750 apud
1761 3712 1858 3742 Senec.
1887 3710 1992 3740 Suasor.
2004 3715 2029 3741 6.
2071 3711 2110 3740 M.
2131 3711 2232 3742 Cicero
2252 3713 2300 3743 §ib
2322 3716 2422 3744 adven.

1321 3762 1381 3784 turn
1401 3753 1610 3782 triumvirorum
1621 3752 1733 3781 cefferat
1745 3750 1813 3780 urbe
1824 3772 1831 3785 ,
1849 3750 1901 3779 ἃς.
1945 3748 2024 3778 Unde
2041 3749 2187 3786 aliquoties
2206 3751 2237 3779 in
2258 3752 2344 3782 altum
2361 3763 2424 3790 pro-

1321 3793 1432 3822 vedtum
1445 3800 1530 3827 quum
1540 3790 1623 3818 modo
1634 3790 1710 3817 venti
1721 3787 1824 3817 adversi
1833 3786 2001 3821 retuliffent,
2022 3787 2108 3816 modo
2119 3787 2177 3825 ipse
2188 3789 2366 3822 jactationem
2380 3801 2426 3820 na-

1325 3831 1366 3859 vis
1375 3851 1383 3863 ,
1403 3837 1478 3857 caeco
1490 3826 1618 3856 volvente
1626 3827 1713 3855 flue-“tu
1727 3848 1734 3860 ,
1756 3826 1812 3863 pati
1830 3835 1886 3854 non
1897 3824 1986 3862 posset
1995 3847 2003 3859 ,
2024 3825 2137 3854 taedium
2150 3827 2264 3855 tandem
2276 3837 2339 3857 eum
2351 3829 2424 3858 &su-

1323 3877 1364 3905 gae
1374 3868 1400 3896 8(
1410 3866 1472 3894 vitae
1483 3866 1581 3902 coepit,
1594 3866 1646 3893 ἃς.
1671 3864 1861 3892 Graecanicum
1868 3863 1925 3901 estj
1948 3862 2020 3892 illud
2029 3863 2115 3895 enim.
2124 3862 2206 3892 Caeco
2219 3865 2316 3900 fluctu,
2327 3866 2360 3894 ab
2371 3867 2425 3895 Ho-

1325 3913 1402 3934 mero
1412 3902 1516 3935 11.ξ.ιό.
1535 3902 1667 3939 scriptum
1680 3909 1739 3930 erat
1751 3902 1841 3932 ²223.¹<9⁷¹
1853 3902 1934 3935 κωὶΡφ,
1946 3901 2021 3937 quod
2036 3903 2061 3930 8(
2076 3907 2141 3930 ante
2155 3902 2261 3931 Livium
2279 3904 2316 3932 ita
2329 3904 2424 3933 Latine

1325 3941 1437 3971 Sisenna
1455 3940 1623 3977 explicarat,
1647 3946 1677 3967 ut
1687 3940 1760 3977 apud
1773 3939 1895 3967 Nonium
1912 3939 2066 3976 reperimus
2077 3959 2084 3973 ,
2106 3938 2216 3972 Subito.
2239 3940 2336 3976 inquit.
2351 3950 2426 3970 mare

1324 3977 1532 4009 subhorrescere
1549 3999 1559 4015 ‚
1578 3977 1720 4014 caecosque
1730 3977 1872 4044 flustuscip
1883 3975 1909 4004 se
1918 3976 2082 4014 provolvere
2092 3975 2189 4005 leviter
2196 3979 2290 4014 coepit„
2313 3978 2427 4008 Caecum

1869 4023 1884 4043 c
1894 4023 1910 4043 c
2335 4023 2428 4046 autern
