2604 4222
173 95 219 134 86
580 89 618 126 AE
714 88 747 124 G
844 86 877 123 Y

180 173 214 205 ΡΞ,
222 183 269 203 GY
278 184 292 203 r»
301 183 320 202 τ
329 184 348 203 u
357 184 369 203 s
377 194 385 209 ‚
395 174 422 203 Sc
441 172 466 202 D
476 183 494 202 A
503 181 523 201 N
533 182 552 201 A
561 181 580 201 u
589 182 615 206 s,
628 168 788 207 [Αἵγιπτῷι
799 171 820 204 ιζ,
838 165 969 200 Δάνιθ]
986 164 1048 194 Filii
1058 163 1171 192 fuerunt
1178 160 1236 204 Beli
1249 161 1338 204 Baby-

217 211 357 241 loniorum
379 211 450 247 regis
466 220 472 239 :
509 219 627 247 quorum
646 208 692 238 hic
708 218 742 237 ex
758 206 867 236 diversis
890 203 1023 233 uxoribus
1050 202 1249 243 quinquaginta
1268 199 1337 228 filias

219 249 318 279 habuit
332 271 338 283 ,
360 248 407 278 ille
420 248 539 277 totidem
550 247 630 276 filios.
672 246 784 275 Inhians
794 243 910 280 imperio
921 240 1055 276 AEgyptus
1067 242 1154 267 tratns
1168 260 1175 271 ,
1198 239 1234 281 hh
1247 247 1265 266 ιε
1282 246 1339 265 ma-

217 287 352 315 trimonio
367 285 419 315 suis
438 285 500 315 filiis
511 285 590 321 jungi
609 283 757 321 flagitabat.
808 279 957 320 Abnuebat
977 278 1104 311 Danaus,
1132 285 1263 318 quoniam
1281 284 1340 318 ora-

219 324 276 353 culi
295 323 422 361 responso
438 328 583 360 acceperat
598 322 623 350 se
639 321 732 358 generi
755 317 883 347 manibus
898 314 1095 344 occidendum.
1152 313 1244 342 Parata
1257 320 1340 350 igitur

219 361 317 396 classe,
340 363 422 398 Argos
437 361 579 399 profectus
588 360 642 388 est:
674 356 845 394 expulsoque
866 353 1018 386 Celanore,
1047 352 1207 389 Argivorum
1221 351 1340 388 imperio

217 400 333 438 potitus.
361 398 444 428 Porro
461 398 596 435 AEgyptus
607 406 641 425 eo
651 395 722 424 misit
732 394 802 422 filios
813 414 820 425 ,
842 401 873 420 ea
884 391 998 433 quidem
1005 389 1065 432 lege
1079 413 1086 432 ἶ
1106 397 1136 418 ut
1145 390 1177 418 ad
1191 389 1216 432 se
1231 398 1288 431 non
1301 398 1342 431 re-

220 437 328 471 dirent,
349 436 398 464 nili
416 435 513 465 Danao
530 437 716 470 interempto,
737 437 784 460 aut
802 428 951 458 connubiis
965 437 1030 456 cum
1049 427 1158 456 hliabus
1176 437 1235 463 ejus
1252 427 1338 455 initis.

219 474 373 504 Obiidi'one
388 474 474 510 igitur
489 474 603 502 coactus
615 471 739 503 Danaus,
767 467 836 496 filias
852 466 911 495 suas
922 466 1010 495 fratris
1032 465 1095 494 filiis
1113 464 1271 503 despondit.
1293 463 1341 492 sed

218 511 279 550 ipso
299 511 457 548 nuptiarum
468 510 514 539 die
533 509 639 547 gladios
658 505 809 543 virginibus
826 504 921 538 dedit,
943 503 1044 541 quibus
1063 503 1151 541 prima
1166 504 1248 532 nocte
1268 502 1341 530 viros

218 549 408 578 interficerent
423 570 431 583 ,
461 556 559 576 necem
590 546 629 574 eis
649 543 843 572 interminatus
866 541 915 570 nisi
943 548 1080 580 parerent.
1131 541 1224 578 ltaque
1242 548 1342 568 omnes

218 587 349 616 mandata
365 586 449 624 patris
462 585 525 613 sunt
540 589 664 612 executae
675 603 682 616 ,
712 581 826 618 dempta
836 590 891 609 una
905 579 1127 617 Hypermnestra.
1178 579 1245 607 iiaec
1264 578 1341 606 enim

218 624 307 658 Lino,
327 623 372 652 seu
382 623 508 661 Lynceo,
528 623 587 650 viro
607 619 750 657 pepercit,
772 627 893 654 eumque
913 628 928 647 a
946 618 1044 647 somno
1055 617 1207 646 excitatum
1226 614 1341 653 impulit

218 668 251 691 ut
270 662 334 698 fuga
343 661 396 690 suae
414 659 492 689 saluti
511 657 674 687 consuleret.
714 656 819 686 Author
842 655 965 685 Lastant.
984 656 1013 684 in
1031 665 1057 684 2.
1078 654 1216 684 Thebaid.
1249 653 1338 683 Statii.

217 699 353 736 AEgyptus
369 704 479 731 autem,
505 702 538 725 ut
557 694 651 724 scribit
673 694 831 724 Manethon
842 716 850 729 ,
871 694 961 730 ejerfto
973 694 1056 723 fratre
1068 692 1179 726 Danao',
1201 692 1341 728 sexaginta

218 738 283 765 oc'to
294 736 372 765 annis
387 744 502 772 regnum
509 733 622 771 IEgypti
632 733 739 768 tenuit,
763 734 789 762 ἃ
807 742 842 762 ex
852 732 901 761 suo
913 732 1028 761 nomine
1038 731 1180 768 regionem
1190 730 1341 767 AEgyptum

216 774 307 808 dixit,
337 782 423 810 quum
439 779 519 801 antea
545 771 624 800 Aeria
641 771 789 800 diceretur.
840 770 925 799 Addit
940 769 1079 799 Diodorus
1107 767 1217 797 Siculus
1243 767 1289 796 lib.
1311 775 1337 794 2.

215 821 276 848 cap.
300 821 322 840 1.
345 810 480 847 quosdam
499 809 631 844 fabulari,
657 808 755 838 Nilum
778 808 895 837 fluvium
921 817 1015 837 amore
1032 812 1146 844 captum
1164 805 1226 834 filiae
1245 804 1340 841 Ogdoi

214 849 302 886 regis,
324 849 370 885 qui
391 847 549 885 Memphim
559 847 658 876 urbem
668 846 812 880 condidit,
832 847 860 876 &
876 846 910 874 de
921 845 984 874 filiae
995 845 1109 873 nomine
1127 843 1164 872 sic
1177 842 1339 880 appellavit,

215 887 246 915 in
266 886 336 915 tauri
363 886 480 914 formam
503 884 685 920 conversum,
720 883 844 922 puellam
862 882 1068 921 compressisse:
1109 890 1199 917 exque
1216 890 1248 909 ea
1264 879 1341 917 geni-

214 930 275 952 tum
285 945 293 958 ,
315 933 398 960 quem
415 929 531 961 propter
545 923 677 953 virtutem
689 921 790 952 incolae
805 921 957 959 AEgyptum
973 921 1085 949 dixere:
1111 928 1128 947 a
1143 928 1199 955 quo
1218 920 1245 948 δε
1263 919 1339 955 regio

212 961 245 991 sit
256 962 347 990 omnis
359 962 549 990 denominata.

212 999 325 1037 AEgypti
344 999 449 1037 nuptiae
461 1021 469 1033 ,
495 998 673 1037 Inauspicatae
693 999 719 1028 &
736 996 863 1026 infelices
880 995 1052 1025 dicebantur.
1095 994 1245 1031 Sumptum
1264 1002 1339 1021 ano-

230 1037 331 1066 tiffima
343 1037 436 1066 fabula
445 1036 558 1075 AEgypti
566 1059 574 1073 ,
595 1038 642 1075 qui
652 1036 723 1066 filios
735 1035 934 1072 quinquaginta
944 1055 952 1068 ,
973 1033 1092 1062 totidem
1102 1031 1192 1061 Danai
1202 1031 1291 1059 fratris
1308 1030 1339 1059 fi-

231 1074 321 1105 liabus
339 1075 452 1104 maritos
470 1075 557 1104 dedit.
613 1075 647 1104 At
668 1074 696 1103 hi
717 1079 815 1111 praeter
830 1081 939 1106 unum,
959 1080 1056 1100 omnes
1072 1080 1087 1099 a
1100 1069 1202 1107 sponsis
1222 1068 1337 1106 iugulati

230 1112 304 1142 sunt.
341 1113 478 1150 Torqueri
496 1113 601 1151 poterit
615 1113 644 1141 in
660 1111 813 1141 simulatam
823 1110 974 1139 amicitiam
984 1131 992 1143 ‚
1014 1109 1098 1137 autin
1111 1116 1214 1136 munus
1223 1107 1338 1135 honoris

232 1151 319 1189 gratia
335 1151 430 1180 datum
446 1151 475 1179 in
495 1151 616 1189 speciem
628 1173 636 1185 ‚
657 1159 742 1187 quum
757 1154 993 1184 reveraquaeratur
1011 1146 1149 1184 pernicies
1157 1144 1335 1174 eicuidatur.

232 1189 274 1219 lta
291 1198 494 1226 nonnunquam
510 1199 543 1218 ex
563 1187 740 1217 affinitatibus
756 1193 804 1215 aut
825 1184 978 1215 foederibus
992 1184 1155 1222 principum
1169 1183 1272 1212 atrocia
1290 1191 1338 1211 na-

231 1227 345 1257 scuntur
359 1227 452 1257 exitia.
475 1227 574 1256 Erasm.
596 1227 625 1255 in
642 1224 761 1255 Chiliad.

176 1264 316 1297 AEGYP'r
327 1275 344 1293 u
354 1275 366 1294 s
377 1287 384 1301 ‚
406 1264 589 1301 [A'a'mr-r&]
610 1270 618 1297 <
634 1270 665 1293 ut
677 1262 768 1298 inquit
782 1260 953 1299 Pomponius
969 1259 1046 1289 Mela
1060 1259 1108 1288 lib.
1124 1269 1146 1288 1.
1159 1269 1185 1294 9.
1202 1258 1247 1292 Ι.)
1272 1256 1336 1287 Asiae

211 1304 302 1343 prima
313 1313 383 1341 pars.
406 1303 435 1331 in
450 1303 518 1332 duas
525 1302 658 1331 dividitur
667 1309 765 1339 partes.
786 1299 884 1333 Delta,
899 1307 934 1327 ex
943 1298 1032 1327 forma
1042 1297 1129 1327 literae
1139 1319 1147 1332 ,
1168 1305 1229 1333 quae
1250 1294 1336 1324 Ptole-

210 1344 301 1376 maeo,
322 1341 445 1377 itemque
459 1340 691 1378 PlinioAEgyptus
702 1338 814 1367 inferior
823 1343 945 1366 vocatur.
983 1335 1089 1370 Altera,
1111 1333 1336 1372 quaesecundum

210 1378 308 1409 Nilum
329 1379 503 1407 contermina
513 1378 662 1417 AEthiopiae
680 1376 825 1405 meridiem
845 1373 936 1404 versus
959 1383 1046 1410 usque
1067 1373 1101 1402 ad
1115 1374 1226 1410 Syenen
1240 1380 1338 1409 proce-

210 1417 272 1446 dit:
294 1416 417 1446 Thebais
438 1415 584 1454 appellata.
645 1415 686 1444 De
700 1413 810 1451 IEgypti
824 1412 1006 1449 antiquitate,
1028 1421 1060 1440 ac
1087 1410 1234 1447 disciplina
1251 1408 1337 1438 sacer-

211 1455 312 1484 dotum
323 1456 334 1490 (
345 1464 414 1492 quos
429 1454 578 1493 prophetas
591 1459 694 1482 vocant
706 1454 715 1482 i
737 1449 948 1481 innumerabilia
961 1459 1034 1487 pene
1044 1449 1078 1477 ab
1088 1447 1250 1477 authoribus
1260 1456 1337 1476 com.

209 1498 410 1522 memorantur.
450 1491 513 1521 Huc
524 1491 670 1526 Daedalus,
691 1489 868 1526 Melampus,
893 1487 976 1525 Pytha
997 1497 1074 1522 oras,
1096 1487 1256 1520 Homerus,
1286 1485 1336 1514 So-

209 1530 279 1566 lon,
303 1530 443 1565 Musaeus,
465 1529 558 1564 Plato,
580 1528 774 1561 Democritus,
797 1525 962 1564 Apollonius
1004 1534 1131 1562 yanaeus,
1163 1522 1336 1561 complures-

210 1578 265 1606 que
275 1567 321 1597 alii
335 1567 499 1597 eruditionis
512 1565 591 1596 causa
599 1566 716 1605 profedli
728 1587 736 1601 ,
757 1563 878 1602 ipsorum
891 1563 1057 1600 dogmatain
1068 1562 1143 1591 suam
1155 1562 1272 1599 quisque
1287 1570 1335 1599 pa-

210 1606 291 1636 triam
307 1605 434 1635 retulere.
476 1605 556 1634 Primi
574 1604 708 1642 siquidem
723 1604 851 1631 omnium
866 1601 991 1639 AEgyptii
1005 1599 1192 1630 immortalem
1208 1598 1262 1628 esse
1277 1599 1336 1628 ani-

210 1653 285 1674 mam
297 1644 394 1710 (Vxelgs'
403 1666 411 1679 ‚
431 1652 548 1710 ehagnque
562 1643 596 1672 de
606 1650 723 1680 corpore
733 1641 762 1670 in
772 1649 873 1678 corpus
888 1640 996 1677 vagari,
1016 1644 1049 1668 ut
1063 1639 1102 1668 est
1114 1638 1213 1668 author
1229 1636 1335 1666 Diodo-

209 1692 265 1712 rus.
328 1705 334 1711 .
387 1691 425 1710 in.
478 1704 484 1710 .
515 1691 602 1710 .ca.
635 1696 680 1709 .=

191 1744 193 1749 .
208 1719 346 1758 AEgyptus
360 1718 484 1749 universa
493 1692 509 1755 ,ς
522 1691 593 1748 testi:³
608 1691 750 1756 S9tephano
761 1739 769 1752 ,
791 1716 868 1754 prius
881 1715 959 1744 Aeria
975 1720 1074 1744 vocata
1088 1713 1143 1748 est,
1164 1713 1241 1750 quod
1256 1711 1334 1742 fusco

228 1759 256 1788 ἃ
273 1756 423 1795 caliginoso
442 1756 474 1786 sit
494 1759 563 1786 aere.
603 1756 636 1786 ld
654 1755 729 1793 quod
748 1755 832 1784 etiam
848 1753 961 1783 testatur
982 1752 1049 1782 Plin.
1075 1751 1123 1780 lib.
1155 1760 1199 1780 21.
1221 1760 1281 1788 cap.
1304 1760 1331 1786 7.

227 1795 317 1831 Rosa.
339 1795 377 1825 ait
390 1817 398 1829 ,
431 1796 458 1824 ὃς
479 1804 593 1824 crocum
615 1794 772 1823 odoratiora
785 1814 793 1827 ,
815 1802 879 1821 cum
893 1791 994 1820 serenis
1014 1790 1113 1820 diebus
1128 1789 1279 1827 leguntur:
1306 1790 1333 1819 δε

226 1834 323 1863 omnia
338 1834 367 1862 in
378 1832 473 1862 calidis
485 1842 567 1870 quam
578 1832 607 1861 in
618 1832 733 1869 frigidis.
783 1830 816 1860 In
835 1829 955 1867 AEgypto
980 1836 1074 1858 tamen
1090 1828 1205 1856 minime
1223 1827 1333 1855 odorati

226 1871 309 1901 fiores
322 1893 330 1906 ,
350 1871 414 1908 quia
423 1870 572 1905 nebulosus
582 1871 608 1900 Sc
619 1870 742 1899 roscidus
758 1870 803 1898 ae'r
816 1868 854 1898 est
872 1878 888 1897 a
907 1866 974 1898 Nilo
988 1867 1114 1896 flumine.
1155 1865 1289 1895 Meminit
1305 1866 1333 1894 &

226 1909 333 1938 Gellius
353 1909 401 1938 lib.
421 1919 462 1944 14.
484 1918 516 1938 ca
538 1932 544 1938 .
563 1913 589 1937 6.

206 1946 343 1985 AEgyptus
357 1946 409 1976 sec.
425 1918 596 1984 Hesychium
607 1945 681 1975 dic‘ta
694 1944 728 1973 ab
742 1943 861 1982 ffigypto
876 1952 959 1973 amne
970 1941 1017 1980 qui
1030 1941 1112 1972 Nilus
1128 1940 1222 1980 postea
1237 1939 1333 1978 appel-

225 1984 298 2014 latus
315 1985 384 2014 fuit:
417 1983 463 2013 alii
476 1990 578 2022 putant
595 1984 630 2014 ab
646 1983 752 2021 Coptos
773 1982 886 2020 antiqua
910 1981 994 2015 urbe,
1026 1981 1053 2009 ἃ
1072 1993 1114 2015 ou,
1136 1980 1212 2016 quod
1229 1978 1332 2008 Ebraeis

225 2022 347 2053 Insulam
368 2024 394 2053 &
413 2021 567 2060 Regionem
581 2044 590 2058 ,
621 2027 654 2051 ut
667 2021 826 2050 Graecorum
846 2018 893 2047 aix
914 2019 1008 2048 Sonat.
1065 2017 1107 2047 De
1129 2017 1242 2055 AEgypti
1262 2016 1330 2051 situ,

225 2060 368 2090 fertilitate
379 2083 387 2095 ,
422 2059 577 2089 incolarum
596 2067 728 2098 praeterea
744 2058 858 2096 ingenio
876 2057 1061 2092 institutisque
1080 2065 1112 2085 ac
1128 2056 1253 2085 moribus
1270 2054 1333 2092 plu-

225 2108 255 2129 ra
278 2098 408 2128 Isocrates
421 2098 450 2127 in
468 2098 597 2128 Busiride.
639 2097 680 2127 De
701 2096 842 2125 fertilitate
865 2096 892 2125 &
908 2095 1021 2124 urbium
1036 2093 1219 2123 multitudine
1237 2093 1332 2122 Theo-

225 2137 287 2166 crit.
308 2136 407 2174 Eidyll.
430 2144 471 2173 17.
492 2146 517 2166 V.
536 2146 579 2173 79.
601 2137 628 2165 ἃ
646 2135 719 2172 seqq.
758 2134 789 2163 V.
809 2135 836 2163 δέ
851 2134 987 2163 Ammian.
1004 2141 1048 2161 22.
1071 2142 1116 2166 40.
1138 2131 1211 2168 seqq.
1234 2130 1281 2160 ubi
1303 2132 1331 2160 δι

224 2174 402 2212 Religionem
423 2172 571 2209 describit,
602 2183 685 2211 quam
711 2170 921 2210 superstitiosam
944 2172 971 2200 ἃ
985 2171 1156 2205 immanem,
1178 2178 1261 2206 quam
1279 2169 1331 2197 foe-

225 2212 307 2248 dam,
327 2211 469 2241 crudelem
492 2212 518 2241 &
533 2211 678 2241 ridiculam
690 2210 820 2239 habuere.
843 2209 878 2238 de
890 2219 944 2246 qua
965 2207 1054 2238 multa
1068 2207 1194 2244 Juvenal.
1213 2207 1269 2236 Sat.
1285 2207 1328 2241 15'.

225 2252 333 2287 &quos
353 2249 448 2279 laudat
463 2249 644 2279 Elmenhorst.
673 2248 707 2278 ad
722 2247 824 2277 Arnob.
852 2257 874 2276 1.
900 2257 928 2285 p.
947 2256 988 2282 15.
1008 2246 1034 2275 se
1056 2255 1081 2282 q.
1118 2245 1237 2274 Gentem
1248 2250 1331 2274 vocat

225 2297 285 2318 non
303 2287 389 2322 fidam
403 2287 505 2317 Lucan.
522 2299 546 2323 5.
571 2293 613 2322 58·
651 2285 767 2316 lmbelle
784 2292 866 2322 atque
883 2285 982 2314 inutile
997 2283 1039 2312 Vu
1053 2293 1111 2321 gus.
1132 2282 1258 2319 Juvenal.
1285 2293 1328 2318 15.

226 2336 290 2362 124.
342 2325 447 2355 Vanam
476 2332 589 2363 gentem
612 2335 644 2354 ac
666 2324 802 2354 novandis
825 2333 908 2361 quam
926 2322 1054 2360 gerendis
1082 2321 1164 2350 rebus
1193 2321 1330 2359 aptiorem

224 2364 302 2394 Curt.
323 2375 350 2400 4.
375 2374 398 2393 1.
424 2373 467 2400 30.
509 2363 580 2400 Quae
596 2363 691 2392 omnia
708 2361 782 2399 quasi
796 2361 826 2390 in
845 2361 1017 2398 compendio
1036 2359 1074 2389 est
1093 2359 1258 2397 complexus
1276 2358 1330 2387 Vo-

225 2401 316 2441 piscus
347 2401 377 2430 in
394 2401 543 2430 Saturnino
560 2411 621 2439 cap.
640 2406 666 2434 8.
697 2400 745 2429 ubi
765 2401 791 2429 Sc
813 2399 847 2428 de
869 2398 964 2428 studiis
982 2397 1066 2427 refert
1088 2397 1188 2435 quibus
1207 2397 1330 2426 maxime

224 2439 356 2470 delectati
374 2439 483 2477 Egyptii
497 2439 583 2468 fuere.
620 2438 690 2467 Vide
712 2439 738 2467 &
755 2437 840 2467 Treb.
860 2436 927 2466 Poll.
944 2447 985 2472 30.
1011 2435 1134 2473 Tyrann.
1158 2436 1188 2464 in
1207 2434 1330 2465 IEmilia-

224 2487 272 2507 no.
309 2477 351 2506 De
371 2477 475 2506 invidia
496 2487 592 2506 eorum
609 2486 661 2514 qua
678 2476 785 2505 nemini
804 2475 934 2513 dogmata
950 2476 976 2504 ἃ
993 2473 1152 2511 disciplinas
1172 2472 1231 2502 suas
1253 2482 1329 2502 com-

223 2514 420 2549 municabant,
446 2514 569 2544 Beroald.
581 2524 623 2552 37.
636 2515 736 2543 Annot.
749 2513 832 2543 Torn.
846 2523 869 2542 1.
893 2512 1024 2543 Thesaur.
1038 2511 1104 2540 Crit.
1118 2511 1193 2540 Grut.
1216 2521 1244 2549 p.
1262 2520 1326 2546 213.

223 2553 267 2583 De
281 2552 401 2591 AEgypto
416 2554 442 2582 ἃ
453 2552 588 2590 AEgyptiis
596 2552 679 2581 rebus
694 2551 780 2580 multa
791 2550 925 2588 congeffit
935 2550 1061 2580 Barthius
1071 2549 1107 2579 ad
1119 2549 1216 2579 Claud.
1228 2559 1257 2587 p.
1265 2558 1326 2585 129.

223 2590 296 2628 seqq.
341 2591 369 2619 V.
385 2590 468 2620 etiam
480 2590 596 2620 celeber.
620 2589 715 2619 Witsii
729 2589 899 2627 AEgyptiaca.

204 2628 318 2666 AEgypti
329 2628 420 2658 sulcus
429 2650 437 2662 ,
459 2627 551 2666 Libyae
561 2638 618 2657 non
630 2634 706 2657 curat
716 2637 820 2656 arenas.
854 2626 988 2663 Adagium
1001 2635 1035 2654 ex
1048 2624 1182 2663 Antiphili
1194 2626 1329 2663 epigram-

223 2673 298 2696 mate
311 2666 518 2704 depromptum.
556 2665 664 2695 Dicitur
672 2672 765 2694 autem
774 2664 883 2694 deloco
895 2674 953 2693 non
967 2663 1119 2692 admodum
1130 2663 1244 2700 quidem
1259 2663 1326 2698 lato,

222 2704 271 2734 sed
282 2704 422 2741 insigniter
430 2703 565 2733 foecundo
574 2714 607 2732 ac
616 2702 756 2732 fructuoso
767 2712 773 2732 ι
796 2702 843 2740 qui
852 2701 935 2739 longe
946 2701 1161 2738 anteponendus
1169 2701 1206 2730 est
1215 2701 1328 2730 desertis

223 2742 417 2785 incultisquea
438 2742 491 2777 ris,
511 2741 616 2770 tametsi
624 2741 794 2770 vastioribus.
833 2740 977 2777 Siquidem
986 2740 1120 2776 AEgyptus
1136 2740 1329 2775 magnitudine

223 2780 300 2812 cedit
312 2787 408 2817 utique
442 2779 513 2817 ibyae
525 2801 533 2814 ,
550 2778 598 2808 sed
616 2779 661 2814 ita,
682 2785 713 2808 ut
724 2777 798 2807 illius
807 2784 866 2806 tota
876 2778 983 2806 vastitas
997 2787 1032 2806 ne
1044 2777 1126 2813 hujus
1140 2778 1254 2814 quidem
1264 2776 1330 2806 asse-

223 2824 324 2856 quatur
343 2817 559 2855 portiunculam.
597 2816 707 2854 Nempe
719 2815 751 2846 ffi
790 2823 854 2853 ptus
875 2815 948 2844 dusta
966 2814 1004 2844 est
1021 2814 1161 2844 veteribus
1203 2815 1330 2844 ublicum

223 2856 299 2885 orbis
323 2855 461 2885 horreum.
502 2854 544 2884 Ex
566 2854 631 2885 Cael.
653 2855 744 2892 Antiq.
785 2855 837 2883 eet.
852 2853 901 2883 lib.
921 2856 964 2882 16.
984 2862 1045 2891 cap.
1064 2863 1110 2883 20.
1134 2853 1165 2882 V.
1210 2853 1278 2883 arth.
1293 2852 1330 2883 ad

224 2893 322 2923 Claud.
333 2893 462 2923 Mamert.
482 2903 510 2931 p.
527 2902 591 2928 450.

202 2931 299 2964 Ferax.
324 2930 422 2960 Claud.
436 2931 515 2969 Epig.
525 2936 570 2967 87.
588 2940 611 2966 ς.
634 2929 669 2959 de
685 2928 763 2959 Nilo.

285 2968 420 3007 AEgyptus
430 2968 485 2998 fine
500 2968 576 2997 nube
593 2968 669 2997 ferax
680 2989 688 3003 ,
708 2967 865 3003 imbresque
882 2965 993 2995 serenos
1007 2988 1015 3001 ,
1042 2967 1095 2996 &c.

204 3006 319 3038 Fertilis.
340 3006 487 3043 Dionysius
504 3006 540 3035 de
553 3006 604 3035 situ
619 3005 692 3034 orbis
710 3005 862 3042 interprete
881 3003 1018 3033 Prisciano
1030 3026 1038 3038 ,

285 3044 393 3074 Fertilis
410 3044 523 3088 AEgypti
537 3049 621 3073 terras
639 3042 785 3072 foecundat
799 3043 914 3079 opimas.
990 3041 1059 3071 Plin.
1073 3041 1121 3070 lib.
1149 3049 1192 3078 17.
1215 3050 1276 3081 cap.
1299 3051 1327 3078 4.

226 3081 269 3111 Est
278 3082 373 3111 fertilis
382 3082 502 3111 Thraeia
511 3081 632 3120 frugum,
651 3083 758 3118 rigore:
780 3080 887 3109 aestibus
900 3102 909 3114 ,
930 3079 1018 3108 Africa
1032 3081 1057 3110 ἃ
1071 3079 1214 3117 ffigyptus.

206 3118 315 3149 Hiulca.
337 3120 354 3148 i.
376 3130 400 3149 e.
422 3119 469 3149 Ob
479 3120 594 3149 nimiam
606 3118 756 3148 siccitatem
773 3118 896 3148 diducta.
919 3118 987 3147 Stat.
999 3129 1025 3154 4.
1047 3117 1137 3147 Theb.
1153 3123 1217 3154 788.

207 3156 333 3186 Horrida.
353 3157 371 3187 i.
393 3167 416 3187 e.
437 3158 590 3195 incompta.
612 3155 739 3192 Juvenal.
760 3165 800 3191 ις.
822 3156 876 3185 Sat.
896 3159 941 3190 46.
1059 3171 1098 3177 —-
1115 3155 1227 3185 horrida
1245 3154 1310 3185 same

287 3194 319 3223 AE
350 3201 435 3232 *ptus3
468 3195 515 3225 sed
528 3195 657 3229 luxuria,
682 3200 816 3231 quantum
833 3192 890 3231 ipse
905 3193 1017 3229 notavi,

288 3204 401 3261 Bassareu
418 3233 521 3262 famoso
540 3243 598 3262 non
612 3233 688 3276 cedit
707 3232 788 3261 turba
796 3231 928 3275 Canopo.

206 3268 363 3336 iacenglggr
368 3269 461 3336 33:2³.
469 3271 590 3338 hizuiffiiiss
602 3270 621 3300 ¹¹
625 3270 650 3337 ii
661 3271 726 3337 32³1?
729 3269 880 3345 35:3³1}ssss
887 3271 1014 3342 'ja‘ssssii'tis

287 3342 397 3382 AEgypti
416 3345 529 3383 Libycas
547 3346 628 3376 Nilus
646 3346 781 3383 stagnaret
795 3353 900 3374 arenas.

206 3379 320 3424 Loquax
336 3391 367 3424 ac
390 3383 530 3426 ingeniosa
544 3385 574 3413 in
592 3384 787 3422 praefectorum
803 3380 988 3412 contumelias
1012 3380 1155 3418 provincia
1172 3379 1323 3419 AEgyptus:

225 3429 255 3462 in
267 3429 319 3455 qua
328 3427 411 3448 etiam
423 3430 468 3456 qui
477 3428 631 3450 vitaverunt
641 3421 753 3458 culpam
771 3443 779 3455 ,
802 3430 861 3449 non
879 3419 1037 3456 effugerunt
1047 3418 1197 3448 infamiam.
1219 3420 1325 3448 Seneca

226 3467 256 3485 in
266 3456 454 3486 consolatione
466 3458 500 3486 ad
513 3459 637 3488 Albinam
647 3481 655 3493 ,
678 3459 731 3489 sive
748 3458 885 3489 Helviam.
908 3456 955 3486 sub
968 3456 1014 3485 fin.

205 3493 386 3561 Memphitis.S
400 3495 428 3560 iti.
449 3505 473 3524 e.
503 3494 705 3534 M-mphitica,
732 3507 748 3525 a
767 3495 898 3533 Memphi
912 3495 1052 3533 praecipua
1065 3492 1157 3530 IEgyti
1179 3493 1256 3523 urbe.
1276 3493 1325 3529 Ju-

225 3540 288 3561 ven.
306 3542 346 3567 15.
389 3542 424 3560 a.
447 3541 504 3561 122.

339 3606 344 3612 .
366 3586 402 3612 ,-
422 3579 494 3611 anne
513 3569 593 3599 aliam
606 3577 676 3600 terra
695 3571 883 3609 Memphitide
898 3570 968 3599 sicca

285 3606 421 3635 Invidiam
441 3608 563 3636 iacerent
582 3609 688 3637 nolenti
703 3609 811 3646 surgere
830 3608 915 3638 Nilo‘?

206 3644 293 3687 Sagax
304 3666 311 3676 ,
333 3654 347 3686 {¹
359 3645 448 3686 studio
463 3654 552 3673 rerum
566 3644 728 3675 sideralium.
763 3647 889 3676 Macrob.
901 3647 996 3676 Somn.
1007 3645 1082 3682 Scip.
1100 3642 1149 3673 lib.
1163 3653 1186 3673 1.
1202 3652 1262 3681 cap.
1274 3652 1319 3674 21.

225 3680 321 3710 Claud.
334 3691 361 3709 in
372 3681 444 3710 Ruri.
459 3681 506 3710 lib.
527 3694 547 3710 1.

206 3718 315 3761 Viridis.
342 3719 410 3761 Virg.
423 3731 448 3754 4.
472 3721 569 3756 (ieorg.
586 3719 621 3748 de
635 3719 700 3748 Nilo
712 3742 720 3755 ,
741 3730 804 3755 291·

288 3756 321 3784 lzt
331 3757 447 3784 Viridem
461 3756 610 3794 AEgyptum
629 3757 704 3794 nigra
718 3758 863 3787 foecundat
884 3767 975 3787 arena.

168 3795 202 3825 IF.
211 3804 228 3822 c,
238 3804 255 3822 Y
267 3804 280 3821 p
290 3804 307 3821 τ
319 3804 324 3820 1
336 3796 351 3821 Ᾰ
362 3804 405 3836 c‘u
415 3803 427 3822 s
437 3815 445 3827 ,
465 3804 479 3822 a
492 3816 499 3826 ,
521 3804 575 3822 um.
598 3795 656 3827 Adi.
668 3794 734 3823 l’lin.
746 3795 762 3823 l.
778 3802 804 3824 ὁ.
820 3806 880 3833 cup.
892 3802 937 3829 28.
960 3795 1000 3824 Ad
1010 3804 1084 3824 mare
1100 3793 1223 3823 nostrum
1231 3793 1321 3825 littus-

207 3841 261 3867 que
276 3831 479 3867 AEgyptiacum.

167 3870 200 3900 IE
210 3880 226 3897 c
239 3880 254 3912 j(
267 3879 279 3896 ι»
288 3878 307 3896 >r
317 3879 324 3896 i
335 3878 352 3896 A
363 3878 379 3896 c
391 3879 420 3909 r.
444 3870 456 3902 Γ
468 3864 584 3899 hwa-⁷25
596 3868 609 3901 ]
631 3867 713 3898 Treb.
724 3868 782 3897 Pol.
792 3869 823 3899 isi
843 3870 976 3899 Zenobia.
1017 3870 1193 3906 Loquebatur
1203 3872 1228 3900 ἃ
1239 3868 1320 3907 AEgy-

204 3906 339 3946 ptiacead
354 3906 508 3943 perfectum
525 3905 649 3935 modum.

1743 77 2100 136 XAELI

1393 158 1618 195 AEGYPTIUS,
1638 171 1653 189 a
1665 182 1673 195 ,
1698 168 1755 189 um.
1779 159 1837 196 Adj.
1860 158 2047 196 [ΑὶφέπἹιςῦω]
2069 158 2114 189 Sil.
2127 158 2244 189 Ital.lib.
2260 167 2301 195 13.
2313 165 2378 195 474.

1467 236 1482 240 ..
1523 214 1560 219 —
1583 197 1707 236 Aigyptia
1723 197 1813 227 tellus.
1874 198 1932 228 Cic.
1956 198 1983 228 in
2004 198 2092 228 Pison.
2114 197 2271 226 Nomenad
2285 196 2450 233 dignitatem
2465 193 2552 234 impe„

1451 245 1498 269 rii,
1520 236 1576 273 regi
1592 236 1721 273 AEgyptio
1736 235 1869 265 vendidit.

1433 272 1775 340 ffigyptixilimLTpmssuig.
1796 273 1880 311 Adag.
1898 273 1934 302 (le
1943 273 1983 302 Eo
1994 272 2069 310 quod
2076 271 2228 301 forinsecus
2237 272 2319 307 nitet,
2341 270 2488 301 introrsum
2499 271 2553 300 foe.

1452 317 1500 339 tet.
1567 335 1572 340 .
1609 312 1659 340 ke.
1727 321 1743 339 o
1767 333 1772 339 .
1793 321 1817 346 9.
1835 322 1857 344 ς,

1431 348 1562 385 AEgyptio
1572 349 1674 386 Scytha
1685 358 1742 377 non
1760 349 1874 378 invidet.
1915 347 2094 378 Proverbium
2104 345 2160 375 dici
2177 346 2307 382 solitum,
2328 343 2440 383 quando
2458 343 2487 374 in
2501 344 2552 375 dis-

1451 386 1552 416 similes
1566 409 1574 421 ,
1607 388 1633 416 Sc
1646 396 1715 424 quos
1733 396 1875 424 nunquam
1887 388 2047 416 noverimus
2059 408 2066 420 ,
2089 394 2147 414 non
2163 384 2286 413 exeritur
2298 383 2435 414 virulenta
2452 382 2549 414 rabies.

1451 424 1516 452 Cael.
1530 424 1576 453 lib.
1590 434 1633 453 20.
1654 434 1714 462 cap.
1732 434 1773 459 30.

1431 461 1553 499 AEgyptii
1571 462 1760 491 machinarum
1779 462 1906 491 artifices.
1934 461 1977 490 De
1991 459 2121 494 versutis,
2141 460 2168 488 &
2179 459 2224 492 (ut
2239 460 2277 488 ait
2290 458 2415 491 Plautus)
2431 457 2552 489 consutis
2576 453 2580 457 ’

1451 500 1523 528 dolis
1534 500 1699 528 dictitatum.
1739 499 1875 537 Torqueri
1889 499 1978 536 potest
1994 498 2058 528 &in
2074 496 2221 534 perplexas
2233 497 2412 535 sophistarum
2423 496 2551 533 argutias,

1452 547 1483 566 ac
1493 537 1713 575 syllogismorum
1724 537 1933 575 inexplicabiles
1943 535 2123 573 labyrinthos.
2140 535 2193 564 Aut
2206 536 2235 564 in
2245 534 2426 573 sycophantas
2436 544 2468 563 ac
2479 533 2554 563 dela·

1451 581 1535 608 tores.
1545 577 1661 611 quivera
1672 575 1742 604 falsis
1749 575 1942 612 permiscendo
1952 575 2070 603 nectunt
2078 572 2239 602 calumnias.
2263 572 2362 602 Erasm.
2374 573 2402 601 in
2411 570 2530 601 Chiliad.

1433 612 1569 650 IEgyptiis
1592 613 1698 651 duplex
1715 613 1769 642 fuit
1783 613 1923 642 scribendi
1941 621 2036 649 genus.
2088 610 2199 645 Unum,
2219 610 2296 647 quod
2316 610 2399 647 vulgo
2419 609 2548 640 discunt:

1452 651 1569 679 alterum
1579 673 1587 685 ,
1612 652 1686 687 quod
1700 650 1785 681 sacras
1792 651 1884 680 literas
1899 649 2058 688 appellant,
2080 648 2130 677 soli
2140 647 2297 677 sacerdotes
2312 648 2466 685 attingunt,
2482 657 2554 685 apa.

1451 689 1576 717 rentibus
1592 698 1641 725 per
1656 695 1754 718 manus
1771 689 1883 718 traditas
1897 699 1903 717 ε
1932 697 1997 724 quas
2018 686 2052 715 ab
2070 685 2247 723 AEthiopibus
2269 686 2391 723 primum
2406 695 2550 723 accepere.

1452 727 1518 755 Non
1528 727 1603 755 enim
1619 726 1760 755 literarum
1767 726 1969 764 compositione
1978 747 1985 759 ,
2005 732 2053 753 aut
2062 734 2077 752 a
2091 723 2177 752 literis
2190 723 2273 753 verba
2287 724 2490 761 exprimuntur,
2503 722 2551 753 sed

1449 764 1613 793 animalium
1626 770 1674 793 aut
1689 764 1803 793 aliarum
1816 774 1904 793 rerum
1918 762 2093 799 imaginibus.
2134 761 2266 790 Scribunt
2285 762 2360 790 enim
2373 762 2551 799 Accipitrem,

1449 809 1480 831 ut
1497 812 1555 830 rem
1576 801 1678 830 sacram
1699 803 1830 831 denotet:
1853 801 2050 835 Crocodilum,
2069 806 2100 829 ut
2117 798 2238 828 malum:
2262 799 2386 829 Oculum
2401 821 2409 835 ,
2430 806 2462 829 ut
2478 799 2553 836 justi-

1449 841 1535 869 tiam:
1571 839 1689 868 Manum
1711 840 1838 869 dextram
1854 839 1956 877 passam
1970 861 1978 873 ,
2008 845 2039 867 ut
2062 837 2270 866 liberalitatem:
2293 837 2498 875 Compressam‚
2518 844 2551 867 ut

1449 878 1593 906 avaritiam
1610 887 1616 906 :
1642 879 1667 907 ἃ
1683 878 1715 906 iis
1729 878 1832 907 limilia.
1873 878 2001 914 Denique
2016 886 2031 904 a
2047 875 2146 904 dextro
2168 875 2204 904 ad
2223 875 2357 904 sinistrum
2375 874 2498 904 scribunt
2515 875 2553 905 la-

1448 922 1503 944 tus.
1552 915 1618 944 Haec
1636 915 1766 945 Volaterr.
1784 926 1819 945 ex
1837 915 1952 944 Diodor.
1975 914 2056 944 Primi
2078 914 2136 948 (ait
2154 912 2270 942 Tacitus
2288 913 2335 942 lib.
2359 923 2402 942 11.
2420 923 2462 948 14.
2478 915 2488 944 i
2502 913 2555 951 p'et

1448 953 1547 990 figuras
1559 953 1721 982 animalium
1737 954 1857 991 AEgyptii
1878 952 1971 981 sensus
1990 952 2092 981 mentis
2113 950 2298 980 effinxerunt:
2326 952 2353 981 ἃ
2367 950 2553 989 antiquissima

1447 998 1634 1020 monumenta
1649 992 1790 1021 memoriae
1803 991 1932 1020 liumanze
1946 989 2073 1027 imprelsa
2094 988 2163 1018 saxis
2174 996 2332 1018 cernuntur.
2377 989 2442 1018 Cael.
2458 989 2550 1027 Antiq.

1449 1028 1524 1058 Leci.
1537 1029 1585 1057 lib.
1601 1033 1643 1058 16.
1656 1039 1715 1067 cap.
1727 1039 1771 1062 2<-
1793 1029 1876 1058 tradit
1884 1029 1976 1057 literas
1987 1028 2014 1056 id
2024 1037 2111 1064 genus
2124 1026 2455 1065 appellariHieroglypha
2464 1037 2552 1065 gram.

1449 1075 1539 1101 mata,
1562 1067 1638 1103 quod
1653 1068 1685 1096 iis
1702 1068 1828 1106 mysteria
1840 1067 1867 1095 in
1883 1067 1964 1096 rebus
1979 1065 2059 1094 sacris
2077 1065 2301 1102 {ignificarentun

1429 1104 1523 1134 Fallax
1532 1104 1725 1142 AEgyptiorum
1733 1115 1810 1143 gens,
1819 1104 1981 1142 semperque
1990 1103 2042 1132 alia
2055 1103 2199 1140 cogitans,
2219 1102 2273 1132 alia
2286 1101 2425 1132 fimulans.
2446 1102 2555 1133 Hirtius

1448 1144 1478 1171 in
1487 1144 1690 1172 commentario
1704 1144 1771 1173 belli
1782 1142 1970 1173 Alexandrini.
1993 1151 2054 1178 cap.
2068 1151 2113 1176 24.

1429 1180 1527 1216 Fusci,
1556 1180 1593 1209 ob
1617 1182 1761 1218 ingentem
1778 1182 1901 1219 regionis
1918 1179 2048 1210 calorem.
2072 1178 2194 1216 Propert.
2215 1178 2265 1207 lib.
2289 1188 2315 1208 2.
2337 1187 2382 1215 33.
2399 1187 2441 1215 15.
2480 1177 2553 1208 Vide

1445 1218 1515 1248 Scal.
1530 1219 1565 1247 ad
1578 1219 1694 1249 Festum.
2336 1222 2338 1225 '

1427 1256 1550 1294 ffigyptii
1571 1266 1586 1285 a
1606 1257 1698 1286 Dione
1718 1257 1836 1286 Philoeni
1853 1261 2059 1294 nuncupantur.
2080 1254 2099 1283 i.
2127 1263 2152 1283 e.
2174 1253 2207 1283 In
2229 1254 2326 1283 vinum
2345 1253 2498 1292 proclives,
2518 1263 2552 1285 ac

1448 1295 1604 1333 philopotae
1616 1317 1624 1329 ,
1647 1296 1778 1333 quoniam
1798 1295 1873 1332 apud
1893 1305 1941 1324 eos
1963 1299 2071 1330 reperta
2092 1292 2215 1330 primum
2226 1292 2349 1321 tradatur
2366 1291 2554 1321 vitisinPlin-

1451 1333 1530 1362 thine
1543 1333 1672 1362 civitate:
1692 1339 1723 1362 ut
1740 1332 1835 1362 scribit
1848 1332 2027 1362 Hellanicus:
2049 1330 2125 1360 unde
2140 1330 2206 1359 fasti
2219 1329 2283 1359 sunt
2294 1329 2440 1359 vinolenti.
2480 1329 2552 1361 Vide
2603 1352 2604 1365 2

1448 1371 1514 1400 Cael.
1526 1371 1617 1408 Antiq.
1631 1370 1704 1401 Lec‘t.
1721 1371 1768 1400 lib.
1782 1381 1807 1406 9.
1817 1381 1878 1408 cap.
1890 1381 1912 1407 3.

1429 1408 1539 1438 ventosi
1549 1408 1679 1447 AEgyptii.
1701 1409 1834 1447 Vopiscus
1848 1431 1855 1444 ,
1877 1409 1948 1438 Sunt
1955 1406 2075 1445 AEgyptii
2085 1404 2191 1435 ventosi
2203 1428 2211 1440 ,
2233 1404 2396 1441 furibundi,
2417 1405 2552 1443 injuriosi,

1449 1456 1583 1476 novarum
1595 1457 1687 1477 rerum
1698 1448 1780 1476 avidi.
1823 1447 1852 1476 V.
1869 1447 1952 1475 etiam
1964 1446 2031 1475 Plin.
2047 1445 2144 1481 Paneg.
2159 1444 2193 1472 ad
2204 1443 2279 1479 Traj.
2291 1453 2337 1472 21.

1392 1485 1520 1521 AEGYS,
1541 1485 1663 1522 [Α’ίγνς]
1684 1485 1831 1524 Oppidum
1852 1485 1891 1514 est
1904 1484 2048 1514 Laconicae
2066 1482 2188 1520 regionis
2205 1481 2280 1521 apud
2287 1481 2470 1521 Stephanum.

1885 1560 1932 1599 Ε
2028 1560 2058 1595 L

1391 1634 1539 1666 AELANA
1552 1658 1560 1671 ‚
1589 1645 1690 1667 orum,
1721 1644 1750 1665 n.
1772 1634 1812 1674 pl.
1835 1641 1866 1665 ut
1885 1634 1923 1664 ait
1936 1633 2121 1669 Hermolaus,
2141 1631 2214 1663 Urbs
2232 1631 2336 1662 Arabiae
2349 1630 2448 1662 felicis.
2477 1630 2549 1663 Plin.
2587 1625 2590 1627 .

1429 1674 1598 1742 llfflaiiitgiis
1609 1680 1690 1741 siglis
1701 1710 1807 1741 Arabici
1824 1711 1897 1740 sinus
1908 1733 1916 1746 ‚
1934 1720 2018 1747 quem
2031 1709 2077 1738 alii
2095 1708 2270 1738 Elenaticum
2286 1713 2397 1738 vocant.
2436 1707 2553 1738 Artemi.

1449 1750 1532 1780 dorus
1546 1750 1721 1779 Alem'ticum.
1761 1749 1833 1785 Juba
1846 1748 2019 1778 Laeniticum.
2046 1747 2113 1776 Piin.
2130 1746 2178 1775 lib.
2190 1750 2215 1776 6.
2234 1756 2266 1776 ca
2289 1769 2294 1779 .
2311 1751 2356 1780 28.

1391 1787 1597 1822 AELETANI,
1635 1783 1810 1824 [Αὶλεπένοι]
1841 1786 1940 1825 Populi
1965 1786 2028 1815 sunt
2052 1785 2129 1824 apud
2156 1784 2244 1814 Strab.
2282 1783 2318 1813 ib.
2344 1793 2367 1820 3.
2399 1783 2471 1812 intra
2491 1782 2554 1813 Ibe-

1429 1835 1507 1862 rum,
1528 1836 1617 1863 usque
1636 1825 1672 1855 ad
1690 1831 1818 1855 montem
1837 1824 1999 1863 Pyrenaeum
2012 1846 2021 1860 ,
2043 1825 2070 1853 δι
2088 1823 2258 1861 Pompeiana
2282 1821 2406 1859 trophaea
2426 1821 2551 1851 habitan-
2602 1844 2604 1851 .

1429 1870 1479 1894 tes.

1391 1901 1450 1932 AEL
1460 1913 1468 1930 1
1479 1912 1512 1937 A,
1540 1903 1555 1938 [
1571 1899 1665 1937 Αἰλιάι]
1684 1900 1754 1930 Urbs
1770 1901 1914 1931 Palaestinae
1929 1900 1964 1929 ab
1978 1899 2052 1930 AElio
2073 1899 2192 1928 Adriano
2206 1898 2278 1936 Imp.
2300 1897 2443 1935 quondam
2453 1897 2552 1928 Hiero·

1428 1939 1533 1978 solyma
1542 1962 1550 1975 ,
1562 1939 1656 1977 steph.
1697 1938 1729 1968 V.
1750 1939 1830 1978 supra
1839 1940 1860 1969 A
1870 1949 1887 1968 D
1898 1949 1915 1967 R
1925 1949 1933 1967 1
1945 1948 1964 1967 A
1973 1947 1993 1966 N
2004 1948 2022 1966 u
2032 1948 2051 1967 s.
2076 1936 2171 1967 Euseb.
2193 1936 2262 1966 Hist.
2283 1935 2359 1965 Eccl.
2370 1946 2396 1971 4.
2409 1939 2434 1964 6.
2457 1934 2548 1979 &Jos.
2601 1937 2603 1947 ¹

1428 1977 1526 2015 Scalig.
1542 1978 1685 2007 Animadv.
1696 1976 1793 2007 Euseb.
1808 1987 1835 2015 p.
1847 1987 1912 2014 217.
1952 1975 2053 2006 ffiliam
2067 1974 2255 2013 Capitolinam
2268 1983 2303 2003 ex
2322 1973 2413 2003 Dione
2427 1973 2553 2010 Xiphili-

1428 2026 1481 2045 nus
1491 2016 1520 2044 in
1531 2016 1650 2045 Adriano
1659 2021 1749 2045 vocat.
1790 2015 1837 2045 Ez.
1858 2014 1961 2052 Spanh.
1980 2013 2048 2043 Orb.
2060 2014 2141 2043 Rom.
2179 2036 2184 2042 .
2198 2015 2262 2048 406.
2277 2020 2342 2048 407.
2354 2011 2403 2041 Ed.
2420 2010 2509 2040 Lond.

1389 2052 1425 2084 AE
1433 2065 1449 2082 L
1459 2065 1467 2082 1
1477 2064 1495 2082 A
1505 2064 1524 2081 N
1535 2064 1552 2082 u
1561 2064 1573 2083 s
1583 2076 1591 2089 ,
1613 2055 1628 2089 [
1639 2053 1773 2088 Αὶλιοινὺς]
1793 2053 1918 2091 Sophista
1928 2052 2070 2081 Romanus
2082 2061 2097 2080 a
2106 2023 2267 2080 Phjilistrato
2277 2050 2399 2079 maxime
2411 2048 2548 2086 laudatur,

1429 2092 1505 2129 quod
1520 2091 1662 2121 Romanus
1683 2091 1768 2120 homo
1782 2098 1839 2120 tam
1856 2090 1944 2129 probe
1967 2090 2175 2124 Atticissaverit,
2194 2096 2306 2123 tamque
2323 2087 2464 2124 eleganter
2471 2097 2550 2124 pere-

1427 2130 1533 2166 grinam
1544 2140 1559 2159 a
1577 2130 1664 2168 patria
1673 2139 1771 2158 vocem
1780 2129 1932 2158 retinuerit.
1973 2128 2086 2166 Scripsit
2102 2128 2138 2156 de
2156 2125 2329 2156 Animalibus
2347 2124 2433 2154 libros
2452 2128 2493 2154 16.
2512 2125 2549 2154 de

1426 2167 1508 2197 Varia
1518 2168 1627 2197 historia
1643 2167 1726 2197 libros
1741 2173 1786 2203 '14.
1805 2167 1841 2196 de
1855 2167 1895 2196 Re
1913 2166 2024 2195 militari
2035 2188 2042 2200 ,
2065 2175 2125 2203 quae
2136 2165 2231 2194 omnia
2246 2164 2281 2193 ad
2292 2173 2344 2192 nos
2352 2171 2547 2200 pervenerunt.

1426 2205 1490 2235 Fuit
1508 2206 1620 2235 auditor
1631 2205 1766 2234 Pausania:
1777 2205 1825 2235 sub
1837 2205 1956 2235 Adriano
1971 2204 2106 2242 principe.
2142 2201 2264 2232 Deceffit
2281 2211 2418 2230 annorum
2427 2200 2549 2238 sexagin-

1425 2249 1468 2278 ta,
1491 2243 1546 2272 sine
1564 2243 1674 2279 liberis,
1696 2253 1783 2281 quum
1805 2243 1905 2273 caelebs
1924 2242 2024 2272 fuiss‘et.
2074 2240 2207 2270 Volaterr.
2244 2240 2309 2276 Ejus
2336 2239 2465 2268 meminit
2481 2237 2547 2269 Cael.

1425 2282 1517 2318 Antiq.
1537 2281 1608 2311 Leer.
1626 2281 1674 2311 lib.
1695 2292 1736 2310 11.
1757 2291 1817 2319 cap.
1831 2285 1875 2317 65,

1425 2319 1550 2349 AElianus
1560 2320 1705 2354 Meccius,
1728 2319 1810 2349 Italus
1823 2318 1967 2354 medicus,
1986 2318 2109 2347 theriaca
2127 2314 2309 2346 conservandi
2328 2320 2425 2344 contra
2443 2314 2549 2360 pesterp
2598 2318 2600 2321 ’

1445 2357 1573 2386 homines
1592 2359 1687 2386 auctor
1706 2357 1766 2387 firit.
1808 2356 1904 2386 Galen.
1921 2356 1956 2385 de
1977 2356 2026 2386 usu
2039 2356 2124 2385 Ther.

1386 2394 1463 2425 ΕΗ
1475 2407 1483 2424 1
1496 2418 1504 2431 ,
1524 2395 1569 2425 vel
1582 2396 1666 2424 etiam
1686 2395 1713 2424 H
1723 2406 1735 2424 s
1745 2406 1779 2424 ιι
1790 2406 1817 2430 1,
1839 2391 1956 2430 [nimai]
1976 2395 2109 2424 dicuntur
2122 2415 2131 2429 ,
2152 2391 2263 2428 Quibus
2278 2390 2340 2419 duae
2350 2389 2493 2427 nupserint
2507 2389 2548 2418 so-
2598 2382 2599 2407 ἶ

1424 2443 1508 2463 rores.
1551 2433 1616 2463 Cael.
1643 2434 1734 2471 Antiq.
1751 2433 1826 2463 Lect.
1847 2433 1894 2462 lib.
1915 2443 1958 2468 15.
1979 2442 2039 2470 cap.
2063 2442 2108 2468 24.
2145 2430 2267 2460 Alciatus
2290 2428 2338 2457 lib.
2359 2438 2385 2457 2.
2408 2426 2545 2465 dispunst.

1386 2481 1493 2539 AEiaijA
1503 2481 1608 2553 ,UO-ens·
1621 2508 1731 2547 plebeia
1743 2509 1795 2538 fuit
1810 2508 1915 2538 Romae.
1956 2508 2030 2537 Nam
2050 2506 2126 2550 quod
2144 2504 2315 2548 Pomponius
2329 2503 2422 2547 scribit
2439 2504 2469 2533 in
2482 2502 2500 2532 l.
2517 2512 2543 2533 2.

1423 2547 1458 2577 D.
1475 2547 1510 2576 de
1520 2557 1587 2585 orig.
1600 2558 1651 2583 Jur.
1685 2547 1787 2577 AElium
1808 2547 1989 2576 Tuberonem
2006 2546 2154 2584 patricium
2171 2543 2269 2577 fuille,
2290 2541 2434 2580 perspicue
2448 2540 2546 2571 falsum

1423 2586 1470 2614 est.
1523 2586 1594 2614 Nam
1616 2593 1647 2614 ut
1662 2585 1716 2614 hoc
1739 2585 1885 2619 omittam,
1910 2584 2053 2613 Tribunos
2072 2582 2109 2621 pl.
2131 2591 2165 2611 ex
2186 2580 2263 2610 AEliis
2286 2579 2445 2617 complures
2467 2578 2546 2608 fuisse

1423 2623 1513 2660 (quod
1524 2623 1587 2652 sane
1595 2624 1647 2653 hac
1655 2624 1685 2652 in
1696 2633 1724 2652 re
1735 2622 1803 2652 solet
1815 2622 1906 2652 valere
1922 2622 2093 2660 plurimum)
2117 2619 2186 2648 illud
2198 2624 2271 2647 certe
2285 2617 2346 2646 satis
2358 2627 2459 2654 niagno
2469 2626 2546 2654 argu-

1422 2669 1519 2690 mento
1535 2661 1615 2690 nobis
1627 2661 1680 2691 effe
1690 2660 1775 2690 debet
1785 2683 1793 2696 ,
1815 2660 1890 2698 quod
1901 2670 1965 2689 cum
1979 2659 2125 2688 consulum
2137 2657 2205 2686 alter
2220 2666 2235 2684 e
2254 2655 2336 2692 plebe
2351 2677 2359 2690 ,
2383 2655 2452 2684 alter
2469 2665 2484 2683 e
2499 2664 2546 2692 pa-

1373 2717 1377 2720 ·
1422 2700 1508 2728 triciis
1524 2707 1662 2729 crearetur
1676 2721 1683 2735 ,
1708 2698 1823 2728 authore
1832 2698 1909 2727 Livio
1922 2720 1929 2733 ,
1961 2697 2024 2727 IElii
2036 2707 2101 2726 cum
2115 2694 2236 2733 patriciis
2253 2693 2374 2733 semper,
2401 2701 2545 2730 nunquam

1424 2747 1488 2766 cuin
1508 2737 1614 2774 plebeis
1633 2737 1786 2774 comparati
1805 2736 1864 2765 sint.
1928 2735 1986 2772 Qui
2002 2735 2077 2764 enim
2091 2734 2196 2772 primus
2219 2731 2352 2761 [Eliorum
2370 2730 2545 2760 consulatum

1425 2775 1463 2804 est
1481 2776 1614 2818 adeptus,
1646 2775 1781 2812 collegam
1802 2773 1958 2812 Sulpicium
1974 2773 2073 2802 habuit
2089 2782 2095 2801 ι
2127 2770 2264 2800 secundus
2283 2768 2416 2798 Fabium:
2447 2769 2545 2797 tertius

1423 2812 1570 2842 Servilium
1584 2824 1591 2842 :
1613 2819 1724 2850 quartus
1744 2812 1897 2846 Valerium,
1925 2821 2012 2847 usque
2024 2811 2058 2839 ad
2072 2818 2177 2839 annum
2196 2817 2294 2836 nxxci.
2309 2816 2365 2844 quo
2374 2806 2488 2843 quidem
2498 2815 2545 2835 an-
2595 2815 2601 2845 ij

1423 2860 1461 2879 no
1479 2851 1535 2880 duo
1555 2852 1676 2889 primum
1692 2861 1706 2879 e
1720 2850 1801 2887 plebe
1816 2850 1914 2879 Coss.
1937 2849 2021 2878 creati
2035 2847 2105 2881 sunt,
2117 2847 2146 2876 C.
2160 2845 2302 2883 Popillius,
2315 2846 2341 2874 v&
2353 2844 2378 2873 P.
2395 2843 2493 2879 AElius,
2513 2848 2544 2873 ut

1422 2889 1452 2917 in
1468 2889 1567 2919 tabulis
1578 2889 1743 2926 Capitolinis
1753 2894 1880 2917 notatum
1890 2887 2027 2915 videmus.
2068 2885 2203 2915 AEliorum
2214 2890 2307 2912 autem
2321 2882 2367 2911 alii
2379 2882 2442 2925 Paejti
2462 2881 2541 2926 sunt,
2578 2915 2581 2919 ι
2594 2919 2596 2930 Α

2390 2930 2418 2948 ιιι
2437 2928 2545 2957 primus
2594 2934 2599 2946 i,

1422 2964 1505 3000 tulit,
1527 2965 1602 3001 quod
1613 2964 1701 2993 oculis
1714 2964 1810 2993 leviter
1820 2962 1965 2992 declinatis
1978 2961 2053 2995 cll'et,
2075 2960 2111 2989 sic
2123 2960 2213 2988 dicius
2228 2958 2282 2993 est,
2302 2959 2368 2987 teste
2400 2958 2548 2995 orphyrio:
2599 2960 2601 2963 '

1423 2926 1469 2955 alii
1487 2926 1667 2960 Tuberones,
1689 2926 1819 2963 Ligures,
1842 2925 1901 2954 Cati
1920 2926 1946 2954 Sc
1963 2923 2070 2953 Lamiae.
2111 2922 2175 2951 Preti
2193 2930 2351 2958 cognomen

1421 3012 1458 3031 ne
1475 3003 1504 3032 in
1520 3003 1625 3031 Horatii
1635 3003 1691 3032 Sat.
1715 3012 1738 3037 3.
1749 3012 1794 3037 45.
1826 3001 1895 3030 Acro
1910 3006 2003 3028 tamen
2018 3009 2081 3027 eum
2099 2998 2179 3031 cuius
2196 2996 2270 3025 oculi
2285 2996 2339 3024 huc
2354 2995 2420 3024 illuc
2447 2994 2542 3024 celeri-

1420 3046 1463 3069 ter
1474 3047 1668 3076 moverentur,
1690 3039 1794 3069 Paetum
1810 3038 1985 3067 nominatum
2001 3037 2146 3066 existimat.
2186 3034 2249 3064 Hoc
2268 3032 2487 3063 AEliorumfuill'e
2497 3041 2542 3061 co-
2566 3052 2569 3055 «

1421 3088 1543 3116 gnomen
1561 3078 1658 3107 Cicero
1671 3100 1678 3113 ,
1709 3084 1769 3106 tum
1787 3077 1816 3105 in
1835 3076 1964 3105 Sextiana
1977 3098 1985 3109 ,
2009 3082 2069 3104 tum
2093 3074 2176 3102 etiam
2196 3073 2224 3100 in
2247 3071 2411 3100 Cluentiana
2430 3080 2474 3108 72.
2495 3070 2542 3099 de-

1421 3116 1570 3151 monstrat,
1591 3126 1656 3145 cum
1670 3116 1723 3149 ait,
1746 3114 1823 3151 Quid
1846 3121 1876 3143 tu
1892 3135 1899 3148 ,
1922 3113 2031 3150 inquit:
2064 3112 2152 3141 Paete:
2186 3110 2240 3139 hoc
2257 3110 2333 3138 enim
2350 3108 2397 3137 sibi
2415 3107 2541 3137 Staienus

1420 3163 1579 3191 cognomen
1591 3163 1624 3183 ex
1633 3152 1774 3190 imaginib.
1785 3152 1918 3182 AElioruni
1930 3150 2071 3187 delegerat
2082 3172 2090 3183 ,
2112 3158 2147 3177 ne
2158 3148 2174 3176 {i
2186 3149 2212 3176 se
2224 3147 2351 3184 Ligurem
2362 3146 2475 3180 fecisset,
2494 3155 2540 3174 na-

1419 3192 1503 3221 tionis
1524 3193 1609 3229 magis
1622 3191 1674 3220 suae
1694 3200 1776 3228 quam
1790 3190 1897 3226 generis
1912 3189 1951 3217 uti
1963 3188 2131 3226 cognomine
2144 3186 2291 3215 videretur.

1419 3230 1568 3262 omnibus,
1599 3239 1667 3266 quos
1687 3238 1738 3265 ego
1756 3228 1868 3264 quidem
1887 3226 2003 3255 viderim
2022 3225 2116 3259 libris,
2149 3224 2262 3256 Pacete,
2289 3233 2339 3260 pro
2359 3222 2428 3251 Paete
2448 3231 2539 3250 corru-

1418 3274 1467 3305 pte
1489 3267 1595 3304 legitur.
1637 3266 1696 3296 Cati
1713 3276 1728 3294 a
1748 3265 1773 3294 P.
1794 3263 1865 3294 [Elio
1891 3264 1957 3293 dicti
1975 3264 2055 3299 sunt,
2079 3271 2163 3300 quem
2187 3261 2292 3290 Ennius
2306 3283 2314 3295 ,
2331 3260 2395 3297 quia
2408 3259 2480 3295 Juris
2495 3258 2538 3288 Ci-

1418 3305 1480 3334 vilis
1497 3306 1623 3334 omnium
1639 3302 1815 3342 peritissimus
1829 3301 1910 3337 effer,
1925 3302 2041 3336 Catum,
2062 3301 2079 3330 i.
2098 3310 2122 3329 e.
2144 3299 2321 3336 Sapientem,
2342 3298 2458 3327 authore
2477 3297 2538 3326 Var—

1417 3353 1486 3410 gqe
1506 3342 1663 3381 appellavit.
1704 3340 1803 3370 Lamiae
1820 3349 1886 3369 vero
1906 3350 1921 3369 a
1943 3338 2029 3369 Lamo
2056 3337 2228 3368 Formiarum
2252 3343 2380 3374 tyranno.
2420 3334 2488 3365 Hor.
2509 3343 2534 3371 3.

1447 3392 1474 3409 ι.
1491 3391 1531 3414 17.
1549 3392 1570 3410 1.

1455 3418 1526 3452 AEli,
1547 3418 1652 3447 vetusto
1671 3415 1773 3446 nobilis
1789 3414 1823 3444 ab
1842 3413 1928 3443 Lamo

1498 3456 1642 3492 (Quando
1664 3457 1689 3484 St
1712 3455 1816 3492 priores
1832 3452 1898 3481 hinc
1914 3451 2020 3481 Lamias
2043 3451 2136 3480 ferunt

1497 3493 1700 3522 Denominatos
1717 3494 1742 3522 δι
1764 3497 1900 3528 nepotum

1497 3531 1546 3560 Per
1565 3540 1701 3560 memores
1717 3537 1803 3567 genus
1823 3537 1906 3556 omne
1925 3525 2029 3563 fastos)

1453 3568 1576 3598 Authore
1593 3569 1625 3597 ab
1647 3568 1696 3597 illo
1711 3567 1790 3596 ducis
1806 3566 1941 3602 originem

1496 3607 1551 3643 Qui
1571 3606 1740 3635 Formiarum
1759 3604 1863 3632 moenia
1879 3602 1981 3630 dicitur

1494 3644 1624 3681 Princeps
1637 3666 1644 3679 ,
1663 3645 1689 3672 Sc
1710 3643 1854 3671 innantem
1872 3640 1984 3669 Muricce

1494 3681 1634 3710 Litoribus
1651 3679 1767 3710 tenuiffe
1784 3678 1876 3715 Lyriin

1452 3716 1518 3747 Late
1538 3725 1678 3756 tyrannus.
1750 3717 1817 3746 Haec
1837 3724 1872 3744 ex
1888 3714 2027 3743 Richardo
2048 3713 2197 3744 Streinnio.

1413 3753 1549 3786 IEliorum
1563 3756 1666 3784 familia
1685 3755 1779 3784 Romae
1809 3753 2042 3790 auperrimafuit:
2066 3752 2135 3780 adeo
2153 3757 2182 3779 ut
2198 3748 2337 3779 sexdecim
2352 3747 2453 3777 eodem
2463 3751 2531 3789 tem-

1432 3802 1501 3830 pore
1518 3793 1580 3822 salii
1591 3794 1711 3822 fuerint:
1742 3764 1842 3830 quilius
1855 3789 2154 3819 unadouninculaerat
2165 3811 2172 3823 ,
2197 3789 2222 3817 ἃ
2238 3796 2310 3816 unus
2322 3788 2349 3815 in
2361 3794 2424 3823 agro
2434 3785 2531 3826 Veien—

1432 3837 1498 3859 tano
1509 3831 1611 3859 fundus
1626 3853 1634 3865 ,
1656 3831 1740 3866 inque
1759 3829 1881 3858 maximo
1897 3828 1970 3856 circo
1981 3827 2117 3856 Flaminio
2129 3825 2275 3855 siectiiculi
2290 3824 2375 3853 locus.
2397 3832 2457 3860 quae
2473 3831 2531 3858 qui-

1433 3868 1497 3897 dem
1516 3868 1575 3897 loca
1593 3868 1630 3895 ob
1645 3869 1774 3897 virtutem
1789 3865 1900 3904 publice
1915 3866 2018 3893 donata
2037 3864 2143 3901 polside
2165 3870 2219 3892 ant.
2270 3862 2372 3891 Eadem
2390 3856 2530 3902 gensnnul-

1430 3906 1490 3936 lum
1505 3912 1569 3935 aute
1583 3905 1743 3943 scrupulum
1754 3904 1859 3941 argenti
1879 3902 1997 3938 habuit,
2015 3911 2098 3938 quam
2107 3900 2205 3930 Paulus
2222 3899 2298 3929 Perse
2315 3908 2379 3937 tege
2401 3898 2528 3929 devicto.

2491 3932 2526 3969 Q

2339 3184 2391 3213 Ubi
2403 3184 2540 3213 tamenin
2592 3194 2594 3215 ε
