2667 4145
248 133 296 167 74
655 116 681 150 A
779 114 811 148 D
910 108 946 145 V

288 202 328 232 Ab
338 200 510 238 aliquoloco.
531 197 616 227 Plaut.
630 197 715 226 Stich.
730 205 752 229 3.
768 205 793 223 2.
819 197 954 229 3.aportu
965 188 1113 217 advenerit.
1242 223 1247 227 .

289 235 601 305 Esei¹i1ii¹tngti3ecffiirgic'
618 245 641 271 3.
654 234 688 262 de
697 234 760 262 Nat.
770 232 851 261 Deor.
864 238 906 264 57.
929 228 1021 262 Quem
1032 234 1066 254 ex
1075 223 1263 262 Hyperboreis
1276 220 1400 259 Delphos

292 314 332 343 Ad
342 314 439 342 forum.
464 311 547 340 Plaut.
559 310 637 345 Capt.
651 319 676 343 4.
694 317 717 335 2.
731 309 755 334 6.

293 352 336 381 Ad
355 351 458 379 urbem.
485 347 567 376 Ovid.
583 357 604 374 1.
626 345 704 374 Trist.
717 354 740 378 9.

377 388 396 416 A
412 385 510 423 quibus
526 384 654 413 adveniat
674 378 799 410 Miletida
816 376 903 413 sospes
917 374 952 402 ad
971 373 1077 403 urbem.

296 425 407 454 Urbem.
435 423 506 458 Virg.
528 433 549 450 ι.
571 421 632 450 stin.
656 428 716 454 392.
801 453 806 457 .

422 477 457 481 ——
476 459 589 496 Tyriam
613 458 659 494 qui
680 456 821 483 adveneris
847 449 951 478 urbem.
1366 482 1371 488 ⁸

297 500 328 529 In
341 497 519 536 provinciam.
552 496 610 524 Cic.
627 504 666 522 11.
678 492 794 528 Philipp.
806 498 848 524 30.
893 486 1088 523 Quamcunque
1110 486 1140 514 in
1156 484 1329 524 provinciam
1346 491 1406 518 ejus

318 536 381 565 belli
398 534 509 569 uerendi
525 532 603 562 causa
617 529 764 559 advenerit.
1052 561 1057 565 .
1321 559 1326 563 .

298 565 460 609 Alicuispro
471 571 510 599 Ad
520 571 646 606 aliquem.
678 566 766 594 Tacit.
783 574 804 592 1.
819 565 889 593 Ann.
899 560 1111 600 Properantlbus
1120 559 1220 590 Blaesus
1229 559 1350 588 advenit.

299 611 442 643 Advenire⁷
452 617 515 637 cum
522 608 613 645 priore
626 604 731 641 supino.
753 601 817 631 Ter.
828 601 937 630 Phorm.
948 610 973 629 2.
985 609 1010 628 2.
1026 608 1066 634 13.
1088 599 1177 627 Etiam
1190 607 1233 626 me
1244 596 1315 625 ultro
1327 604 1408 637 accu-

317 648 405 677 satum
416 645 535 675 advenit.
562 643 629 672 ibid.
642 651 667 670 2.
680 650 703 669 2.
714 650 758 676 41.
786 639 939 669 Tentatum
953 637 1073 667 advenis.
1095 637 1126 666 ln
1134 636 1176 665 his
1188 637 1213 665 ἃ
1224 633 1356 663 similibus
1367 642 1409 660 nr-

317 685 355 714 hil
365 684 439 714 aliud
457 691 538 719 quam
552 680 651 708 Venire
666 677 804 714 significat.

299 722 422 752 Advenio
432 730 508 757 pace.
530 717 614 747 Plciut.
629 716 725 753 Amph.
739 714 846 753 prolog.
857 723 900 750 32.
930 713 1077 751 Propterea
1088 721 1156 750 pace
1170 710 1288 740 advenio
1299 731 1306 744 ,
1325 709 1351 737 δε
1362 717 1409 745 pa·

317 770 377 788 cem
390 759 480 787 advos
491 755 583 784 ai’s'ero.
612 753 725 782 subaud.
758 752 838 781 Cum.

299 796 442 828 Advenire,
460 796 485 823 ἃ
497 793 603 826 Venire,
616 801 665 829 pro
676 791 776 819 eodem
785 789 855 827 sa‘pe
869 788 1060 818 indifferenter
1070 786 1251 823 accipiuntur.
1298 785 1313 818 [
1332 783 1410 818 Quin

317 834 425 862 Veteres
436 830 550 868 simplici
561 829 646 858 verbo
660 828 749 858 multo
757 827 945 865 frequentius,
968 836 1050 863 qnam
1069 823 1222 861 composito
1237 822 1266 850 in
1288 821 1410 850 adventu

312 870 478 900 declarando
501 874 625 897 utuntur.

296 908 419 938 Advenio
438 906 579 935 interdum
601 913 666 934 cum
683 903 775 932 dativo
800 902 927 940 ponitur:
953 900 1093 929 interdum
1104 897 1195 929 &fine
1208 906 1250 926 eo.

297 945 432 975 Advenire
441 945 470 972 in
479 949 613 981 ternpore.
627 940 793 978 Plaut.Capt.
799 950 854 976 4.2.
862 942 902 975 56.
912 938 1026 976 Optime
1036 936 1104 966 mihi
1113 937 1143 965 in
1152 941 1278 972 ternpore
1285 932 1407 962 advenis.

297 983 329 1013 ln
340 981 542 1019 temporeipso.
565 981 629 1010 Ter.
656 979 726 1008 And.
740 989 763 1013 5.
777 981 802 1007 6.
817 988 860 1006 10.

297 1021 447 1057 Tempore.
469 1019 556 1048 Plaut.
570 1018 648 1048 Men.
664 1027 686 1046 1.
700 1026 725 1046 2.
741 1026 783 1053 30.

298 1058 348 1087 Per
357 1065 476 1095 tempus.
496 1056 560 1086 Ter.
577 1055 646 1085 And.
658 1066 684 1090 4.
695 1065 721 1089 4.
738 1065 784 1089 44.

299 1096 475 1133 Opportune.
496 1094 561 1123 Ter.
573 1093 673 1122 Heaut.
692 1102 714 1120 1.
726 1101 751 1120 2.
770 1102 792 1126 5.
1079 1123 1084 1128 ι
1171 1122 1177 1128 ⁶
1231 1122 1236 1127 “
1315 1121 1320 1126 ι
1381 1120 1386 1125 ι

297 1134 442 1167 Advenire,
454 1142 505 1169 pro
517 1131 656 1160 Accidere.
678 1129 735 1158 Cic.
751 1138 791 1157 11.
804 1126 922 1163 Philipp.
936 1133 961 1161 7.
984 1124 1028 1153 Est
1041 1132 1116 1153 emm
1123 1122 1262 1160 sapientis,
1275 1119 1409 1157 quicquid

315 1171 424 1201 homini
433 1169 558 1199 accidere
567 1168 658 1207 possit,
669 1168 697 1196 id
706 1164 906 1204 praemeditari:
935 1163 1082 1191 ferendum
1096 1161 1216 1195 modice,
1227 1160 1246 1188 si
1255 1158 1407 1193 advenerit,

315 1208 378 1238 esse.

296 1246 442 1280 Advenire,
460 1243 495 1274 de
504 1250 629 1281 tempore
638 1243 760 1276 dietum',
780 1241 855 1269 idem
869 1238 944 1274 quod
958 1237 1066 1266 Venire.
1089 1235 1146 1264 Cic.
1161 1245 1187 1278 .²:
1209 1235 1282 1278 Verr.
1298 1242 1341 1270 37.
1357 1232 1408 1276 ‘In-

315 1291 390 1313 terea
400 1284 458 1312 dies
467 1282 580 1311 advenit
589 1303 596 1316 ,
616 1291 671 1317 quo
684 1280 728 1309 die
735 1278 788 1308 sese
798 1287 832 1307 ex
842 1277 966 1306 instituto
976 1284 1007 1304 ac
1025 1275 1085 1311 lege
1094 1273 1206 1311 Ruprha
1216 1272 1290 1301 dicas
1300 1271 1408 1300 sortitu-

317 1332 378 1351 rum
390 1320 525 1358 Syracusrs
540 1319 587 1348 iste
606 1319 738 1347 edixerat.

297 1359 392 1389 Annus
411 1358 547 1387 adveniet.
570 1356 665 1386 Tibul.
679 1366 706 1390 4.
721 1358 747 1384 6.
764 1363 805 1389 19.

296 1395 372 1428 Hora
388 1395 578 1434 proficiscendi
592 1394 712 1423 advenit.
732 1391 822 1421 Tacit.
839 1399 864 1425 4.
887 1388 956 1417 Hist.
977 1390 1022 1416 62.

295 1433 567 1464 Adveneruntliterae
577 1454 585 1467 ⁷
603 1441 653 1469 pro
662 1429 754 1459 Allatae
764 1428 835 1457 sunt.
867 1426 942 1455 Suet.
955 1426 983 1454 in
993 1421 1098 1461 Vespas.
1111 1423 1177 1460 Aug.
1191 1432 1252 1460 cap.
1265 1428 1291 1458 7.

295 1472 383 1502 Luccs
393 1477 493 1509 optatae
503 1470 648 1499 advenere.
669 1467 759 1497 Catul.
775 1469 819 1501 64.
833 1474 875 1501 31.
975 1500 980 1505 .
1134 1498 1140 1504 ⁴
1162 1498 1167 1503 ι
1372 1494 1378 1501 ⁴
1399 1495 1405 1501 .

295 1510 433 1540 Advenire
440 1508 553 1537 morbus
563 1507 678 1541 dieitur,
697 1503 807 1542 quando
816 1501 926 1539 incipit.
950 1500 1007 1529 010.
1019 1509 1044 1528 2.
1060 1499 1095 1527 de
1106 1498 1198 1527 D1v1n.
1223 1497 1296 1526 Nam
1304 1495 1407 1524 medicr

314 1557 349 1577 ex
365 1547 529 1584 quibusdam
542 1544 623 1573 rebus
634 1545 659 1573 St
669 1542 847 1572 advenientes
858 1542 883 1569 St
893 1537 1044 1568 crescentes
1058 1536 1169 1565 morbos
1180 1534 1349 1571 intelligunt.

295 1584 439 1616 Advenisse
452 1584 576 1612 senectus
588 1582 698 1615 dicitur,
709 1588 795 1617 quum
806 1578 866 1615 quis
876 1577 977 1605 adeam
986 1575 1127 1612 pervenit:
1156 1573 1293 1614 Advenire
1303 1577 1405 1605 autem,

314 1632 401 1659 quum
417 1622 542 1655 accedit,
564 1620 616 1649 five
636 1618 847 1657 appropinquat.
869 1615 954 1644 Plaut.
975 1612 1053 1642 Men.
1068 1623 1090 1648 5.
1114 1621 1139 1641 2.
1155 1622 1181 1647 4.
1204 1610 1330 1640 Conhtus
1347 1609 1406 1638 sum

312 1661 461 1690 senectute.
498 1659 533 1688 Et
542 1658 624 1696 paulo
634 1657 701 1694 post,
717 1666 739 1691 ς.
751 1665 776 1684 2.
790 1657 816 1682 6.

421 1714 459 1717 -
477 1703 509 1725 ut
523 1703 603 1729 zetas,
625 1694 696 1723 mala
714 1693 753 1722 est
772 1700 865 1720 merx:
888 1688 960 1718 mala
978 1689 1016 1718 est
1036 1696 1112 1724 ergO,

386 1734 459 1764 Nam
479 1743 521 1763 res
536 1733 668 1771 plurimas
683 1730 808 1769 pessimas
827 1737 914 1765 quum
933 1726 1063 1761 advenit,
1085 1718 1172 1754 affert.

295 1773 434 1804 Advenire
452 1772 488 1801 ad
508 1781 594 1800 aures.
615 1769 721 1799 Lucret.
743 1767 790 1797 lib.
813 1770 838 1795 6.
864 1770 925 1802 1⁶5·

453 1826 489 1830 -——
513 1809 576 1846 quia
592 1808 697 1845 semper
717 1806 752 1836 ad
769 1804 857 1834 aureis
1173 1835 1177 1840 .

386 1848 504 1877 Tardius
524 1846 693 1881 adveniunt,
714 1853 796 1882 quam
814 1841 901 1871 visum
923 1846 983 1877 quoe
1003 1843 1149 1873 moveant,
1169 1846 1224 1879 res.

256 1888 333 1919 Anv
343 1896 386 1915 EN
397 1897 405 1914 1
416 1895 456 1914 εΝ
467 1894 494 1918 s,
521 1884 616 1913 Par-tic.
640 1877 880 1918 [wemepcipflp&]
901 1878 965 1907 Ter.
983 1877 1052 1906 Eun.
1065 1886 1091 1905 2.
1105 1885 1130 1904 2.
1144 1885 1168 1911 3.
1194 1874 1250 1903 Cic.
1263 1876 1288 1916 6.
1303 1873 1356 1902 Att.
1378 1881 1402 1909 3.

295 1924 339 1954 Est
346 1924 421 1952 enim
429 1923 570 1960 quiddam,
586 1921 781 1950 advenientem
791 1927 848 1946 non
860 1916 913 1946 esse
927 1915 1103 1953 peregrinum
1111 1920 1193 1950 atque
1201 1911 1347 1949 hospltem.

292 1961 395 1999 Liquor
415 1961 573 1989 adveniens.
600 1958 708 1987 Lucret.
728 1957 776 1986 lib.
797 1966 823 1991 4.
842 1960 904 1991 871.
1321 1986 1326 1991 .

291 1999 378 2030 Mare.
403 1998 469 2027 Plin.
483 1997 530 2026 lib.
545 2007 585 2026 12.
601 2006 659 2034 cap.
671 2006 697 2031 9.
734 1994 806 2024 Mari
816 1992 981 2022 adveniente
990 1987 1120 2019 fluctibus
1130 1987 1241 2027 pulsatae
1252 2009 1260 2022 ,
1280 1985 1405 2016 reirstunt

310 2036 477 2066 immobiles.

253 2080 275 2109 A
283 2086 302 2104 1)
310 2082 325 2104 v'
338 2086 352 2104 a
360 2084 378 2103 N
389 2084 408 2102 T
417 2085 425 2102 1
435 2083 454 2102 *r
463 2084 471 2101 1
481 2083 499 2101 υ
509 2083 521 2102 s
529 2092 537 2108 ,
559 2066 745 2108 [πξοσ-ηλυπκὲς
757 2069 769 2106 ]
800 2068 901 2098 dicitur
911 2064 1054 2103 Quicquid
1062 2063 1175 2092 aliunde
1189 2061 1270 2092 nobis
1284 2061 1401 2096 accedit,

272 2146 276 2147 ⁷
291 2115 318 2143 Sc
334 2123 349 2141 a
359 2111 439 2141 nobis
451 2117 497 2140 aut
514 2111 610 2139 nostris
619 2107 796 2138 facultatibus
811 2116 869 2136 non
880 2103 1068 2144 proficiscitur.
1088 2101 1146 2130 Cic.
1164 2111 1186 2130 1.
1208 2100 1281 2129 Verr.
1325 2099 1358 2128 In
1373 2108 1402 2127 re

289 2150 440 2180 adventitia
451 2156 531 2185 atque
539 2147 718 2176 haereditaria.

288 2188 479 2218 Adventitium
490 2187 690 2218 adiumentum.
726 2182 783 2211 Cic.
796 2193 819 2217 ς.
840 2181 875 2210 de
886 2180 944 2210 Fin.
957 2189 998 2214 59.
1037 2177 1137 2214 Neque
1149 2175 1212 2205 sane
1224 2173 1345 2204 multum
1356 2173 1403 2203 ad-

308 2225 440 2262 jumentis
459 2224 580 2253 externis
603 2225 629 2253 ἅ
648 2220 806 2251 adventitiis
819 2224 950 2248 uteretur.

289 2263 430 2294 Auxilium
446 2261 629 2291 adventitium
648 2259 790 2296 requirere.
814 2257 872 2286 Cic.
885 2267 911 2291 4.
936 2255 1011 2283 Verr.
1025 2259 1069 2287 81.
1208 2289 1213 2294 ι

290 2301 378 2330 Coena
408 2299 576 2331 adventitia,
603 2298 646 2327 vel
675 2296 834 2326 adventoria
848 2316 855 2329 ‚
886 2292 1029 2322 dicebatur
1044 2311 1052 2323 ,
1080 2299 1134 2327 qua
1160 2298 1264 2317 amicos
1289 2297 1402 2326 peregre

310 2339 458 2367 redeuntes
473 2360 480 2372 ,
510 2343 557 2365 aut
579 2336 664 2373 longo
682 2333 825 2363 intervallo
841 2331 875 2360 ad
893 2330 920 2359 se
944 2328 1090 2358 invisentes
1111 2327 1192 2355 amici
1213 2326 1397 2363 excipiebant.

307 2377 383 2406 Suet.
401 2375 491 2404 Vitell.
505 2384 564 2412 cap.
586 2383 625 2409 13.
648 2369 916 2407 Famosissimasuper
926 2374 1035 2396 creteras
1044 2366 1096 2395 fuit
1104 2374 1185 2407 coena
1194 2365 1219 2393 ei
1229 2364 1291 2392 data
1300 2364 1401 2392 adven„

308 2413 369 2443 titia
380 2424 394 2442 a
403 2414 483 2442 fratre
495 2414 545 2442 otc.
568 2412 630 2441 Huc
641 2410 796 2439 existimant
803 2408 859 2436 Viri
871 2406 945 2435 docti
955 2403 1070 2434 alluliffe
1079 2401 1197 2432 Marti-al.
1210 2402 1283 2439 praef.
1293 2401 1341 2430 lib.
1356 2410 1398 2430 12.

308 2452 334 2481 N
338 2461 352 2480 e
360 2452 427 2488 quid
439 2457 532 2479 tamen
542 2451 567 2479 ἃ
582 2448 741 2477 advenienti
752 2446 803 2475 tibi
817 2445 849 2474 ab
861 2444 927 2473 urbe
936 2444 962 2472 ἃ
971 2441 1092 2479 exigenti
1107 2449 1245 2483 negarem,
1259 2438 1400 2476 imperabo

308 2489 416 2523 mihh&
427 2489 503 2518 statui
514 2486 679 2525 paucissimis
691 2484 788 2514 diebus
798 2505 805 2517 ,
816 2479 1070 2512 utsamiliariffimas
1079 2478 1148 2507 nnhi
1164 2487 1241 2506 aures
1254 2483 1313 2505 tuas
1324 2477 1398 2505 exci-

308 2537 412 2565 perem.
423 2525 582 2555 adventoria
593 2524 647 2553 sua.
689 2523 740 2552 Ubi
750 2522 830 2560 postr.
848 2529 902 2548 vox
911 2518 1032 2556 suspecta
1039 2517 1076 2545 est
1086 2515 1204 2545 Radero.
1230 2515 1333 2543 Eadem
1345 2524 1402 2543 coe-

308 2575 343 2593 na
354 2566 379 2594 St
390 2564 492 2593 Viatica
500 2560 684 2592 dicebatur.V.
695 2559 820 2590 Tur-neb.
828 2556 934 2587 Advers.
950 2566 973 2585 2.
982 2565 1025 2592 30.
1035 2555 1061 2583 St
1072 2563 1113 2589 30.
1124 2558 1168 2582 26.
1190 2552 1287 2590 Scalig.
1298 2551 1399 2581 Auson.

308 2602 382 2631 Leti.
395 2611 421 2635 2.
440 2612 481 2637 19.
498 2602 524 2630 &
536 2610 579 2635 24.
615 2600 741 2635 Itemque
750 2597 878 2626 Torrent.
898 2595 934 2623 ad
952 2594 1026 2623 Suet.
1038 2591 1056 2620 l.
1072 2602 1096 2620 c.

290 2640 393 2678 Copiae.
415 2639 472 2668 Cic.
487 2648 536 2676 pro
547 2637 618 2675 Lege
629 2635 726 2666 Manu.
741 2645 784 2670 24.
807 2633 916 2671 Magnis
926 2630 1082 2660 adventitiis
1095 2628 1245 2658 multarum
1255 2627 1400 2656 nationum

308 2678 397 2715 copiis
414 2676 566 2713 juvabatur.

289 2715 423 2745 Doctrina
432 2710 815 2743 adventitia&transmarina.
837 2707 895 2738 Cic.
911 2716 935 2743 3.
956 2706 991 2734 de
1009 2704 1085 2747 Orat:
1111 2712 1170 2740 133.
1275 2740 1280 2745 ι

288 2753 448 2782 Adventitio
459 2749 746 2789 opponiturlnnatum
757 2746 912 2777 &insitum
943 2744 1000 2772 Cic.
1012 2742 1111 2779 Top1c.
1126 2745 1170 2775 69.
1200 2740 1401 2782 Specreautem

308 2796 519 2828 comparantur,
536 2795 567 2817 ut
576 2792 780 2824 anteponantur
792 2794 853 2822 quse
864 2788 976 2823 propter
990 2780 1015 2809 se
1030 2778 1186 2822 expetenda
1196 2777 1277 2820 sunt,
1296 2787 1328 2806 ns
1340 2787 1401 2814 quae

306 2834 420 2866 propter
429 2827 503 2856 aliud
515 2836 522 2855 :
544 2828 570 2856 St
581 2826 802 2860 utinnataatque
812 2821 904 2855 insita,
925 2820 1066 2858 ailumptxs
1077 2818 1103 2846 Sc
1120 2815 1287 2845 advenntns.

288 2866 346 2897 Dos
355 2888 362 2900 ,
379 2866 423 2895 cui
434 2864 588 2894 Profeffitia
597 2862 757 2900 opponitur.
780 2859 817 2889 est
830 2866 922 2887 autem
931 2856 1085 2886 Profectitia
1099 2855 1149 2882 dos
1159 2853 1221 2890 Ulp.
1240 2853 1268 2881 in
1279 2852 1296 2880 l.
1310 2853 1402 2890 profe-

306 2904 390 2939 Ctitia.
413 2901 553 2938 D.dejure
564 2901 682 2934 dotium,
695 2908 755 2936 quae
769 2908 784 2926 a
798 2902 874 2934 patre
886 2919 894 2931 ,
914 2894 958 2923 vel
968 2890 1260 2935 parente'prosetclasest
1274 2890 1310 2933 de
1322 2890 1401 2919 bonis

304 2941 349 2970 vel
358 2942 429 2971 facto
438 2941 505 2976 ejus.
516 2937 672 2969 Adventitia
678 2944 837 2973 vero,quam
847 2942 930 2963 nemo
938 2941 972 2960 ex
983 2936 1101 2974 paternis
1114 2928 1252 2972 b01ns,led
1265 2928 1401 2966 quispiam

306 2985 452 3013 extraneus
462 2977 591 3007 alicunde
598 2975 692 3005 dedit:
714 2982 745 3003 ut
759 2982 794 3002 ex
809 2971 911 3007 Juliani
922 2968 1011 2999 verbls
1028 2967 1175 3004 colligitur.

288 3017 410 3046 Frue'lus.
432 3016 489 3045 Liv.

289 3053 404 3083 Humor.
435 3054 508 3082 Varr.
530 3052 564 3081 de
581 3050 614 3080 R.
627 3050 660 3080 R.
681 3060 703 3079 1.
716 3055 742 3083 8.
1243 3078 1248 3083 ¹

289 3090 430 3120 Pecu-lium
442 3114 449 3126 ,
465 3090 552 3127 Quod
562 3088 596 3118 ab
609 3088 746 3117 extraneis
757 3087 782 3115 δι
794 3083 918 3121 cognatis
928 3081 1008 3111 nobis
1018 3080 1149 3110 obvenit:
1180 3087 1270 3116 quom
1282 3088 1398 3108 numero

308 3128 370 3157 sunt
380 3136 508 3158 maternae
529 3126 680 3156 maternive
696 3124 802 3162 generis
811 3121 1000 3151 haereditates:
1022 3119 1175 3147 amicorum
1189 3117 1255 3144 item
1271 3118 1296 3145 St
1310 3116 1399 3153 legata

309 3167 334 3194 ἃ
350 3166 537 3195 hzereditates:
559 3165 626 3193 item
635 3163 709 3192 lucra
720 3160 853 3199 nuptialia
864 3169 870 3188 :
892 3158 985 3187 omnia
995 3157 1114 3192 denique
1125 3164 1183 3192 quae
1192 3160 1268 3182 extra
1277 3153 1399 3182 laborem

309 3203 412 3231 militia·
422 3205 446 3232 S:
455 3203 571 3232 nostram
582 3201 743 3230 industriam
763 3197 876 3229 aliunde
887 3205 968 3233 quam
980 3204 1013 3223 ex
1028 3194 1149 3231 paternis
1159 3192 1239 3220 bonis
1256 3191 1336 3220 nobis
1355 3201 1399 3220 ac-

310 3241 404 3276 quisita
418 3240 486 3269 sunt.
1131 3267 1136 3272 .
1209 3267 1214 3271 ¹

289 3277 424 3312 Pecunia,
446 3277 643 3315 cuirespondet
652 3285 686 3305 ex
700 3273 811 3304 adverso
822 3270 942 3302 Pecunia
953 3269 998 3298 sua
1009 3270 1162 3311 &PYOPm'
1184 3266 1241 3295 Cic.
1258 3276 1280 3309 .¹·
1294 3266 1396 3295 Att.16.

309 3314 398 3344 Unam
410 3316 542 3343 rationem
554 3325 611 3344 non
625 3312 782 3347 rejiciebam
804 3316 834 3340 ut
848 3319 910 3346 ager
926 3308 977 3336 hac
997 3306 1147 3335 adventitia
1163 3313 1281 3346 pecunia
1297 3313 1400 3332 emere-

309 3358 361 3380 tur.
384 3352 460 3381 idem
469 3362 517 3389 pro
527 3352 616 3381 Rabir.
628 3351 715 3381 Posth.
730 3353 774 3384 46.
801 3347 896 3384 Quod,
915 3344 1037 3381 ,Iudicem
1052 3352 1109 3371 non
1118 3343 1282 3383 faciatrsfnc
1292 3363 1299 3376 ,
1317 3348 1398 3377 atque

309 3399 343 3418 eo
356 3390 439 3425 magis
449 3389 466 3417 {i
482 3390 629 3419 adventitia
641 3388 760 3427 pecunia
776 3387 879 3425 petitur
889 3383 922 3414 ab
934 3392 968 3412 eo
979 3382 1025 3411 cui
1034 3380 1080 3410 sua
1088 3390 1145 3409 non
1156 3379 1289 3408 redd1tur.
1319 3379 1397 3408 Idem

311 3436 336 3455 2.
352 3426 385 3455 de
398 3427 500 3456 invent.
513 3430 555 3461 64.

292 3464 335 3493 Te
344 3474 394 3492 mr.
417 3464 474 3492 Cic.
486 3473 509 3492 2.
527 3464 562 3492 de
573 3464 634 3492 Nat.
650 3464 732 3492 Deor.v
743 3465 787 3491 2⁶.

291 3501 323 3530 Vi
338 3511 371 3529 ro.
407 3501 464 3530 Cic.
482 3510 508 3530 2.
537 3501 571 3529 de
586 3501 676 3530 Divin.
700 3510 759 3530 120.

317 3538 416 3567 mistui.

255 3549 457 3609 Anlvan'rus
472 3596 479 3606 .
512 3575 553 3604 irs.
575 3570 725 3610 [meua-100,
745 3573 855 3608 ἒλόοως,
881 3569 984 3605 ἄφιξις]
1003 3568 1066 3599 Ter.
1086 3566 1156 3595 Eun.
1169 3575 1193 3594 2.
1207 3574 1231 3594 2.
1245 3574 1289 3600 29.
1321 3565 1396 3594 Salu-

291 3620 368 3646 tant,
388 3613 421 3641 ad
436 3620 544 3641 coenam
552 3617 669 3644 vocant,
689 3612 837 3640 adventum
855 3609 1030 3647 gratulantur.
1071 3604 1122 3633 Ubi
1134 3603 1266 3637 Donatus,
1290 3602 1397 3631 Adven-

291 3657 334 3679 tus
353 3651 461 3687 proprie
475 3652 681 3686 expectaturum
695 3669 703 3681 ,
724 3648 988 3683 ncceil‘ariorumque
1006 3643 1114 3673 dicitur.
1152 3641 1230 3670 ldem
1244 3640 1349 3669 l'horm.
1366 3650 1392 3682 J.

293 3697 317 3724 3.
330 3697 355 3716 2.
397 3687 447 3716 Ubi
465 3687 491 3714 in
507 3694 628 3715 mentem
644 3686 702 3720 ejus
717 3685 826 3714 adventi
846 3685 930 3713 venit.
971 3682 1023 3712 Ubi
1039 3680 1180 3713 Donatus,
1201 3678 1317 3707 Adventi
1330 3699 1337 3711 ,
1360 3680 1395 3706 hc

289 3731 395 3791 jipterxs
413 3725 532 3789 tizcnitivo
546 3723 606 3752 casu
620 3722 801 3759 proferebzmt.
843 3721 1070 3750 Commodiorem
1086 3717 1236 3746 adventum
1254 3725 1311 3744 non
1327 3715 1392 3744 vidi.

317 3772 352 3790 er.
389 3770 433 3789 nt.
449 3772 470 3795 ς.
484 3771 507 3789 2.
538 3783 543 3788 .

288 3801 429 3830 Adventus
448 3800 472 3827 ἃ
491 3770 643 3829 Disccffus,
667 3795 808 3825 contraria.
843 3795 900 3824 Cic.
917 3805 958 3824 12.
981 3795 1033 3823 Att.
1047 3802 1091 3828 49.
1122 3792 1210 3822 Utme
1219 3791 1320 3820 levarat
1329 3797 1393 3820 tuus

307 3837 458 3869 adventus,
478 3835 513 3863 iic
533 3833 658 3862 discessus
669 3834 771 3861 afflixit.

288 3875 429 3904 Adventus
441 3882 503 3901 cum
516 3871 650 3900 (ient-tivo
659 3871 812 3906 {requenter
822 3870 848 3897 in
859 3869 986 3897 Numinis
998 3870 1121 3906 Antiqnis
1133 3890 1140 3901 ,
1162 3872 1193 3896 ut
1205 3866 1339 3897 Adventui
1349 3865 1393 3894 vel

304 3909 581 3978 sspffingrzltxllgrrlilti,
603 3906 912 3944 velm1gustor.f1chajae
927 3928 934 3940 ,
953 3908 1066 3942 Airicae,
1086 3905 1267 3940 Alexandriae,
1289 3906 1339 3934 Sec.
1354 3902 1385 3933 V.

338 3958 352 3978 e
385 3957 402 3977 o
424 3970 429 3976 .
455 3949 459 3955 '
503 3947 527 3975 ai
552 3952 605 3975 ant.

813 3498 926 3528 Animos
943 3500 1057 3525 externa
1076 3493 1103 3521 ὃ(
1130 3490 1280 3520 adventitia
1294 3490 1396 3520 visione

1925 98 1951 131 A
2047 97 2079 131 D
2179 96 2212 130 V

1497 178 1638 209 Adventus
1650 180 1676 207 &
1687 177 1818 209 Victoria.
1835 177 1955 207 Adversa.
1979 177 2035 206 Cic.
2052 189 2078 212 4.
2100 177 2174 207 Verr.
2191 187 2251 213 115.
2273 176 2403 205 Conferte
2414 175 2495 211 huius
2511 171 2607 206 'Praetoa

1516 218 1551 245 ris
1562 217 1711 245 adventum
1721 225 1784 243 cum
1795 214 1867 243 illius
1880 216 2052 252 Imperatoris
2065 216 2186 244 victoria.

1496 255 1637 284 Adventus
1646 253 1735 281 Lucis.
1757 252 1862 281 Sallust.
1882 253 1948 282 Bell.
1971 253 2096 290 Jugurth.
2115 262 2173 290 cap.
2188 262 2231 287 91.

1497 292 1638 321 Adventus
1650 289 1793 318 maiorum.
1815 289 1872 318 Cic.
1887 300 1909 325 3.
1932 290 2012 319 Tusc.
2030 301 2070 325 14-
2108 291 2175 320 Hauc
2191 290 2274 326 igitur
2287 285 2491 326 praemeditatio'
2504 287 2608 318 futuro-

1518 338 1577 357 rum
1590 328 1724 356 malorum
1736 326 1805 355 lenit
1818 337 1913 356 corum
1931 328 2089 357 adventurn.

1498 364 1839 396 Adventuminimicorum
1851 364 1902 393 suis
1916 366 2076 402 corporibus
2089 364 2280 394 intercludere.
2302 363 2331 392 V.
2346 361 2359 391 Ι
2369 372 2388 391 Ν
2398 372 2416 390 Τ
2427 372 2439 391 c
2449 371 2465 390 'a
2474 371 2491 391 c
2500 373 2516 391 L
2525 373 2543 391 u
2554 373 2570 391 n
2580 373 2606 393 o.
2647 359 2649 364 ’

1499 404 1640 433 Adventus-
1652 403 1678 430 in
1689 401 1786 444 urbem
1797 424 1805 436 ,
1832 406 1857 432 <St
1870 403 1905 431 ad
1915 403 2020 431 urbem.
2054 402 2111 431 Cic.
2121 412 2170 438 pro
2180 401 2251 438 Lege
2266 399 2362 430 Manu.
2382 410 2421 429 12.
2457 399 2492 428 Ut
2506 400 2609 430 etiamsi

1517 441 1552 469 ab
1577 440 1651 468 hoste
1670 440 1834 474 delendam,
1854 448 1946 469 tamen
1965 440 2083 476 ipsorum
2099 440 2233 468 adventus
2247 439 2275 466 in
2297 438 2378 467 urbes
2394 437 2531 466 sociorum
2552 439 2636 473 non„>

1519 478 1639 506 multum
1653 475 1686 505 ab
1701 476 1790 505 hostili
1802 478 2007 514 expugnatione
2019 477 2155 506 differant.
2196 477 2272 506 Idem
2287 485 2337 513 pro
2348 474 2448 505 Milon.
2461 485 2506 510 49.
2535 474 2571 504 Ut
2579 475 2609 504 il-

1520 516 1539 544 li
1558 516 1709 543 nocturnus
1720 514 1754 542 ad
1772 516 1866 544 urbem
1878 515 2021 543 adventus.

1500 554 1588 583 Notes
1599 561 1679 589 porro
1690 552 1824 591 nonnulla
1837 560 1869 581 es:
1882 552 1924 581 his
1934 552 2019 580 modo
2029 550 2116 580 allatis
2127 561 2177 588 pro
2193 550 2344 587 participiis
2357 549 2457 579 habere
2468 549 2524 579 Ian.
2541 549 2611 579 Mel.

1520 591 1568 619 ler.
1583 589 1693 618 l‘aimer.
1715 589 1776 618 Fac.
1786 589 1972 625 Crit.Tom.4.
1983 599 2010 627 p.
2023 592 2087 625 ⁶52-
2110 595 2205 617 contra
2216 598 2298 625 quem
2308 588 2414 616 strenue
2425 586 2608 625 pugnatVoss'.

1522 628 1557 656 de
1574 626 1685 663 Analog.
1695 636 1722 663 p.
1732 636 1794 661 203.

1465 668 1486 697 A
1496 676 1514 695 D
1524 676 1539 693 v
1552 675 1563 692 r.
1573 674 1592 693 N
1602 673 1621 692 *r
1630 674 1646 692 o
1657 686 1664 698 ,
1697 662 1857 699 [imaiffipgm
1868 686 1876 700 ,
1905 663 2042 698 ἐφικνέομαι
2056 663 2070 698 ]
2098 673 2151 692 are.
2173 663 2298 699 Antiquis
2311 671 2361 699 pro
2376 662 2515 699 primitivo
2526 662 2612 699 pone-

1502 704 1598 736 b.1tur;
1621 701 1689 730 ficut
1700 702 1801 737 Adjuto
1815 712 1857 730 uo
1872 702 1996 737 Adjuvo:
2018 710 2092 730 nunc
2102 700 2158 730 fere
2166 700 2297 737 fignificat
2310 700 2544 737 Appropinquare.
2576 699 2610 730 In
2633 719 2637 734 ,

1502 741 1592 778 priore
1603 738 1767 775 significatu:
1791 714 1874 768 Plaut.
1887 739 1977 768 Aulul.
1994 749 2019 767 2.
2032 749 2054 767 1.
2070 748 2115 773 24.
2147 738 2190 767 Te
2204 738 2233 766 id
2240 737 2414 766 admonitum
2423 737 2552 766 advento.

1501 778 1722 813 Adventare,pr0
1732 777 1958 814 Appropinquare
1968 799 1975 812 ,
1993 786 2068 805 nunc
2083 776 2118 805 de
2128 782 2253 813 tempore
2263 775 2363 803 dicitur
2371 796 2379 809 ,
2398 783 2474 803 nunc
2482 774 2516 803 de
2524 773 2612 811 persua

1520 825 1564 849 na,
1576 824 1651 843 nunc
1662 815 1733 843 dere
1747 814 1807 843 alia.
1830 814 1886 843 Cic.
1901 824 1923 843 1.
1938 815 1973 843 de
1988 814 2064 843 Orat.
2075 825 2120 850 45.
2156 813 2242 849 Quod
2258 812 2314 841 fere
2325 813 2380 847 jam
2391 818 2501 849 tempus
2512 811 2611 840 advena

1520 860 1567 881 tat.
1598 852 1676 881 ldem
1687 861 1712 880 2.
1730 852 1803 881 Fam.
1817 863 1840 886 ς.
1873 852 2008 881 Nondum
2024 858 2082 880 erat
2100 851 2227 880 auditum
2239 856 2267 879 te
2284 850 2319 879 ad
2334 849 2441 879 Italiam
2454 847 2610 879 adventare.

1522 890 1599 919 ldem
1615 901 1641 925 4.
1662 890 1715 918 Att.
1733 899 1773 926 17.
1796 890 1959 925 Adventare,
1977 891 2003 918 Sc
2017 899 2103 927 prope
2112 890 2167 925 jam
2182 887 2235 918 effe
2245 887 2338 917 debes.

1501 928 1659 958 Adventant
1675 926 1839 956 discrimina.
1861 927 1962 956 Lucan.
1987 927 2034 956 lib.
2051 937 2076 964 7.
2091 937 2136 963 49.

1671 979 1709 985 —
1728 964 1884 994 discrimina
1905 965 2051 1002 postquam

1580 1002 1733 1031 Adventare
1754 1003 1857 1031 ducum
1872 1025 1880 1037 ,
1900 1003 2079 1039 supremaque
2098 1001 2192 1039 praelia
2213 1001 2292 1031 vidit.

1499 1039 1671 1077 Reipublicae
1685 1040 1834 1069 excidium.
1855 1040 1944 1069 Tacit.
1953 1052 1979 1076 4.
2001 1040 2067 1069 Hist.
2087 1049 2128 1076 13.
2146 1051 2170 1076 ς.

1500 1078 1590 1108 Rates.
1613 1077 1696 1107 Ovid.
1711 1087 1753 1107 12.
1774 1077 1897 1113 Met.65.
1965 1106 1967 1109 ,
2337 1104 2339 1107 .

1500 1115 1671 1145 Adventabat
1683 1116 1846 1153 accipiendo
1862 1116 1996 1145 Armeniae
2007 1123 2092 1152 regno
2106 1114 2253 1145 Tiridates.
2275 1111 2366 1143 Tacit.
2384 1115 2427 1142 16.
2449 1111 2521 1143 Ann.
2536 1111 2565 1142 h.
2583 1119 2607 1143 e,
2640 1112 2642 1115 '

1520 1153 1561 1182 Ad
1576 1153 1789 1190 accipiendum,
1810 1153 1862 1183 sive
1876 1153 1913 1182 Ut
1929 1153 2074 1190 acciperet.

1499 1192 1653 1220 Adventare
1663 1190 1762 1225 alicui,
1783 1201 1833 1228 pro
1841 1191 1881 1220 Ad
1894 1191 2023 1228 aliquem.
2044 1190 2134 1219 Tacit.
2147 1201 2170 1225 ς.
2183 1191 2253 1220 Ann.

1500 1228 1586 1257 Portis
1595 1251 1602 1263 ,
1625 1228 1652 1258 h.
1663 1238 1687 1257 e.
1709 1229 1944 1266 Appropinquare.
1967 1229 2033 1257 Stat.
2047 1238 2057 1256 1
2066 1238 2088 1256 1.
2101 1228 2192 1257 Theb.
2205 1237 2268 1257 202¹.

1500 1266 1605 1296 Locum
1620 1266 1755 1303 aliquem,
1775 1276 1825 1304 pro
1835 1266 1988 1296 Adlocum.
2012 1266 2102 1295 Tacit.
2118 1265 2166 1295 lib.
2187 1276 2211 1302 5.

1581 1304 1679 1333 Moesta
1692 1304 1768 1341 niger
1785 1304 1949 1334 adventabat
1963 1303 1997 1339 ab
2007 1313 2084 1332 urna.
2207 1303 2274 1333 Stat.
2296 1307 2322 1336 8.
2345 1301 2434 1331 Theb.
2450 1304 2476 1331 6.

1500 1342 1655 1371 Adventare
1677 1341 1725 1370 sub
1742 1341 1834 1371 finem.
1863 1342 1936 1379 Virg.
1957 1353 1981 1378 ς.
1999 1341 2060 1370 AEn.
2075 1350 2135 1378 327.

1463 1380 1485 1409 A
1495 1390 1512 1408 D
1522 1390 1537 1408 v
1549 1390 1561 1407 Ρ
1572 1389 1592 1408 Ν
1602 1388 1621 1408 Ί·
1630 1389 1648 1407 A
1657 1389 1677 1408 Ν
1686 1389 1714 1415 s,
1734 1379 1829 1408 Partic.
1851 1379 1908 1409 Cic.
1924 1391 1948 1417 5.
1962 1379 2044 1408 Tusc.
2065 1379 2141 1408 Tum
2149 1377 2232 1407 morti
2241 1379 2296 1415 jam
2312 1378 2362 1417 ipsi
2371 1376 2531 1408 adventanti
2545 1384 2613 1415 pau*
2651 1392 2655 1409 ι

1500 1416 1559 1446 lum
1577 1417 1726 1455 procedere
1736 1417 1853 1446 obviam.

1499 1456 1687 1485 Adventantes
1696 1455 1769 1484 Euri.
1790 1454 1861 1492 Virg.
1874 1466 1900 1491 4.
1919 1454 2017 1492 Georg.
2035 1464 2096 1489 192.
2111 1454 2146 1484 de
2160 1454 2273 1492 Apibus.

1499 1494 1656 1522 Adventans
1671 1492 1805 1522 senectus.
1827 1493 1884 1522 Cic.
1906 1492 1941 1521 de
1952 1493 2060 1522 Sened‘t.
2077 1502 2102 1521 2.

1462 1532 1484 1560 A
1493 1541 1510 1559 D
1519 1541 1536 1559 v
1546 1541 1559 1559 E
1568 1541 1587 1559 Ν
1597 1540 1617 1559 T
1626 1541 1645 1559 A
1653 1539 1690 1558 'r1
1702 1540 1718 1559 o
1729 1552 1737 1565 ,
1758 1531 1827 1560 onis.
1849 1531 1868 1559 f.
1889 1530 1949 1559 Vet.
1962 1530 2077 1567 Interpr.
2092 1529 2189 1559 Irenrci
2200 1539 2221 1558 1.
2236 1536 2260 1558 1.
2281 1527 2428 1558 Salvatoris
2441 1527 2609 1557 adventatio»

1461 1568 1509 1598 An
1519 1577 1536 1597 v
1546 1578 1560 1597 s
1570 1579 1589 1597 Ν
1601 1578 1618 1596 Τ
1627 1578 1644 1596 0
1656 1578 1672 1596 R
1683 1590 1691 1603 ,
1712 1564 1921 1604 [mammae]
1940 1567 2025 1597 Plant.
2040 1567 2154 1597 Trucul.
2172 1578 2195 1596 1.
2208 1576 2233 1596 2.
2247 1576 2270 1595 1.

1571 1606 1613 1635 Ad
1633 1606 1705 1635 sores
1721 1605 1889 1640 auscultato,
1909 1611 1992 1642 atque
2009 1605 2119 1634 adserva
2137 1605 2185 1634 has
2210 1605 2298 1639 aedes,

1524 1676 1525 1679 Ἴ
1572 1644 1678 1681 Nequis
1693 1644 1826 1673 adventor
1844 1643 1948 1680 gravior
1961 1644 2041 1672 abeat
2054 1665 2062 1679 ,
2081 1651 2164 1680 quam
2190 1642 2327 1672 adveniat.

1498 1681 1613 1711 Videtur
1634 1691 1739 1710 nomen
1754 1691 1769 1710 a
1786 1681 1881 1710 Plauto
1898 1681 1992 1710 fictum
2006 1686 2103 1718 praeter
2122 1680 2200 1709 usum
2221 1679 2391 1713 Latinitatis,
2412 1688 2463 1717 pro
2476 1677 2610 1715 Quolibet

1498 1720 1612 1749 homine
1624 1725 1754 1748 externo:
1776 1720 1794 1747 i.
1811 1729 1834 1748 e.
1857 1719 1913 1755 Qui
1933 1729 1991 1747 non
2003 1718 2034 1748 iit
2052 1718 2132 1747 nobis
2147 1718 2321 1748 domesticus.

1460 1758 1482 1787 A
1490 1768 1508 1786 1)
1518 1768 1535 1786 v
1546 1768 1559 1786 r.
1569 1768 1589 1786 Ν
1600 1767 1618 1786 T
1627 1767 1643 1786 o
1653 1768 1686 1785 111
1698 1767 1716 1785 u
1725 1767 1736 1786 s
1744 1779 1752 1792 ,
1773 1757 1833 1792 Adj.
1855 1753 2077 1792 [πξοστλσβπκές]
2090 1756 2175 1792 Quod
2185 1755 2343 1784 advenienti
2352 1754 2474 1791 cuipiam
2484 1752 2608 1783 offertur.
2643 1781 2649 1784 ,

1498 1795 1578 1838 Unde
1592 1795 1758 1824 Adventoria
1771 1794 1852 1832 Epist.
1871 1794 1945 1832 apud
1957 1794 2075 1824 Martial.
2091 1795 2120 1823 in
2133 1794 2207 1831 praef.
2218 1793 2267 1822 lib.
2286 1803 2328 1823 12.
2349 1791 2414 1821 Cael.
2432 1792 2522 1828 Antiq.
2532 1791 2608 1820 Lest-
2630 1793 2633 1798 “

1497 1832 1544 1862 hb.
1557 1839 1600 1866 28.
1625 1843 1684 1870 cap.
1698 1842 1722 1869 3.
1759 1832 1790 1861 V.
1809 1832 1888 1869 supra
1906 1832 2183 1861 Anvrmrrms.
2454 1829 2458 1847 '¹

1459 1870 1481 1899 A
1490 1880 1534 1937 13pr
1544 1881 1581 1938 κζ
1591 1881 1605 1899 r.
1614 1872 1629 1899 ἔ
1639 1881 1655 1899 R
1664 1878 1681 1899 o
1693 1891 1701 1905 ,
1739 1871 1755 1906 [
1773 1869 1922 1906 πςοοηικίζω
1935 1870 1949 1904 ]
1986 1879 2039 1899 are.
2089 1869 2274 1898 Vehementer
2300 1867 2450 1897 verberare.
2491 1866 2558 1896 Stat.
2581 1875 2608 1901 9.

1503 1927 1516 1937 ,ι
1532 1919 1558 1938 ie
1581 1932 1586 1938 .
1605 1912 1668 1942 686.

1650 1962 1688 1966 —-
1707 1947 1733 1975 ἃ
1750 1946 1849 1975 auratis
1864 1944 2023 1975 adverberat
2035 1943 2175 1981 unguibus
2189 1954 2287 1973 armos.

1459 1983 1481 2012 A
1490 1993 1507 2012 D
1517 1993 1558 2026 νγ.
1567 1993 1582 2011 R
1592 1993 1606 2012 R
1617 1994 1625 2012 ι
1635 1994 1655 2012 u
1663 1995 1694 2017 m,
1706 1980 1857 2019 [ἐπᾶῥρημοι]
1877 1983 1938 2012 Vox
1946 1983 1983 2012 est
1993 1984 2049 2012 sine
2060 1992 2184 2017 numero,
2195 1992 2254 2019 quae
2262 1981 2308 2010 alii
2319 1981 2421 2015 voch&
2438 1979 2610 2018 frequentius
2646 2002 2652 2006 .

1498 2021 1611 2064 quidem
1620 2021 1727 2057 Verb0,
1748 2021 1824 2050 unde
1840 2021 2101 2056 &nomeninvenit,
2112 2020 2285 2057 adjungitur:
2307 2026 2355 2053 ut,
2375 2018 2461 2047 Valde
2473 2017 2608 2051 constanS,
2644 2041 2646 2046 .

1496 2056 1606 2102 Dyfferst
1617 2066 1707 2094 acute,
1734 2059 1808 2088 Bene
1820 2068 1908 2087 mane.
1949 2058 2023 2087 Hinc
2038 2058 2100 2087 ficta
2111 2068 2126 2087 a
2144 2057 2326 2094 grammaticis
2336 2056 2490 2091 vocabula,
2508 2055 2609 2085 Adver-

1497 2096 1592 2131 bralls,
1616 2096 1827 2132 Adverbialiter,
1849 2095 2033 2125 Adverbiaster
2045 2118 2053 2130 ,
2073 2095 2239 2125 Adverbiari.

1458 2134 1744 2170 AnersAans,
1765 2136 2030 2169 ADVERSAsslA,
2052 2134 2322 2168 ADVERSA'roR,
2345 2132 2493 2161 Anvaas
2507 2138 2608 2165 ιτΑε,
2658 2132 2659 2139 ’

1496 2173 1755 2207 onasssr'roa,
1791 2172 1995 2201 A'nveason.
2035 2171 2065 2200 V.
2089 2172 2288 2200 ADVERSUS.
2566 2196 2569 2198 .

1457 2209 1479 2239 A
1488 2220 1506 2238 n
1516 2220 1531 2238 v
1543 2219 1555 2237 a
1566 2220 1580 2237 R
1590 2220 1601 2238 s
1613 2220 1630 2238 υ
1639 2220 1666 2245 s,
1688 2206 1878 2245 [humanive
1887 2231 1896 2244 ,
1918 2206 2054 2244 ἐναντὶίῷψ]
2079 2209 2136 2242 Adi.
2159 2208 2191 2238 ab
2202 2208 2352 2242 Advertor·,
2374 2206 2534 2244 Oppositus,
2554 2205 2609 2235 sive

1495 2247 1644 2282 Obiectus:
1667 2257 1726 2284 quae
1743 2248 1846 2282 esteius
1861 2247 1971 2285 propria
1982 2246 2151 2283 significatio.
2183 2245 2289 2275 Sallust.
2302 2245 2330 2273 in
2347 2244 2472 2282 jugurth.
2487 2252 2547 2280 139.
2562 2251 2605 2280 17.

1493 2282 1574 2314 Haud
1584 2285 1723 2322 proculab
1734 2285 1817 2314 latere
1827 2284 1927 2313 castelli
1935 2284 2011 2321 quod
2023 2284 2165 2313 adversum
2175 2283 2363 2321 praeliantibus
2374 2288 2439 2311 erat.

1492 2321 1623 2352 Adversus
1642 2330 1689 2352 aut
1706 2323 1879 2352 Contrarium
1896 2322 2045 2359 fignificat,
2067 2330 2114 2350 aut
2126 2322 2200 2350 idem
2212 2321 2287 2358 quod
2305 2320 2381 2357 Erga.
2412 2319 2512 2349 Festus.
2536 2319 2608 2355 Quae

1511 2370 1546 2426 ΞΝ
1557 2361 1656 2427 εοάἓη]
1666 2371 1765 2428 Ξεὶρεπε
1774 2360 1908 2390 contraria
1920 2359 1983 2389 sunt
1992 2359 2166 2397 appellantur
2176 2358 2291 2389 Adversa
2299 2381 2307 2393 ,
2325 2365 2357 2387 ut
2371 2357 2503 2387 Celeritas
2513 2378 2521 2393 ,
2542 2356 2608 2386 Tar-

1534 2404 1591 2427 1tas.
1637 2399 1689 2427 ια’
1708 2400 1781 2436 opic.
1794 2407 1838 2434 47.

1492 2435 1624 2465 Adversus
1636 2438 1661 2466 St
1677 2436 1791 2465 aversus.
1814 2433 2007 2465 Columel-lib.
2028 2444 2050 2463 1.
2067 2444 2127 2471 cap.
2148 2444 2170 2469 5.
2198 2433 2360 2463 Cavendum
2370 2439 2464 2461 tamen
2474 2432 2533 2466 erit,
2548 2436 2580 2460 ut
2591 2440 2607 2460 a

1511 2480 1588 2516 tergo
1610 2475 1702 2511 potius
1716 2479 1798 2511 quam
1813 2480 1866 2511 prae
1876 2472 1901 2501 se
1910 2472 2014 2501 flumen
2029 2472 2143 2501 habeat:
2171 2478 2203 2500 ut
2218 2471 2328 2501 aedificii
2345 2470 2421 2499 frons
2432 2469 2522 2499 aversa
2532 2468 2564 2497 fit
2572 2468 2622 2498 ab‘

1512 2512 1614 2540 infestis
1624 2513 1682 2547 ejus
1699 2512 1819 2549 regionis
1829 2510 1918 2540 ventis
1928 2531 1935 2544 ,
1954 2511 1979 2538 ok
1990 2509 2156 2538 amiciflimis
2175 2509 2292 2539 adversa.
2633 2518 2637 2521 ·

1491 2548 1613 2592 Adferiie
1624 2550 1772 2579 cicatrices.
1808 2549 1864 2578 Cic.
1874 2558 1900 2577 2.
1911 2548 1945 2576 de
1956 2547 2031 2576 Orat.
2050 2553 2095 2581 28.
2126 2547 2182 2583 Qui
2193 2547 2222 2575 in
2232 2547 2310 2576 causa
2318 2545 2471 2583 peroranda
2486 2554 2544 2573 non
2557 2543 2607 2572 du-

1510 2587 1605 2616 b1tavit
1615 2588 1734 2616 excitare
1741 2597 1819 2616 reum
1832 2584 2008 2616 Consularem
2018 2607 2026 2619 ,
2048 2586 2073 2614 St
2084 2585 2142 2619 eius
2153 2584 2296 2614 diloricare
2307 2584 2430 2613 tunicam
2440 2605 2448 2618 ,
2468 2584 2494 2613 ἃ
2507 2582 2606 2618 judicia

1511 2624 1563 2653 bus
1573 2626 1714 2654 cicatrices
1726 2624 1847 2654 adversas
1861 2623 1930 2652 senis
1940 2622 2115 2659 imperatoris
2134 2623 2285 2651 ostendere.

1491 2662 1608 2691 Adverso
1625 2672 1741 2700 corpore
1752 2669 1874 2699 excepta:
1885 2660 2034 2690 cicatrices.
2059 2660 2116 2689 Cic.
2130 2659 2148 2689 l.
2165 2671 2188 2696 5.
2207 2660 2237 2688 in
2252 2659 2325 2689 Verr.
2340 2668 2364 2696 3.

1491 2699 1614 2735 Dentes,
1635 2701 1652 2730 i.
1674 2710 1696 2729 e.
1719 2700 1882 2729 Anteriores.
1913 2697 1971 2727 Cic.
1988 2707 2014 2727 2.
2034 2697 2070 2727 de
2082 2698 2144 2727 Nat.
2158 2697 2240 2727 Deor.
2258 2707 2321 2734 134.

1491 2737 1575 2767 Folia.
1600 2737 1666 2767 Plin.
1679 2738 1728 2768 lib.
1741 2747 1785 2774 27.
1807 2747 1865 2775 cap.
1884 2745 1924 2770 13.
1994 2765 1996 2767 ,
2570 2760 2571 2764 .

1491 2774 1592 2805 Fronte
1603 2775 1711 2805 adversa
1720 2775 1825 2804 obvius
1847 2773 1894 2804 Sil.
1908 2772 1966 2803 Ital.
1981 2773 2029 2803 lib.
2044 2784 2066 2810 5.
2090 2771 2211 2802 Adversis
2222 2770 2359 2801 frontibus
2378 2776 2549 2800 concurrunt
2558 2769 2604 2799 da*-

1511 2823 1571 2842 mae.
1613 2813 1730 2842 Martial.
1744 2813 1791 2842 lib.
1805 2824 1831 2848 4.
1847 2822 1889 2848 35.
1978 2815 1981 2821 '

1491 2850 1580 2879 Hastis
1594 2851 1709 2880 adversis
1721 2851 1867 2879 incurrere.
1907 2848 1978 2886 Virg.
1994 2858 2035 2877 11.
2056 2847 2118 2876 AEn.
2139 2850 2202 2876 612.

1491 2887 1608 2917 Lectica.
1632 2889 1688 2918 Cic.
1700 2899 1725 2918 2.
1745 2888 1863 2925 Philipp.
1880 2892 1923 2920 82.
1959 2886 2086 2923 Capntin
2098 2885 2236 2919 adversam
2245 2882 2512 2914 lecticaminserens.

1491 2925 1609 2955 Manum
1629 2926 1767 2955 adversam
1784 2925 1935 2954 ostendere.
1957 2924 2014 2953 Cic.
2024 2934 2050 2959 4.
2072 2924 2154 2951 Acad.
2178 2933 2238 2958 145.
2477 2922 2479 2925 “

1491 2963 1603 2993 Peerore
1612 2964 1723 2993 adverso
1736 2964 1837 2992 ferrum
1849 2963 1984 2999 excipere.
2008 2961 2034 2990 h.
2048 2970 2071 2989 e.
2095 2960 2222 2995 Objecto.
2245 2960 2308 2989 Sen.
2320 2960 2412 2997 Agam.
2427 2969 2452 2988 v.
2467 2969 2530 2996 232.

1491 2999 1570 3039 Ripa.
1607 3002 1664 3031 Cic.
1683 3012 1705 3030 1.
1725 3002 1759 3030 de
1775 3001 1866 3030 Divin.
1879 3005 1920 3033 <8-
1941 2999 2101 3035 Eodemque
2109 3007 2181 3034 equo
2192 2997 2329 3027 adversam
2337 2999 2424 3035 ripam
2434 2996 2565 3027 ascendit.

1492 3040 1584 3077 Spatia
1598 3039 1715 3068 adversa.
1737 3039 1808 3075 Virg.
1827 3049 1849 3073 ς.
1871 3037 1932 3066 AEn.
1947 3043 2008 3072 584·
2462 3062 2463 3067 ,

1491 3076 1584 3106 Solem
1601 3077 1742 3106 adversum
1759 3076 1858 3104 intueri
1877 3075 2011 3111 nequitis,
2034 3074 2147 3111 ejusque
2161 3073 2242 3102 radiis
2262 3072 2334 3101 acies
2349 3072 2433 3101 vestra
2458 3070 2603 3109 sensusque
2646 3071 2647 3074 ’

1510 3115 1637 3143 vincitur.
1671 3114 1727 3143 Cic.
1740 3114 1768 3142 in
1778 3114 1872 3142 Somn.
1893 3113 1966 3149 Scip.
1982 3122 2005 3141 e.
2021 3123 2043 3147 5.
2066 3119 2133 3140 extr.

1491 3151 1614 3189 vestigia.
1643 3152 1699 3181 Cic.
1712 3163 1738 3187 4.
1755 3151 1836 3180 Acad.
1858 3159 1900 3185 39.
1927 3150 2028 3178 Nonne
2043 3150 2125 3179 etiam
2137 3147 2228 3177 dicitis
2246 3146 2299 3177 effe
2316 3157 2331 3175 e
2342 3149 2453 3183 regione
2467 3146 2546 3175 nobis
2560 3168 2567 3181 ,
2587 3154 2604 3175 e

1509 3190 1645 3219 contraria
1659 3196 1735 3227 parte
1750 3195 1845 3219 terrae,
1866 3188 1911 3224 qui
1926 3187 2041 3216 adversis
2053 3187 2170 3224 vestigiis
2182 3186 2252 3215 stent
2262 3191 2358 3214 contra
2368 3185 2456 3214 nostra
2474 3184 2603 3221 vestigia,

1510 3238 1578 3263 quos
1590 3227 1739 3265 Antipodas
1760 3225 1863 3254 vocatis
1879 3226 1891 3253 ⁵?

1490 3263 1722 3331 Vi²¹gsOPPSfi⁸²¹·
1755 3263 1842 3293 Plaut.
1852 3261 1948 3291 Bacch.
1964 3271 1986 3290 1.
2001 3271 2024 3297 3.
2039 3271 2062 3296 ς.
2104 3261 2169 3298 Quo
2184 3268 2260 3290 nunc
2272 3259 2384 3297 capellis
2396 3265 2426 3288 tu
2441 3266 2467 3288 te
2478 3259 2543 3288 hinc
2557 3258 2604 3288 ad·

1509 3312 1541 3331 VC
1568 3313 1582 3331 'd
1593 3313 1637 3332 Vlil
1654 3326 1659 3331 .

1490 3339 1619 3369 Vulnera.
1641 3340 1735 3369 Liv.2.
1774 3337 1893 3367 Adverfis
1908 3335 2068 3368 vulneribus
2088 3335 2178 3364 occiii.

1489 3377 1622 3407 Adversus
1642 3380 1667 3408 ὁὶ
1686 3376 1806 3405 infestus.
1830 3376 1886 3404 Cic.
1909 3384 1959 3411 pro
1975 3374 2075 3403 Alilon.
2098 3383 2120 3409 3.
2479 3406 2481 3408 Ι

1490 3415 1630 3445 JErumna.
1667 3415 1730 3444 Ter.
1758 3413 1865 3443 Phorm.
1892 3422 1913 3440 1.
1939 3422 1961 3445 ς.
1995 3421 2036 3439 12.
2077 3411 2205 3440 Abundat
2226 3408 2378 3447 (adversa)
2399 3409 2465 3438 teste
2480 3409 2601 3447 Donato,

1509 3453 1579 3482 Nam
1591 3453 1681 3481 omnis
1693 3461 1831 3484 cerumna,
1852 3448 1961 3479 adversa
1974 3449 2011 3478 est
2030 3448 2118 3477 nobis.

1490 3492 1573 3519 Amor
1592 3490 1718 3519 adversus
1734 3491 1759 3519 δέ
1774 3487 1917 3517 secundus.
1940 3486 2046 3515 Lucret.
2068 3486 2114 3515 lib.
2130 3497 2155 3520 4;

1488 3528 1593 3557 Animis
1603 3527 1717 3557 adversis
1735 3526 1838 3562 aliquid
1849 3525 1982 3561 accipere.
2023 3523 2053 3552 V.
2075 3526 2146 3553 Ace
2159 3534 2166 3551 1
2178 3533 2245 3551 1²10.
2266 3522 2354 3551 Tacit.
2380 3521 2428 3550 lib.
2446 3531 2470 3558 3.
2510 3522 2602 3559 thue

1508 3565 1567 3594 lnec
1578 3566 1698 3594 secundo
1709 3572 1832 3597 rumore,
1849 3563 1885 3591 ita
1895 3561 2010 3590 adversis
2023 3562 2121 3590 animis
2133 3566 2293 3597 acceptum,
2315 3562 2366 3588 &Q

1488 3603 1587 3630 Animo
1604 3602 1714 3631 adverso
1733 3600 1837 3638 aliquid
1851 3598 2054 3634 2111scultare‚‘i.
2076 3609 2098 3627 e.
2120 3598 2228 3632 invito,
2254 3607 2286 3625 ac
2308 3602 2488 3634 repugnante.
2511 3596 2598 3626 Plane.
2626 3602 2634 3619 ὃ

1507 3640 1602 3668 Pseud.
1621 3651 1642 3668 1.
1659 3649 1682 3675 3.
1695 3646 1719 3672 8.
1742 3639 1796 3668 Sed
1814 3636 1977 3674 legendum:
2218 3660 2220 3664 .

1519 3714 1534 3742 b
1545 3678 1575 3706 ln
1593 3687 1649 3706 rem
1667 3677 1742 3714 qnod
1757 3676 1788 3705 sit
1808 3674 2077 3713 prazvortaris,quam
2087 3683 2115 3702 re
2126 3670 2333 3702 adversaanimo
2343 3670 2485 3700 auscultes.
2537 3670 2596 3700 Vid.

1507 3715 1515 3742 i
1538 3715 1544 3742 i
1563 3716 1683 3743 Gronov.

1487 3752 1563 3787 Aqua
1576 3750 1675 3780 adversa
1732 3761 1743 3780 r
1764 3759 1874 3780 amnem
1887 3745 1994 3778 advecti
2013 3748 2121 3782 sumus,
2149 3746 2225 3785 qnod
2245 3745 2328 3782 vulgo
2353 3745 2453 3774 dicitur
2466 3768 2474 3780 ,
2496 3745 2599 3774 Contra

1506 3799 1613 3825 aquam.
1658 3789 1674 3817 P
1771 3788 1849 3817 Trin.
1874 3798 1901 3821 4.
1923 3796 1948 3815 2.
1974 3796 2032 3814 101.
2083 3786 2128 3814 Sic
2138 3807 2146 3820 ,
2184 3783 2250 3813 Vchi
2279 3782 2390 3812 adverso
2418 3784 2504 3812 fluvio
2516 3805 2524 3818 ,
2548 3783 2599 3811 Ad-

1506 3826 1581 3855 verso
1613 3826 1682 3856 flum
1781 3826 1885 3862 avigare
1904 3845 1913 3860 ,
1953 3830 2001 3852 aut
2044 3832 2143 3852 navem
2168 3822 2278 3851 ducere.
2497 3820 2594 3857 Georg.

1506 3873 1569 3893 201.

2335 3820 2407 3857 Virg.
2435 3830 2458 3850 1.

2532 3929 2597 3962 Non
