2600 4177
445 147 471 180 A
562 147 592 181 ἶ.

22 221 42 256 A
52 235 70 255 1·
80 237 95 254 r.
107 233 152 254 AN
162 234 197 253 Ti
208 235 245 254 us
258 225 356 255 Nodus
365 249 372 261 ,
388 226 493 256 Primus
504 225 587 264 spinae
599 227 730 256 articulus
742 235 876 258 vocatura
890 229 957 259 Plio.
970 231 1016 261 lib.
1031 236 1074 265 28.
1087 237 1173 270 capg.

56 264 101 292 Sic
112 263 186 291 enini
198 264 235 291 ait
246 286 253 296 ,
275 264 410 296 Ouinimo
422 266 507 293 totius
518 265 617 293 doinus
631 265 812 295 concordiam
825 289 833 299 ,
857 268 955 296 eodeni
968 271 1080 304 genitali
1094 273 1119 299 ὁὶ
1138 280 1174 298 ar.

56 300 143 330 ticulo
159 299 241 337 spina:
256 295 319 329 00111
331 301 488 331 adhaerente
499 303 575 331 corio
587 301 733 331 adservatis
745 325 753 336 ,
776 305 913 333 constare:
941 317 1021 337 quem
1038 307 1119 344 spinae
1137 317 1176 335 ar-

56 337 172 367 ticulum
185 338 236 366 sive
246 338 351 367 nodum
367 340 507 368 Atlantion
518 346 635 368 vocant:
659 340 696 368 est
707 348 800 370 autem
813 343 925 379 primus.
948 343 977 371 ln
992 344 1176 374 comitialium

57 384 166 413 quoque
175 376 303 404 remediis
319 376 422 406 lisi'nent
436 386 508 405 eum.
550 377 683 413 Loquitur
703 377 806 408 Plinius
824 381 859 408 de
872 390 906 408 co
919 382 1034 410 iirtitulo
1056 383 1102 417 qui
1123 383 1177 418 pri-

57 422 118 441 mus
131 412 169 440 est
179 413 207 440 in
220 412 294 450 spina
306 414 434 443 llvaenae:
456 415 502 451 qui
514 414 584 444 forte
596 414 632 443 ob
644 415 673 443 id
689 415 822 446 Atlantius
834 418 943 450 dicitur,
963 420 1025 453 quia
1040 419 1175 456 reliquam

56 450 161 487 spinam
171 450 279 479 videtur
290 448 418 481 sustinere
429 474 436 484 ,
458 452 694 488 quemadmodum
713 453 785 482 Atlas
797 454 907 491 fingitur
920 455 1048 485 sustinere
1061 457 1174 485 coeluni.

57 487 139 523 [lrno
156 487 218 523 quia
242 489 368 518 omnium
389 488 574 518 vertebrarum
591 490 741 527 plurimum
764 493 855 521 oneris
874 492 985 522 sustinet
995 516 1002 528 ,
1038 495 1177 524 Atlantem

56 532 189 553 vocarunt
199 525 355 555 Anatoniici
368 527 493 556 ultimam
508 527 571 555 colli
583 528 746 563 vertebram,
759 536 788 558 ut
801 530 884 559 docet
897 530 992 560 Pollux
1004 531 1020 560 l.
1031 541 1057 560 2.
1073 533 1100 561 S.
1115 541 1175 567 132.

56 563 82 591 &
94 562 211 598 178.Hic
220 569 310 592 utrum
321 574 347 592 n.
364 565 564 594 Diuiinutivum
577 565 672 593 ΓιῑἈτ)
680 566 761 598 aiv-110»,
773 577 807 595 an
816 578 872 596 acc.
882 569 1176 604 abAdject.m.‘Amii-

57 610 115 626 τεως
126 621 135 634 ,
156 607 187 629 111
200 599 546 637 Γυὺῑιυάἰπυγαπόνὸυλῶ,
568 612 623 631 000
639 602 720 632 facile
735 604 861 634 dixerim.
1079 644 1084 649 ¹

21 639 287 673 A’rLANTicus,
317 640 375 673 Adi.
398 648 447 674 ut,
481 640 649 670 Atlanticum
666 650 749 670 mare.
790 642 848 671 Cic.
868 643 903 672 de
923 643 1017 673 Somn.
1040 643 1174 688 801011.

58 674 157 704 Omnis
169 681 238 704 terra
247 686 307 712 quae
320 678 422 706 colitur
432 688 446 707 a
457 678 536 707 vobis
545 701 552 714 ,
575 687 656 716 parva
675 679 801 715 quaedam
812 680 897 709 insula
913 682 950 710 est
964 682 1116 725 circunsusa
1127 682 1176 725 illo

56 712 125 741 mari
136 713 212 749 quod
226 713 401 750 Atlanticum,
412 715 487 753 quod
498 726 639 752 magnum,
652 716 728 753 quod
736 716 881 747 Oceanum
891 719 1038 757 appellatis
1048 729 1076 748 in
1086 727 1174 749 terris.

57 749 224 780 Atlanticum
239 761 342 789 aequor.
364 753 429 783 Hor.
447 764 470 782 1.
489 753 579 783 Carni.
593 763 636 789 31.
656 764 699 789 14.
969 793 976 799 ἡ
1012 794 1016 799 .

23 788 70 818 Αἰ·
79 798 94 816 1.
103 797 121 816 A
131 797 151 816 N
160 797 178 816 T
187 799 196 817 1
206 791 222 817 ,ἶ
233 798 250 818 c
259 800 278 818 u
287 800 315 826 s,
341 790 418 820 aliud
436 791 496 827 Adj.
520 792 722 829 infrequentius
740 791 879 823 usitatum.
917 795 1051 824 Aulonius
1066 795 1176 825 Mosell.

57 835 81 854 v.
99 835 159 860 144.
841 869 846 874 ι

22 855 149 893 Α’τιΛΝ
161 872 218 893 Τις
229 886 236 898 ,
260 865 324 894 idos
338 864 382 895 vel
401 867 465 896 idis.
488 872 645 905 patronym.
661 867 695 897 ab
707 867 788 898 Atlas.
811 867 917 899 Tibull.
933 881 960 906 4.
977 881 1000 900 1.
1016 879 1061 908 77.

208 917 245 922 -—
260 903 393 933 foecunda
402 904 555 934 Atlantidos
569 914 631 934 arva

147 937 288 977 Calypsus.
374 942 495 980 Uterque
510 943 645 980 genitivus
655 943 764 973 Graecus
772 943 818 973 est.

22 973 42 1007 Δ
50 984 92 1004 τι,
102 984 120 1004 Λ
129 983 149 1004 Ν
158 985 178 1004 T
189 988 197 1005 1
208 988 226 1005 o
234 988 248 1006 r
257 988 268 1007 s
278 1000 285 1013 ‚
308 977 440 1015 Vergiliae.
469 980 581 1010 fuerunt
591 988 683 1010 autem
706 981 759 1016 (ut
768 981 926 1012 fabulantur
939 984 1048 1021 poetae)
1068 983 1173 1022 septem

54 1012 117 1081 ffliae
128 1013 244 1080 igtlantis
258 1038 266 1051 ,
287 1017 330 1046 vel
343 1015 456 1056 Hesperi
467 1018 556 1048 fratris
572 1019 640 1055 ejus.
662 1019 740 1049 unde
759 1021 786 1049 ἃ
804 1020 969 1058 Hesperides
993 1028 1127 1052 vocantur
1146 1024 1173 1052 δι

84 1060 127 1080 013
149 1061 185 1081 es.

56 1088 118 1118 Eoae
132 1089 292 1121 Atlantides.
313 1092 388 1130 Virg.
409 1104 432 1123 1.
451 1093 621 1132 Georg.221.

439 1152 466 1186 A
564 1153 595 1187 T
694 1151 729 1187 N

20 1213 94 1244 ΛΤΝ
104 1223 203 1251 eros,
225 1216 288 1246 Utis.
312 1217 398 1248 Filius
412 1218 577 1257 abnepotis,
604 1219 648 1250 vel
665 1220 804 1257 abneptis.
855 1258 860 1264 .

54 1251 187 1281 Scribitur
197 1253 370 1291 frequentius
384 1257 523 1295 Adiiepos.
560 1257 589 1288 V.
611 1258 719 1288 Gruteri
738 1259 940 1297 inscriptiones.

55 1287 91 1318 Ut
99 1290 207 1321 Atavus.
232 1292 307 1322 Valla
319 1294 393 1331 apud
402 1295 577 1325 Herodotum
587 1295 636 1325 lib.
652 1308 673 1325 1.
691 1307 718 1334 p.
731 1307 758 1332 4.

3 1340 6 1344 ⁴
97 1328 137 1355 Ἐς
147 1324 180 1358 ὃν
191 1328 294 1365 πίλιιπῇν
305 1329 413 1367 ὸῖπέννον
431 1330 519 1369 Γύγεω,
540 1333 572 1364 In
580 1341 743 1372 atnepotem
754 1333 837 1372 GygiS
851 1334 887 1363 H
898 1335 936 1364 St.
954 1334 985 1365 V.
1004 1344 1080 1365 ATA
1090 1345 1108 1366 V
1118 1345 1138 1365 U
1146 1344 1168 1365 S·

20 1364 66 1395 Ατ
74 1374 94 1393 N
104 1374 119 1394 ι
128 1375 142 1394 P
151 1375 186 1396 T1
196 1377 208 1396 s
217 1390 225 1404 ,
247 1368 315 1398 Filia
326 1370 473 1409 abnepotis
485 1393 495 1408 ,
517 1371 562 1402 vel
571 1372 699 1411 abneptis
708 1394 717 1408 ,
737 1373 813 1410 apud
823 1372 915 1408 JCtOS-

450 1433 476 1467 A
570 1432 602 1467 T
699 1434 735 1468 O

0 1493 2 1498 >
21 1472 67 1502 Αἰ·
75 1482 116 1503 00
126 1484 136 1503 1
145 1484 162 1504 o
171 1484 192 1504 Ν
201 1497 209 1510 ,
230 1476 276 1506 νο1
287 1477 306 1506 A
315 1486 335 1506 Τ
343 1487 360 1507 0
370 1488 434 1508 010
442 1490 462 1509 M
472 1501 480 1515 ,
500 1478 645 1517 [ἐτέων]
665 1481 908 1512 Medicamentum
918 1484 993 1520 quod
1002 1482 1170 1526 sterilitatem

0 1513 2 1518 '
54 1510 152 1548 affert,
173 1515 199 1543 δι
214 1523 382 1553 conceptum
399 1518 516 1548 adimit:
539 1519 593 1548 hoc
607 1520 645 1548 est
664 1520 722 1549 vim
739 1521 929 1558 concipiendi.
972 1521 1039 1550 Plin.
1058 1520 1105 1550 lib.
1123 1530 1168 1556 29.

55 1558 114 1587 cap.
126 1561 153 1585 4.
183 1552 229 1581 Vis
240 1562 271 1582 ea
282 1563 373 1584 annua
381 1555 419 1584 est
429 1578 437 1591 ,
459 1566 541 1594 quani
549 1555 634 1587 solam
644 1567 679 1587 ex
687 1558 765 1587 omni
777 1560 867 1588 atocio
876 1559 972 1589 dixisse
983 1560 1023 1589 fas
1033 1559 1077 1589 fit:
1101 1568 1169 1596 quo·

53 1587 128 1616 niam
140 1588 292 1627 aliquarum
303 1591 473 1624 foecunditas
488 1594 571 1632 plena
586 1595 678 1625 liberis
691 1596 739 1625 tali
751 1597 954 1635 veniaindiget.
1005 1636 1011 1641 ·
1116 1635 1121 1640 .
1138 1635 1143 1640 ι

21 1623 121 1654 Aron
132 1636 150 1655 u
161 1637 173 1656 s
184 1650 192 1663 ‚
228 1629 245 1657 i.
281 1630 300 1659 f.
338 1630 486 1668 [bime&]
516 1632 614 1663 Latine
644 1633 746 1663 dicitur
775 1634 939 1666 Individuus
956 1658 964 1671 ,
1003 1634 1167 1665 insecabilis.

51 1662 161 1694 Servius
176 1665 205 1695 in
216 1666 286 1704 Virg.
301 1671 326 1697 6.
340 1668 397 1699 Ecl.
411 1678 453 1706 30.
491 1670 599 1710 Corpus
625 1671 725 1701 volunt
748 1673 802 1702 esse
827 1679 951 1708 atomos,
982 1674 1011 1704 id
1021 1673 1067 1718 ‚est
1092 1672 1172 1710 quas-¹

51 1699 116 1730 dam
128 1704 322 1736 minutiffimas
332 1713 439 1743 partes,
455 1717 515 1746 quae
524 1710 592 1745 τιμὴν
601 1732 608 1745 ,
622 1710 699 1739 idest
710 1710 859 1740 sedtionem
871 1722 929 1741 non
942 1714 1089 1750 recipiunt.
1112 1711 1169 1740 un..

52 1738 87 1767 de
97 1740 123 1769 ἃ
133 1744 218 1772 atomi
230 1743 311 1773 dietae
323 1744 385 1774 sunt
396 1768 403 1779 ,
425 1756 490 1783 quas
503 1747 647 1777 Lucretius
659 1749 823 1779 minutiores
842 1750 915 1779 dixit
925 1747 979 1780 esse
991 1750 1043 1780 illis
1056 1748 1168 1794 corpus-

6 1798 7 1801 .
52 1776 136 1813 culis,
159 1790 218 1817 quae
228 1781 321 1812 infusis
333 1793 383 1820 per
392 1784 534 1814 fenestram
545 1785 626 1815 radiis
636 1786 708 1816 Solis
716 1787 844 1817 videmus
856 1809 863 1822 ,
885 1789 953 1818 dicit
965 1790 1039 1818 enim
1051 1787 1105 1817 illis
1114 1796 1167 1817 nec

51 1814 136 1845 visum
145 1818 222 1855 posse
231 1820 365 1850 accidere.
407 1822 465 1852 Cic.
485 1833 507 1852 1.
523 1824 607 1853 Acad.
621 1827 646 1854 6.
675 1824 753 1854 Idem
767 1835 789 1854 1.
813 1826 848 1855 dc
859 1826 916 1856 Fin.
931 1836 972 1864 17.
997 1826 1046 1856 1110
1059 1833 1167 1870 atomos

49 1862 117 1919 guas
128 1856 250 1894 appellat
259 1880 267 1892 ,
288 1859 317 1887 id
327 1859 364 1888 est
374 1869 489 1899 corpora
500 1862 645 1891 individua
656 1869 768 1900 propter
775 1863 941 1894 soliditatem
952 1887 960 1900 ,
981 1866 1074 1895 censet
1083 1874 1111 1893 in
1126 1873 1168 1893 in-

71 1891 129 1921 0110
142 1894 218 1924 inani
228 1917 236 1929 ,
249 1896 278 1925 iri
289 1906 344 1934 quo
353 1919 362 1933 ,
377 1899 429 1928 810.
453 1899 491 1928 113
501 1900 564 1929 ferri
573 1907 603 1929 ut
613 1901 840 1932 concursionibus
850 1903 923 1933 inter
934 1903 960 1933 se
972 1902 1166 1938 cohaerescant,

50 1938 86 1958 ex
99 1940 154 1968 quo
162 1932 319 1964 efficiuntur
330 1945 362 1965 ea
377 1945 436 1973 quae
447 1937 499 1966 sint
509 1960 517 1971 ,
539 1948 653 1975 quaeque
671 1947 819 1969 cernantur
836 1943 930 1971 omnia
941 1964 949 1977 ‚
970 1951 1090 1979 eumque
1108 1950 1168 1969 mo-

1 1980 11 1985 -’
49 1972 113 2013 tum·
123 1976 281 2001 atomorum
299 1971 377 2002 nullo
388 1984 404 2004 a
413 1976 556 2014 principio
569 1998 576 2012 ‚
606 1976 653 2006 sed
662 1987 697 2007 ex
708 1985 810 2007 {eterno
821 1984 947 2018 tempore
965 1979 1086 2019 intelligi
1101 1988 1166 2009 con.

5 2019 8 2027 ν
49 2013 154 2037 venire.

49 2043 212 2076 atomorum
222 2047 321 2078 author
330 2048 516 2081 Democritus.
537 2052 597 2082 Cic.
610 2063 636 2088 4.
656 2052 691 2081 de
701 2052 768 2083 Fato
777 2076 785 2089 ‚
803 2063 848 2091 23.

9 2105 11 2110 .
49 2080 266 2115 Innumerabiles
275 2089 360 2117 atomi
371 2088 498 2119 volitant.
521 2089 581 2120 Cic.
596 2090 666 2120 1.ἀο
677 2091 739 2121 Nat.
752 2091 835 2122 Deor.
848 2103 891 2129 54.

52 2119 163 2151 Atomus
173 2144 181 2158 ,
202 2123 315 2160 Species
327 2125 424 2156 thuris.
446 2127 537 2157 Diosc.
552 2138 574 2157 1.
586 2134 630 2163 81.
652 2129 683 2158 V.
707 2130 790 2159 Henr.
802 2130 899 2169 Steph.
912 2130 994 2161 Thes.
1008 2132 1053 2162 Gr.

0 2172 3 2179 »
28 2157 63 2186 1τ
72 2167 89 2187 o
97 2169 109 2188 s
117 2169 129 2189 s
138 2169 157 2188 A
168 2182 176 2195 ,
198 2160 266 2190 Filia
276 2162 328 2192 fuit
339 2163 419 2202 Cyri,
440 2176 499 2203 quae
506 2166 631 2205 primum
643 2167 768 2206 cambysi
777 2191 786 2205 ,
809 2171 835 2199 6:
844 2169 904 2208 post
911 2170 970 2206 ejus
981 2176 1101 2201 mortem
1112 2169 1168 2202 Da-

12 2214 14 2219 ·
50 2195 90 2225 rio
99 2198 197 2236 nupsit.
230 2199 366 2231 Herodot.
382 2202 432 2233 lib.
447 2213 471 2241 3.

434 2255 460 2289 A
559 2255 592 2290 T

0 2311 7 2330 ,1
30 2299 114 2332 [τω]
123 2307 154 2334 ε,
178 2296 268 2335 [καὶ]
289 2306 320 2329 ut
332 2301 370 2330 ait
381 2301 451 2332 Gell.
462 2302 510 2333 lib.
523 2313 565 2333 10.
579 2314 639 2342 cap.
653 2314 698 2341 29-
721 2306 855 2344 particula
868 2329 877 2343 ,
897 2308 1091 2338 Grammaticis
1100 2318 1167 2339 con-

48 2333 153 2370 junctio
166 2336 219 2367 esse
237 2338 338 2367 dicitur
354 2341 527 2371 connexiva:
550 2344 576 2372 ἃ
601 2342 756 2381 plerunque
772 2344 835 2375 sane
850 2347 997 2383 conjungit
1016 2347 1117 2383 verba,
1138 2351 1166 2379 ὁὶ

48 2375 189 2404 connectit
199 2397 206 2409 ,
227 2375 273 2405 sed
285 2377 424 2407 interdum
434 2378 499 2409 alias
515 2380 646 2417 quasdam
658 2382 804 2418 potestates
817 2383 900 2413 habet
919 2386 970 2414 &a
1008 2385 1072 2415 Ter.
1085 2387 1163 2417 Adel.

51 2418 75 2447 3.
90 2420 112 2442 1.
127 2421 169 2442 10.
191 2413 289 2443 Talem
301 2415 349 2444 tali
364 2425 464 2453 genere
474 2437 482 2452 ,
503 2425 585 2455 atque
598 2420 692 2448 animo
703 2441 712 2455 ,
733 2426 829 2450 natum
839 2431 873 2450 ex
886 2429 960 2452 tanta
969 2423 1082 2453 familia.

48 2449 152 2485 Atque,
172 2461 223 2488 pro
232 2451 348 2482 Tamen.
386 2453 448 2483 Ter.
463 2456 532 2485 And.
552 2466 576 2485 1.
589 2465 613 2491 3.
627 2466 670 2486 20.
694 2457 765 2487 Mihi
775 2459 889 2496 quidem
905 2460 999 2491 hercle
1010 2472 1068 2491 non
1079 2462 1166 2493 111νο-

66 2486 191 2518 risimile:
214 2496 295 2527 atque
306 2491 367 2529 ipsis
375 2500 565 2523 commentum
578 2493 677 2532 placet.
712 2495 846 2527 Donatus.

48 2523 134 2562 Atque
143 2536 192 2564 pro
203 2528 310 2558 Statim.
334 2529 405 2567 Virg.
418 2540 440 2560 1.
455 2531 554 2569 Georg.
563 2541 627 2569 203.

124 2564 212 2601 Atque
232 2566 311 2596 illuni
331 2567 361 2596 iri
379 2578 501 2607 praeceps
521 2580 610 2608 prono
629 2572 700 2609 rapit
717 2571 811 2603 alveus
828 2574 914 2604 amni.

66 2599 136 2631 Gell.
150 2602 198 2631 lib.
214 2613 253 2633 10.
267 2614 328 2642 cap.
342 2614 386 2640 ²9-

47 2636 149 2675 Atque,
169 2640 255 2671 initiis
273 2641 471 2674 sententiarum
493 2646 638 2683 competit.

686 149 739 188 Q

996 2575 1115 2607 Servius.
1138 2579 1165 2608 δι

686 2646 744 2677 Cic.
766 2649 856 2686 Atque
876 2651 960 2679 ceteri
983 2651 1164 2689 imperatores

0 2686 19 2712 111
65 2677 112 2713 qui
122 2677 156 2706 de
166 2678 437 2726 1110111001011310111ἶ
471 2682 748 2728 ΔΙ11001101);“1ι’111.79.
768 2687 884 2731 1111011011
896 2687 959 2717 sunt
975 2690 1164 2734 quidemlfere

0 2723 20 2783 i·
64 2715 850 2793 §.⁰352&stiffittttzizssffiistsisssiffis.§iussisti
868 2731 898 2793 {if
906 2726 1081 2794 Bsffiaesgigui.
1092 2736 1163 2759 'nte'

21 2820 26 2826 ,
47 2789 133 2827 Atque
142 2802 193 2829 pro
207 2793 306 2831 Atqui,
327 2794 380 2824 sive
391 2796 454 2825 Sed.
496 2796 554 2826 Cic.
570 2807 612 2832 14.
628 2798 702 2827 Fam.
715 2810 741 2835 4.
762 2801 816 2830 Sed
833 2800 849 2830 si
864 2801 918 2830 lioc
929 2801 983 2831 fuit
1002 2803 1095 2834 liberis
1112 2814 1163 2834 no-

64 2827 121 2858 stris
134 2830 235 2867 gratius
249 2841 300 2861 nos
319 2833 411 2863 vivere
422 2855 430 2869 ,
452 2840 541 2864 cetera
557 2845 714 2873 quanquam
730 2838 845 2868 ferenda
861 2849 918 2868 non
932 2840 1010 2878 sunt⁷
1032 2842 1160 2873 feramus.

63 2866 149 2904 Atque
160 2877 211 2904 ego
222 2871 304 2906 quite
315 2870 449 2901 confirmo
460 2893 468 2906 ,
490 2872 547 2910 ipse
566 2883 610 2902 me
622 2884 679 2903 non
690 2875 809 2913 possiim.
851 2876 996 2916 Correptio
1010 2880 1048 2909 est
1057 2902 1065 2917 ,
1088 2882 1161 2918 quasi

64 2903 153 2941 dicat,
176 2906 231 2936 Sed
247 2917 298 2944 ego
314 2909 360 2945 qui
375 2915 401 2938 te
418 2909 552 2939 confirmo
564 2933 572 2945 ,
594 2913 644 2941 &c.

22 2954 24 2957 ·
46 2939 148 2979 litque,
169 2954 220 2981 pro
238 2943 314 2982 Isque
323 2946 366 2975 vel
378 2946 518 2985 Idemque.
559 2949 624 2978 Caes.
639 2960 660 2979 1.
674 2950 741 2979 Bell.
758 2951 838 2981 Civil.
857 2963 900 2987 50.
933 2953 1008 2984 Turn
1029 2957 1105 2992 quod
1124 2967 1160 2987 ex

62 2980 127 3010 totis
137 2981 201 3019 ripis
215 2983 244 3012 in
259 2993 362 3018 unum,
383 2992 465 3022 atque
479 2986 622 3023 angustum
644 2987 738 3017 locum
756 2989 811 3019 tela
824 2991 1004 3026 jaciebantur.
1034 2994 1053 3024 i.
1071 3004 1096 3024 e.
1127 2994 1160 3025 In

62 3025 149 3047 unum
163 3041 171 3053 ,
193 3030 312 3059 eumque
323 3022 367 3051 vel
380 3024 556 3061 eundemque
571 3026 715 3063 angustum
726 3025 828 3057 locum.

47 3053 130 3092 Atque
144 3057 242 3123 11ὲάεεῖ
281 3059 366 3089 Plaut.
379 3061 467 3091 Merc.
480 3072 503 3098 5.
517 3070 542 3092 2.
557 3069 599 3099 38.
619 3063 716 3102 Aspice
734 3075 811 3095 nunc
831 3066 866 3096 ad
881 3066 1011 3097 sinistram
1027 3068 1098 3099 huc:
1120 3076 1161 3100 at-

81 3102 116 3122 00
125 3095 151 3124 vi
174 3097 222 3125 es‘?

45 3101 129 3168 ΙΔ110110
139 3133 256 3162 audin'?
294 3134 360 3165 Ter.
372 3137 442 3167 And.
457 3147 479 3167 1.
493 3148 516 3174 5.
527 3142 553 3167 6.
576 3137 708 3177 Propera:
730 3140 816 3178 Atque
827 3141 922 3172 audin’
935 3143 1050 3174 verbum
1069 3154 1158 3176 unum

0 3179 21 3198 »υ
63 3177 126 3199 cave
136 3170 171 3200 de
181 3172 296 3210 nuptiis.

10 3215 27 3233 ii:
66 3211 128 3244 tque
138 3207 193 3238 hoc
201 3210 335 3240 confiteor
347 3232 355 3247 ,
376 3211 436 3248 jure
450 3213 585 3251 obtigisse.
606 3213 671 3245 Ter.
685 3216 753 3246 And.
765 3226 789 3253 3.
802 3228 825 3253 5.
839 3228 862 3247 1.

0 3255 20 3282 i:
67 3250 130 3283 tque
139 3247 177 3276 id.
217 3247 283 3277 Ter.
297 3247 395 3279 Heaut.
409 3261 435 3287 4.
452 3260 531 3288 1.24.
555 3253 679 3289 Atqueid
688 3255 805 3290 omitto,
823 3255 1027 3292 misericordia,
1047 3259 1158 3290 animus

0 3290 29 3312 iz·
61 3290 217 3320 maternus,
238 3286 304 3316 sino.
344 3287 402 3317 Cic.
414 3299 438 3325 ς.
455 3291 510 3319 Α11.
526 3299 568 3319 12.
592 3290 746 3329 Negotium
762 3302 895 3331 magnum
906 3294 944 3324 est
953 3296 1097 3334 navigare,
1118 3304 1159 3327 at.

0 3316 30 3350 i:
66 3329 117 3357 que
135 3322 163 3351 id
177 3323 270 3353 mense
285 3325 414 3362 Quintili.

67 3363 130 3395 tque
139 3360 206 3390 istuc
216 3361 314 3399 ipsum.
354 3363 419 3395 Ter.
431 3364 500 3394 And.
512 3374 539 3395 2.
549 3374 629 3402 2-14.
659 3366 729 3397 Rem
745 3374 834 3399 tenes.
873 3378 896 3399 Ρ.
918 3369 987 3401 istuc
1004 3370 1104 3410 ipsum.
1125 3383 1154 3404 n.

4 3406 36 3432 :g
63 3401 142 3433 atque
153 3397 220 3437 istuc
233 3399 324 3437 ipsum
338 3402 410 3431 nihil
425 3403 523 3440 pericli
535 3404 574 3433 est
585 3426 593 3439 ,
613 3413 659 3434 me
667 3406 741 3435 vide.

2 3443 4 3449 ’
36 3452 37 3458 1
66 3438 129 3469 tque
143 3435 241 3473 aliquis
255 3438 338 3468 dicat.
360 3439 423 3470 Ter.
440 3441 509 3470 And.
522 3451 548 3477 4.
561 3452 583 3470 1.
599 3446 641 3472 16.

65 3470 130 3502 011οε
141 3473 177 3502 est
186 3480 287 3512 atque,
309 3478 360 3506 διο.
400 3477 486 3508 Plaut.
504 3479 604 3510 Bacch.
617 3490 643 3511 2.
659 3489 683 3518 3.
703 3489 747 3519 13.
766 3480 859 3519 Evax,
879 3483 963 3513 nimis
982 3483 1073 3515 bellus
1086 3507 1094 3523 ‚
1116 3492 1156 3517 at-

63 3517 113 3546 que
126 3510 179 3540 esse
189 3514 308 3542 maxime
319 3515 450 3553 optabam
460 3538 468 3552 ,
487 3516 575 3547 locus.

4 3562 11 3574 i
56 3553 127 3584 itque
141 3549 230 3579 adeo:
253 3552 333 3581 variis
351 3554 443 3583 modis
460 3555 602 3592 accipitur.
643 3556 731 3586 Plaut.
749 3558 847 3595 Amph.
861 3569 887 3595 4.
900 3570 927 3595 4.
941 3566 985 3596 34.
1014 3560 1154 3600 Pernego,

6 3597 19 3610 n
32 3602 33 3606 ,
62 3586 169 3620 quando
180 3587 287 3618 Thebis
299 3598 396 3627 praeter
406 3601 450 3621 me
461 3602 545 3622 nenio
557 3594 595 3622 est
611 3593 680 3624 alter
695 3596 868 3634 Amphitruo,
907 3608 928 3626 1.
947 3597 1037 3628 Immo
1054 3606 1152 3637 praeter

6 3633 10 3638 ·
60 3630 104 3651 me
116 3633 214 3655 nemo:
236 3633 317 3664 atque
328 3629 398 3657 adeo
409 3636 440 3659 tu
450 3629 585 3668 Blepharo
594 3632 681 3667 judex
690 3631 749 3662 sies.

4 3668 25 3686 ².
48 3698 49 3701 Ἰ
69 3664 132 3725 1300
141 3662 220 3729 ἓὲεῗ.
261 3664 347 3695 Plaut.
359 3666 439 3698 Curc.
451 3677 476 3697 2.
489 3677 513 3705 3.
526 3680 568 3705 54.
592 3669 822 3708 Responditmihi
832 3672 928 3710 paucis
940 3672 1044 3710 verbis,

6 3707 12 3712 =·
59 3705 74 3725 a
94 3707 126 3728 eo
179 3710 194 3729 e
208 3707 265 3730 iter.

0 3753 14 3775 5.
63 3740 124 3771 tque
143 3738 213 3767 adeo
233 3739 355 3770 habebis.
394 3742 452 3772 Cic.
463 3751 488 3781 7.
502 3744 556 3774 Att.
579 3744 650 3774 Cum
665 3745 816 3777 Philotimo
833 3747 963 3785 loquere:
984 3754 1065 3787 atque
1080 3750 1151 3781 adeo

5 3778 38 3801 liv
59 3771 214 3805 Terentiam
225 3776 338 3808 habebis
349 3778 419 3809 Idib.

0 3824 13 3853 '5'
57 3813 202 3847 ι101103ε100
213 3816 314 3851 potius.
354 3816 411 3847 Cic.
430 3827 452 3853 ς.
471 3818 544 3849 Verr.
566 3824 628 3850 116.
651 3821 729 3858 Quid
747 3832 813 3852 vero
828 3823 883 3852 istae
903 3822 952 3852 sibi
965 3824 1152 3866 quinquagesi-

12 3858 14 3863 ·
39 3852 42 3856 '
59 3850 129 3878 mae‘?
148 3852 213 3887 quid
224 3862 306 3889 porro
323 3864 502 3886 minimorum
521 3858 687 3889 accessiones
705 3860 825 3890 volunt?
846 3870 901 3898 quo
920 3861 950 3891 id
966 3872 1026 3898 jure
1038 3885 1046 3899 ,
1068 3871 1151 3902 atque

8 3893 26 3914 r.
62 3885 128 3915 adeo
139 3897 193 3925 quo
203 3889 232 3919 id
242 3891 334 3928 potius
344 3902 391 3921 ore
398 3893 484 3923 fecisti
493 3896 506 3923 ἶ)
1078 3939 1137 3975 [Ν.

1129 3950 1151 3968 1·-

1125 3973 1132 3985 Ι

1070 3680 1153 3713 atque

8 3930 28 3950 111
61 3921 176 3959 igniflcat
185 3948 194 3960 ,
214 3934 296 3965 atque
306 3930 377 3959 adeo
386 3938 480 3968 aperte
490 3933 618 3963 ostendit.
642 3934 674 3964 V.
696 3945 708 3965 s
718 3946 728 3964 i
737 3945 755 3964 c
763 3945 785 3964 N
794 3946 804 3964 1
813 3946 827 3965 r
836 3946 846 3965 1
856 3945 874 3965 c
882 3945 908 3965 ο.
931 3936 966 3966 Η.
980 3937 1020 3967 St.

28 3972 29 3975 ¹
61 3961 154 3992 mirum
165 3967 314 3997 corrediva
323 3967 383 3998 haec
401 3970 536 4006 particula
554 3971 592 4001 est
608 3973 635 4003 ἅ
652 3973 802 4012 respondet
819 3973 979 4005 Graeoorum
992 3976 1085 4010 niam
1103 3975 1149 4015 Ais,

1683 161 1711 195 A
1810 163 1840 197 T
1941 168 1991 208 Q
2323 182 2393 220 237

1285 233 1342 262 Lat.
1366 234 1413 264 Vc]
1426 236 1518 273 potius
1529 260 1536 273 ,
1560 240 1612 269 sive
1622 241 1760 276 adjectum
1774 243 1804 272 111
1819 244 1841 271 722
1853 244 1946 275 Potius
1958 268 1965 281 ,
1987 248 2054 276 utin
2066 252 2196 288 exemplo
2207 255 2323 289 prieced.
2341 256 2394 286 sive

1286 273 1429 301 iiixiirtiitur
1443 296 1449 305 .
1473 285 1555 313 utzip.
1571 278 1628 306 (Jic.
1645 289 1695 314 pro
1716 279 1795 310 Rosc.
1810 282 1900 312 Amer.
1933 284 1994 313 Hoc
2011 287 2141 322 consilio,
2164 297 2246 326 atque
2261 293 2331 321 adeo
2345 294 2395 322 laic

1287 311 1407 338 amentia
1424 312 1541 349 impulli.
1580 317 1652 344 conf.
1670 317 1722 353 seq.

1267 343 1388 387 Eniiuriit
1399 369 1407 381 ,
1429 352 1588 386 atqueadto
1599 355 1664 382 exit.
1704 355 1761 385 Cic.
1775 367 1801 391 4.
1815 356 1888 386 Verr.
1901 364 1945 392 89.
1980 359 2074 396 ltaque
2087 361 2133 391 iste
2144 364 2323 394 vehementer
2333 366 2393 396 Ste-

1288 392 1334 424 iiio
1348 385 1468 414 infensus
1480 409 1487 419 ,
1510 388 1658 426 hospitium
1672 393 1864 431 eirenuntiat,
1889 396 1974 424 domo
1994 398 2052 432 ejus
2071 400 2203 436 eiiiigriit,
2225 411 2305 438 atque
2323 405 2393 433 vdeo

1289 428 1360 462 cuit:
1385 432 1446 451 nani
1461 424 1587 458 jamanre
1600 429 1734 465 migrarat.
1780 432 1858 462 Idem
1878 443 1927 470 pro
1943 433 2021 464 Rosc.
2036 437 2125 465 Amer.
2139 448 2181 473 99.
2219 440 2288 474 Qua·
2300 441 2315 467 li
2332 452 2395 477 pro.

1287 457 1386 491 (hesit,
1409 466 1489 496 aitque
1501 463 1571 491 adeo
1583 476 1667 501 quum
1678 468 1811 504 prodierit
1821 492 1829 505 ,
1847 470 1916 506 (scio
1927 472 2002 500 cuim
2015 474 2189 510 proditurum
2203 477 2270 506 esic)
2287 481 2390 509 audiet.

1269 494 1357 530 Atque
1368 496 1438 540 :ideo
1449 519 1456 531 ,
1478 508 1590 530 ornatus
1603 506 1687 539 gratia
1700 506 1825 541 politum.
1864 509 1921 538 Cic.
1936 520 1963 544 4.
1981 509 2055 539 Verr.
2068 521 2093 541 2.
2126 513 2213 550 Atque
2229 515 2299 544 adeo
2319 523 2395 546 unte-

1288 542 1369 573 003111
1381 533 1415 575 de
1428 540 1615 577 incommodis
1627 541 1728 571 Siciliae
1741 544 1806 572 dico
1817 567 1823 577 ,
1846 555 1934 582 pauca
1946 548 2015 577 milii
2025 549 2154 579 videntur
2169 551 2222 581 esl'e
2237 553 2271 581 de
2282 555 2394 590 provin-

1294 579 1343 597 (ιω
1358 570 1494 606 dignitate
1506 596 1512 607 ,
1535 578 1666 606 vetustate
1677 602 1684 614 ,
1707 581 1826 611 utilitate
1841 583 1969 613 dicenda.

1268 606 1356 672 ⁴45th
1368 610 1438 665 0000
1450 617 1550 640 autem.
1569 614 1631 643 Ter.
1649 616 1715 645 Eun.
1729 629 1751 652 ς.
1766 630 1789 654 5.
1800 629 1843 649 22.
1868 622 1956 659 Atque
1969 623 2038 652 adeo
2049 630 2141 655 autem
2152 636 2201 656 cur
2214 637 2271 656 non
2281 635 2393 666 egomet

1287 653 1315 671 in
1332 654 1413 673 roeo.

1267 682 1356 717 Atque
1368 683 1439 726 :ideo
1451 685 1522 714 nihil
1541 686 1667 724 largiatur
1682 693 1829 731 princeps,
1852 696 1919 726 dum
1934 696 2005 727 nihil
2016 699 2137 730 auferat:
2160 711 2218 731 non
2229 702 2283 732 alat
2294 726 2301 739 ,
2324 704 2392 734 dum

1287 729 1345 747 non
1362 721 1482 751 occidat.
1508 722 1575 753 Plin.
1590 727 1616 753 in
1629 727 1727 765 Paneg.
1740 740 1784 767 27.
1794 742 1819 761 2.

1267 756 1411 801 IEdepoh
1441 759 1504 803 Ter.
1519 762 1586 790 And.
1600 774 1625 798 4.
1641 775 1665 793 2.
1684 775 1725 795 10.
1748 769 1835 805 Atque
1851 771 1959 809 aedepol
1984 783 2016 802 ea
2040 784 2083 804 res
2101 776 2156 806 est:
2189 784 2391 817 proptereaque

1287 804 1363 823 nunc
1373 795 1471 825 misera
1486 808 1515 826 in
1528 803 1648 830 moerore
1658 803 1704 831 est.

1265 830 1380 862 Eccum.
1421 834 1485 864 Ter.
1498 835 1566 865 Eun.
1584 847 1608 874 3.
1621 848 1683 868 2.2.
1707 841 1807 872 Audire
1823 854 1920 875 vocem
1935 847 1988 876 visa
2000 848 2060 878 suin
2083 851 2170 880 modo
2182 853 2286 882 militis.
2309 861 2390 891 atque

1285 878 1393 899 eccum.

1265 905 1412 943 Equidem.
1445 909 1509 952 Ter.
1519 910 1592 954 Eun.
1607 924 1629 950 ς.
1644 925 1667 949 5.
1684 924 1725 951 ¹3·
1748 916 1894 955 Colligavit
1908 922 2028 958 primum
2043 934 2108 954 euni
2124 927 2227 957 miseris
2242 929 2342 959 modis.
2365 941 2386 960 1².

1286 945 1360 974 Hem
1370 968 1378 981 ,
1395 946 1537 984 colligavit
1549 949 1561 978 ἶ)
1583 961 1605 980 1‘.
1630 953 1717 990 Atque
1727 956 1857 991 equidem
1868 966 1962 987 orante
1972 982 1980 993 ,
2003 968 2033 990 ut
2045 963 2118 992 ncid
2127 964 2245 1000 faceret,
2270 967 2387 998 Thaide.

1265 980 1366 1012 Etiam.
1387 1022 1392 1027 ι
1407 984 1472 1027 Ter.
1485 986 1561 1016 Adel.
1577 998 1602 1017 2.
1618 999 1642 1019 2.
1657 1000 1679 1019 1.
1702 991 1778 1021 Tace
1790 1015 1797 1028 ,
1820 1004 1931 1031 egomet
1942 1000 2106 1029 conveniam
2116 1002 2171 1036 jam
2181 1002 2270 1039 ipsum
2283 1026 2290 1040 ,
2312 1007 2392 1044 cupi-

1285 1020 1321 1049 de
1334 1029 1454 1059 accipiat
1464 1023 1527 1053 faxo
1541 1047 1549 1059 ,
1570 1033 1652 1064 atquc
1662 1029 1745 1058 etiam
1760 1030 1830 1060 bene
1848 1033 1921 1061 dicat
1933 1035 2024 1064 lecum
2038 1037 2091 1066 csse
2105 1041 2207 1068 aetum.

1264 1056 1374 1095 Etiam3
1397 1060 1426 1089 in
1438 1062 1579 1099 principio
1589 1064 1739 1096 sententiae.
1761 1068 1818 1098 Cic.
1832 1078 1857 1099 2.
1874 1071 1908 1100 de
1917 1071 1980 1101 Nat.
1991 1072 2072 1103 Deor.
2086 1084 2128 1111 33.
2152 1080 2240 1114 Atque
2251 1080 2361 1110 etiamsi
2374 1092 2389 1111 a

1284 1097 1381 1133 primis
1390 1119 1398 1131 ,
1409 1099 1600 1137 inchoatisque
1611 1106 1715 1133 naturis
1726 1106 1759 1134 ad
1769 1106 1879 1136 ultimas
1891 1110 2077 1148 perfectisque
2088 1113 2215 1145 volumus
2224 1119 2387 1153 procedere.

1264 1133 1306 1164 Ita
1318 1156 1326 1169 ,
1348 1145 1399 1172 pro
1412 1137 1498 1173 Atque
1508 1147 1540 1168 ea
1548 1141 1712 1171 conditione
1724 1166 1732 1179 ,
1753 1144 1798 1173 vel
1808 1154 1841 1174 eo
1852 1148 1975 1176 nomine.
1998 1148 2082 1178 Plaut.
2094 1150 2174 1188 Epid.
2188 1163 2210 1188 3.
2225 1164 2249 1182 2.
2264 1164 2305 1190 34.

1264 1171 1327 1207 lta,
1349 1183 1400 1210 pro
1419 1175 1507 1211 Atque
1520 1176 1562 1206 sse.
1606 1178 1668 1209 Ter.
1682 1180 1752 1211 Eun.
1768 1193 1795 1218 4.
1813 1186 1837 1211 6.
1863 1194 1904 1219 19.
1928 1184 1984 1222 Ego
2006 1186 2222 1220 formidolosus?
2243 1201 2326 1221 nemo
2349 1194 2388 1224 est

1284 1209 1433 1240 hominum
1445 1213 1490 1250 qui
1501 1214 1574 1244 vivat
1586 1238 1593 1250 ,
1608 1218 1711 1248 minus.
1753 1228 1782 1250 T.
1805 1221 1892 1258 Atque
1907 1222 1943 1251 ita
1956 1233 2027 1261 opus
2037 1226 2083 1255 est.

1265 1246 1346 1277 Vero.
1387 1248 1474 1279 Plaut.
1490 1252 1579 1282 Aulul.
1592 1255 1661 1291 prol.
1678 1263 1720 1291 18.
1741 1258 1831 1295 Atque
1843 1259 1890 1289 ille
1909 1270 1973 1289 vero
1990 1262 2101 1298 minus,
2122 1265 2267 1303 minusque
2280 1268 2388 1306 impen-

1285 1286 1333 1314 dio
1344 1295 1440 1316 curare
1450 1310 1458 1321 ,
1480 1290 1625 1328 minusque
1640 1303 1684 1322 me
1701 1295 1836 1333 impartiri
1852 1297 2013 1329 honoribus.

1264 1324 1368 1367 Atque,
1390 1327 1471 1355 variis
1481 1330 1638 1365 particulis,
1658 1342 1709 1369 pro
1719 1334 1801 1363 variis
1812 1334 1967 1372 significatis
1978 1336 2111 1368 succedit.
2150 1340 2223 1370 Nam
2239 1343 2264 1371 Sc
2277 1352 2389 1381 compa-

1283 1368 1384 1391 rativis.
1426 1363 1511 1394 Plaut.
1523 1366 1610 1398 Mero.
1627 1379 1650 1405 5.
1666 1379 1692 1400 2.
1708 1375 1750 1407 56.
1772 1373 1895 1403 Amicior
1904 1375 2077 1406 mihinullus
2089 1377 2159 1407 vivit
2172 1400 2180 1414 ,
2202 1386 2283 1417 atque
2300 1382 2322 1409 is
2337 1383 2383 1411 est.

1282 1399 1310 1428 li.
1321 1409 1345 1428 e.
1367 1401 1461 1437 Quam
1474 1403 1497 1432 is
1509 1404 1555 1434 est.

1263 1436 1338 1466 Alius
1348 1447 1439 1475 atque.
1460 1440 1524 1471 Ter.
1535 1443 1606 1473 And.
1617 1453 1641 1480 3.
1655 1453 1678 1480 3.
1693 1454 1736 1483 13.
1753 1447 1844 1477 Alium
1853 1449 1946 1479 censes
1958 1460 2033 1480 nunc
2045 1461 2091 1481 me
2102 1474 2111 1487 ,
2126 1454 2284 1490 atqueolim
2298 1466 2385 1493 quum

1281 1475 1407 1506 dabam?
1443 1478 1501 1508 Cic.
1516 1489 1541 1509 2.
1557 1481 1593 1510 de
1602 1481 1698 1520 Legib.
1714 1493 1757 1522 17.
1794 1485 1871 1523 Quid
1882 1510 1890 1523 ,
1913 1486 1943 1517 in
1955 1488 2016 1518 aliis
2033 1489 2114 1520 rebus
2125 1513 2133 1527 ,
2155 1491 2268 1530 aliisque
2280 1491 2387 1524 senten-

1281 1514 1328 1542 tiis
1338 1515 1450 1545 versaris
1461 1524 1543 1554 atquc
1552 1518 1599 1549 ille
1611 1521 1624 1549 ‘?

1262 1550 1348 1581 Aliter
1362 1559 1451 1590 atque.
1493 1555 1550 1586 Cic.
1563 1566 1587 1593 3.
1603 1558 1678 1588 Verr.
1693 1569 1754 1595 119.
1777 1561 1863 1597 Quod
1881 1563 1930 1592 iste
1942 1564 2021 1594 aliter
2034 1570 2116 1603 atque
2130 1573 2161 1596 ut
2172 1568 2315 1605 edixerat,
2337 1571 2386 1600 de.

1280 1590 1414 1621 crevisset.
1454 1592 1509 1622 Hic
1522 1594 1682 1632 signandum
1691 1619 1698 1632 ,
1720 1599 1884 1636 particulam
1899 1602 1988 1640 Atque
1999 1625 2006 1638 ,
2028 1604 2114 1633 etiam
2125 1604 2163 1635 Ut
2175 1605 2268 1636 secum
2278 1608 2390 1646 accipe-

1281 1637 1321 1671 re.
1358 1628 1408 1672 'Sic
1421 1639 1445 1666 3.
1463 1631 1545 1662 Tusc.
1559 1642 1605 1670 73.
1624 1634 1689 1664 Ter.
1705 1636 1782 1666 Adel.
1795 1648 1821 1674 4.
1840 1647 1862 1675 3.
1880 1642 1905 1669 6.
1939 1641 2090 1678 Nunquam
2105 1649 2134 1673 te
2147 1643 2227 1674 aliter
2242 1650 2323 1682 atque
2340 1656 2385 1684 es,

1279 1675 1310 1694 m
1320 1675 1444 1697 animum
1453 1669 1552 1700 induxi
1565 1681 1668 1702 meum.

1260 1701 1350 1740 AEque
1358 1711 1449 1742 atque.
1489 1707 1555 1738 Ter.
1569 1710 1637 1739 And.
1649 1721 1676 1747 4.
1690 1720 1716 1740 2.
1731 1721 1772 1747 19.
1789 1712 1874 1743 Miser
1884 1723 1960 1752 aeque
1968 1722 2051 1754 atque
2059 1727 2120 1756 ego.
2162 1719 2221 1750 Cic.
2236 1729 2260 1758 3.
2273 1721 2308 1751 de
2317 1721 2381 1752 Nat.

1281 1741 1365 1772 Deor.
1374 1752 1420 1779 45.
1443 1745 1476 1774 At
1487 1745 1515 1774 hi
1524 1747 1639 1783 quidem
1651 1747 1783 1779 coluntur
1796 1761 1874 1789 aeque
1885 1759 1967 1790 atque
1980 1755 2030 1784 illi.

1261 1778 1367 1809 Contra
1378 1787 1460 1818 atque
1469 1790 1543 1814 ante.
1581 1784 1639 1816 Cic.
1653 1795 1676 1823 3.
1689 1787 1718 1815 in
1731 1787 1810 1818 Catil.
1821 1799 1867 1820 20.
1899 1791 2040 1830 Aruspices
2057 1792 2193 1829 jusserunt
2210 1795 2383 1827 simulacrum

1278 1816 1354 1852 Jovis
1370 1819 1460 1850 facere
1469 1823 1558 1857 majus
1568 1844 1576 1858 ,
1599 1825 1625 1853 ἂ
1636 1825 1666 1853 10
1675 1825 1814 1856 excelsum
1823 1828 1960 1859 collocare
1972 1852 1979 1866 ‚
2002 1832 2028 1860 ἃ
2045 1838 2141 1861 contra
2157 1840 2239 1870 atque
2251 1841 2314 1864 ante
2327 1835 2384 1865 sue-

1278 1862 1319 1884 rat
1328 1877 1336 1890 ,
1357 1857 1393 1885 ad
1403 1857 1550 1889 Orientem
1559 1868 1729 1892 convertere.

1260 1892 1407 1924 Contrario
1417 1902 1495 1926 motu
1507 1905 1598 1936 atque.
1639 1900 1697 1930 Cic.
1710 1901 1745 1931 de
1754 1902 1849 1933 Somn.
1860 1904 1934 1942 Scip.
1943 1915 1968 1942 9.
1990 1906 2104 1945 Septem
2115 1908 2236 1946 planetae
2245 1910 2384 1942 versantur

1281 1937 1354 1960 retro
1371 1936 1509 1965 contrario
1525 1943 1604 1966 motu
1616 1944 1699 1976 atque
1711 1939 1825 1971 coelum.

1260 1967 1303 1998 Ex
1314 1969 1412 2000 iisdem
1421 1978 1511 2010 atque.
1554 1974 1611 2005 Cic.
1627 1985 1652 2005 2.
1666 1977 1700 2006 de
1712 1977 1820 2008 Invent.
1834 1987 1878 2016 70.
1900 1980 2162 2018 Argumentationes
2178 1994 2213 2014 ex
2231 1984 2330 2016 iisdem
2345 1986 2385 2016 lo-

1281 2008 1321 2036 cis
1330 2007 1469 2039 sumendae
1479 2010 1542 2041 sunt
1552 2035 1560 2048 ,
1580 2020 1662 2050 atque
1674 2015 1702 2044 in
1714 2015 1822 2046 causam
1836 2018 2016 2054 negotialem.

1259 2044 1388 2075 Eundem
1398 2048 1433 2077 ad
1441 2049 1558 2079 moduni
1568 2057 1658 2088 atque.
1689 2052 1760 2082 Cato
1775 2054 1810 2084 de
1825 2053 1857 2084 R.
1868 2055 1901 2085 R.
1922 2056 2081 2088 Pomarium
2089 2058 2265 2090 seminarium
2274 2062 2309 2090 ad
2320 2072 2386 2092 eun-

1279 2084 1343 2113 dern
1353 2086 1469 2116 modum
1480 2094 1561 2124 atque
1571 2090 1731 2126 oleaginum
1740 2091 1833 2123 facito.
1855 2093 1882 2122 h.
1894 2103 1918 2123 0.
1942 2095 2191 2131 Quemadmodum
2199 2098 2368 2135 oleaginum.

1260 2120 1343 2187 Hgiud
1355 2124 1392 2189 ei}
1403 2124 1494 2155 mollis
1505 2135 1596 2163 atque.
1619 2127 1704 2158 Plaut.
1721 2129 1780 2159 Cas.
1794 2141 1821 2166 4.
1836 2141 1863 2167 4.
1877 2141 1923 2162 21.
1945 2132 2056 2163 Nebula
2068 2134 2144 2163 haud
2155 2135 2192 2165 est
2200 2136 2292 2167 mollis
2303 2145 2384 2176 atque

1300 2169 1339 2189 aec
1354 2170 1369 2189 e
1395 2184 1400 2190 .

1258 2196 1329 2227 Item
1342 2206 1432 2236 atque.
1470 2199 1544 2232 Varr.
1556 2202 1591 2231 de
1602 2202 1632 2232 L.
1643 2202 1672 2233 L.
1695 2205 1826 2243 Analogia
1837 2216 1894 2236 non
1906 2208 1974 2237 item
1987 2218 2020 2238 ea
2038 2208 2198 2240 definienda
2211 2233 2220 2246 ,
2243 2222 2304 2250 quae
2318 2213 2384 2243 diri-

1278 2236 1350 2272 gitur
1362 2237 1396 2265 ad
1408 2244 1533 2268 naturam
1545 2240 1692 2271 verborum
1703 2265 1711 2278 ,
1733 2250 1815 2281 atque
1824 2245 1871 2274 illa
1882 2255 1942 2282 quae
1950 2246 1986 2275 ad
1996 2246 2073 2276 usum
2082 2247 2226 2285 loquendi.

1257 2271 1342 2308 Juxta
1353 2281 1445 2312 atque.
1482 2277 1540 2307 Liv.
1562 2278 1718 2310 Trucidant
1728 2281 1848 2312 inermes
1860 2284 1935 2317 iuxta
1948 2290 2029 2321 atque
2043 2292 2171 2316 armatos.

1258 2311 1356 2342 Minus
1365 2320 1464 2350 atque,
1487 2325 1538 2353 pro
1556 2316 1656 2353 Quam.
1679 2318 1745 2348 Hor.
1757 2329 1782 2349 2.
1797 2321 1885 2350 Serm.
1900 2331 1925 2358 7.
1939 2327 1984 2357 96.

1341 2351 1398 2387 Qui
1414 2362 1512 2389 peccas
1527 2355 1620 2384 minus
1633 2361 1715 2393 atque
1731 2359 1805 2395 ego?

1257 2386 1325 2418 Non
1344 2390 1430 2426 magis
1440 2400 1537 2421 verum
1551 2398 1643 2430 atque.
1683 2394 1748 2425 Ter.
1762 2396 1832 2426 And.
1846 2407 1871 2433 4.
1882 2406 1908 2427 2.
1922 2407 1964 2434 15.
1986 2397 2054 2427 Non
2072 2398 2211 2437 Apollinis
2230 2402 2315 2439 magis
2339 2413 2384 2433 ve-

1276 2435 1338 2455 rum
1350 2448 1358 2461 ,
1378 2433 1461 2464 atque
1472 2429 1527 2458 hoc
1540 2430 1699 2469 responsum
1711 2433 1757 2462 est.

1257 2463 1325 2493 Non
1340 2465 1468 2495 dissimile
1482 2473 1572 2505 atque.
1612 2469 1670 2499 Cic.
1683 2480 1709 2500 2.
1732 2472 1786 2501 Art.
1801 2480 1825 2508 3.
1854 2473 1908 2502 Aut
1923 2473 2142 2510 quiescendum:
2171 2477 2248 2514 quod
2270 2478 2308 2507 est
2326 2489 2384 2509 non

1277 2501 1407 2532 dissimile
1416 2511 1499 2542 atque
1508 2506 1547 2535 ire
1559 2507 1589 2535 in
1602 2507 1748 2538 Solonium
1757 2516 1805 2539 aut
1815 2510 1936 2541 Antium.

1256 2538 1359 2570 Pariter
1368 2548 1459 2578 atque.
1501 2543 1586 2573 Plaut.
1599 2544 1676 2574 Men.
1690 2557 1713 2582 ς.
1728 2557 1751 2576 1.
1769 2557 1811 2583 52.
1834 2548 1934 2578 Pariter
1944 2549 1998 2579 hoc
2008 2556 2091 2587 atque
2103 2550 2170 2580 alias
2182 2561 2225 2582 res
2233 2553 2312 2583 soles.

1256 2576 1351 2607 Potius
1363 2586 1452 2616 atque.
1494 2580 1581 2611 Plaut.
1594 2583 1691 2621 Ariipli.
1707 2594 1729 2614 1.
1746 2594 1768 2614 1.
1782 2595 1847 2622 2²4·
1868 2586 1909 2616 Ita
1927 2587 1955 2616 di
1966 2588 2083 2623 faciant,
2107 2594 2139 2618 ut
2153 2597 2183 2619 tu
2196 2592 2292 2628 potius
2305 2592 2336 2621 fis
2347 2599 2384 2622 at-

1277 2625 1330 2652 que
1340 2625 1392 2654 ego
1402 2639 1410 2652 ,
1432 2624 1460 2648 te
1469 2625 1499 2648 ut
1507 2620 1659 2650 verberem.

1256 2652 1341 2683 Sectis
1353 2661 1443 2692 atque.
1484 2657 1542 2687 Cic.
1556 2667 1580 2692 3.
1595 2658 1630 2688 de
1643 2659 1720 2690 Orat.
1739 2670 1800 2698 117.
1820 2661 1875 2691 Sed
1889 2662 1974 2700 paulo
1993 2662 2070 2693 secus
2085 2674 2100 2694 a
2114 2674 2160 2695 me
2177 2672 2260 2704 atque
2281 2667 2314 2697 ab
2333 2668 2381 2697 illo

1275 2692 1377 2728 partita
1390 2699 1472 2731 atque
1485 2695 1636 2725 distributa.

1255 2728 1360 2797 Sinssssis
1371 2737 1461 2768 atque.
1492 2732 1557 2763 Ter.
1569 2734 1599 2762 in
1609 2734 1681 2772 prol.
1697 2735 1808 2767 Phorm.
1821 2745 1865 2774 32.
1884 2737 1929 2768 Ne
1939 2737 2020 2768 simili
2033 2746 2143 2771 utamur
2152 2740 2262 2772 fortuna
2272 2765 2279 2778 ,
2299 2750 2379 2782 atque

1274 2778 1291 2796 u
1305 2778 1311 2796 i
1339 2778 1427 2798 unius.

1253 2805 1388 2836 Similiter
1397 2814 1488 2845 atque.
1526 2808 1584 2839 Cic.
1597 2810 1626 2838 in
1636 2809 1755 2850 Philipp.
1778 2811 1824 2841 Ne
1844 2823 1879 2843 ue
1898 2815 1974 2844 enim
1992 2815 2073 2846 illum
2085 2817 2209 2847 fimiliter
2221 2823 2302 2856 atque
2321 2819 2378 2857 ipse

1272 2853 1347 2873 erain
1358 2865 1366 2876 ·‚
1388 2852 1563 2876 commotum
1574 2848 1639 2878 vidi.
1662 2850 1680 2878 i.
1696 2859 1721 2879 e.
1743 2849 1781 2879 Ut
1795 2860 1828 2879 ve
1849 2851 1917 2881 sicut
1930 2863 2013 2883 eram.

1251 2880 1343 2911 Simul
1352 2890 1434 2920 atque
1447 2904 1457 2921 ‚
1478 2891 1509 2913 ut
1524 2885 1556 2914 Et
1568 2885 1647 2915 simul
1657 2897 1705 2923 ac,
1728 2889 1755 2917 ἂ
1768 2889 1869 2918 eodem
1882 2891 1967 2919 modo
1977 2892 2080 2921 dicitur
2087 2893 2178 2924 statim
2189 2900 2270 2931 atque
2280 2916 2288 2928 ,
2311 2895 2376 2924 vide

1275 2930 1286 2948 s
1296 2929 1315 2948 ‘r
1325 2930 1345 2949 A
1355 2930 1374 2949 T
1385 2932 1393 2949 1
1405 2932 1434 2951 Μ.
1477 2923 1531 2952 Sed
1542 2923 1643 2953 alicubi
1653 2926 1794 2955 omittitur
1803 2948 1811 2961 ,
1832 2928 1859 2957 ἃ
1868 2928 1992 2966 jungitur
2001 2931 2149 2968 participio
2159 2932 2278 2968 proximi
2291 2934 2375 2969 verbi,

1273 2964 1303 2986 ut
1314 2958 1413 2988 Statim
1422 2981 1430 2995 ,
1452 2960 1569 2998 adeptus
1577 2961 1726 3000 imperium
1737 2986 1744 3000 ,
1766 2974 1818 3002 pro
1828 2965 2009 3004 Simulatque
2019 2968 2136 3006 adeptus
2147 2970 2192 2998 est.
2216 2970 2250 2999 H.
2267 2970 2304 2998 St.

1250 2994 1328 3062 'fastis
1337 3004 1427 3037 atque.
1465 2998 1529 3029 Ter.
1541 2999 1650 3030 Phorm.
1664 3008 1724 3038 5.8.
1738 3011 1782 3039 39.
1804 3002 1880 3032 Faxo
1897 3004 1947 3034 tali
1964 3015 2029 3035 eum
2045 3008 2211 3041 madatum,
2233 3014 2313 3045 atque
2329 3008 2375 3038 hic

1272 3043 1286 3061 e
1349 3035 1513 3066 intortunio.

1250 3056 1344 3100 Unuin
1356 3073 1382 3101 Sa
1395 3073 1470 3103 idem
1481 3074 1591 3105 videtur
1602 3076 1656 3107 effe
1669 3081 1750 3114 atque
1765 3078 1796 3107 id
1813 3078 1889 3115 quod
1904 3079 1939 3109 de
1953 3090 1999 3110 me
2012 3080 2070 3119 ipso
2090 3081 2255 3111 nominatim
2276 3083 2371 3114 tulisti.

1270 3109 1329 3138 Cic.
1341 3120 1392 3147 pro
1402 3111 1495 3141 Domo
1504 3110 1550 3142 sua
1566 3124 1608 3149 5¹·

1250 3146 1354 3184 Atque,
1373 3148 1390 3176 si
1401 3150 1512 3186 gemina
1523 3150 1569 3180 fiat
1578 3174 1586 3187 ,
1603 3158 1701 3189 auget,
1714 3154 1891 3191 intenditque
1902 3164 1959 3184 rem
1971 3155 2005 3184 dc
2018 3165 2069 3192 qua
2083 3157 2189 3193 agitur:
2211 3164 2241 3186 ut
2250 3159 2373 3189 animad-

1268 3185 1402 3216 vertimus
1416 3187 1446 3216 in
1460 3188 1515 3224 Qu.
1528 3188 1611 3218 Ennii
1621 3191 1767 3221 annalibus
1778 3214 1786 3228 ,
1806 3193 1856 3221 nisi
1867 3193 2002 3222 memoria
2012 3194 2039 3221 111
2056 3193 2108 3223 1100
2124 3194 2199 3224 versu
2213 3194 2306 3231 labor,

1330 3224 1420 3261 Atque
1430 3233 1514 3264 atque
1528 3227 1671 3257 adscendit
1680 3239 1774 3259 muros
1790 3230 1915 3259 Romana
1927 3231 2062 3265 iuventus.
2158 3232 2225 3274 Hace
2239 3234 2309 3264 Gell.
2320 3235 2368 3266 lib.

1270 3270 1313 3289 1ο.
1323 3270 1384 3300 cap.
1398 3272 1442 3298 29.
1483 3264 1594 3295 Nonius
1604 3266 1710 3296 Festine
1720 3289 1728 3303 ,
1749 3268 1950 3306 intrepidanter
1959 3268 2083 3297 hocloco
2093 3269 2243 3306 significare
2252 3272 2329 3303 dicit.

1250 3298 1338 3335 Atque
1347 3302 1518 3337 geminatum
1528 3325 1536 3338 ,
1558 3309 1589 3332 ut
1600 3303 1642 3333 Et.
1684 3304 1742 3334 Cic.
1754 3316 1777 3342 ς.
1787 3305 1861 3335 Verr.
1878 3311 1937 3340 ¹89-
1959 3305 1998 3334 Ex
2009 3306 2169 3341 hujusmodi
2180 3309 2321 3348 principio
2330 3317 2369 3340 at-

1269 3346 1322 3373 que
1337 3347 1372 3367 ex
1387 3338 1553 3370 liberalitate
1570 3348 1652 3379 atque
1671 3343 1932 3372 accommodatione
1951 3343 2172 3380 magistratuum,
2194 3348 2368 3378 consuetudo

1266 3374 1453 3406 aestimationis
1460 3378 1617 3408 introdufta
1625 3380 1671 3408 est·

1245 3412 1334 3449 Atque
1344 3414 1403 3444 haec
1412 3416 1527 3452 quidem
1537 3439 1545 3452 ,
1566 3423 1648 3454 atque
1657 3418 1794 3453 ejusmodi
1804 3427 1839 3447 ex
1851 3423 1944 3447 vetere
1956 3417 2066 3447 Graeciae
2081 3419 2153 3450 fama
2167 3421 2284 3453 collecta
2295 3424 2365 3455 sunt.

1265 3450 1326 3480 Cic.
1340 3461 1364 3488 3.
1378 3452 1413 3482 de
1421 3453 1483 3482 Nat.
1494 3454 1576 3484 Deor.
1589 3459 1634 3484 60.
1671 3455 1783 3493 Legitur
1793 3456 1876 3485 etiam
1887 3477 1894 3490 ‚
1916 3454 1950 3499 Et
1964 3456 2108 3491 ejusmodi.

1245 3488 1343 3526 Adque
1359 3491 1468 3528 Augusti
1481 3502 1540 3521 aevo
1552 3502 1609 3521 non
1623 3492 1715 3522 minus
1729 3494 1885 3531 frequenter
1896 3492 2027 3531 scriptum
2041 3494 2078 3524 est
2087 3505 2170 3532 quam
2182 3497 2280 3536 Atque.
2304 3499 2366 3529 Cel-

1266 3525 1314 3556 lar.
1327 3527 1457 3566 Orthogr.
1470 3529 1527 3559 Lat.
1546 3541 1573 3567 p.
1587 3541 1630 3565 9ο.
1932 3567 1938 3576 ¹
2043 3570 2049 3577 ,
2091 3567 2096 3577 Ν
2207 3574 2212 3578 .

1207 3564 1351 3600 ATQui,
1373 3568 1481 3602 [ἀμέλει
1493 3587 1500 3597 ,
1521 3569 1580 3593 ἀλλὰ
1599 3568 1662 3603 μὴν,
1685 3569 1708 3604 ,ς
1725 3567 1769 3603 μὴν
1781 3588 1789 3603 ,
1809 3568 1883 3598 ὲκῧν,
1914 3581 1939 3604 γ
1953 3570 2015 3605 μὲν,
2036 3571 2119 3606 orma]
2141 3572 2309 3608 Coniunctio
2327 3576 2364 3606 est

1245 3603 1407 3639 discretiva,
1429 3604 1582 3642 significans
1592 3605 1754 3635 Sedtamen.
1792 3605 1856 3635 Ter.
1876 3606 1943 3635 Eun.
1966 3618 1990 3642 ς.
2007 3619 2030 3643 ς.
2052 3618 2094 3637 11.
2119 3610 2228 3641 Nescio.
2251 3622 2302 3642 ΡΥ.
2326 3621 2364 3643 31-

1245 3641 1293 3678 qui
1303 3641 1339 3670 sic
1349 3641 1462 3672 inventa
1473 3642 1519 3672 est.
1561 3642 1617 3672 Cic.
1627 3653 1653 3676 4.
1669 3642 1750 3672 Acad.
1766 3652 1827 3679 114.
1850 3643 1952 3674 Vereor
1962 3655 1997 3675 rie
2009 3645 2216 3685 sidaarroganter
2227 3649 2327 3687 facias,
2345 3652 2362 3681 si

1244 3679 1346 3708 dixeris
1356 3686 1441 3710 tuam.
1482 3680 1563 3717 Atqui
1572 3681 1609 3709 ita
1621 3679 1696 3709 dicas
1709 3680 1817 3710 necesse
1831 3681 1878 3710 est.

1243 3717 1342 3753 Atqui,
1363 3727 1415 3755 pro
1423 3718 1503 3747 Certe
1514 3739 1521 3752 ,
1543 3718 1676 3754 profecto.
1717 3717 1781 3747 Ter.
1793 3718 1862 3748 Eun.
1872 3729 1899 3755 4.
1911 3723 1936 3749 6.
1950 3728 1975 3749 2.
1998 3722 2079 3758 Atqui
2096 3722 2114 3751 si
2132 3722 2209 3753 illam
2225 3725 2312 3764 digito
2325 3735 2362 3756 at-

1264 3755 1356 3791 tigerit
1366 3764 1423 3784 uno
1436 3777 1444 3791 ,
1465 3754 1538 3784 oculi
1548 3754 1613 3784 ilico
1623 3753 1798 3785 effodientur.
1925 3795 1930 3800 .
2063 3798 2068 3802 ¹

1243 3792 1324 3829 Atqui
1335 3800 1417 3822 certe.
1459 3792 1517 3821 Cic.
1529 3801 1555 3822 2.
1570 3793 1605 3821 de
1613 3793 1677 3822 Nat.
1690 3793 1770 3823 Deor.
1783 3799 1825 3828 18.
1849 3794 1932 3832 Atqui
1949 3803 2023 3826 certe
2041 3797 2111 3827 nihil
2126 3801 2253 3831 omnium
2270 3812 2359 3833 rerum

1262 3830 1363 3859 melius
1373 3830 1410 3859 est
1420 3830 1533 3858 mundo.

1242 3867 1340 3904 Atqui,
1363 3878 1412 3905 pro
1422 3867 1489 3896 Iino.
1531 3866 1595 3897 Ter.
1606 3868 1675 3898 Hec.
1689 3878 1711 3898 1.
1724 3876 1748 3898 2.
1761 3874 1807 3904 85.
1830 3870 1911 3907 Atqui
1923 3879 1954 3900 ea
1967 3881 2009 3901 res
2020 3872 2107 3902 molto
2122 3876 2243 3905 maxime
2255 3877 2358 3913 disiun-

1261 3905 1390 3934 xitillum
1401 3905 1434 3933 ab
1445 3905 1509 3934 illa:
1531 3906 1673 3942 postquam
1685 3928 1693 3942 ,
1711 3908 1762 3936 810.
1785 3907 1884 3937 Donat.
1908 3908 2056 3946 Legitur&
2068 3912 2164 3948 Atque.

1241 3943 1333 3979 Atqui,
1346 3943 1686 3980 abundatnonnunquam,
1695 3945 1809 3974 authore
1819 3945 1939 3976 Donato.
1963 3947 2026 3977 Ter.
2040 3949 2114 3977 Adel.
2129 3961 2151 3985 ς.
2166 3960 2188 3985 ς.
2200 3955 2223 3979 6.
2247 3951 2358 3982 Tibilu-

1260 3980 1328 4009 beri:
1339 3979 1410 4010 bene
1419 3980 1512 4010 faxim.
1546 3990 1567 4010 s.
1588 3983 1704 4018 gratiam
1714 3982 1812 4013 habeo.
1842 3993 1869 4012 n.
1892 3985 1966 4021 arqui
1981 3986 2046 4022 Syre
2056 3986 2110 4016 hoc
2121 3997 2215 4017 verum
2229 3990 2275 4018 est.

2277 4029 2359 4065 Atqui
