2604 4222
98 129 166 169 678
524 111 814 151 CON

158 202 237 234 illum
252 200 455 232 continentiam
473 197 618 236 regionum
632 195 785 232 sequutum.
822 190 907 220 Paulo
923 194 987 218 ante
1004 187 1111 215 dixerat
1123 205 1131 219 ‚
1152 182 1252 212 Cohae-

161 241 276 270 rentiam
287 240 440 277 regionum.
670 266 674 275 .
906 264 911 268 η
961 262 966 267 .
1106 259 1111 264 ·

104 279 128 310 C
136 289 153 308 o
164 289 183 308 N
194 288 212 307 τ
223 288 236 306 1².
245 287 265 306 N
274 287 293 306 T
302 287 319 306 υ
329 287 341 307 s
351 299 359 313 ,
391 269 551 311 [ἀρκέμῖμΘυ
561 293 569 305 ,
587 269 709 304 οὶγιπων]
738 267 847 296 Nomen
866 263 1034 299 adjectivum
1055 264 1147 297 potius
1166 266 1248 294 quam

143 315 339 355 participium,
361 314 461 343 dicitur
480 310 588 346 (inquit
602 307 675 335 Valla
686 306 731 334 lib.
749 315 768 333 1.
786 313 845 340 cap.
861 302 925 338 30.)
947 299 1003 335 Qu
1025 303 1152 327 continet
1172 294 1248 333 quod

144 354 238 384 animo
253 352 397 385 satisfacit,
418 358 475 379 non
486 346 704 384 quicontinetur.
729 341 812 371 Plaut.
833 339 916 369 Mei-c.
929 349 957 381 4‘.
969 341 994 365 6.
1007 340 1033 369 8.
1143 370 1149 376 ι

239 390 310 420 Nam
322 394 527 419 uxorcontenta
538 383 592 415 est.
613 391 672 418 quae
692 380 764 408 bona
781 378 837 421 est,
858 384 1000 422 uno‘vno.
1117 371 1174 400 Cic.
1197 378 1249 412 pro

166 429 265 465 Quint.
284 437 324 456 12.
348 427 520 460 Posteaquam
532 420 622 449 nescio
634 418 699 455 quid
708 415 846 453 impendit
856 436 864 450 ‚
886 415 912 443 ὁ(
921 423 949 442 111
959 418 1109 441 commune
1120 408 1249 442 contulit,

166 466 299 496 mediocri
309 464 408 501 quaestu
423 465 569 490 contentus
579 457 632 486 effe
643 466 701 485 non
713 460 829 492 poterat.
899 488 905 494 ·

148 504 301 534 Contentus
312 502 355 530 ad.
395 500 452 528 Cic.
464 498 492 526 in
505 495 595 525 Parad.
609 498 634 523 6.
657 494 765 530 Opinor
777 492 805 519 in
816 499 849 519 eo
861 498 906 518 cui
920 492 995 517 tanta
1004 483 1129 524 poffeffio
1143 481 1181 511 est
1192 504 1200 517 ‚
1220 487 1252 512 ut

168 542 204 570 ad
216 540 362 569 liberaliter
375 536 523 567 vivendum
534 532 614 562 facile
625 537 771 560 contentus
783 528 820 557 sit.
945 563 951 569 ἡ
995 562 1000 567 ·

150 578 303 608 Contentus
314 577 357 604 de.
397 574 453 603 Cic.
466 573 500 601 de
514 570 619 600 Amicit.
631 579 674 598 21.
704 568 744 597 De
755 568 796 595 his
808 573 965 594 communis
977 568 1030 603 Vita
1041 564 1174 589 contenta
1185 557 1231 587 est.

149 616 218 648 Puto
230 613 385 644 mendosam
397 610 449 641 esse
457 608 599 639 hanclect.
621 607 656 637 H.
666 607 703 636 St.
744 602 966 642 Praepositionem
976 604 1109 629 omittunt
1123 596 1253 627 emenda-

170 655 190 682 ti
201 653 270 682 libri.

151 691 304 720 Contentus
313 689 351 718 est
359 697 450 726 parvo.
475 685 531 714 Cic.
543 684 578 713 de
594 682 758 725 Amicit3528.

151 728 272 759 Honesto
281 736 364 764 parvo
376 730 531 754 contentus.
552 721 649 750 Claud.
664 730 687 749 1.
700 729 729 748 in
740 715 815 748 Ruff.
830 723 896 746 201.

151 766 275 796 modico.
297 764 396 799 Juven.
410 773 433 798 9.
446 762 501 790 Sat.
514 770 539 795 9.

151 803 254 833 Paucis.
277 801 344 831 Hor.
361 811 383 830 i.
404 801 489 828 Serm.
504 807 527 834 3.
542 799 583 826 16.

152 840 225 868 Vivit
237 840 281 869 sua
292 838 370 868 sorte.
395 837 460 867 Hor.
477 848 497 864 1.
517 835 601 864 Serm.
618 841 677 877 ¹:3‘
715 869 721 875 ι
942 865 948 872 .

151 879 306 907 Contentus
321 876 372 905 hac
384 874 528 911 iniquitate
540 881 596 901 non
606 871 667 900 fuit.
690 869 748 898 Cic.
761 879 788 905 4.
804 867 879 897 Verr.
920 865 967 896 Sic

151 916 306 944 Contentus
321 914 456 942 libertate.
480 912 534 939 Cic.
558 920 578 938 1.
594 907 728 938 deFinib.
887 941 893 947 ⁶
1034 938 1040 944 ”
1184 936 1190 942 .
1226 935 1232 941 ·

151 953 305 981 Contentus
327 951 431 980 fueram
457 949 510 978 hoc
529 947 617 976 solum
640 946 755 974 scribere
773 943 832 972 tibi.
855 941 923 970 Plin.
938 951 979 970 10.
989 937 1073 977 Epist.
1086 940 1112 967 6.
1133 934 1253 973 Quintil.

170 990 218 1019 lib.
234 1000 256 1025 5.
273 999 332 1026 cap.
350 999 389 1017 12.
414 988 477 1016 Haec
490 986 606 1023 breviter
618 982 810 1012 demonstrasse
825 985 982 1009 contentus.

153 1028 325 1056 Contentum
339 1026 421 1055 abire.
446 1025 515 1061 virg.
530 1034 551 1056 ς.
571 1022 630 1051 [En.
642 1031 653 1056 3
665 1032 704 1054 14.

116 1065 367 1098 CoNTssNTus,
388 1063 482 1092 Partic.
504 1072 518 1089 a
538 1067 751 1089 coNTrNoo.
771 1055 803 1084 V.
823 1055 840 1083 s.
853 1054 872 1084 l.

116 1103 138 1133 C
149 1113 165 1132 o
175 1111 195 1132 N
204 1111 245 1131 τιι
254 1111 300 1131 NT
309 1111 323 1130 a
333 1123 340 1135 ,
364 1101 426 1130 Adv.
451 1100 639 1127 continenter.
664 1093 957 1126 Plaut.ilsin.1.1.63.

229 1139 302 1168 Volo
312 1140 396 1168 amori
409 1137 590 1173 obsequutum
608 1134 682 1162 illius
696 1155 703 1167 ,
724 1131 787 1161 volo
803 1136 876 1159 amet
891 1138 935 1157 nie
947 1134 1052 1167 patrem
1063 1147 1072 1160 ,
1208 1163 1213 1168 ι

211 1177 377 1214 Quanquam
388 1176 465 1204 illum
479 1180 564 1203 mater
576 1173 647 1201 arcte
658 1176 841 1204 contenteque
852 1167 944 1196 habet.
1039 1169 1070 1191 Sa
1083 1171 1147 1189 mere
1159 1162 1181 1189 Ie
1190 1169 1255 1205 mpt

152 1216 181 1244 de
190 1222 268 1244 court.
309 1216 335 1243 h.
345 1224 368 1243 e.
392 1213 472 1242 Parce
482 1214 506 1241 &
521 1211 691 1239 continenter
701 1217 763 1236 eum
774 1207 877 1235 tractat.
915 1202 989 1233 conf.
1012 1212 1029 1231 c
1038 1212 1054 1231 o
1063 1210 1082 1230 N
1092 1210 1111 1229 T
1121 1209 1134 1228 11
1143 1209 1163 1229 Ν
1172 1209 1192 1228 ‘r
1201 1209 1215 1228 11
1226 1209 1255 1228 in

154 1261 368 1282 coNTiano.
402 1250 431 1279 V.
454 1249 613 1279 &Gronow
628 1247 660 1275 ad
673 1246 724 1273 loc.
1047 1277 1052 1282 ι
1169 1274 1198 1281 Η

117 1289 139 1322 C
150 1300 166 1319 0
175 1300 193 1319 Ν
204 1300 239 1318 Ti
250 1299 269 1318 Ν
281 1299 297 1318 υ
309 1299 324 1318 υ
336 1299 348 1318 s
357 1311 364 1323 ,
387 1288 441 1324 Adj
466 1285 586 1323 [dinutxhs
597 1306 605 1320 ,
623 1281 711 1320 συνεχῆς
722 1304 730 1318 ‚
749 1277 883 1318 ὄχῖμῖμῷ]
903 1285 951 1314 Ut,
972 1278 1127 1307 Continuus
1136 1274 1255 1313 spll'ltus.

152 1328 218 1357 Plin.
231 1327 268 1356 lib
294 1337 334 1356 io.
347 1335 404 1363 cap.
416 1335 459 1360 29.
820 1355 826 1361 ι
909 1355 915 1361 .
970 1354 974 1359 Ι

151 1365 256 1396 Dentes
266 1364 408 1397 continui,
430 1361 526 1399 quibus
536 1364 714 1397 opponuntur
730 1357 837 1387 Serrati.
876 1354 944 1397 Plin.
955 1352 1002 1397 lib.
1021 1362 1062 1381 10.
1083 1359 1197 1388 cap.73.
1223 1349 1255 1378 in

170 1411 238 1441 potu
251 1402 348 1438 quibus
358 1401 446 1430 serrati
457 1400 568 1433 dentes,
589 1397 730 1427 lambunt:
752 1394 850 1432 quibus
859 1398 986 1421 continui
997 1390 1110 1424 dentes,
1132 1388 1255 1423 sorbent,

154 1440 539 1508 cigzeiqnuddsignffistkrmiffus'
560 1473 702 1501 contraria.
747 1469 814 1499 Plin.
828 1477 853 1500 2.
874 1467 959 1510 Epist.
976 1474 1017 1501 17.
1049 1464 1126 1507 Litus
1153 1467 1254 1492 ornant

173 1515 303 1544 varietate
325 1513 466 1551 gratissima
480 1534 488 1547 ,
509 1520 583 1540 nunc
592 1510 724 1539 continua
735 1530 743 1544 ,
764 1503 997 1536 nuncintermiffa
1009 1503 1080 1532 testa
1095 1500 1233 1531 villarum.

153 1553 236 1582 Amor
249 1553 405 1581 continuus.
428 1550 546 1587 Propert.
558 1547 604 1577 lib.
619 1557 640 1576 i.
653 1556 697 1575 20.
712 1556 734 1576 1.
869 1581 874 1586 Π

153 1590 325 1619 Continuum
336 1589 473 1622 triduum,
493 1586 641 1616 continuus
651 1585 718 1613 dies.
741 1580 896 1612 Plaut.Mil.
910 1589 934 1617 3.
951 1589 978 1623 1.
991 1587 1070 1621 144..
1114 1614 1120 1620 ι

154 1627 315 1656 Consulatus
326 1626 460 1656 continui.
500 1624 565 1653 Plin.
579 1624 606 1652 in
618 1623 712 1659 Paneg.
726 1630 784 1658 cap.
799 1625 899 1663 5⁸:1³¹.-
922 1617 978 1654 Qui
997 1623 1135 1645 continuis
1151 1611 1255 1643 Consu-

173 1664 272 1694 latibus
283 1665 383 1693 fecerat
395 1663 507 1700 longum
518 1660 655 1698 quendam
671 1662 696 1689 δι
710 1659 763 1688 sine
777 1657 934 1686 discrimine
943 1664 1061 1698 ⁸annun-i.

153 1701 221 1732 Dies
231 1702 378 1731 continuos
389 1700 545 1738 complures
556 1699 584 1727 in
594 1697 673 1726 litore
682 1695 865 1732 conviviisque
877 1693 991 1730 jacuisti.
1014 1691 1071 1721 Cic.
1088 1700 1111 1720 1.
1126 1689 1200 1719 Verr.
1209 1698 1237 1725 9.

154 1739 278 1770 Humum
289 1739 448 1768 continuarn
461 1737 598 1766 diducere.
620 1735 703 1764 Ovid.
716 1739 740 1767 8.
755 1733 821 1763 Met.
836 1738 897 1767 587.
1236 1764 1242 1771 .

155 1777 214 1807 lou
226 1778 359 1806 continuo
373 1776 495 1805 Fortunae
505 1773 650 1803 vulnerari.
675 1772 756 1802 Ovid.
770 1781 796 1800 2.
808 1771 844 1799 de
855 1770 933 1799 Pont.
947 1776 973 1805 7.
984 1776 1029 1803 41.
1049 1765 1090 1796 Al.
1102 1764 1254 1795 Verberari.

155 1814 252 1844 Labor.
275 1814 358 1843 Ovid.
375 1824 396 1842 ι.
414 1814 448 1842 de
460 1813 534 1841 Pont.
553 1822 577 1846 4.
589 1816 614 1844 8.

154 1852 273 1883 Labores
290 1852 437 1880 continuos
451 1850 514 1879 dare
530 1848 646 1877 defidiae.
686 1846 754 1875 Plin.
774 1846 804 1875 in
821 1845 920 1884 Paneg.
942 1843 1017 1873 Alius
1033 1842 1140 1872 labores
1158 1840 1178 1870 si
1197 1849 1255 1870 non

174 1891 323 1919 continuos
335 1911 343 1924 ,
364 1888 470 1918 desidiae
481 1897 511 1916 ac
524 1885 658 1923 voluptati
671 1883 794 1914 dedisset.

155 1927 274 1958 Montes.
299 1927 362 1956 Hor.
378 1936 399 1956 1.
414 1926 492 1963 Epist.
508 1928 547 1953 16.
564 1934 586 1959 ς.
1072 1955 1078 1962 ·
1238 1953 1244 1959 .

155 1964 225 1996 Laus
235 1964 373 1994 continua.
416 1963 481 1992 Plin.
493 1971 517 1998 7.
533 1961 612 1999 Epist.
627 1970 670 1997 30.
694 1960 844 1997 Nunquam
855 1958 1010 1988 officiorum
1024 1960 1154 1986 varietate
1168 1958 1257 1983 conti-

176 2012 257 2032 nuam
268 2001 376 2031 laudem
391 2000 567 2030 humanitatis
582 1999 726 2036 confregit.
1028 2033 1034 2039 ι

155 2039 270 2070 Praetura
282 2040 421 2068 continua.
461 2037 519 2068 Cic.
531 2046 582 2076 pro
592 2037 668 2067 Font.
681 2045 724 2073 31.
752 2035 827 2066 Tum
846 2039 940 2064 autem
958 2039 1100 2064 continuae
1113 2031 1256 2064 Praeturae‚

198 2088 236 2106 uae
275 2078 325 2106 &c.

158 2087 284 2152 Rqegnu’m
295 2114 464 2143 continuum.
504 2111 562 2142 Liv.
577 2121 600 2141 1.
612 2120 657 2148 47.
677 2111 726 2146 Si,
747 2119 832 2148 quum
847 2109 983 2145 Tanaquil
998 2107 1140 2151 peregrina
1159 2104 1259 2134 mulier

177 2159 283 2182 tantum
297 2151 385 2179 moliri
398 2149 525 2188 potuisset
535 2171 543 2186 ‚
564 2155 595 2179 ut
603 2149 659 2179 duo
670 2149 802 2178 continua
822 2157 907 2184 tegna
921 2148 980 2176 viro
992 2168 1001 2182 ,
1021 2155 1053 2175 ac
1062 2147 1196 2180 deinceps
1210 2151 1259 2180 ge-

178 2199 246 2218 nero
259 2188 374 2218 dedisset
383 2209 391 2223 ,
405 2190 455 2217 &c.
1173 2219 1179 2225 ·

122 2228 344 2261 CoN'riNuo,
369 2224 571 2264 [παρφχςῖῐκφ]
591 2224 658 2254 adv.
692 2223 711 2253 i.
723 2232 748 2253 e.
770 2221 933 2258 Confestim,
953 2221 999 2252 vel
1015 2220 1113 2250 statim.
1147 2218 1221 2256 Virg.
1232 2228 1260 2254 4.

157 2264 254 2302 Georg.
267 2269 327 2299 548.
984 2296 990 2302 .

331 2301 509 2330 —continuo
519 2299 611 2328 matris
621 2304 756 2336 praecepta
764 2296 876 2326 facessit.
959 2296 1017 2326 Cic.
1032 2307 1073 2329 14,
1087 2295 1151 2324 Fam
1176 2303 1200 2330 3.
1221 2292 1259 2323 Ut

157 2340 192 2369 ad
204 2349 247 2368 me
258 2339 390 2368 continuo
403 2339 479 2367 initia
489 2346 578 2366 rerum
590 2338 615 2366 ἃ
629 2337 765 2365 rationem
779 2336 865 2364 totius
874 2334 981 2371 negotii
989 2333 1078 2372 posses
1086 2331 1211 2362 scribere.

158 2377 297 2407 Continuo
308 2385 385 2405 exeo.
407 2376 469 2405 Ter.
486 2375 552 2404 Eun.
569 2383 592 2408 3.
606 2383 631 2402 2.
648 2384 690 2408 ςο.

158 2415 298 2444 Continuo
310 2413 355 2442 hic
365 2423 411 2442 ero
422 2435 429 2447 ‚
451 2412 492 2441 vel
505 2412 594 2441 adero.
618 2411 681 2440 Ter.
698 2411 795 2440 Heaut.
809 2419 833 2445 3.
850 2419 873 2439 1.
886 2411 931 2445 96.

157 2452 238 2482 Haud
248 2460 340 2485 mora,
361 2452 492 2479 continuo
506 2449 634 2486 perfectis
647 2448 777 2486 sanguine
787 2447 858 2477 votis
869 2469 877 2483 ,
898 2449 948 2477 &c.
989 2446 1061 2484 Virg.
1074 2454 1099 2483 3.
1118 2445 1180 2476 AEn.
1195 2449 1256 2480 548.

177 2488 349 2518 pleonasmus
358 2487 396 2516 est
405 2509 412 2521 ,
434 2495 463 2516 ut
471 2493 586 2516 annotat
593 2487 712 2516 Servius.

158 2526 317 2560 Continuo,
338 2524 463 2554 simulac.
486 2525 572 2553 Labeo
583 2524 611 2552 in
629 2523 646 2553 l.
662 2523 735 2561 apud
748 2522 894 2552 Aufidium.
911 2521 944 2551 D.
960 2521 995 2550 de
1015 2527 1072 2558 opt.
1092 2520 1146 2558 leg.
1170 2520 1260 2556 Quin-

178 2566 262 2593 etiam
273 2573 313 2592 res
323 2563 456 2591 continuo
463 2563 520 2597 ejus
530 2562 579 2596 fit,
598 2561 718 2590 simulac
731 2561 832 2589 dixerit
843 2569 904 2589 eam
915 2559 942 2590 se
951 2559 1066 2588 sumere.

160 2601 319 2635 Continuo,
339 2600 604 2636 autinterrogative,
624 2606 670 2627 aut
686 2599 810 2635 negative
829 2598 962 2635 ponitur:
984 2600 1010 2626 &
1030 2597 1106 2626 idem
1125 2596 1164 2625 est
1182 2595 1257 2631 quod

178 2638 242 2668 Non
254 2638 334 2670 ideo,
356 2636 573 2666 velNumideo:
596 2642 643 2670 ut,
664 2635 803 2664 Continuo
815 2635 877 2664 nesi
890 2634 936 2664 ille
948 2634 1027 2664 stulte
1046 2635 1134 2668 dixit,
1155 2640 1184 2662 tu
1195 2633 1259 2662 stul-

177 2677 231 2705 tius
241 2675 344 2704 facies?
367 2675 424 2703 Cic.
436 2684 486 2710 pro
499 2673 576 2703 Rosc.
590 2675 676 2702 Amer.
686 2683 728 2709 94.
751 2673 814 2701 Non
826 2673 976 2707 continuo,
997 2671 1015 2700 fi
1036 2682 1080 2701 me
1101 2672 1130 2700 in
1147 2681 1259 2708 gregem

177 2713 331 2742 sicariorum
346 2712 450 2741 contuli
466 2733 473 2744 .,
496 2711 553 2740 sum
575 2711 691 2740 sicarius.
731 2710 807 2739 Idem
817 2720 842 2739 2.
862 2710 896 2739 de
909 2710 984 2740 Orat.
1005 2720 1062 2745 ¹99-
1085 2709 1159 2738 Citra
1179 2718 1260 2744 nega-

178 2751 282 2780 tionem
300 2755 347 2778 aut
361 2750 604 2787 interrogationem
624 2757 682 2778 non
704 2748 842 2786 eleganter
855 2747 909 2777 hoc
922 2748 1007 2776 modo
1022 2754 1170 2778 uteremur.
1192 2747 1260 2776 Haec

179 2797 213 2816 ex
227 2787 301 2816 Valla
313 2787 359 2816 lib.
372 2796 396 2816 2.
413 2796 472 2824 cap.
487 2796 530 2822 30.

123 2824 172 2854 Co
183 2835 202 2853 N
212 2835 247 2853 'ri
260 2834 277 2853 N
289 2835 305 2853 υ
317 2834 330 2852 s
340 2846 348 2858 ,
372 2834 421 2861 pro
435 2824 548 2853 Assidue.

162 2871 212 2897 ca;
235 2862 290 2898 Qui
301 2871 382 2898 grana
391 2862 485 2891 ciceris
496 2870 531 2890 ex
540 2860 627 2898 spatio
647 2860 762 2890 distante
780 2860 857 2889 miffa
869 2860 898 2889 in
916 2869 996 2889 acum
1014 2860 1145 2889 continue
1165 2861 1190 2889 &
1205 2858 1261 2888 sine

162 2900 332 2928 frustratione
342 2898 484 2928 inserebat.
522 2898 560 2927 Al.
583 2898 732 2927 Continuo.

125 2936 147 2966 C
156 2947 173 2965 o
183 2947 200 2964 N
212 2946 231 2965 1·
242 2948 248 2964 1
259 2946 276 2965 Ν
287 2946 302 2965 υ
311 2938 322 2965 i
332 2945 350 2964 ’1-
360 2946 378 2964 A
387 2946 398 2966 s
409 2958 416 2971 ,
437 2938 495 2966 fitis.
514 2936 532 2965 f.
556 2936 704 2971 [wizam
726 2935 863 2969 συνάφεια]
882 2934 960 2964 Idem
982 2935 1056 2972 quod
1068 2934 1259 2963 Continuatio.

163 2974 228 3003 Plin.
243 2974 280 3002 lib
301 2979 325 3005 ῖς.
341 2983 399 3011 cap.
414 2983 456 3011 30.
480 2973 589 3002 Collum
604 2974 630 3002 St
647 2972 709 3007 juba
728 2973 909 3002 continuitate
928 2972 1009 3009 spinae
1027 2972 1191 3009 porrigitur,
1214 2972 1262 3000 fle-

162 3011 484 3047 eiiqircnisrcircumat‘tu
498 3012 583 3040 totius
605 3010 727 3047 corporis
746 3011 848 3047 nequit.
888 3009 962 3038 Hinc
983 3010 1102 3039 dicimus
1124 3008 1261 3038 Viscosum

163 3048 231 3077 illud
241 3048 293 3076 esse
303 3048 376 3084 quod
389 3049 600 3077 continuitatem
612 3047 705 3076 servat.
746 3048 772 3076 h.
786 3057 809 3076 e.
832 3047 918 3083 Quod
934 3049 1068 3077 continuo
1082 3047 1203 3084 quodam
1214 3046 1262 3076 silo

164 3096 194 3115 ac
207 3087 302 3115 ordine
313 3086 439 3115 conseret.
470 3086 543 3115 conf.
565 3085 637 3114 Varr.
654 3085 681 3114 L.
694 3085 722 3114 L.
734 3088 758 3114 6.
769 3089 795 3114 6.

130 3123 174 3152 Co
185 3133 202 3151 N
214 3134 250 3151 'ri
264 3133 280 3151 N
292 3133 308 3151 U
319 3133 335 3151 Ο
346 3145 354 3158 ,
376 3123 519 3158 [ἶλμτιλέω
530 3145 537 3157 ‚
559 3123 651 3158 συνάξω
660 3144 667 3157 ‚
696 3121 826 3156 συνάπἹω]
845 3124 900 3150 ΞΓΕ.
930 3121 996 3151 plin.
1017 3122 1120 3158 lib.14.
1144 3131 1204 3160 Cap.
1216 3130 1260 3152 22.

165 3161 250 3189 Biduo
261 3160 416 3197 duabusque
427 3161 554 3189 noctibus
563 3160 783 3197 perpotationem
792 3159 971 3188 continuavit.

165 3197 244 3226 Venti
258 3199 427 3226 continuant.
470 3198 536 3227 Cels.
549 3197 596 3226 lib.
609 3207 634 3226 2.
647 3207 707 3235 cap.
724 3207 746 3226 1.
768 3195 830 3226 Atii
841 3206 856 3226 a
868 3197 956 3233 prima
968 3196 1060 3227 hieme
1078 3197 1162 3226 Austri
1174 3197 1208 3226 ad
1223 3196 1262 3226 ul-

184 3235 279 3263 timum
292 3243 339 3263 ver
350 3236 564 3269 continuarunt,
585 3235 698 3264 laterum
714 3234 822 3263 dolores
832 3255 841 3268 ,
857 3235 908 3264 &c.

166 3273 246 3306 Agros
256 3274 425 3301 continuare.
466 3272 520 3301 Liv.
535 3282 578 3307 34.
593 3283 618 3307 4.
641 3272 717 3308 Quid
731 3271 819 3309 legem
834 3271 965 3300 Liciniam
983 3272 1112 3302 excitavit
1129 3271 1164 3301 de
1184 3272 1263 3308 quin-

186 3310 271 3343 gentis
284 3310 418 3343 iugeribus
426 3331 433 3343 ,
454 3309 502 3338 nisi
514 3311 608 3346 ingens
618 3310 720 3347 cupido
731 3319 810 3346 agros
819 3309 1026 3339 continuandi?

168 3347 234 3374 Anni
246 3348 450 3375 continuantur.
471 3348 536 3377 Plin.
552 3348 597 3376 lib.
614 3349 653 3383 i'7.
671 3357 729 3385 cap.
746 3357 772 3376 2.

168 3382 269 3412 Gaudia
281 3384 362 3420 pleno
371 3384 467 3413 favore.
491 3384 587 3413 Claud.
602 3394 624 3413 i.
639 3385 667 3412 in
682 3395 702 3413 i.
715 3384 793 3413 Cons.
806 3384 866 3413 Stil.
881 3393 903 3413 1.

167 3419 332 3450 continuare
343 3422 439 3451 domos
449 3421 602 3452 moenibus.
618 3431 670 3458 pro
681 3422 859 3458 conjunctim
870 3427 1001 3450 extruere.
1027 3420 1084 3451 Liv.
1100 3431 1123 3450 1.
1135 3431 1180 3455 44.
1193 3427 1262 3452 extr.

187 3456 222 3485 Ut
236 3467 321 3494 neque
334 3459 459 3487 interiore
470 3467 547 3495 parte
556 3459 668 3488 aedificia
686 3460 824 3488 moenibus
845 3460 1088 3493 continuarentur,
1110 3469 1169 3496 quae
1188 3469 1264 3488 nunc

185 3494 265 3530 vulgo
276 3495 355 3538 etiam
369 3498 539 3531 coniungunt
549 3519 556 3531 ,
577 3499 626 3526 otc.
660 3497 705 3525 Sic
719 3498 792 3534 apud
805 3497 887 3526 Ovid.
901 3508 927 3532 4.
941 3497 975 3526 de
988 3497 1062 3526 Pont.
1079 3507 1119 3531 ις.
1136 3501 1177 3526 16.
1210 3497 1264 3526 Do-

186 3539 245 3559 mus
257 3539 412 3561 continuata
423 3534 489 3562 furo.

169 3566 310 3608 Cohaerere
323 3570 346 3598 &
356 3572 517 3599 continuari.
559 3570 615 3599 Cic.
632 3581 653 3599 1.
667 3571 702 3599 de
715 3571 778 3600 Nat.
792 3571 874 3600 Deor.
890 3582 932 3605 5⁴-
955 3571 985 3600 ln
999 3571 1264 3605 hacigiturimmen-

189 3607 261 3647 litate
288 3605 458 3636 latitudinum
471 3630 478 3640 ,
498 3608 718 3643 longitudinum,
740 3609 934 3643 altitudinum,
958 3609 1063 3637 infinita
1084 3610 1123 3637 vis
1139 3608 1264 3638 innume-

187 3641 417 3683 rabiliunivolitat
429 3653 596 3679 atomorum,
617 3655 675 3681 qua*
689 3647 832 3681 interjecto
853 3647 942 3680 inani,
964 3647 1150 3676 cohaerescunt
1170 3654 1264 3677 tamen

187 3686 257 3718 inter
268 3679 291 3706 se
303 3701 310 3709 .
332 3682 356 3708 r&
375 3680 431 3709 ali-‹t›
444 3683 508 3711 alias
523 3683 759 3719 apprehendentes
773 3685 979 3713 continuantur.

168 3714 316 3761 qunst-um.
338 3719 361 3744 ὁὶ
374 3720 560 3748 continu-tuni
593 3722 647 3749 Cic.
667 3731 689 3748 2.
703 3722 737 3749 dc
751 3723 810 3749 Nat.
828 3723 907 3750 Deos.
924 3731 981 3758 ¹¹7·

168 3754 335 3780 Lonnnuare
347 3756 426 3782 nocie
439 3758 463 3784 ὁὶ
480 3757 524 3784 die
539 3758 595 3785 iter.
620 3758 682 3786 Czrs.
700 3768 719 3789 t.
742 3759 805 3787 llell⁴
820 3760 899 3787 civil.
923 3769 962 3787 ii.

167 3788 449 3832 Continuam-diem&
462 3798 569 3822 nocta-m
586 3805 662 3830 opus.
686 3796 748 3824 Cres.
768 3807 786 3824 i.
803 3795 957 3825 llell.Civil.
971 3800 1014 3825 62.
1026 3807 1067 3835 pr.

167 3826 262 3855 Hit-nis
273 3835 454 3856 continuatur.
476 3830 556 3859 Ovid.
571 3843 590 3858 i.
609 3833 644 3860 ‹le
662 3832 736 3860 l’ont.
755 3845 773 3861 i.
794 3839 838 3862 26.
1034 3839 1044 3845 ”

166 3864 430 3938 Ρὲιίιῖιὶῖὲίιὶυρτῶτίὶέιᾶιῑυ1
440 3869 464 3895 δι
474 3869 655 3897 continuatur.
677 3871 754 3899 Al‘ric.
768 3871 797 3899 in
811 3870 830 3900 l.
845 3871 864 3899 si
874 3871 909 3900 de
920 3881 965 3901 eo.
987 3872 1020 3901 D.
1040 3871 1076 3900 de
1095 3871 1198 3909 acquir.
1218 3870 1263 3902 vel

586 2822 704 2859 Quintil.
714 2822 760 2852 lib.
775 2832 800 2852 2.
812 2832 870 2859 cap.
881 2832 926 2852 2ο.
951 2823 988 2851 An
1000 2822 1083 2851 virtus
1092 2821 1122 2851 sit
1132 2821 1260 2851 Rhetori-

1782 91 1811 125 C
1909 92 1943 126 O
2041 92 2076 127 N

1338 176 1422 205 Latus
1431 173 1518 203 lateri.
1542 172 1626 201 Ovid.
1640 181 1661 201 1,
1680 172 1716 201 de
1732 173 1793 202 Arte
1805 172 1862 202 Am.
1875 177 1938 208 496.

1339 214 1432 249 Dapes
1442 211 1604 240 continuare
1616 231 1623 243 ‚
1646 209 1752 238 Ordine
1766 212 1900 240 continuo
1914 220 2066 249 apponere.
2090 211 2157 242 Hor.
2172 222 2197 244 2.
2211 212 2300 243 Serm.
2314 217 2342 244 ⁶.
2357 218 2420 248 108.

1342 253 1470 279 Somnos.
1495 249 1576 277 Ovid.
1593 256 1633 281 ις.
1653 246 1728 283 Epist
1755 258 1798 282 90.

1342 288 1434 318 Fletus
1448 285 1610 315 continuati.
1633 283 1701 313 Cels.
1716 284 1761 313 lib.
1775 290 1800 315 6.
1820 295 1880 323 cap.
1895 289 1920 314 6.

1344 325 1543 354 Continuatum
1555 325 1579 351 81
1594 322 1805 359 interruptum,
1827 322 1972 352 contraria.
1997 324 2051 353 Cic.
2067 333 2090 360 3.
2107 325 2142 354 de
2153 324 2229 355 Orat.
2245 334 2306 361 ¹47·

1343 363 1456 399 Singula
1474 361 1572 395 verba,
1593 359 1769 389 Continuatis
1787 362 1813 391 δι
1835 361 1992 395 conjunctis
2009 369 2190 400 opponuntur
2206 363 2281 401 apud
2309 362 2366 392 Cic.
2384 372 2407 400 3.
2423 363 2462 393 de

1365 402 1440 430 Orat.
1463 408 1523 435 ¹47·

1344 438 1505 468 Continuari
1517 458 1525 470 ,
1546 444 1596 472 pro
1608 434 1776 471 Contiguum
1791 436 1815 464 &
1832 435 1982 465 finitimum
2003 435 2065 466 effe.
2087 436 2178 469 Tacit.
2200 438 2237 471 de
2253 437 2344 468 Germ.
2358 437 2457 468 morib,

1365 487 1409 512 45.
1430 474 1597 503 Sictionibus
1611 473 1741 501 Sitonum
1755 482 1822 508 gens
1834 474 2021 504 continuatur.
2454 480 2461 484 ⁶

1310 514 1588 543 CoNTiNiifi‘rit,
1610 510 1675 538 Adv.
1699 510 1799 539 Festus.
1951 542 1955 545 1

1310 553 1356 581 Co
1366 561 1385 580 N
1395 559 1458 579 TiN
1470 560 1486 578 υ
1497 553 1587 577 arim
1603 569 1610 582 ‚
1632 547 1707 576 aliud
1726 550 1791 577 Adv.
1816 548 1954 585 Augustin.

1309 590 1357 619 Co
1367 598 1430 617 Ντι
1443 597 1461 616 N
1472 597 1489 616 u
1501 597 1518 614 A
1530 595 1549 614 T
1559 597 1567 613 i
1580 595 1596 614 o
1608 606 1616 619 ,
1638 587 1708 615 finis.
1731 586 1748 614 f.
1772 587 1926 622 [σονὲχεωὴ
1945 587 2087 622 συνάφειαι]
2109 587 2166 617 Cic.
2181 597 2204 617 1.
2224 588 2308 618 Acad.
2321 597 2366 624 29.
2387 587 2461 619 Intra

1346 625 1418 663 quasi
1433 625 1544 654 fatalem
1556 625 1580 652 81
1595 622 1798 652 immutabilem
1809 625 2052 653 continuationem
2065 625 2171 654 ordinis
2179 625 2347 663 sempiterni.

1345 664 1455 730 Natussae
1464 662 1638 691 continuatio
1652 683 1660 698 ,
1681 661 1920 699 conjumftioque,
1942 671 2024 699 quam
2037 669 2140 692 vocant
2159 663 2333 699 συμπάθειαν.
2355 663 2415 694 Cic.
2433 671 2462 693 2.,

1366 703 1400 730 de
1442 701 1507 729 ivin.
1520 709 1581 733 119.

1345 739 1449 770 Rerum
1464 736 1638 767 continuatio
1650 737 1675 765 &
1688 735 1778 766 series.
1819 737 1877 767 Cic.
1892 745 1915 766 1.
1928 737 1964 766 de
1973 737 2037 766 Nat.
2049 736 2132 767 Deor.
2144 748 2170 773 9.
2191 738 2235 768 Est
2251 737 2384 768 mirabilis
2394 748 2467 777 qua:-
2516 761 2519 764 -

1365 778 1430 806 dam
1442 775 1615 805 continuatio
1624 774 1757 811 seriesque
1766 784 1867 810 rerum,
1887 780 1918 804 ut
1928 775 1981 804 alia
1992 785 2026 804 ex
2038 775 2091 805 alia
2104 785 2228 812 annexa,
2251 777 2276 807 &
2287 778 2464 808 omnesinter

1365 815 1392 843 fe
1408 821 1477 851 aptae
1491 813 1680 850 colligataeque
1691 813 1848 842 videantur.

1346 852 1500 881 Verborum
1515 850 1698 880 continuatio.
1721 850 1778 879 Cic.
1793 860 1819 879 2.
1834 851 1870 880 de
1880 851 1957 880 Orat.
1968 854 2032 880 261.

1345 890 1500 919 Verborum
1513 888 1596 917 nimis
1606 887 1689 924 longa
1704 889 1888 917 continuatio.
1911 889 1968 917 Cic.
1981 898 2004 925 3.
2019 889 2054 918 de
2063 888 2140 920 Orat.
2153 893 2199 926 46.

1346 928 1479 958 Imbrium
1489 926 1673 955 continuatio.
1696 925 1761 955 Caes.
1777 935 1799 961 3.
1813 926 1879 955 Bell.
1893 926 1963 955 Gall.
1978 936 2023 962 ²9·

1311 966 1357 996 Co
1366 976 1387 994 N
1397 976 1415 993 *r
1426 977 1432 993 i
1445 975 1464 993 N
1475 975 1493 993 c
1502 975 1519 993 o
1531 986 1538 998 ,
1558 964 1608 1000 trgi
1619 985 1626 996 ,
1649 964 1753 1005 tactum
1762 985 1770 997 ‚
1791 963 1937 999 [dvi-femor.
1950 964 2060 1001 ἐ’χομοω]
2083 965 2139 995 ὅτε.
2170 974 2207 995 ex
2226 963 2326 1004 Tango
2349 975 2465 1005 compo-

1349 1004 1445 1033 situm:
1469 1002 1546 1032 Idem
1558 1001 1634 1038 quod
1647 1001 1772 1038 simplex.
1793 1001 1864 1038 Virg.
1877 1012 1902 1030 2.
1912 1002 2047 1038 ffin.239.

1456 1056 1493 1061 —-
1504 1040 1655 1075 funemque
1666 1049 1750 1068 manu
1765 1041 1927 1075 contingere
1938 1040 2069 1077 gaudent.
2148 1040 2336 1071 ColumeLlib.
2344 1044 2463 1080 5.cap.⁶.

1348 1079 1517 1116 Contingere
1532 1078 1640 1106 seinter
1654 1076 1694 1110 se,
1715 1077 1759 1105 vel
1770 1078 2022 1115 Contingereinter
2038 1077 2103 1108 sese.
2144 1078 2212 1109 Plin.
2224 1079 2271 1109 lib.
2285 1088 2323 1117 ¹7-
2343 1089 2403 1118 cap.
2421 1089 2463 1109 io.

1367 1117 1409 1146 Ne
1421 1117 1447 1146 se
1461 1118 1532 1145 inter
1545 1115 1571 1144 se
1583 1115 1755 1152 contingant.
1795 1115 1935 1145 Columel.
1956 1115 2004 1145 lib.
2020 1127 2043 1152 ς.
2062 1126 2124 1154 cap.
2141 1126 2183 1146 10.
2213 1117 2315 1147 Curato
2337 1127 2373 1147 ne
2391 1119 2466 1148 inter

1365 1155 1419 1184 sese
1431 1155 1604 1190 contingant.

1347 1193 1456 1227 Helvii,
1478 1192 1546 1220 fines
1562 1193 1742 1219 Arvernorum
1756 1191 1932 1228 contingunt.
1956 1191 2020 1221 Cres.
2036 1200 2061 1228 7.
2076 1191 2143 1221 Bell.
2161 1191 2231 1222 Gall.
2244 1200 2271 1229 7.

1347 1231 1462 1260 Infamia
1473 1230 1605 1266 temporis
1616 1229 1767 1265 contigerat
1779 1229 1881 1258 nostras
1892 1239 1979 1259 aures.
1998 1230 2081 1259 Ovid.
2091 1240 2110 1259 1.
2127 1230 2235 1260 Meni
2244 1240 2267 1260 1.
2281 1229 2368 1260 Verba
2377 1230 2464 1266 Jovis.

1349 1269 1450 1298 Cibum
1462 1268 1551 1297 rostris
1561 1267 1729 1303 contingunt
1739 1267 1868 1296 animalia
1878 1268 2015 1305 quaedam.
2037 1267 2096 1297 Cic.
2113 1277 2138 1297 2.
2154 1268 2189 1297 de
2204 1267 2268 1297 Nat.
2279 1267 2360 1298 Deor.
2380 1278 2441 1299 122.

1349 1307 1519 1343 Contingere
1530 1315 1580 1342 pro
1592 1305 1616 1333 se
1628 1306 1743 1340 quisque
1754 1305 1880 1334 victrices
1891 1306 2003 1335 dextras
2013 1305 2158 1335 consulum
2168 1305 2464 1344 cupientes.Liv.28.9.

1347 1343 1580 1380 Contingicalce‚
1602 1342 1752 1371 Calcitrari.
1775 1342 1913 1372 Columel.
1926 1342 1976 1373 lib.
1989 1347 2013 1372 6.
2026 1353 2086 1380 cap.
2097 1353 2123 1373 2.

1348 1383 1525 1412 nvemfeno.
1555 1382 1571 1410 i.
1586 1390 1609 1409 e.
1634 1379 1705 1408 Telo
1717 1380 1814 1410 fei-reo.
1838 1381 1910 1418 Virg.
1928 1392 1951 1415 ς,
1973 1381 2034 1410 AEn.
2048 1392 2110 1417 <09-

1347 1420 1445 1487 Lgnepn
1458 1420 1618 1456 contingere
1627 1417 1753 1454 alicujus.
1782 1417 1801 1448 i.
1815 1428 1838 1449 e.
1863 1418 2009 1448 Pervenire
2026 1419 2113 1458 usque
2133 1419 2171 1450 ad
2191 1419 2318 1451 domum.
2339 1418 2424 1451 Ovid.
2435 1429 2466 1457 4.

1390 1468 1404 1487 e
1439 1465 1496 1486 ont.
1510 1468 1533 1491 ς.
1548 1460 1589 1486 16.

1348 1496 1463 1526 Metam.
1487 1495 1552 1524 Hor.
1566 1496 1594 1523 in
1610 1494 1672 1523 Arte
1684 1493 1759 1522 Poet.
1771 1503 1837 1530 4¹²·

1347 1534 1413 1564 Nox
1423 1534 1543 1562 mediani
1554 1532 1611 1561 caeli
1622 1539 1725 1561 metam
1736 1533 1898 1570 contigerat.
1919 1531 1991 1569 Virg.
2011 1542 2035 1567 5.
2053 1532 2114 1563 AEn.
2128 1535 2193 1568 836.

1346 1572 1436 1602 Pietas
1446 1571 1584 1608 contingit
1593 1570 1679 1599 finem
1691 1569 1775 1599 [1111111.
1801 1571 1884 1599 Ovid.
1898 1581 1921 1604 4.
1937 1571 1972 1599 de
1982 1570 2060 1600 Pont.
2072 1576 2098 1606 8.
2113 1575 2157 1608 38.

1442 1610 1475 1639 Et
1487 1609 1569 1638 finem
1585 1609 1672 1646 pietas
1683 1608 1801 1645 contigit
1812 1607 1859 1638 illa
1868 1608 1957 1639 suum.

1348 1647 1469 1678 Portum.
1493 1647 1577 1676 Ovid.
1594 1655 1618 1682 3.
1637 1646 1706 1675 Met.
1724 1650 1787 1682 634.

1348 1686 1462 1715 Terram
1471 1684 1548 1714 saltu.
1569 1684 1634 1713 Stat.
1647 1695 1669 1718 ς.
1680 1683 1771 1712 Theb.
1785 1693 1845 1720 171.

1348 1724 1461 1753 Terram
1472 1723 1634 1759 contingere
1644 1721 1748 1751 osculO.
1769 1721 1828 1752 Liv.
1841 1731 1865 1752 1.
1884 1725 1927 1758 5⁶·
1940 1726 2010 1753 extr.

1349 1761 1413 1791 Visu
1425 1761 1539 1798 aliquid.
1561 1760 1610 1790 Sil.
1627 1759 1673 1789 lib.
1688 1769 1728 1796 13.
1745 1764 1808 1795 506.

1349 1800 1517 1835 Contingere
1529 1798 1612 1828 alicui
1630 1798 1690 1832 rei,
1710 1807 1761 1834 pro
1782 1798 1952 1835 Contiguum
1969 1796 2032 1827 effe.
2073 1795 2139 1826 Caes.
2156 1806 2178 1826 1.
2204 1796 2272 1828 Bell.
2285 1796 2355 1828 Gall.
2369 1803 2412 1835 38.
2434 1799 2466 1829 ini

1368 1837 1543 1867 Vesontionis
1556 1837 1652 1874 oppidi
1667 1836 1853 1872 descriptione
1865 1858 1871 1868 .
1892 1835 1932 1864 Ita
1943 1842 1975 1864 ut
1984 1835 2089 1864 radices
2101 1836 2205 1865 montis
2215 1845 2249 1865 ex
2261 1842 2374 1873 utraque
2386 1843 2466 1874 parte

1367 1876 1434 1913 ripae
1450 1875 1572 1904 fluminis
1582 1875 1757 1910 contingant.
1797 1873 1856 1903 Nisi
1865 1873 1937 1902 forte
1948 1874 2009 1910 quis
2021 1873 2175 1902 contendat
2185 1896 2193 1908 ,
2215 1873 2293 1911 Ripae
2304 1874 2358 1904 effe
2376 1876 2468 1904 nomi-

1367 1914 1517 1980 nagivgkmff,
1536 1912 1651 1970 Radices
1659 1910 1864 1941 accusativum:
1886 1911 1916 1940 id
1926 1911 2003 1948 quod
2011 1917 2089 1949 puto.
2128 1911 2187 1948 [Et
2198 1913 2259 1949 quis
2269 1911 2395 1948 dubitet,
2414 1912 2467 1942 nisi

1372 1962 1402 1980 in
1425 1962 1440 1980 o
1474 1962 1478 1979 1
1505 1960 1576 1979 imus
1588 1973 1593 1979 .

1349 1990 1630 2026 Continguntcorpus
1640 1997 1760 2017 amurca.
1782 1987 1799 2016 i.
1813 1996 1836 2016 e.
1859 1987 1994 2024 Ungunt‚
2015 1987 2136 2024 tingunt.
2156 1986 2230 2025 Virg.
2244 1996 2266 2024 3.
2284 1987 2384 2026 Georg.
2397 1993 2464 2025 448.

1349 2028 1412 2057 Sale
1425 2027 1527 2061 aliquid
1537 2026 1717 2062 contingere,
1739 2025 1833 2054 Salire.
1859 2025 1928 2063 Virg.
1945 2034 1969 2061 3.
1983 2025 2081 2062 Georg.
2094 2033 2158 2061 403.

1348 2064 1452 2094 Pocula
1464 2067 1566 2093 circum
1577 2073 1639 2092 oras
1647 2063 1740 2092 melle.
1762 2062 1869 2092 Lucret.
1886 2073 1910 2092 2.
1922 2072 1984 2099 75⁴·

1351 2103 1519 2140 Contingere
1530 2102 1770 2131 existimationem.
1786 2100 1848 2138 Ulp.
1863 2101 1915 2130 inl.
1928 2100 2078 2130 absentem.
2089 2100 2110 2137 §.
2124 2100 2261 2132 adversus.
2270 2101 2304 2130 D.
2318 2101 2354 2130 de
2361 2102 2464 2139 poenis.

1352 2141 1519 2177 Contingere
1533 2140 1634 2176 regiani
1646 2139 1861 2176 propinquitate.
1904 2138 1959 2168 Liv.
1975 2148 2018 2173 24,
2035 2148 2079 2167 22.
2091 2145 2160 2168 extr.
2184 2141 2224 2168 An
2245 2139 2405 2177 quicunque
2419 2144 2467 2168 aut

1369 2179 1576 2216 propinquitate
1587 2199 1595 2213 ‚
1615 2184 1662 2205 aut
1673 2172 1804 2206 affinitate
1814 2199 1821 2210 ,
1843 2182 1891 2205 aut
1900 2176 2037 2214 aliquibus
2046 2175 2204 2206 ministeriis
2215 2179 2319 2215 regiam
2338 2176 2470 2215 contigis-

1371 2217 1447 2251 sent,
1469 2216 1566 2244 alienae
1578 2215 1666 2251 culpae
1677 2216 1713 2243 rei
1728 2214 1940 2244 trucidarentur.

1351 2254 1520 2291 Contingere
1540 2252 1695 2289 aliquorum
1718 2252 1844 2281 familias.
1885 2253 1959 2282 Suet.
1978 2252 2006 2281 in
2020 2251 2125 2281 Neron.
2137 2261 2197 2290 cap.
2213 2261 2256 2288 32.
2285 2253 2353 2282 Ante
2374 2253 2469 2282 omnia

1369 2292 1504 2324 instituit,
1526 2298 1556 2320 ut
1571 2301 1585 2319 e
1596 2290 1757 2319 libertorum
1770 2290 1966 2319 defunctorum
1986 2289 2067 2319 bonis
2080 2311 2087 2325 ,
2109 2299 2160 2325 pro
2172 2289 2277 2319 semiffe
2289 2291 2410 2319 dodrans
2421 2299 2471 2319 co-

1370 2336 1479 2367 geretur
1490 2330 1539 2364 eis,
1553 2330 1598 2366 qui
1613 2328 1665 2356 sine
1681 2328 1817 2364 probabili
1830 2328 1909 2358 causa
1919 2338 1953 2358 eo
1964 2328 2080 2357 nomine
2094 2327 2198 2364 essent,
2221 2337 2276 2366 quo
2286 2328 2397 2358 fuill'ent
2413 2328 2469 2357 illae

1370 2367 1482 2397 familiae
1492 2389 1499 2401 ,
1523 2377 1587 2403 quas
1601 2366 1656 2403 ipse
1668 2367 1852 2403 contingeret.

1351 2405 1439 2436 Nullo
1455 2404 1538 2442 gradu
1551 2405 1668 2440 aliquam
1680 2405 1802 2432 domum.
1845 2403 1920 2433 Suet.
1938 2404 1965 2432 in
1977 2403 2054 2433 Galb.
2067 2412 2128 2442 cap.
2145 2412 2170 2434 2.
2194 2402 2302 2433 Neroni
2313 2403 2401 2434 Galba
2411 2402 2472 2434 suc·

1371 2443 1448 2473 cessit
1462 2466 1467 2476 ,
1490 2442 1568 2471 nullo
1579 2443 1663 2479 gradu
1675 2442 1841 2479 contingens
1853 2441 1986 2471 Caesarum
1999 2442 2123 2470 domum.

1351 2480 1466 2518 Propius
1476 2483 1636 2516 contingere
1647 2479 1765 2515 aliquem
1777 2501 1784 2513 ,
1807 2489 1857 2516 pro
1870 2479 2042 2516 Cognatione
2054 2479 2185 2516 propiore
2198 2478 2283 2508 alicui
2292 2479 2421 2516 junstuin
2431 2478 2471 2509 es-

1371 2519 1397 2547 se
1407 2541 1413 2551 ,
1437 2518 1480 2546 vel
1493 2519 1575 2547 etiam
1587 2518 1706 2546 amicitia
1717 2518 1742 2547 81
1753 2517 1945 2546 familiaritate.
1967 2517 2033 2547 Hor.
2048 2526 2073 2546 2.
2089 2517 2174 2546 Serin.
2187 2520 2211 2545 6.
2225 2527 2267 2551 52.

1352 2556 1522 2593 Contingere
1543 2556 1735 2585 auctoritatem
1756 2555 1811 2584 loci
1836 2555 1962 2590 alicujus.
2004 2554 2061 2584 Cic.
2076 2564 2127 2591 pro
2142 2554 2211 2591 Lege
2226 2554 2322 2585 Manil.
2338 2565 2360 2584 1.
2395 2554 2472 2585 Nam

1371 2604 1458 2631 quum
1468 2601 1546 2622 antea
1557 2603 1605 2629 per
1617 2599 1726 2622 aetatem
1740 2593 1867 2622 nondum
1878 2593 1961 2629 hujus
1979 2593 2174 2623 auctoritatem
2184 2593 2240 2622 loci
2250 2593 2412 2632 contingere
2424 2602 2472 2623 au-

1373 2634 1469 2661 derem
1482 2654 1488 2664 ,
1511 2631 1728 2668 statueremque,
1752 2632 1803 2660 ἃς.

1354 2671 1484 2699 Animum
1496 2678 1560 2697 cura
1574 2669 1735 2704 contingere
1748 2691 1755 2703 ,
1778 2667 1891 2698 Afficere
1901 2667 2086 2697 solicitudine.
2110 2666 2167 2697 Val.
2180 2676 2207 2704 7.
2225 2667 2323 2705 Argon.
2340 2677 2401 2704 ¹73·

1353 2707 1431 2737 Nihil
1443 2707 1613 2743 contingitur
1623 2716 1657 2736 eo
1667 2707 1740 2735 fatto
1751 2706 1828 2735 causa
1839 2715 1909 2736 mea.
1950 2706 2006 2735 Liv.
2017 2716 2062 2742 40.
2080 2717 2119 2740 14.
2131 2713 2201 2736 extr.
2226 2706 2312 2735 Recte
2325 2715 2360 2735 an
2371 2715 2472 2743 perpe-

1373 2755 1429 2774 ram
1441 2745 1559 2773 fecerint
1570 2766 1577 2777 ,
1599 2745 1647 2781 ipsi
1659 2744 1696 2772 sui
1709 2744 1772 2773 facti
1786 2744 1923 2773 rationem
1935 2744 2071 2774 reddent:
2095 2752 2186 2774 meam
2204 2743 2312 2773 causam
2323 2766 2330 2779 ,
2354 2753 2415 2781 quae
2428 2745 2472 2773 ni-

1374 2783 1413 2812 hil
1432 2792 1465 2811 10
1477 2783 1549 2811 facto
1560 2783 1731 2818 contingitur
1740 2804 1747 2816 ,
1770 2792 1805 2810 ne
1817 2782 1969 2811 miscueris.

1354 2820 1477 2850 Crimine
1488 2820 1620 2857 contingi.
1664 2819 1726 2857 Ulp.
1737 2821 1766 2849 in
1778 2818 1795 2848 l.
1815 2830 1836 2849 i.
1857 2821 1878 2857 ς’.
1898 2819 1954 2849 hoc
1970 2826 2062 2848 autem
2085 2817 2365 2848 Senatusconsultum.
2384 2819 2418 2849 D.
2434 2820 2472 2848 de

1374 2858 1456 2901 servis
1471 2858 1593 2893 fugitivis
1608 2879 1616 2893 ‚
1637 2857 1671 2887 Et
1683 2865 1713 2887 ut
1723 2858 1752 2893 ii,
1775 2858 1850 2895 apud
1865 2867 1933 2895 quos
1946 2857 2124 2893 delitescant,
2145 2858 2306 2895 puniantur,
2326 2856 2472 2887 sicrimine

1373 2904 1470 2925 contin
1492 2902 1579 2924 cintur-

1354 2906 1620 2970 Negotiogcontingi.
1659 2932 1858 2970 Tryphoninus
1873 2933 1901 2961 in
1917 2932 1934 2962 l.
1951 2932 2024 2961 bona
2033 2932 2110 2961 fides.
2133 2932 2154 2970 §.
2167 2932 2289 2962 incurrit.
2311 2931 2344 2962 D.
2356 2932 2473 2970 deposit.

1373 2972 1400 3000 Si
1417 2972 1501 3000 totius
1511 2972 1549 3000 rei
1564 2971 1722 3007 aequitatem
1732 2993 1738 3004 ,
1760 2981 1820 3008 quae
1828 2981 1861 2999 ex
1873 2971 2004 2999 omnibus
2014 2970 2137 3008 personis
2151 2972 2211 3007 quae
2221 2970 2334 3008 negotio
2346 2971 2395 3000 isto
2405 2980 2473 3000 con·

1375 3011 1521 3046 tinguntur
1533 3009 1664 3045 impletur
1676 3031 1682 3041 ,
1705 3009 1772 3037 mihi
1786 3009 1928 3038 reddenda
1941 3008 2019 3042 sunt,
2037 3010 2089 3037 Sec.

1355 3046 1625 3083 Contingitaliquid,
1641 3045 1789 3082 [συριζαοῖνκ
1802 3065 1808 3076 ,
1827 3043 1937 3082 γίνεται]
1960 3055 2009 3083 pro
2024 3045 2136 3075 Accidit.
2155 3045 2212 3075 Cic.
2225 3057 2247 3081 ς.
2262 3045 2374 3075 Tuscul.
2386 3044 2472 3082 Quod

1376 3095 1432 3113 non
1444 3085 1529 3113 modo
1541 3084 1649 3119 lingulis
1660 3084 1820 3113 hominibus
1830 3106 1838 3118 ,
1860 3084 1906 3112 sed
1916 3083 2078 3121 potentibus
2087 3083 2198 3121 populis
2208 3083 2278 3122 saepe
2290 3083 2418 3121 contigit.

1356 3122 1503 3189 Cffiinubia
1514 3123 1687 3160 contigerant
1696 3121 1736 3151 illi
1750 3128 1802 3151 tuae
1814 3122 1917 3151 matris.
1939 3121 2039 3151 Nestor
2053 3121 2087 3150 ad
2099 3120 2232 3151 Achillem
2243 3121 2318 3159 apud
2332 3121 2416 3151 Ovid.
2428 3129 2472 3151 12.

1412 3166 1447 3189 et.
1466 3170 1529 3195 194.

1355 3197 1558 3265 Cffintigitlapllae
1580 3196 1702 3226 Ausoniae
1715 3197 1814 3226 Nerva.
1844 3196 1862 3226 i.
1878 3205 1903 3226 e.
1924 3196 2048 3234 Adeptus
2072 3196 2111 3226 est
2134 3196 2284 3234 imperium
2301 3196 2470 3226 Romanum.

1411 3237 1496 3265 artia.
1521 3236 1557 3263 11.
1575 3245 1613 3264 i2.
1626 3239 1651 3263 6.

1448 3272 1572 3339 1(ὲοηῑίςὶτ
1584 3271 1706 3302 Ausoniae
1715 3281 1862 3310 procerum
1879 3270 2034 3301 mitil'limus
2044 3271 2113 3301 aulae

1478 3320 1541 3339 erva
1552 3332 1558 3343 ,
1576 3312 1627 3339 διε.

1357 3348 1464 3378 Gaudia
1474 3347 1726 3384 continguntmihi.
1749 3346 1832 3376 Ovid.
1844 3356 1868 3375 2.
1883 3346 1918 3375 de
1927 3346 2004 3375 Pont.
2017 3355 2039 3375 1.
2054 3356 2080 3383 7.

1356 3386 1455 3415 Honor
1464 3386 1579 3421 contigit
1591 3385 1641 3414 tibi
1657 3394 1690 3414 ex
1703 3385 1810 3414 merito.
1832 3384 1915 3413 Ovid.
1932 3395 1957 3418 4.
1972 3384 2006 3412 de
2019 3384 2094 3413 Pont.
2111 3392 2137 3422 7.
2153 3387 2194 3414 16.

1357 3423 1474 3452 Abunde
1483 3423 1646 3460 contigitilli
1658 3421 1806 3457 valetudo,
1828 3422 1917 3455 fama,
1939 3423 2035 3459 gratia.
2058 3422 2124 3452 Hor.
2141 3432 2160 3451 1.
2180 3420 2263 3459 Epist.
2277 3431 2303 3456 4.
2320 3429 2364 3450 1ο.

1355 3461 1382 3490 Si
1394 3461 1460 3489 milii
1472 3462 1526 3489 vita
1536 3462 1693 3497 contigerit.
1733 3459 1791 3489 Cic.
1809 3470 1847 3488 io.
1865 3459 1936 3488 Fam.
1949 3469 1993 3494 ²4·
2024 3459 2108 3496 Quod
2125 3460 2142 3489 fi
2158 3460 2224 3489 mihi
2238 3459 2293 3488 vita
2306 3458 2469 3496 contigerit,

1375 3508 1472 3527 omnes
1483 3506 1571 3536 gratas
1585 3498 1735 3532 amicitias,
1757 3504 1839 3533 atque
1852 3498 1934 3526 etiam
1947 3498 2006 3534 pias
2016 3498 2236 3536 propinquitates
2247 3519 2255 3532 ‚
2277 3497 2306 3525 in
2322 3498 2363 3526 tui
2382 3493 2473 3526 obser-

1379 3537 1472 3564 vantia
1487 3558 1494 3569 ,
1517 3536 1706 3571 indulgentia,
1727 3534 1883 3564 assiduitate
1895 3536 2012 3564 vincam.

1355 3572 1386 3604 ln
1398 3574 1502 3609 magnis
1513 3574 1612 3602 animis
1623 3574 1770 3609 contingit.
1810 3573 1869 3601 Cic.
1885 3582 1905 3602 i.
1918 3571 1975 3601 Off.
1987 3582 2030 3607 74.
2054 3572 2137 3602 Multi
2154 3572 2229 3601 enim
2240 3570 2309 3608 sape
2319 3571 2390 3601 bella
2401 3581 2473 3608 quae-

1375 3611 1493 3640 siverunt
1504 3620 1616 3648 propter
1626 3611 1718 3648 gloria:
1729 3610 1910 3647 cupiditatem
1923 3620 1929 3639 ε
1951 3618 2033 3647 atque
2044 3611 2072 3639 id
2081 3611 2109 3639 in
2120 3611 2225 3647 magnis
2235 3611 2334 3639 animis
2346 3607 2475 3653 ingeniis-

1376 3658 1430 3686 que
1441 3649 1604 3685 plerumque
1615 3649 1731 3685 contigit
1742 3670 1749 3681 ,
1770 3657 1860 3684 eoque
1871 3649 1956 3685 magis
1969 3648 1984 3676 li
2000 3647 2049 3677 sirit
2061 3648 2095 3677 ad
2107 3657 2162 3676 reni
2174 3647 2320 3676 militarem
2331 3654 2397 3685 apti.

1357 3686 1443 3723 Quod
1455 3687 1500 3715 vix
1510 3687 1602 3715 evenit
1612 3709 1618 3719 ,
1641 3685 1792 3723 Contigifse
1801 3686 1903 3714 dicitur
1913 3707 1920 3720 ‚
1942 3686 2032 3722 inquit
2041 3685 2175 3715 Donatus.
2186 3684 2250 3714 Ter.
2263 3685 2345 3715 Andr.
2358 3696 2384 3720 4.
2394 3694 2420 3715 2.
2428 3693 2471 3721 ις.

1439 3723 1518 3752 Hanc
1530 3724 1597 3753 mihi
1608 3724 1749 3761 expetivi:
1773 3725 1909 3761 contigit:
1931 3723 2102 3752 conveniunt
2111 3733 2210 3752 mores.

1357 3760 1481 3797 Contigit
1493 3767 1530 3789 ut.
1573 3761 1631 3790 Cic.
1647 3773 1668 3795 ς.
1681 3761 1798 3798 Philipp.
1811 3771 1855 3796 49.
1879 3760 1991 3790 Utinam
2010 3760 2040 3789 C.
2060 3760 2172 3796 Caesari,
2194 3760 2264 3799 patri
2281 3760 2365 3795 dieo,
2385 3759 2475 3789 conti-

1376 3798 1454 3835 gilltt
1467 3799 1635 3828 adolescenti
1649 3821 1656 3831 ,
1677 3806 1707 3828 ut
1718 3799 1784 3827 elset
1796 3798 1908 3828 Senatui
1919 3797 2075 3827 cariffimus.

1320 3835 1342 3866 C
1352 3846 1368 3864 o
1378 3846 1396 3864 N
1413 3846 1426 3864 r
1436 3847 1443 3863 i
1453 3846 1471 3864 N
1483 3846 1499 3864 c
1510 3846 1526 3865 o
1539 3858 1547 3872 ‚
1567 3846 1602 3866 ex
1614 3837 1706 3873 Tingo
1719 3835 1919 3874 compositurn3
1940 3836 2015 3864 idem
2030 3835 2104 3870 quod
2114 3834 2228 3873 simplex
2239 3835 2340 3873 Tingo.
2363 3834 2471 3864 Lucret-

1357 3874 1404 3903 lib.
1416 3883 1443 3904 2.
1456 3881 1522 3911 7ς4.
1607 3874 1726 3903 Proinde
1736 3874 1829 3903 colore
1842 3883 1908 3903 cave
1921 3874 2065 3909 contingas
2077 3873 2180 3903 semina
2195 3883 2285 3902 rerum
2296 3894 2304 3907 ,

1598 3911 1623 3942 N
1627 3921 1643 3942 e
1655 3911 1706 3942 tibi
1718 3921 1762 3942 res
1771 3911 1889 3942 redeant
1899 3911 1934 3942 ad
1944 3910 2064 3942 nihilum
2071 3911 2197 3942 funditus
2205 3920 2311 3942 omnes.
2330 3911 2376 3940 i.e.
2381 3910 2476 3951 Quum

2379 3955 2474 3977 omnia
