2600 4177
463 120 488 153 A
584 120 617 154 U
712 122 744 155 G

57 192 145 224 Bonus
159 197 252 223 auctor
267 197 294 225 in
306 198 416 227 Senatu.
458 199 514 229 Cic.
535 200 569 229 de
584 199 654 229 Clar.
668 201 743 231 Orat.
761 210 819 237 ηε).
853 204 882 232 C.
907 205 1024 234 fimbria
1039 205 1165 234 luculen-

74 237 115 260 tus
125 240 268 266 patronus,
286 235 361 271 asper
371 259 378 268 ,
395 236 545 266 maledicus
555 260 562 269 ,
585 248 683 271 acuere
696 248 755 268 toto
767 241 847 277 paulo
860 242 988 271 fervidior
997 250 1077 279 atque
1089 253 1166 285 com-

75 270 176 297 motior
191 291 198 303 ,
220 271 363 308 diligentia
377 281 468 302 tamen
485 276 510 303 ἃ
532 274 630 304 virtute
649 275 732 306 animi
749 285 830 315 atque
847 279 901 308 vita
920 281 1009 309 bonus
1026 283 1119 309 auctor
1137 289 1165 308 in

73 306 182 335 Senatu.

13 342 40 376 ,Α
50 353 91 372 uc
101 353 119 371 T
129 353 141 370 R
153 354 159 370 i
173 353 189 371 x
199 365 205 375 ,
225 345 285 373 icis.
308 347 325 374 f.
347 347 462 377 Tertull.
477 348 602 377 adversus
616 350 744 388 Hermog.
756 361 816 389 cap.
834 362 857 386 ς.
881 353 978 390 Neque
990 355 1064 382 enim
1075 354 1165 396 potest

58 389 111 408 non
128 382 152 409 8<
167 383 278 410 materia«
292 385 395 412 audiris
418 387 542 415 omnium
563 387 709 424 deputari,
730 389 765 418 de
787 400 838 427 qua
857 391 1016 420 universitas
1036 392 1163 420 consistit.

56 418 127 446 conf.
154 428 171 446 A
183 429 199 446 υ
209 429 225 447 c
237 429 254 446 *r
264 428 280 448 o
292 430 304 447 R
325 431 338 448 a
361 431 399 458 pr.
529 456 539 462 .

22 454 42 485 A
51 465 68 483 u
77 465 93 483 c
102 465 120 482 *r
129 465 144 482 o
155 465 170 482 R
182 467 188 482 1
205 466 218 483 r
230 467 245 485 A
257 467 268 485 s
280 479 286 487 ,
314 459 372 487 fitis.
397 459 415 488 f.
437 459 565 495 [adamim
577 483 583 492 ,
607 462 704 494 &fimf
716 484 724 497 ,
741 463 928 499 ἀξιωρςαηιρὸν]
961 466 1005 500 Ius
1017 487 1025 500 ,
1046 466 1164 502 potestas

57 490 215 526 &dignitas
257 495 314 523 Cic.
329 506 350 527 3.
370 495 484 533 l’liilipp.
503 507 542 529 ¹2.
564 499 671 528 Tantus
683 508 774 529 antem
787 502 933 530 consensus
947 504 1165 540 municipiorum

55 529 435 568 coloniarumque*provincias
448 535 541 564 (iailli'fe
552 557 560 567 ,
584 544 614 565 ut
625 547 722 566 omnes
739 538 772 566 ad
791 541 981 569 auctoritatem
999 541 1079 574 liuius
1092 541 1167 569 ordi-

57 567 97 596 nis
107 567 327 604 maiestatemque
340 570 402 607 l’op.
420 572 498 601 llum.
512 574 716 603 defendendam
729 575 891 612 conspirasse
908 578 1060 607 videantur.
1129 615 1134 620 .

56 605 222 636 Auctoritas,
245 606 356 636 alterius
373 608 541 638 Existimatio
553 613 577 640 S:
589 612 702 648 opinio,
725 622 783 648 quze
802 614 883 648 vulgo
904 615 1062 650 Reputatio.
1104 615 1162 658 Cic.

73 651 121 678 pro
134 641 202 676 Lege
213 643 306 673 Wlanil.
330 645 362 674 Et
372 648 503 678 quonium
516 651 661 678 auctoritas
672 650 789 679 multum
799 661 908 688 quoque
918 653 946 681 in
957 652 1036 683 bellis
1047 652 1166 682 admini-

74 679 185 708 strandis
196 688 276 716 {uque
288 683 403 719 imperio
413 685 522 713 militari
533 686 605 714 valet
616 709 623 721 ,
639 695 730 721 certe,
750 689 801 717 &Q

29 737 32 743 .
54 716 203 746 Auctoritas
214 719 408 757 &amplitudo
431 721 488 750 Cic.
501 733 550 752 oro
565 723 643 752 [rosc.
659 726 746 754 rimer.
760 734 784 753 2.

55 753 100 782 Vis
111 775 119 787 ,
137 757 297 788 auctoritas,
319 759 437 794 pondus.
479 761 534 789 Cic.
547 771 596 798 pro
609 761 696 790 Flacc.
710 773 734 796 ι).
766 761 867 792 Totius
878 763 995 800 huiusce
1010 764 1048 794 rei
1062 775 1120 802 quae
1136 764 1167 793 sit

74 791 127 825 vis,
147 795 380 827 qua‘auctoritas,
402 797 475 832 quod
492 799 618 835 pondus,
640 800 776 834 ignorant.

55 829 131 858 Acies
142 831 320 861 auctoritatis.
364 833 392 862 V.
415 834 447 863 In
467 845 485 863 A
497 845 514 864 c
526 847 533 863 1
545 846 585 864 cs.
608 838 634 866 δε
648 837 716 865 infra
732 836 859 866 Hebescit
869 840 1025 869 auctoritas.

54 866 151 896 Adulta
161 870 314 898 auctoritas.
352 870 384 900 In
410 881 428 900 A
439 882 456 900 u
465 882 481 901 o
491 883 506 901 1.
515 883 527 901 a
537 883 549 902 s
558 883 574 902 c
583 884 600 901 o
612 896 619 908 ,
642 876 668 903 ὁὶ
679 884 744 903 mox
756 875 908 912 Comprinii
919 878 1090 906 auctoritate.

53 903 162 934 AEterna
171 906 296 935 adversus
309 908 411 937 hostem
421 911 565 940 auctoritas
614 912 673 941 Cic.
689 922 710 940 1.
725 911 782 941 Off.
797 921 838 948 37.
862 914 908 941 ubi
921 914 1041 944 Gronov.
1068 915 1096 944 V.

45 938 138 972 fluxa
152 944 307 973 auctoritas.
347 946 436 975 Tacit.
452 958 473 977 1.
488 948 554 977 Hist.
570 958 613 977 21.
650 950 728 979 Proin
747 950 885 987 agendum
893 973 905 993 ᾖ
931 953 1165 990 audendumque‚

70 988 153 1015 quum
169 980 260 1010 Galbae
272 984 418 1012 auctoritas
433 985 506 1014 fluxa
519 1008 526 1019 ,
551 986 652 1015 Pisonis
670 988 795 1016 nondum
809 988 959 1018 coaluifl'et.
1091 1028 1096 1033 ¹

54 1015 220 1047 Graviffima.
261 1019 319 1048 Cic.
335 1031 356 1049 i.
373 1022 407 1050 de
419 1022 524 1053 liii-ent.
538 1034 598 1053 101.
621 1025 724 1054 Primus
737 1025 813 1053 locus
827 1025 940 1055 sumitur
949 1027 982 1056 ab
992 1029 1166 1063 auctoritate,

73 1063 156 1091 quum
166 1064 414 1088 commemoramus
424 1066 531 1097 quantae
542 1071 612 1090 curae
624 1072 666 1091 res
678 1073 709 1092 ea
723 1062 804 1091 fuerit
820 1070 867 1092 aut
879 1064 931 1093 diis
943 1065 1145 1094 immortalibus
1155 1086 1164 1100 ‚

8 1120 15 1178 i
54 1129 346 1162 Graviorauctoritatc.

72 1093 160 1121 autiis
174 1103 288 1130 quorum
302 1098 449 1126 auctoritas
460 1099 611 1135 gravissima
623 1099 721 1129 debeat
729 1099 791 1129 esse,
1118 1140 1123 1145 ·
1147 1140 1154 1146 ι

387 1134 444 1164 Cic.
458 1145 483 1165 2.
500 1137 534 1165 de
545 1136 620 1166 Orat.
634 1148 677 1173 ςς.
713 1138 793 1167 Certe
803 1136 935 1168 nontulit
945 1139 1016 1169 ullos
1027 1141 1085 1169 haec
1099 1149 1168 1169 cwi-

11 1182 14 1199 ;
53 1192 57 1202 ,Ἰ
71 1174 111 1196 tas
121 1189 128 1201 ,
152 1177 198 1196 aut
208 1168 292 1203 cloria
304 1170 445 1207 clariores,
467 1180 514 1203 aut
523 1176 685 1205 auctoritate
697 1176 836 1214 graviores
848 1198 856 1212 ,
876 1185 923 1206 aut
936 1178 1108 1207 humanitate
1118 1187 1168 1216 po-

73 1204 175 1233 litiores
191 1206 213 1235 P.
227 1208 353 1237 Africano
363 1231 370 1243 ,
388 1211 438 1239 &a

55 1241 193 1279 Languida
201 1246 347 1275 auctoritas
358 1254 466 1284 patruni
479 1249 549 1278 fac‘ta
559 1250 604 1278 est.
645 1249 674 1279 V.
697 1261 714 1279 L
723 1261 742 1279 A
752 1261 772 1280 N
781 1261 799 1279 c
809 1261 827 1280 u
836 1262 852 1291 o
862 1261 887 1280 R.

55 1279 174 1316 Projetta
185 1284 339 1313 auctoritas,
380 1285 470 1315 Tacit.
488 1296 509 1315 ι.
525 1288 593 1315 Ann.
603 1297 648 1322 42.
1045 1328 1052 1333 ·

54 1317 157 1348 Senior.
196 1319 251 1349 Cic.
263 1321 290 1349 in
305 1322 376 1351 Brut.
391 1332 451 1359 327.
476 1324 634 1354 Hortensius
646 1326 850 1355 eratexcellens
862 1327 968 1362 judicio
979 1327 1070 1365 vulgi,
1092 1327 1165 1371 &fa-

72 1355 125 1384 cile
140 1357 240 1393 primas
254 1359 364 1388 tenebat
381 1361 549 1391 adolescens.
590 1363 644 1392 Sed
659 1373 743 1400 quum
753 1365 808 1400 jam
821 1365 939 1394 honores
949 1387 957 1400 ‚
984 1368 1010 1395 ἃς
1021 1366 1066 1394 illa
1077 1365 1167 1394 senior

71 1394 214 1459 φειὶιόὶοῑίῑαε
225 1398 332 1432 gravius
346 1395 479 1435 quiddam
496 1400 661 1437 requireret,
683 1402 846 1431 remanebat
864 1403 956 1439 idem,
976 1414 1029 1433 nec
1048 1403 1166 1433 decebat

71 1440 79 1459 i
101 1441 154 1460 em.

54 1468 143 1497 Tenui
154 1470 314 1500 auctoritate
325 1472 420 1502 homo.
461 1474 519 1503 Cic.
534 1484 559 1503 ².
572 1482 668 1505 contra
680 1476 752 1506 Rull.
767 1488 812 1513 44.

0 1510 3 1527 ῑ
29 1524 31 1526 -
53 1505 85 1536 Id
93 1508 276 1543 auctoritatis,
298 1520 348 1546 pro
358 1510 607 1547 Ejusauc'toritatis.
646 1514 736 1544 Tacit.
752 1525 794 1544 12.
808 1515 876 1544 nnn.
893 1520 935 1549 18.

4 2203 7 2207 ·
51 2187 192 2217 Adducere
200 2189 319 2226 aliquem
328 2190 363 2219 ad
372 2190 490 2220 nostram
503 2193 702 2222 austoritatem.

0 2266 9 2322 v.-

0 2502 8 2633 -.;2-v
0 2451 5 2478 -·

0 2913 7 2933 κ
51 2903 219 2943 Comparare.

0 2948 9 2978 ’ί
51 2941 234 2979 Comprobare
248 2945 363 2978 alicuius
372 2947 420 2975 rei.

54 1544 205 1573 Auctoritas
224 1546 261 1575 est
272 1547 358 1577 ebori.
399 1549 467 1578 Plin.
481 1550 527 1579 lib.
545 1561 585 1580 12.
597 1561 657 1589 cap.
667 1563 693 1587 4.
725 1552 815 1582 Tanta
825 1553 902 1582 ebori
921 1554 1069 1583 auctoritas
1088 1560 1164 1590 erat,

36 1614 39 1618 Ι
71 1581 145 1611 urbis
155 1583 540 1616 nostraetrecentefimoanno.
560 1590 578 1617 i.
591 1599 614 1618 e.
636 1589 827 1626 'santifiebat,
849 1598 926 1620 tanto
939 1592 967 1620 in
981 1591 1087 1621 honore
1096 1598 1163 1622 erat.

55 1618 126 1649 Citra
135 1622 324 1651 auctoritatem
337 1624 461 1653 Senatus.
499 1625 529 1654 V.
552 1636 568 1654 c
581 1636 679 1656 1TRA.

54 1657 203 1687 Auctoritas
222 1658 378 1690 senectutis.
417 1662 473 1691 Cic.
497 1663 532 1692 de
553 1664 660 1693 Senect.
680 1669 724 1695 62.
757 1665 849 1694 Habet
869 1666 1010 1701 senestus,
1032 1667 1166 1696 honorata

90 1695 235 1731 raes'ertini,
256 1704 361 1727 tantam
373 1701 566 1731 auctoritatem
581 1723 589 1737 ‚
611 1710 642 1731 ut
660 1712 693 1732 ea
709 1702 796 1741 pluris
816 1703 862 1739 sit,
884 1714 966 1741 quain
986 1714 1084 1735 omnes
1100 1705 1167 1734 ado-

82 1733 205 1763 escentiae
216 1735 379 1773 voluptates.

52 1768 232 1801 Tributorum
243 1775 398 1803 auctoritas.
437 1773 503 1805 Plin.
517 1776 566 1805 lib.
582 1786 623 1806 12.
636 1786 697 1815 cap.
708 1789 734 1815 4.
756 1778 823 1808 Ideo
835 1778 988 1808 fortaffisin
1000 1779 1167 1810 tributorum

71 1810 234 1839 auctoritate
248 1812 325 1841 tertia
336 1822 378 1842 res
389 1812 471 1842 suerit
482 1814 596 1844 ebenus.

46 1847 202 1880 ‚Auctoritas
213 1849 371 1879 testimonii.
398 1850 469 1880 Cic.
485 1862 507 1887 ς.
521 1852 592 1881 Fam.
609 1862 651 1882 12.
673 1853 739 1882 Non
754 1854 830 1882 enim
843 1863 887 1882 me
896 1853 983 1896 solum
995 1864 1166 1898 commemo-

68 1885 136 1913 ratio
148 1885 311 1921 posteritatis
321 1888 354 1916 ad
368 1887 442 1924 spem
458 1890 595 1924 quandam
613 1890 827 1920 immortalitatis
845 1900 916 1935 rapit
927 1913 934 1926 ‚
956 1892 1001 1921 sed
1018 1900 1101 1921 etiam
1114 1893 1167 1936 'illa

71 1923 225 1959 cupiditas,
247 1931 278 1953 ut
288 1925 331 1954 vel
343 1927 506 1956 austeritate
520 1928 670 1957 testimonii
689 1930 748 1964 tui,
770 1936 801 1958 ut
818 1929 925 1965 judicio
944 1929 1164 1967 benevolentiae,

71 1960 115 1989 vel
125 1960 252 1991 suavitate
263 1962 366 1999 ingenii
378 1985 385 1998 ‚
406 1964 461 1993 vivi
477 1965 657 2002 perfruamur.
891 2005 896 2010 ·

53 1997 217 2028 auctoritate
224 2007 348 2038 nutuque
358 2001 450 2038 legum
462 2003 581 2032 domitas
591 2003 690 2032 habere
701 2003 841 2034 libidines.
865 2004 923 2033 Cic.
938 2014 960 2033 1.
972 2005 1006 2048 de
1017 2005 1161 2049 Oratim.

71 2034 104 2065 Et
113 2037 248 2066 docemur
257 2048 314 2067 non
327 2039 441 2069 infinitis
450 2041 744 2078 concertationumque
755 2042 844 2078 plenis
858 2042 1099 2080 disputationibus,
1116 2043 1164 2072 sed

69 2075 230 2103 aridior-itate
250 2082 374 2113 nutuque
391 2075 482 2114 legum
503 2078 621 2107 domitas
635 2079 735 2108 habere
750 2081 899 2115 libidines,
920 2090 1048 2110 coercere
1065 2091 1163 2124 omnes

69 2112 235 2148 cupiditates
247 2135 254 2147 ,
275 2114 363 2144 nostra
373 2116 458 2150 tueri,
479 2115 512 2145 ab
522 2116 620 2145 alienis
631 2125 737 2147 mentes
749 2140 757 2154 ,
779 2118 890 2153 oculos,
912 2128 1010 2148 manus
1018 2119 1160 2149 abstinere.

44 2149 174 2182 ‘Abiicere
184 2152 383 2182 auctoritatem.
425 2152 455 2182 In
478 2163 559 2188 AsJi
572 2164 644 2183 cro.

742 2192 774 2222 ln
795 2203 814 2222 A
821 2204 839 2222 D
848 2204 867 2223 r>
877 2203 895 2222 u
905 2203 922 2222 c
930 2204 957 2223 o.

53 2225 195 2255 Adhibere.
235 2227 267 2256 In
288 2238 306 2256 A
315 2238 333 2256 D
343 2238 363 2257 H
372 2239 381 2256 1
391 2238 405 2256 Β
415 2238 462 2258 130.

52 2263 182 2295 Adiicere.
221 2264 252 2293 ln
273 2275 291 2293 A
302 2275 339 2300 DJ
350 2277 358 2294 1
368 2275 402 2294 ci
411 2276 438 2294 o.
702 2306 707 2311 Π
862 2307 867 2312 1
891 2307 897 2312 .
1146 2306 1152 2314 .

34 2315 37 2332 ι
53 2301 203 2337 adiungere
210 2303 400 2332 aut-”toritatem
415 2305 441 2333 ὃς
455 2303 538 2333 fidem
547 2305 635 2335 rebus.
676 2305 734 2335 Cic.
748 2315 773 2335 2.
787 2306 822 2335 de
833 2305 928 2335 Divin-
946 2315 1006 2342 113.
1039 2307 1166 2350 ‘Auctori-

71 2344 153 2367 tatem
162 2340 273 2376 quidem
284 2341 387 2370 nullam
396 2341 530 2371 debemus
542 2353 593 2372 nec
604 2343 687 2373 fidem
701 2346 901 2373 commentitiis
910 2344 989 2374 rebus
999 2345 1158 2383 adjungere.

53 2376 204 2414 Adiungere
216 2377 241 2407 se
251 2378 286 2406 ad
296 2380 488 2409 auctoritatem
497 2381 622 2410 Senatus.
665 2382 693 2411 V.
714 2392 734 2411 A
743 2392 761 2410 D
770 2391 781 2416 J
793 2392 809 2410 υ
822 2392 842 2411 Ν
851 2393 868 2411 c
877 2392 904 2412 o.

53 2414 187 2443 Adolescit
195 2417 350 2446 auctoritas.
389 2417 420 2447 ln
443 2429 463 2446 A
472 2428 490 2446 D
500 2428 517 2447 o
526 2430 542 2447 1..
552 2429 565 2447 s
575 2429 586 2448 s
597 2428 614 2448 c
624 2429 651 2449 o.

53 2451 152 2482 Afferre
162 2454 361 2484 auctoritatem.
400 2455 433 2485 In
460 2467 478 2485 A
490 2467 502 2485 r
512 2467 525 2485 r
535 2466 548 2485 a
556 2467 572 2485 R
582 2467 608 2486 o.

54 2490 190 2519 Amitterc.
223 2491 254 2520 ln
276 2502 295 2521 A
306 2503 325 2521 Μ
337 2502 372 2521 ιτ
380 2502 400 2522 τ
408 2503 435 2522 o.

53 2527 213 2565 Amplexari.
249 2529 279 2559 In
309 2541 325 2558 A
337 2541 357 2559 Μ
367 2540 380 2558 P
389 2542 404 2559 L
415 2541 429 2559 E
440 2540 457 2560 x
467 2541 483 2560 o
492 2541 516 2561 R.

52 2565 228 2602 Amplificare.
270 2567 301 2596 ln
322 2578 340 2597 A
351 2580 370 2596 Μ
380 2578 394 2596 Ρ
404 2580 420 2597 1.
430 2580 438 2597 1
449 2580 479 2597 ri
490 2579 507 2597 c
518 2579 544 2598 o.
710 2607 715 2612 .
773 2607 779 2614 .

51 2603 202 2632 Attribueoe
212 2603 302 2633 alicui.
342 2606 400 2635 Cic.
414 2616 464 2644 pro
477 2607 554 2636 Font.
568 2616 609 2636 12.
644 2606 716 2636 Mihi
734 2607 932 2652 enim‘semper
949 2617 1113 2647 unaquaque
1127 2609 1162 2641 de

71 2651 98 2669 re
108 2663 116 2676 ,
136 2642 208 2670 testis
221 2652 277 2671 non
289 2642 376 2673 solum
394 2644 498 2679 semel,
520 2655 616 2674 verum
637 2646 722 2674 etiam
744 2645 864 2675 breviter
884 2648 1094 2690 interrogandus
1104 2670 1112 2682 ‚
1135 2651 1162 2679 &

67 2677 138 2716 saepe
147 2680 228 2708 etiam
244 2691 300 2709 non
312 2682 520 2719 interrogandus
534 2705 541 2717 ,
562 2693 596 2712 ne
609 2691 654 2712 aut
663 2684 732 2712 irato
742 2684 856 2714 facultas
865 2684 898 2714 ad
915 2686 1067 2715 dicendum
1077 2686 1139 2716 data
1150 2709 1159 2722 ,

68 2723 113 2745 aut
121 2718 225 2755 cupido
236 2720 382 2748 auftoritas
390 2720 518 2749 attributa
528 2721 581 2749 esse
595 2721 729 2750 videatur.
766 2730 770 2735 ¹

51 2754 158 2784 Auferre
168 2755 200 2784 iis
209 2756 253 2790 qui
264 2757 434 2793 profuerunt.
455 2758 575 2794 Quintil.
591 2759 638 2788 lib.
658 2770 680 2795 5.
702 2769 762 2797 cap.
776 2770 802 2796 7.

52 2790 155 2821 Cedere
170 2795 333 2823 auctoritati.
375 2795 407 2824 ln
427 2805 445 2825 c
454 2806 468 2824 a
478 2806 494 2824 o
505 2806 530 2825 o.
830 2835 835 2841 ο

51 2828 342 2867 Coalescitauctoritas.
382 2833 412 2862 V.
434 2833 518 2871 paulo
529 2841 608 2869 ante,
631 2834 716 2864 Fluxa
731 2836 888 2864 auctoritas.

51 2865 227 2897 Communire
237 2871 437 2900 auctoritatem.
476 2871 506 2901 [n
532 2882 549 2901 c
558 2882 574 2900 o
584 2884 603 2901 Μ
614 2884 634 2901 Μ
644 2882 661 2901 u
670 2882 707 2901 Ni
718 2882 744 2902 o.

261 2908 290 2936 Iri
319 2918 336 2936 c
346 2918 362 2937 o
371 2919 391 2937 M
400 2919 414 2937 P
422 2919 440 2938 A
450 2919 465 2938 a
475 2919 501 2938 ο.
922 2948 927 2954 .

463 2947 520 2976 Cic.
537 2957 559 2975 1.
573 2947 608 2975 de
619 2947 712 2976 Divin.
729 2956 770 2983 ³3·
793 2949 884 2985 Augur
893 2947 956 2991 Tib.
967 2949 1105 2981 Gracchus
1113 2960 1159 2981 au-

69 2979 214 3018 spiciorum
225 2984 413 3013 auctoritatem
424 2984 593 3014 confessione
606 2986 684 3014 errati
696 2985 735 3014 sui
750 2986 950 3023 comprobavit.
1080 3026 1084 3032 .

50 3016 201 3056 Comprimi
229 3021 355 3050 nondum
376 3022 471 3051 adulta
496 3024 660 3052 auctoritate
685 3023 801 3060 alicujus
821 3033 879 3052 non
898 3024 983 3062 posse.
1017 3025 1107 3056 Tacit.
1132 3037 1156 3057 1.

71 3056 137 3085 Anii.
148 3060 192 3092 46.

41 3090 179 3124 ‘Conferre
189 3094 214 3124 se
224 3095 258 3123 ad
268 3095 384 3131 alieuius
390 3098 591 3127 auctoritatem.
632 3098 662 3127 V.
686 3108 703 3127 c
712 3108 729 3127 o
739 3108 760 3141 Ν
769 3109 782 3127 F
791 3109 806 3127 iz
814 3108 831 3127 R
840 3109 866 3128 o.

51 3129 231 3161 Contemnere
239 3135 413 3164 auctoritates
425 3156 432 3170 ,
453 3136 558 3165 ratione
572 3145 703 3173 pugnare.
726 3136 783 3165 Cic.
799 3145 822 3173 3.
837 3138 872 3166 de
883 3137 945 3166 Nat.
956 3137 1039 3167 Deor.
1054 3141 1098 3169 16.

0 3177 9 3198 ¹.
52 3167 173 3199 Consistit
185 3172 338 3200 auctoritas.
376 3172 407 3202 V.
438 3183 455 3202 c
464 3184 480 3202 o
490 3184 509 3201 N
518 3184 530 3203 s
542 3183 570 3202 is
579 3183 598 3202 'r
606 3184 632 3202 o.

45 3205 216 3238 Constituere
227 3210 427 3240 auctoritatem.
469 3211 526 3241 Cic.
538 3221 562 3247 3.
580 3211 652 3241 Verr.
667 3223 690 3247 ς.

49 3242 214 3283 Contingere
224 3246 342 3284 aliquam
353 3249 555 3278 auctoritatem.
595 3249 628 3278 In
651 3259 668 3279 c
677 3259 694 3278 o
702 3259 721 3278 Ν
731 3259 749 3277 ·r
758 3260 766 3277 1
776 3259 796 3278 Ν
806 3259 824 3278 G
834 3259 861 3278 o.

5 3304 7 3310 .
50 3279 126 3311 Dare.
163 3283 221 3312 Cic.
235 3285 302 3317 3.de
314 3285 374 3314 Nat
389 3286 468 3316 Deor.
482 3297 526 3322 9¹-
557 3287 655 3316 Utrum
674 3293 762 3325 poetae
779 3288 887 3317 Stoicos
905 3288 1095 3326 depravarint:
1119 3300 1155 3320 an

67 3318 149 3348 Stoici
160 3321 249 3358 poeti<
260 3322 584 3354 dederintauctoritatem
594 3347 602 3359 ,
624 3335 681 3354 non
689 3325 769 3354 facile
780 3326 906 3354 dixerim.

51 3353 190 3394 Defugere.
229 3359 314 3389 Plaut.
334 3360 409 3390 Poen.
428 3371 450 3390 1.
469 3373 491 3391 1.
508 3373 549 3397 19·
581 3374 611 3392 Μ.
644 3363 672 3392 Si
689 3363 880 3392 auctoritatem
892 3364 985 3401 postea
999 3365 1154 3403 defugeris,

68 3393 263 3426 ubidiffolutus
278 3404 306 3427 tu
316 3398 382 3433 fies,
403 3409 454 3436 ego
465 3400 612 3438 pendeam.
643 3401 661 3429 i.
678 3411 701 3430 e.
736 3401 764 3430 Si
780 3402 922 3438 negaveris
941 3403 1035 3439 postea
1050 3403 1154 3434 factum

68 3431 142 3462 fuisse
155 3443 170 3462 a
183 3444 228 3464 me
239 3444 266 3464 te
276 3437 388 3466 auctore
398 3458 406 3472 ‚
427 3437 558 3467 suadente
569 3439 594 3468 8ι
606 3438 776 3476 impellente.

0 3479 19 3495 :s
51 3467 181 3507 Defugere
191 3474 380 3503 austeritatem
390 3496 398 3510 ‚
419 3475 497 3505 aliter
508 3482 663 3513 acceptum.
701 3475 766 3506 Ter.
781 3476 847 3505 Eun.
863 3485 888 3505 2.
901 3484 925 3511 3.
937 3482 980 3511 98.
1011 3477 1153 3513 Jubesne‘?

0 3891 3 3894 ’
51 3880 192 3915 Detrahere
201 3886 282 3916 alicui
291 3889 491 3919 audmritatem.

69 3515 123 3537 cn.
144 3509 241 3544 jubeo,
263 3520 351 3548 cogo,
371 3519 452 3550 atque
469 3514 585 3551 impero.
626 3524 650 3543 P.
685 3523 828 3551 nunqnam
849 3514 987 3557 defugiam
1007 3518 1154 3546 auetorita-

69 3550 136 3574 tem:
156 3546 274 3584 sequere.
296 3549 313 3578 i.
329 3559 353 3578 e.
376 3550 484 3580 Faciam
495 3552 615 3580 maxime
625 3561 710 3588 quum
721 3553 757 3580 ita
774 3559 804 3581 tu
819 3551 885 3580 velis
905 3553 930 3581 ἃ
943 3553 1045 3596 iube-as.
1087 3555 1152 3585 Non

67 3582 192 3614 recusabo
200 3585 289 3615 facere
299 3609 307 3622 ‚
328 3588 394 3616 dum
405 3595 435 3617 tu
445 3596 539 3618 tamen
549 3590 644 3618 auctor
652 3589 683 3618 sis
693 3589 765 3618 facti.
791 3590 922 3618 Donatus.
956 3591 970 3626 [
982 3590 1050 3620 Vide
1059 3591 1151 3622 Mure-

65 3624 124 3650 tum
133 3621 161 3650 in
171 3622 244 3652 hunc
255 3624 379 3654 Terentii
390 3625 485 3655 locum
497 3627 532 3656 H.
546 3627 582 3656 St.
594 3627 608 3661 ]
639 3627 696 3656 Cic.
712 3637 762 3665 pro
775 3627 800 3656 P.
810 3626 878 3670 ,Syll
893 3636 934 3663 33.
962 3627 1057 3694 ltaque
1065 3636 1155 3674 atten-

16 3655 24 3663 '
54 3658 102 3686 ,de
109 3659 163 3693 jam
172 3660 311 3698 Torquate
321 3684 329 3698 ,
346 3673 428 3700 quam
439 3674 491 3701 ego
500 3674 558 3693 non
567 3664 705 3702 defugiam
712 3666 903 3707 austoritateni
915 3664 1005 3695 Consu
1019 3672 1078 3696 atus
1086 3677 1149 3710 mei.

67 3694 85 3724 i.
96 3705 119 3724 e.
141 3697 282 3734 Quantum
296 3710 352 3729 non
363 3711 453 3730 verear
467 3708 515 3731 aut
525 3701 648 3732 recusem
658 3702 748 3740 palam
762 3703 910 3740 praedicare
926 3712 978 3746 qua
989 3705 1154 3736 auctoritate

66 3732 113 3761 {im
122 3733 182 3765 usus
191 3735 219 3764 in
228 3746 290 3765 meo
302 3737 450 3768 Consulatu
463 3749 469 3768 ε
491 3740 535 3769 vel
546 3747 619 3769 certe
631 3740 762 3777 significat
773 3763 780 3775 ,
802 3741 836 3769 Se
852 3741 951 3770 cuncta
960 3741 1005 3770 illa
1015 3751 1074 3778 quae
1085 3751 1154 3787 tunc

15 3780 20 3801 ¹.
67 3770 157 3807 gessit,
177 3774 341 3804 coiiiiteriac
352 3786 406 3813 prae
417 3776 443 3806 se
452 3777 521 3807 ferre
540 3780 613 3807 recte
629 3780 654 3808 &
667 3778 765 3807 ordine
782 3778 853 3815 gesta
868 3777 938 3821 esse,
961 3787 1087 3816 paratum
1104 3781 1152 3812 illa

67 3807 211 3839 defendere
223 3834 230 3846 ,
250 3822 282 3841 ac
290 3822 460 3852 quaecunque
474 3815 546 3852 quasi
561 3815 665 3851 jusserit
674 3815 723 3844 ille
732 3826 764 3845 ac
774 3815 925 3851 mandarit,
945 3825 1004 3845 non
1018 3818 1154 3850 recusaru-

67 3855 125 3875 rum
135 3847 230 3877 facere.
899 3890 904 3896 ·

512 3890 630 3927 Quintil.
639 3890 688 3920 lib.
700 3894 725 3920 6.
737 3900 796 3928 cap.
809 3901 832 3926 ς.
844 3889 932 3934 '&'lib.
947 3900 972 3927 7.
984 3901 1043 3930 cap.
1057 3902 1083 3923 2.

50 3918 144 3952 Dicere
167 3923 271 3961 aliquid
286 3926 389 3962 majore
409 3929 581 3959 auctoritate.
629 3928 686 3959 Cic.
709 3938 735 3960 2.
758 3930 794 3959 de
817 3928 910 3959 Divin.
933 3938 995 3966 139.
1043 3930 1086 3962 De
1101 3931 1156 3963 De-

1676 131 1702 164 A
1799 130 1826 165 U
1928 134 1960 167 G

1272 206 1390 235 mocrito
1410 229 1418 241 ,
1458 207 1519 238 Nec
1536 210 1653 246 cognovi
1674 220 1830 248 quenquam
1850 213 1896 249 qui
1920 215 2024 249 majore
2047 216 2208 248 auctoritate
2232 213 2300 249 nihil
2330 222 2370 251 di.

1272 252 1353 272 CCYCY..

1253 278 1312 309 Esl'c
1335 280 1362 308 in
1383 283 1555 312 auctoritate.
1596 283 1663 313 Plin.
1677 283 1722 314 lib.
1739 293 1782 320 34.
1800 295 1859 324 cap.
1873 290 1899 316 6.
1933 288 2070 319 pedestres
2089 290 2144 321 sinc
2171 293 2257 323 dubio
2275 296 2369 326 Roma:

1271 318 1381 346 fuerunt
1393 320 1420 347 in
1433 322 1594 349 auctoritate
1610 322 1693 359 longo
1705 329 1838 360 tempore.
1861 325 1876 353 i.
1891 335 1913 353 e.
1935 326 1965 355 ln
1981 328 2078 362 pretio.

1252 353 1310 382 Eut·
1321 356 1347 382 in
1359 358 1520 386 auctoritate
1532 358 1658 393 alicuius,
1670 361 1706 388 cst
1720 360 1747 389 Ei
1759 361 1958 399 obtemperare.
1975 364 2269 401 Liv.9.14.Saninites
2280 380 2364 406 quum

1271 392 1414 421 instructos
1427 404 1539 430 repente
1548 396 1581 424 ad
1598 407 1718 433 pugnam
1731 398 1869 429 Romanos
1880 401 2083 438 conspexissent
2093 425 2100 439 ,
2122 405 2281 442 vociferari,
2303 408 2327 436 se
2339 410 2367 438 ia

1272 430 1433 459 auctoritate
1444 432 1658 462 Tarentinorum
1672 444 1790 466 manere.

1254 465 1333 493 ftstin
1347 469 1536 497 auctoritatem
1549 470 1675 500 scientim.
1716 472 1746 502 V.
1778 483 1826 503 iN.

1254 502 1311 530 Esse
1331 506 1428 540 magnii
1439 527 1446 539 ,
1467 516 1517 543 pro
1530 508 1724 539 Auctoritatem
1739 521 1865 547 magnam
1875 511 1984 543 habere.
2011 512 2068 543 Cic.
2081 523 2105 551 7.
2122 514 2173 546 Δεῖ.
2186 526 2211 555 7.

1252 538 1394 569 Excellere
1405 544 1606 573 auctoritatem.
1648 547 1704 576 Cic.
1729 548 1851 586 Pompeii
1865 557 1955 579 autem
1976 552 2123 582 auctoritas
2138 564 2202 584 cum
2219 554 2294 594 apud
2310 566 2370 588 om-

1273 585 1320 605 nes
1332 578 1369 606 est
1379 587 1479 613 quanta
1492 581 1544 609 ent·
1557 583 1658 618 debet,
1681 593 1740 614 tum
1752 586 1863 615 excellit
1875 588 1901 616 in
1917 588 2057 619 l’rovincia
2068 613 2075 625 ,
2091 593 2143 621 διο.

1252 613 1647 649 Exterminareauctoritatem.
1691 623 1747 651 Cic.
1762 624 1796 652 de
1810 624 1933 654 l’roviue.
1949 626 2028 655 cons.
2044 637 2067 662 3.

1252 651 1352 680 Facere
1371 652 1475 689 aliquid
1492 657 1652 686 unctor-itate
1668 660 1691 687 &v
1708 661 1837 698 exemplo
1847 661 1972 698 alicuius.
2012 664 2070 694 Cic.
2085 676 2135 703 pro
2143 666 2225 697 Corn.
2241 666 2365 705 Balbin

1271 688 1383 717 Creator
1400 690 1481 724 huius
1504 692 1578 721 urbis
1600 695 1731 726 Romulus
1752 697 1858 728 studere
1878 701 1996 735 Sabino,
2028 703 2124 733 docuit
2144 706 2225 734 etiam
2248 707 2369 739 hostibus

1269 727 1438 763 recipiendis
1449 731 1540 764 augeri
1553 731 1624 760 hanc
1635 734 1774 764 civitatem
1786 744 1914 773 oportere
1926 760 1933 771 ,
1956 740 2034 771 cuius
2054 741 2215 772 auctoritate
2234 746 2259 773 6.-
2276 755 2369 776 exem-

1271 763 1471 807 plo-nunquam
1484 767 1520 795 est
1538 768 1686 800 intermissa
1697 782 1712 800 a
1724 773 1875 808 majoribus
1886 776 1981 805 nostris
1993 776 2099 815 largitio
2110 781 2135 810 8(
2150 785 2368 814 communicatio

1272 807 1398 830 civitatis.

1251 835 1327 867 Facit
1353 849 1464 869 mecum
1493 851 1589 870 eorum
1616 844 1770 875 auctoritas.
1810 847 1827 877 i.
1850 859 1873 878 e.
1911 849 1960 887 Ipsi
1980 850 2029 880 viri
2051 852 2097 889 qui
2117 853 2227 892 plurimi
2249 856 2318 887 siunt
2335 860 2370 889 ab

1269 876 1421 912 omnibus,
1458 880 1484 908 S:
1510 879 1646 909 habentur
1668 882 1742 912 docti
1766 894 1913 922 gravesque
1934 888 2002 921 viri,
2037 890 2098 920 sunt
2124 902 2191 923 meze
2217 895 2369 931 opinionis.

1270 913 1327 942 Cic.
1353 924 1403 951 pro
1421 914 1522 945 Caecin.
1539 927 1582 947 20.
1625 919 1822 959 Auctoritatem
1845 922 2101 960 sapientislimorum
2121 929 2265 960 hominum
2282 933 2371 965 facere

1269 951 1443 988 nobiscum,
1482 954 1512 982 in
1536 955 1674 990 judicium
1707 968 1766 987 non
1794 961 1889 989 venire
1927 968 2020 994 utrum
2055 966 2165 998 Caecina
2200 970 2368 1008 possederit,

1269 998 1367 1018 necne.

1250 1024 1351 1056 Facere
1362 1027 1563 1060 auctoritatem.
1604 1030 1634 1060 V.
1668 1042 1681 1061 r
1691 1042 1709 1062 A
1720 1043 1737 1062 c
1747 1045 1756 1062 1
1766 1044 1792 1063 o.

1249 1063 1359 1093 Florere
1375 1067 1547 1097 auctoritate.
1589 1068 1647 1099 Cic.
1661 1080 1687 1105 4.
1704 1071 1777 1101 Fam.
1793 1081 1815 1108 3.

1249 1100 1384 1138 Frangere
1394 1104 1595 1135 auctoritatem.
1636 1107 1695 1137 Cic.
1713 1119 1735 1137 1.
1750 1109 1833 1139 Acad.

1251 1138 1351 1169 Cerere
1362 1142 1547 1177 magistratum
1557 1154 1591 1172 ex
1603 1147 1765 1177 auetoritate
1774 1147 1900 1185 alicujus.
1922 1149 1980 1181 Cic.
1996 1162 2022 1188 4.
2043 1151 2116 1184 Fam.
2138 1163 2163 1191 9.

1264 1176 1346 1206 ιΙὶΓείἰ
1363 1180 1519 1210 auctoritas.
1542 1181 1631 1211 Tacit.
1649 1194 1675 1218 4.
1697 1186 1767 1214 Ann.
1785 1196 1826 1222 35.

1249 1213 1359 1244 Habere
1367 1217 1559 1248 auctoritatem
1570 1220 1645 1257 apud
1653 1220 1782 1259 aliquem.
1825 1223 1882 1254 Cic.
1895 1235 1944 1262 pro
1960 1225 2048 1257 Flacc.
2059 1232 2103 1259 61.
2127 1230 2219 1262 Liceat
2232 1232 2301 1264 mihi
2317 1246 2367 1273 po.

1269 1253 1324 1281 tius
1336 1253 1372 1282 de
1384 1253 1495 1285 levitate
1505 1257 1662 1287 Graecorum
1675 1260 1768 1297 queri,
1786 1271 1868 1297 quam
1881 1264 1916 1292 de
1925 1265 2104 1297 crudelitate:
2125 1271 2315 1302 auctoritatem
2328 1272 2369 1303 isti

1268 1290 1388 1320 habeant
1398 1293 1472 1329 apud
1484 1304 1532 1324 eos
1543 1305 1611 1331 quos
1624 1296 1677 1325 effe
1686 1298 1803 1327 omnino
1815 1300 1972 1331 noluerunt.

1249 1327 1358 1357 Habere
1384 1340 1481 1366 parum
1511 1334 1687 1364 auctoritatis.
1729 1336 1787 1365 Cic.
1807 1337 1843 1366 de
1863 1337 1932 1368 Clar.
1956 1340 2031 1370 Orat.
2051 1349 2113 1379 327.
2151 1344 2204 1374 Etsi
2227 1347 2303 1376 enim
2326 1359 2370 1385 ge.

1268 1366 1411 1433 nus-dillgid
1430 1368 1543 1399 dicendi
1562 1373 1731 1402 auctoritatis
1751 1373 1871 1405 habebat
1889 1387 1987 1414 parum
2000 1401 2008 1414 ,
2028 1385 2122 1410 tamen
2138 1389 2234 1420 aptum
2244 1383 2297 1414 esse
2307 1395 2371 1416 aeta-

1269 1410 1326 1431 tivi
1351 1414 1366 1433 e
1387 1412 1455 1435 atur.

1249 1440 1358 1470 Habere
1367 1442 1428 1480 plus
1439 1445 1608 1475 auctoritatis
1619 1447 1646 1475 in
1657 1446 1807 1479 suadendo.
1849 1451 1905 1481 Cic.
1921 1458 1947 1486 8.
1967 1453 2020 1483 Ate.
2039 1465 2065 1490 9.
2097 1455 2169 1487 Nam
2191 1461 2265 1496 quod
2280 1459 2370 1491 testifi.

1268 1488 1316 1507 cor
1330 1489 1376 1509 me
1385 1489 1529 1518 expertem
1541 1483 1606 1513 belli
1616 1484 1703 1519 fuiss'e,
1716 1486 1762 1516 etsi
1774 1487 1802 1516 id
1817 1496 1845 1517 re
1858 1490 2033 1528 perspedtum
2044 1493 2099 1523 est:
2123 1501 2214 1525 tamen
2226 1508 2257 1527 ea
2268 1497 2370 1537 scripsi,

1268 1526 1323 1553 quo
1339 1518 1367 1546 in
1380 1518 1522 1549 suadendo
1536 1521 1598 1558 plus
1608 1524 1778 1554 aristoritatis
1790 1525 1921 1557 haberem
1933 1551 1941 1563 ,
1965 1530 2121 1569 eodemque
2129 1535 2251 1571 pertinet
2262 1558 2269 1572 ‚
2293 1539 2370 1574 quod

1269 1554 1387 1584 caussam
1400 1558 1459 1591 ejus
1468 1558 1566 1595 probo.

1248 1591 1357 1622 Habere
1371 1592 1433 1624 satis
1451 1598 1631 1628 auctoritatis.
1669 1598 1727 1628 Cic.
1741 1609 1766 1629 2.
1781 1600 1837 1631 Off.
1851 1611 1892 1638 34.
1929 1604 1968 1633 Ad
1989 1604 2073 1636 fidem
2094 1607 2251 1640 faciendam
2274 1612 2372 1646 iustitia

1267 1629 1330 1667 plus
1344 1631 1447 1667 pollet:
1470 1634 1574 1672 quippe
1590 1644 1674 1672 quum
1686 1646 1718 1665 ea
1738 1638 1793 1667 fine
1814 1641 1962 1676 prudentia
1985 1642 2046 1672 satis
2065 1642 2165 1675 habeat
2186 1650 2371 1682 auctoritatis:

1269 1669 1416 1704 prudentia
1426 1670 1480 1700 fine
1489 1672 1592 1707 justitia
1601 1673 1766 1704 niliilvaleat
1778 1677 1812 1705 ad
1822 1677 1979 1709 faciendam
1993 1680 2086 1711 fidem.

1250 1704 1359 1735 Habere
1382 1708 1500 1738 eandem
1518 1711 1574 1739 vini
1594 1712 1621 1740 ὁὶ
1640 1712 1839 1744 austeritatem.
1882 1716 1939 1746 Cic.
1956 1728 2006 1755 pro
2025 1719 2104 1750 Rosc.
2123 1721 2201 1752 Com.
2226 1728 2250 1754 6.
2286 1725 2373 1763 Quod

1268 1743 1287 1771 si
1304 1744 1422 1774 eandem
1435 1747 1508 1781 vim,
1531 1747 1704 1786 diligentiam
1717 1752 1964 1792 auctoritatemque
1982 1756 2087 1786 liabent
2100 1760 2250 1791 adversaria
2261 1785 2268 1798 ,
2288 1774 2372 1800 quain

1267 1780 1397 1847 }³btllae‚)
1409 1784 1477 1821 quid
1493 1785 1592 1815 attinet
1611 1786 1740 1817 codicem
1761 1789 1916 1828 instituere,
1940 1794 2130 1833 conscribere,
2159 1801 2288 1830 ordinem
2307 1811 2373 1832 con-

1281 1828 1372 1849 ervare
1384 1824 1394 1849 ἱ

1248 1855 1358 1886 Haerere
1371 1860 1563 1889 auctoritatem
1575 1883 1583 1896 ,

2298 153 2362 187 303

1603 1872 1654 1899 pro
1666 1862 1787 1893 Manere.
1828 1865 1885 1896 Cic.
1908 1867 1950 1897 De
1961 1879 2016 1906 quo
2031 1870 2049 1899 si
2059 1880 2108 1901 vos
2123 1872 2214 1904 severe
2228 1875 2371 1912 judicave-

1268 1895 1326 1924 ritis
1335 1917 1342 1929 ,
1364 1898 1511 1927 auctoritas
1523 1908 1570 1934 ea,
1594 1909 1653 1935 quae
1664 1901 1693 1929 in
1705 1901 1783 1931 vobis
1794 1913 1934 1934 remanere
1949 1907 2034 1936 debet
2045 1931 2052 1943 ‚
2075 1907 2198 1941 liaerebit.

1248 1930 1543 1965 Hebes‘citaut‘toritas.
1585 1937 1642 1967 Cic.
1657 1948 1679 1968 1.
1693 1938 1772 1969 Catil.
1788 1952 1813 1976 4.
1836 1942 1868 1971 At
1881 1952 1932 1973 nos
1949 1945 2110 1978 vicesimum
2126 1949 2184 1985 jam
2201 1950 2277 1982 diem
2301 1953 2372 1990 pati-

1269 1980 1330 1998 mur
1341 1971 1488 2002 hebescere
1500 1975 1587 2003 aciem
1601 1976 1701 2006 horum
1711 1979 1880 2009 auctoritatis

1250 2005 1419 2038 Imminuere
1432 2009 1505 2040 suam
1520 2013 1720 2044 aurftoritatem.
1758 2016 1789 2045 V.
1813 2027 1822 2045 1
1831 2028 1899 2047 MMI
1908 2028 1929 2047 N
1939 2027 1959 2049 U
1970 2029 1996 2050 ο.

1250 2044 1370 2076 Induere
1381 2048 1582 2079 auctoritatem.
1624 2051 1742 2088 Quintil.
1758 2053 1805 2083 lib.
1816 2065 1841 2090 4.
1863 2065 1923 2094 cap.
1940 2067 1963 2087 1.
1995 2058 2067 2089 Nam
2085 2058 2112 2090 se
2131 2070 2240 2101 quoque
2263 2065 2373 2096 moneri

1268 2083 1379 2113 interim
1391 2085 1469 2122 fingit
1480 2109 1487 2121 ,
1512 2094 1541 2116 ut
1556 2098 1605 2125 pro
1618 2089 1710 2120 Rabir.
1723 2091 1871 2122 Postliumo
1880 2115 1888 2128 ,
1912 2094 1978 2125 dum
1988 2097 2093 2127 aditum
2103 2099 2151 2128 sibi
2164 2101 2199 2130 ad
2211 2111 2287 2132 aures
2295 2104 2373 2140 facit,

1268 2122 1294 2150 ἃ
1305 2123 1497 2153 auctoritatem
1509 2124 1599 2155 induit
1609 2135 1672 2158 vera
1683 2126 1825 2159 sentientis
1834 2152 1842 2166 ‚
1855 2140 1910 2169 quo
1922 2134 2008 2172 magis
2018 2135 2146 2167 credatur
2153 2138 2197 2168 vel
2206 2139 2371 2172 defendenti

1268 2160 1367 2188 eadem
1379 2182 1386 2193 ,
1408 2161 1454 2190 vel
1466 2162 1586 2199 neganti.

1248 2195 1403 2227 Intercessit
1426 2199 1579 2236 gravissima
1601 2203 1749 2232 auctoritas
1772 2204 1898 2237 Senatus.
1939 2208 1997 2238 Cic.
2019 2220 2042 2240 1.
2057 2210 2133 2241 Fam.
2152 2222 2177 2242 2.
2208 2213 2250 2244 De
2271 2216 2313 2246 his
2332 2228 2374 2247 re-

1270 2234 1320 2264 bus
1339 2236 1429 2273 pridie
1439 2246 1520 2274 quam
1537 2239 1595 2268 hoec
1614 2240 1703 2279 scripsi
1716 2263 1723 2275 ,
1745 2242 1860 2274 Senatus
1879 2247 2027 2278 auffitoritas
2045 2250 2197 2287 gravissima
2216 2252 2373 2285 intercesse-

1267 2280 1317 2302 rat.
1355 2274 1385 2302 V.
1408 2284 1474 2303 mox
1484 2275 1650 2307 Perscribere
1659 2280 1861 2312 auctoritatem.

1248 2308 1431 2341 Interceffiim
1442 2313 1479 2342 est
1491 2315 1655 2345 auctoritati.
1698 2317 1726 2346 V.
1750 2329 1759 2346 1
1768 2328 1788 2346 Ν
1799 2329 1818 2347 T
1826 2329 1839 2348 a
1848 2330 1864 2348 R
1875 2330 1891 2350 c
1901 2331 1915 2349 13
1924 2331 1942 2350 D
1954 2331 1981 2352 o.

1248 2347 1430 2387 Interponere
1441 2352 1643 2383 auctoritatem.
1685 2354 1715 2384 V.
1738 2366 1776 2384 1N
1785 2366 1804 2385 T
1816 2367 1829 2385 F.
1841 2367 1855 2385 R
1865 2367 1878 2386 Ρ
1889 2368 1906 2387 0
1917 2369 1936 2387 Ν
1947 2370 1960 2388 Ε
1971 2370 1985 2388 R
1998 2370 2021 2390 a.

1247 2384 1371 2416 Laudare
1382 2389 1573 2419 auctoritatem
1585 2413 1593 2425 ,
1615 2392 1653 2421 est
1664 2392 1695 2421 ln
1709 2392 1812 2426 iudicio
1829 2394 1922 2425 dicere
1933 2396 2046 2429 titulum
2062 2398 2116 2431 suae
2132 2401 2320 2440 possessionis:
2343 2407 2371 2437 &

1268 2424 1306 2453 est
1317 2426 1447 2463 antiquus
1458 2426 1544 2457 sermo
1558 2428 1829 2467 Jurisconsultorum.
1869 2434 1996 2465 Budaeus.

1247 2460 1349 2491 Levare
1361 2465 1552 2494 auctoritatem
1563 2464 1637 2496 suam
1649 2467 1841 2500 inconstantia.
1884 2471 1913 2501 V.
1937 2484 1953 2501 r„
1963 2483 1977 2502 a
1985 2483 2002 2501 v
2011 2485 2020 2502 1
2030 2484 2051 2504 s.

1247 2498 1350 2529 Meteri
1361 2503 1493 2531 narrantis
1500 2505 1701 2535 auctoritatem.
1724 2507 1845 2543 Quintil.
1855 2509 1902 2539 lib.
1915 2522 1940 2546 4.
1953 2520 2012 2549 cap.
2023 2522 2051 2543 2.

1246 2536 1377 2568 minuere
1387 2541 1587 2571 auctoritatem.
1629 2543 1661 2572 [n
1692 2556 1712 2573 M
1724 2555 1733 2573 1
1744 2555 1764 2573 Ν
1774 2555 1793 2574 υ
1802 2555 1828 2575 ο.

1247 2575 1345 2605 Movet
1359 2578 1516 2608 auctoritas.
1556 2580 1614 2610 Cic.
1630 2587 1655 2615 8.
1670 2583 1722 2611 Att.
1740 2593 1766 2618 9.
1796 2583 1857 2619 'Eua
1873 2594 1918 2615 me
1936 2585 2050 2617 hercule
2063 2590 2209 2621 auctoritas
2220 2590 2368 2625 veliemen-

1266 2620 1308 2642 ter
1322 2622 1424 2644 [novell.

1246 2649 1305 2680 Niti
1315 2653 1487 2682 auctoritate.
1509 2660 1540 2683 ut
1561 2655 1687 2686 Auctore.

1245 2688 1380 2719 Obtinere
1398 2692 1599 2723 auctoritatem.
1637 2694 1695 2725 Cic.
1708 2704 1759 2733 pro
1776 2694 1856 2727 Arch.
1875 2707 1899 2733 9.
1934 2699 1967 2729 At
1982 2709 2039 2730 non
2057 2701 2097 2732 est
2113 2704 2254 2741 professus.
2279 2707 2366 2739 immo

1263 2737 1328 2756 vero
1340 2726 1381 2756 liis
1392 2728 1491 2759 tabulis
1503 2730 1635 2767 professus
1648 2754 1656 2767 ,
1678 2743 1738 2770 quae
1749 2733 1812 2764 solae
1825 2745 1860 2765 ex
1872 2736 1919 2766 illa
1932 2739 2098 2775 professione
2108 2741 2282 2782 collegioque
2299 2747 2366 2776 l’rae-

1265 2772 1357 2794 torum
1370 2765 1500 2796 obtinent
1509 2768 1690 2805 publicarum'
1697 2770 1852 2802 tabularum
1861 2776 2061 2808 auctoritatem.

1244 2801 1368 2833 Perdere.
1394 2803 1512 2841 Qiintil.
1523 2806 1572 2836 lib.
1585 2819 1611 2842 4.
1625 2818 1685 2847 cap.
1699 2819 1725 2838 2.

1243 2839 1352 2870 Perdita
1363 2843 1524 2873 auctoritate
1535 2844 1629 2875 homo.
1672 2846 1730 2876 Cic.
1751 2847 1847 2886 Anteq.
1865 2848 1918 2879 iret
1930 2851 1959 2880 in
1971 2852 2036 2882 exil.
2052 2861 2095 2890 17.
2126 2855 2216 2886 Nemo
2235 2862 2291 2888 tam
2301 2869 2364 2896 per-

1263 2879 1321 2907 dita
1339 2881 1517 2916 audtoritate‚
1539 2888 1596 2912 tarn
1613 2882 1768 2914 facinorosa
1785 2886 1915 2917 inventus
1933 2890 1987 2919 vita
2001 2913 2009 2925 ,
2037 2893 2083 2928 qui
2105 2903 2190 2929 quum
2207 2895 2242 2924 de
2261 2895 2378 2927 scelere·

1261 2916 1410 2952 fateretur,
1432 2928 1490 2947 non
1508 2926 1601 2950 tamen
1618 2921 1762 2953 sententiis
1786 2925 1863 2962 prius
1881 2925 2008 2962 judicum
2028 2931 2256 2967 convinceretur,
2279 2944 2360 2971 quam

1264 2954 1401 2992 supplicio
1420 2957 1604 2988 addiceretur.

1242 2988 1408 3023 Perscribere
1418 2997 1620 3026 auctoritatem.
1661 2997 1719 3028 Cic.
1731 3004 1756 3033 8.
1776 2997 1850 3030 Fam.
1868 3006 1893 3035 8.
1925 3002 2016 3040 Siquis
2035 3004 2100 3034 huic
2118 3005 2361 3040 senatusconsulto

1262 3031 1468 3067 intercessisset,
1492 3035 1639 3065 auctoritas
1660 3036 1877 3074 perscriberetur.
1928 3040 1962 3069 Et
1976 3051 2000 3075 ς.
2032 3043 2118 3072 Att.2.
2140 3043 2186 3073 firi.
2226 3045 2361 3078 Nondum

1261 3069 1338 3097 enini
1351 3068 1413 3098 satis
1423 3069 1479 3099 huc
1491 3079 1548 3101 erat
1562 3072 1676 3103 allatum
1687 3096 1695 3109 ,
1720 3084 1774 3111 quo
1789 3077 1874 3105 modo
1884 3077 1969 3107 Caesar
1982 3079 2063 3108 ferret
2076 3080 2110 3109 de
2124 3083 2284 3112 auctoritate
2300 3095 2361 3122 per⁴

1260 3105 1367 3144 scripta.
1408 3107 1504 3143 Quum
1524 3109 1629 3147 aliquid
1647 3112 1676 3140 in
1695 3112 1797 3142 Senatu
1818 3116 1909 3149 major
1921 3116 2083 3146 Senatorum
2124 3128 2164 3148 ars
2184 3120 2358 3160 decreverat,

1260 3144 1536 3176 Senatusconsultum
1548 3146 1734 3185 scribebatur,
1765 3151 1813 3179 nisi
1830 3151 2061 3191 Tribunusplebis
2085 3128 2183 3193 aliquis
2203 3157 2359 3191 intercede-

1259 3187 1309 3209 ret.
1347 3181 1560 3220 Intercedente,
1582 3187 1856 3218 Senatusconsultum
1869 3200 1926 3219 non
1939 3198 2011 3225 erat,
2032 3191 2078 3220 sed
2090 3191 2360 3229 scribebaturtamen

1259 3219 1337 3255 quod
1357 3220 1473 3251 Senatus
1494 3232 1527 3251 eo
1542 3224 1587 3253 die
1602 3225 1746 3255 statuisset:
1768 3236 1855 3263 eaque
1876 3227 2023 3265 Perscripta
2038 3231 2183 3261 auctoritas
2203 3233 2357 3267 dicebatur.

1259 3257 1513 3296 Perscribebantur‚
1534 3260 1663 3299 inquam,
1684 3264 1878 3300 auctoritates,
1900 3266 1928 3294 id
1948 3266 1985 3294 est
2003 3276 2099 3296 eorum
2121 3271 2238 3300 nomina
2258 3273 2359 3310 quibus

1258 3296 1417 3326 auctoribus
1437 3297 1541 3328 factum
1553 3300 1619 3330 esset
1631 3301 1914 3332 Senatusconsultum.
1955 3303 1987 3332 Id
2008 3303 2223 3338 luculentissime
2238 3310 2360 3342 declara-

1257 3339 1303 3398 adr
1314 3334 1381 3400 inF8.
1394 3334 1468 3364 Fam.
1481 3341 1508 3370 8.
1548 3339 1622 3367 conf.
1635 3338 1714 3376 supra
1729 3339 1904 3369 Intercedere
1916 3362 1923 3375 ‚
1946 3340 2126 3379 interponere
2137 3346 2189 3374 &Q
2208 3346 2235 3376 P.
2250 3348 2358 3380 Manut.

1259 3380 1274 3399 a
1305 3381 1326 3399 1.
1362 3382 1414 3401 am.
1430 3382 1455 3402 2.

1238 3405 1333 3437 Petere
1343 3411 1543 3441 auctoritatem.
1583 3411 1702 3449 Quintil.
1718 3413 1766 3442 lib.
1780 3423 1802 3443 1.
1817 3423 1878 3452 cap.
1889 3418 1915 3445 6.
1936 3414 1993 3444 Peti
2006 3415 2074 3446 solet
2093 3420 2240 3452 auctoritas
2251 3423 2284 3453 ab
2299 3434 2359 3455 ora-

1259 3447 1366 3476 toribus
1382 3447 1424 3477 vel
1435 3449 1577 3479 historicis.

1191 3512 1198 3513 ἶ
1239 3482 1562 3517 Ρωῃίῑεῑεευξῑοῐίῑεῐῑίε.
1599 3487 1655 3517 Cic.
1668 3488 1702 3518 de
1718 3487 1808 3526 Arusp.
1825 3488 1903 3525 Resp.
1916 3500 1961 3525 45.
1993 3490 2026 3520 Et
2044 3501 2078 3522 eo
2096 3493 2188 3525 feciffe
2206 3500 2318 3529 auctore
2330 3500 2357 3531 se

1260 3521 1380 3558 diceret,
1402 3525 1481 3560 cujus
1495 3525 1664 3554 auetoritatis
1678 3527 1818 3554 neminem
1829 3527 2072 3565 poss'etpoenitere.

1239 3557 1344 3589 Ponere
1353 3563 1543 3591 austeritatem
1558 3563 1586 3591 in
1600 3562 1702 3600 aliquo.
1744 3563 1802 3592 Cic,
1819 3574 1868 3607 pro
1885 3564 1976 3608 Domo
1987 3567 2050 3603 sua,
2074 3578 2133 3606 117.
2169 3570 2231 3601 Esto
2243 3595 2250 3608 ‚
2272 3575 2357 3604 colle-

1259 3597 1334 3633 gium
1353 3608 1411 3627 non
1423 3600 1579 3629 adhibuisti.
1602 3601 1690 3636 quid‘?
1711 3600 1745 3629 de
1762 3600 1881 3638 collegio
1893 3612 1952 3639 quis
1967 3606 2086 3636 ‘tandem
2107 3608 2207 3639 affuit?
2227 3612 2356 3649 posuerat

1259 3636 1334 3664 euim
1344 3637 1533 3666 audtoritatem
1547 3638 1574 3666 in
1587 3646 1643 3666 uno
1653 3660 1661 3672 ,
1685 3648 1745 3674 quae
1756 3638 1829 3667 estin
1841 3640 1883 3668 his
1892 3642 2031 3672 omuibus.

1240 3671 1342 3703 Premit
1350 3674 1469 3711 aliquem
1482 3675 1635 3703 auctoritas.
1658 3675 1776 3711 Quintil.
1790 3675 1836 3705 lib.
1850 3681 1876 3706 6.
1889 3687 1948 3716 cap.
1962 3690 1985 3714 ς,
2078 3717 2081 3719 ¹

1239 3707 1394 3740 Removere
1413 3713 1438 3741 ἃ
1462 3712 1668 3749 praetermittere
1686 3713 1876 3743 auctoritatem
1897 3724 1912 3744 e
1926 3717 2013 3747 causa.
2055 3718 2113 3750 Cic.
2126 3730 2176 3759 pro
2187 3721 2297 3754 Μυκη.
2309 3731 2354 3763 67.

1261 3748 1343 3778 Tolle
1356 3749 1426 3778 mihi
1443 3759 1458 3777 e
1475 3749 1553 3778 causa
1572 3759 1674 3778 nornen
1691 3750 1819 3781 Catonis:
1840 3762 1951 3784 remove
1971 3765 2003 3785 ac
2016 3760 2194 3794 praetermitte
2212 3764 2356 3793 auctorita-

1260 3792 1331 3821 tem,
1357 3786 1525 3822 congredere
1536 3796 1647 3815 mecum
1659 3788 1821 3819 criminibus
1832 3788 1903 3827 ipsis.

1240 3822 1350 3853 Refidet
1365 3824 1511 3853 auetoritas
1533 3823 1561 3852 in
1577 3830 1647 3852 nutu
1664 3825 1857 3862 praeclarorum
1871 3829 2001 3859 virorum.
2041 3830 2097 3861 Cic.
2122 3834 2157 3863 de
2175 3836 2285 3866 Seneft.
2308 3844 2353 3868 61.

1257 3861 1337 3897 Quid
1354 3861 1388 3889 de
1398 3861 1481 3889 Paulo
1494 3883 1501 3896 ,
1525 3868 1571 3890 aut
1583 3862 1708 3891 Africano
1727 3863 1842 3901 loquar‘?
1863 3874 1925 3902 aut,
1947 3876 1978 3896 ut
1993 3869 2049 3904 jam
2065 3878 2129 3900 ante
2150 3873 2224 3908 dixi,
2246 3876 2280 3904 de
2297 3876 2357 3906 Ma-

1260 3899 1354 3932 ximo,
1376 3907 1494 3964 quqrum
1516 3909 1575 3928 non
1596 3900 1626 3928 in
1643 3899 1779 3931 sententia
1793 3897 1899 3940 solum,
1921 3904 1968 3935 sed
1984 3907 2066 3937 etiam
2088 3909 2118 3938 in
2134 3918 2204 3941 nutu
2223 3912 2357 3943 residebat

1260 3935 1407 3966 auctoritas

2275 3988 2357 4025 Sequi
