2600 4177
451 101 482 136 C
578 99 606 135 A
699 99 737 137 'V

57 187 134 214 catus
149 190 291 221 nunquam
306 182 436 213 terminat
458 186 512 211 nec
525 181 744 219 magnitudinis,
772 191 825 212 nec
841 182 1028 212 diuturnitatis
1046 184 1173 212 modum.

57 215 204 287 Legitlilird&
215 222 326 251 Cautus.
362 220 449 249 Plaut.
464 219 531 249 Pers.
545 229 572 255 4.
585 229 610 254 4.
624 228 668 255 70.
703 219 740 249 Di
756 220 834 249 istam
856 221 976 258 perdant
986 242 995 256 ,
1016 221 1054 250 ita
1066 228 1126 250 cata
1136 221 1174 250 est

57 261 84 290 ἂ
98 269 128 288 ca
153 259 160 287 i
183 269 205 288 a.

56 296 210 327 Mercurius
222 301 307 323 catus.
328 293 396 323 Hor.
410 303 433 322 i.
448 289 539 323 Carni.
557 303 599 322 10.
618 302 643 329 3.

56 334 155 363 Catum
169 332 323 362 consilium.
346 331 431 361 Plaut.
443 331 525 369 Epid.
538 339 564 360 2.
577 340 603 360 2.
617 336 662 369 73.
683 331 709 361 h.
721 341 746 362 e.
769 331 918 362 Providum
934 334 961 363 ὀὶ
974 333 1079 363 sanum.

18 387 19 406 ;
56 370 206 401 confidens
219 372 244 399 ot
260 377 345 398 catus.
386 368 450 398 Ter.
467 368 548 397 Andr.
562 379 585 401 ς.
597 378 622 398 2.
637 378 681 404 14.
701 369 803 399 Nescio
815 371 861 407 qui
877 371 959 400 senex
978 371 1064 400 modo
1079 370 1172 399 venit:

18 411 19 430 ³
75 408 175 438 ellum!
198 407 342 437 confidens
353 427 362 440 ,
383 413 469 436 catus.
492 405 545 435 Ubi
556 405 700 436 Donatus:
724 407 807 437 Catus
819 430 826 442 ,
848 408 973 438 Callidus
986 431 993 444 ,
1013 408 1121 437 doetus.

18 448 19 453 ¹
55 443 177 477 Prudens
189 447 214 474 Sc
226 451 310 473 catus.
332 443 391 473 Cic,
405 453 428 473 1.
442 443 477 472 de
489 443 525 472 Le
547 443 582 472 ib.
593 452 638 480 43.
661 445 732 481 Quis
744 446 827 482 igitur
835 447 1019 483 prudentem,
1037 447 1064 475 &
1084 445 1175 479 (utita

18 513 19 519 ¹
74 483 179 518 dicam)
195 489 288 511 catum
297 503 305 517 ,
327 491 385 510 non
393 490 428 510 ex
438 481 521 519 ipsius
552 481 628 511 abitu
639 504 647 515 ,
667 482 714 511 sed
726 491 761 512 ex
773 483 866 520 aliqua
876 493 904 513 re
915 491 1030 513 externa
1041 482 1148 518 iudicet
1160 483 1174 511 ⁶?

18 521 19 538 ³
56 521 162 551 Canere
173 526 258 549 catus.
294 519 374 556 Apul.
386 519 458 548 Flor.
470 529 496 556 p.
510 528 572 555 341.
594 519 676 549 Solus
689 525 754 549 ante
763 520 833 550 alios
843 527 920 551 catus
931 530 1038 551 canere.

55 557 172 594 jaculari
185 563 271 587 catus.
293 557 361 586 Hor.
378 566 401 593 3.
416 556 508 586 Carm.
522 565 565 586 12.
582 566 625 587 10.

18 594 119 628 *Ciu
138 595 282 631 [ιενεχῶς]
301 594 380 624 Idem
394 594 526 632 significat
545 595 622 632 quod
641 594 738 625 Caute.
775 594 862 626 Plaut.
876 595 954 625 Meri.
973 605 994 626 r.
1008 605 1035 625 2.
1049 605 1095 627 22.

18 640 19 653 ¹
54 657 56 659 .
107 633 154 663 Sic
165 633 219 662 hoc
228 633 310 662 decet
324 632 383 662 dari
398 632 487 661 facete
499 632 582 661 verba
592 655 600 667 ,
621 633 728 662 custodi
742 638 819 662 catae.
903 634 980 664 Idem
990 634 1051 663 Mil.
1066 643 1090 670 3.
1106 643 1128 663 i.
1145 642 1171 668 9.

107 671 136 701 Si
145 671 238 699 minus
249 678 314 699 cum
324 680 388 699 cura
404 671 430 699 ἃ
442 676 504 699 cate
519 670 598 700 locus
612 670 746 707 loquendi
759 670 848 700 lectus
857 671 905 701 est.
985 672 1086 702 Catum
1095 672 1172 701 enim

53 714 160 739 veteres
170 730 179 743 ,
199 708 318 737 Acutum
330 707 480 744 dicebant,
502 708 571 737 teste
584 707 658 738 Varr.
670 708 706 738 de
720 707 750 738 L.
761 707 791 738 L.
802 711 828 738 6.
839 717 864 745 3.

54 747 178 777 Tornare
189 752 258 775 cate.
280 746 338 775 Cic.
350 746 379 774 in
391 747 462 775 Arar.
475 755 500 774 v.
517 753 581 782 304.

141 783 216 813 Tum
226 791 338 813 tornare
351 789 413 813 cate
425 789 569 813 contortos
579 782 678 821 poffiet
687 782 778 813 orbes.

17 822 194 890 ΰὲὲυτοει,
216 822 280 851 oris.
302 831 340 852 m.
362 822 378 858 [
389 819 537 857 ἐυλιιζητ-ἢς,
558 817 683 856 blinds]
703 820 762 857 Qui
783 822 902 852 cavet&
918 822 1059 860 providet.
1081 821 1167 853 Plaut.

77 868 91 889 a
111 864 131 889 t.
146 868 173 889 2.
188 868 214 889 2.
235 870 259 895 ς.

90 869 109 898 p
131 896 189 934 Qui
201 902 282 927 cavet
294 907 330 927 ne
341 897 403 927 deci
426 896 496 926 iatur
505 918 514 933 ,
534 896 581 926 vix
592 901 671 926 cavet
680 917 688 931 ‚
710 906 797 934 quum
808 898 893 927 etiam
905 903 1002 928 cavet:

128 934 220 964 Etiam
233 945 319 970 quom
330 936 392 966 cavi
415 945 431 964 e
440 941 514 964 ratus
525 935 564 964 est
574 956 582 969 ,
603 934 673 971 saepe
684 934 705 964 is
716 940 813 965 cautor
825 941 923 973 captus
930 936 978 966 est.

51 966 243 1005 formularum
254 980 361 1003 cautor.
384 973 442 1002 Cic.
460 982 483 1002 1.
498 973 534 1001 de
547 972 624 1002 Orat.
637 976 701 1009 236.

50 1009 167 1046 Periculi
177 1010 259 1041 alieni
270 1017 366 1041 cautor
378 1033 386 1046 ,
408 1010 466 1047 Qui
477 1009 601 1040 solicitus
616 1010 655 1040 est
668 1011 694 1040 δι
706 1010 859 1048 providet,
878 1020 915 1041 ne
935 1011 996 1049 quis
1014 1009 1121 1042 incidat
1140 1011 1170 1041 in

69 1048 234 1087 periculum.
257 1048 316 1079 Cic.
333 1059 383 1087 pro
394 1049 469 1078 Sext.
485 1059 527 1084 ¹5-

45 1089 215 1122 ltUTELA,
236 1097 267 1116 ae.
288 1088 307 1117 f,
329 1086 530 1123 [ωφιιλοικὴ]
550 1095 601 1123 pro
615 1084 761 1115 Cautione.
782 1085 857 1116 Paul.
878 1086 939 1115 inl.
960 1087 989 1116 Si
1009 1087 1168 1117 defunctus.

50 1124 72 1164 §.
93 1123 150 1161 Qui
160 1125 195 1154 ad
204 1126 358 1155 communi.
379 1124 413 1154 D.
428 1124 464 1154 de
475 1123 647 1153 Procurator.
670 1124 728 1160 Qui
748 1123 784 1152 ad
802 1124 948 1153 communi
963 1125 1119 1154 dividundo
1129 1126 1170 1161 ju-

50 1161 156 1201 dicium
168 1163 248 1192 datus
258 1163 297 1193 est
306 1164 341 1193 ad
350 1162 490 1201 agendum
500 1184 509 1198 ,
529 1162 598 1191 item
607 1162 633 1191 δι
642 1161 677 1190 ad
689 1162 901 1191 defendendum
918 1162 1060 1192 videbitur
1070 1163 1151 1192 datus
1159 1184 1168 1198 ,

49 1199 88 1230 flu
110 1200 157 1229 lici
177 1201 288 1232 cautela
298 1200 515 1239 interponenda.
537 1199 708 1237 Pomponius
719 1199 748 1228 in
759 1198 778 1228 l.
801 1200 935 1236 Quamvis
951 1201 1114 1230 convenerit
1132 1200 1167 1230 D.

0 1254 3 1259 ·
49 1210 232 1306 degsitgngrat.
246 1241 356 1269 actione
365 1260 373 1275 ,
395 1239 471 1269 Prius
479 1238 583 1267 idonea
593 1236 702 1267 cautela
711 1247 726 1267 a
736 1236 864 1267 debitore
873 1247 925 1276 pro
941 1238 1127 1268 indemnitate
1141 1239 1169 1269 ei

0 1291 11 1307 s
71 1286 105 1306 ηε
129 1286 164 1306 an
186 1286 209 1307 a.

16 1337 18 1347 r
44 1286 69 1345 X
72 1324 92 1343 υ
100 1323 120 1343 T
130 1324 144 1343 c
154 1316 242 1344 ιῑτΑ
252 1324 264 1344 s
275 1336 284 1350 ,
303 1315 364 1344 atis.
386 1314 403 1344 f.
427 1313 537 1344 Ennod.
548 1318 574 1347 8.
586 1317 613 1348 8.
634 1313 675 1343 An
684 1312 756 1343 forte
764 1318 861 1343 contra
871 1323 918 1343 me
928 1313 1005 1344 illam
1019 1319 1096 1344 tuam
1106 1323 1170 1344 cau—

16 1355 19 1383 i
49 1351 184 1382 telitatem
195 1353 309 1383 aestimas
320 1352 374 1382 esse
385 1351 555 1382 servandam.

45 1398 207 1426 AvaRNA,
229 1390 261 1421 ln
280 1400 412 1420 CAvus.

19 1426 90 1457 CA'v
98 1438 108 1457 i
119 1437 138 1456 A
148 1438 165 1457 R
174 1438 189 1458 s
198 1438 211 1458 s
232 1428 334 1459 Hostiae
346 1451 354 1463 ,
376 1437 437 1465 quae
450 1429 476 1457 &
488 1427 578 1462 Cavae,
598 1431 678 1457 erant
693 1425 784 1456 Partes
793 1426 887 1457 hostia:
900 1428 989 1458 cauda
1000 1433 1091 1465 tenus,
1106 1435 1167 1467 quae

16 1456 39 1534 ἐῢ
49 1466 78 1495 in
88 1464 227 1535 sacrifici}
228 1477 279 1506 pro
290 1466 410 1504 collegio
419 1465 588 1504 pontificum
600 1465 752 1502 quotannis
763 1465 952 1502 ponebantur.
973 1466 993 1496 F
995 1466 1044 1496 est.

16 1512 170 1540 iAvitss‚
229 1514 389 1534 ‚CAvus.
1048 1539 1054 1545 .

16 1541 200 1579 lciviccA,
221 1551 252 1573 ae.
274 1543 294 1572 f.
325 1544 351 1573 δι
371 1542 589 1578 ΟᾸνιιιυΜ,
608 1541 627 1570 i.
647 1550 675 1570 n.
698 1542 771 1577 [om-i
795 1538 905 1577 μωίπον]
925 1541 1074 1572 Cavillatlo
1093 1542 1170 1573 est&

16 1590 18 1616 ;
48 1579 132 1609 irrisio
145 1602 153 1616 ,
174 1582 288 1611 auctore
302 1580 380 1611 Festo
391 1601 400 1615 ,
421 1579 474 1609 five
495 1580 589 1615 Jocus.
630 1577 717 1608 Plaut.
729 1553 827 1615 Ausci.
839 1590 867 1615 4.
883 1589 925 1609 ιι.

86 1618 161 1648 Pone
170 1619 226 1648 hoc
236 1619 268 1648 sis
279 1629 285 1648 :
296 1618 373 1648 aufer
382 1617 582 1653 cavillam,non
592 1626 646 1655 ego
657 1626 733 1646 nunc
743 1625 829 1654 nugas
841 1627 902 1654 ago.
928 1617 1168 1655 EtApul.1.Milel.

16 1675 19 1686 .
46 1659 122 1695 p.66.
133 1656 149 1693 J
151 1667 195 1687 am
203 1657 364 1686 adlubentia
372 1655 505 1694 proclivis
514 1655 552 1684 est
561 1655 694 1685 sermonis
704 1663 736 1683 ac
746 1655 812 1690 joci,
823 1656 850 1685 Sc
863 1655 962 1685 scitum
974 1656 1013 1685 est
1024 1656 1166 1686 cavillum.

16 1692 19 1723 ,ἶ
47 1693 176 1724 tundere
185 1694 295 1725 cavillo.
317 1695 380 1724 Aur.
393 1693 465 1723 Vict.
478 1693 549 1731 Epir.
584 1714 591 1722 .
605 1702 647 1729 14·
668 1691 743 1722 conf.
759 1701 805 1730 23.
821 1697 847 1723 6.

21 1731 89 1763 'JAv
98 1743 108 1762 1
118 1744 134 1762 r.
143 1744 160 1762 i.
169 1743 189 1763 υ
198 1744 214 1762 ι.
224 1743 255 1768 A,
268 1743 298 1763 ae.
310 1733 330 1763 f.
342 1732 440 1763 dimin.
452 1731 540 1762 Plaut.
552 1703 636 1761 fruc.
648 1738 672 1767 3.
683 1739 709 1760 2.
726 1735 768 1765 18.
780 1730 829 1760 ubi
838 1730 991 1761 V.Taubm.
1004 1733 1031 1762 &
1042 1731 1167 1762 Gronov.

0 1800 1 1803 ,
17 1770 62 1800 ΞΑ
73 1780 90 1800 v
99 1781 110 1799 1
118 1781 183 1800 i.r.o
192 1781 205 1800 s
214 1780 263 1806 us,
275 1781 300 1807 a,
311 1780 369 1800 um.
380 1770 399 1800 F
401 1770 524 1806 irm.5.8.
537 1767 862 1805 Astuti,callidi,cavillofi
872 1771 899 1799 ἃ
909 1769 1069 1799 insidiarum
1080 1769 1166 1808 pleni.

22 1807 178 1838 :AVILLO
187 1819 203 1838 R
213 1831 223 1845 ‚
244 1807 363 1845 [adila
372 1830 381 1844 ‚
403 1806 539 1843 σοφίζομαι
550 1828 558 1842 ,
575 1803 741 1842 παρφλσὶέζω
753 1807 768 1842 ]
788 1807 837 1836 ἔτί.
858 1807 949 1843 Jocati
963 1829 973 1844 ‚
1000 1808 1091 1844 inquit
1110 1807 1170 1837 No-

17 1846 19 1874 ἰ
44 1846 109 1876 nius
118 1868 126 1881 ,
147 1847 201 1876 sive
210 1848 295 1877 etiam
305 1846 428 1877 Irridere.
451 1845 510 1875 Cic.
522 1853 547 1882 3.
561 1844 596 1874 de
606 1844 685 1874 Orat.
700 1853 761 1874 120.
784 1844 820 1874 Ut
829 1844 878 1874 ille
889 1846 918 1874 in
930 1845 1029 1883 Gorgia
1039 1846 1167 1875 Socrates

43 1884 198 1915 cavillatur.
236 1884 295 1915 Liv.
305 1894 331 1914 2.
344 1889 387 1920 58.
414 1884 435 1913 A
452 1882 671 1913 Centurionibus
691 1888 855 1920 corruptum
875 1884 1030 1913 exercitum
1054 1883 1165 1920 dicere7

16 1923 19 1952 ξ
62 1921 205 1952 Tribunos
215 1923 341 1961 plebeios
348 1920 482 1952 cavillans
492 1943 500 1957 ,
521 1920 664 1950 interdum
675 1921 702 1950 δι
714 1919 868 1950 Volerones
881 1929 990 1951 vocare.

17 1970 19 1993 ι
43 1960 174 1990 Cavillari
188 1970 253 1991 cum
264 1960 358 1998 aliquo
377 1961 404 1990 ἃ
419 1959 516 1996 jocari.
555 1958 614 1989 Cic.
630 1967 654 1989 1.
677 1958 732 1988 Ate.
747 1968 772 1988 1.
805 1958 902 1997 ltaque
918 1960 976 1996 jam
996 1958 1168 1989 familiariter

17 2006 19 2036 l
63 2007 128 2027 cum
141 1998 200 2036 ipso
212 1998 325 2028 cavillor
337 2007 371 2028 ac
383 1998 469 2034 jocor.

17 2043 19 2080 λ
44 2035 170 2066 Cavillari
182 2037 213 2066 in
223 2036 317 2074 aliquo
327 2035 443 2073 aliquid.
483 2034 542 2065 cic.
555 2042 580 2071 3.
593 2034 629 2064 de
638 2033 704 2065 Nat.
717 2032 801 2064 Deor.
815 2038 860 2071 83.
886 2035 975 2078 atque
989 2035 1019 2064 in
1035 2045 1071 2065 eo
1081 2035 1166 2065 etiam

17 2090 19 2108 r
62 2073 206 2104 cavillatus
217 2074 256 2104 est
265 2096 274 2110 ,
295 2074 384 2104 aestate
395 2082 476 2111 grave
489 2071 544 2103 effe
552 2082 666 2103 aureum
678 2072 833 2103 amiculum
843 2093 852 2107 ‚
871 2072 966 2103 hieme
973 2072 1116 2111 frigidum.

17 2116 19 2147 ξ
43 2112 134 2142 Artem
145 2112 276 2143 cavillari.
313 2111 434 2149 Quintil.
448 2110 497 2141 lib.
510 2120 534 2140 1.
546 2120 606 2149 cap.
622 2120 649 2147 4.
663 2120 679 2140 a
690 2120 733 2148 pr.
763 2111 829 2148 Quo
844 2110 939 2141 minus
955 2110 1019 2141 sunt
1031 2110 1140 2141 ferendi
1155 2132 1165 2147 ,

17 2174 19 2179 .
62 2149 110 2188 qui
125 2149 199 2180 hanc
209 2157 300 2181 artem
313 2156 344 2180 ut
353 2150 478 2186 jejunam
488 2150 515 2179 ἀ
524 2154 642 2179 tenuem
652 2148 826 2179 cavillantur.

17 2197 19 2211 ¹
44 2186 131 2218 Verba
148 2188 279 2219 cavillari.
319 2187 409 2218 Tacit.
422 2197 446 2217 1.
461 2188 532 2217 Anti.
545 2190 591 2223 4⁶-
623 2188 663 2215 An
683 2187 832 2224 Augustum
849 2185 916 2225 fessa
933 2191 1012 2216 aetate
1031 2186 1114 2216 toties
1135 2187 1166 2216 in

61 2226 238 2256 Germaniam
248 2232 412 2270 commeare·
437 2224 537 2255 otuiffe
548 2235 557 2261 ς
578 2224 724 2255 Tiberium
734 2225 877 2264 vigentem
890 2224 971 2254 annis
979 2224 1075 2255 sedere
1089 2225 1119 2254 in
1128 2225 1167 2254 se-

17 2271 130 2333 &Ae-ff
134 2264 313 2339 grffispatrgi
315 2273 404 2336 {1233
426 2263 550 2340 ξῇιὲιεῖἔ,
570 2300 647 2331 idem
672 2293 830 2331 ac'lllusus.
863 2299 942 2338 Apul.
959 2299 1030 2330 Met.
1050 2309 1075 2337 3.
1101 2309 1163 2337 137.

17 2363 19 2375 ‹
46 2339 149 2379 Lepido
159 2340 286 2371 sermone
297 2340 402 2370 Fotidis
413 2339 567 2370 cavillatus.
605 2339 685 2370 Idem
698 2350 723 2374 9.
738 2349 766 2378 p.
779 2347 843 2376 230.
865 2338 1007 2368 Sermonis
1027 2338 1165 2369 blanditie

17 2378 19 2408 l
47 2377 201 2409 cavillatum
212 2377 370 2408 deducebat
381 2387 507 2416 puerum.

18 2415 123 2446 :JA'vin
133 2426 272 2452 LATro,
292 2417 363 2446 onis.
385 2416 404 2446 f.
428 2415 566 2452 [σκᾶμκᾳ
576 2437 584 2450 ,
604 2413 722 2449 &worout
732 2433 742 2451 ,
761 2411 980 2450 περιλονσκός]
997 2414 1095 2450 Jocosa
1114 2416 1164 2444 cri-

45 2454 176 2491 minatio,
195 2454 287 2492 inquit
310 2454 423 2489 Festus,
443 2453 496 2483 sive
516 2458 547 2483 ut
564 2453 663 2483 Cicero
681 2453 739 2488 ait,
768 2452 864 2482 Genus
882 2451 1006 2488 facetiae,
1036 2453 1110 2489 quod
1133 2454 1164 2482 fit

18 2508 19 2514 κ
44 2493 214 2523 mentiendo.
256 2492 314 2522 Cic.
325 2501 352 2522 2.
363 2493 399 2522 de
408 2492 560 2526 Orat.218.
591 2490 704 2521 Etenim
722 2500 808 2528 quum
824 2490 881 2519 duo
899 2500 1001 2527 genera
1015 2490 1077 2520 sunt
1092 2492 1165 2520 face-

18 2532 21 2566 ξ
43 2531 155 2561 riarum:
176 2530 295 2561 alterurn
307 2530 488 2568 aequaliterin
504 2529 582 2559 omni
593 2528 720 2558 sermone
731 2528 822 2558 fusum
833 2546 842 2563 -,
860 2528 979 2558 alterurn
999 2536 1164 2566 peracutum

45 2569 70 2599 ἃ
82 2567 180 2599 breve:
202 2568 250 2599 illa
259 2568 399 2599 veteribus
408 2567 530 2606 superior
541 2589 550 2604 ,
572 2566 733 2597 cavillatio:
756 2566 816 2596 haec
834 2565 919 2596 altera
930 2587 939 2602 ‚
960 2567 1094 2597 dicacitas
1112 2577 1163 2596 no.

73 2606 145 2637 inata
154 2607 200 2637 est.

16 2632 21 2678 i
63 2654 91 2674 er
101 2644 305 2675 cavillationem
315 2643 441 2682 perduci.
464 2642 522 2673 Liv.
539 2648 564 2678 8.
576 2641 644 2672 Bell.
657 2641 770 2672 Maced.

14 2679 22 2724 ,ζ
44 2681 202 2718 cavillatio,
223 2683 262 2712 est
284 2683 397 2720 (inquit
411 2681 487 2712 Valla
495 2681 543 2711 lib.
557 2681 609 2717 6.)
630 2680 754 2710 Subdola
768 2679 854 2723 ratio,
870 2689 952 2723 quam
964 2680 1069 2710 conscii
1080 2680 1162 2712 nobis

15 2722 22 2732 ”
61 2721 219 2755 mendacii,
239 2720 370 2750 vincendi
381 2726 474 2750 tamen
485 2718 565 2749 causa
574 2718 749 2757 proferimus.
792 2717 927 2756 Ulpianus
938 2727 967 2746 in
980 2718 999 2747 l.
1020 2718 1058 2748 Ea
1068 2719 1106 2748 est
1116 2729 1165 2749 na-

59 2763 127 2789 tura.
150 2759 184 2789 D.
198 2759 234 2788 de
245 2758 358 2788 Verbor.
371 2759 398 2788 &
413 2768 466 2788 rer.
479 2757 593 2795 signific.
623 2756 661 2785 Ea
678 2756 717 2785 est
737 2762 836 2785 natura
854 2755 1054 2792 cavillationis,
1078 2767 1161 2794 quam

50 2795 149 2826 'Graeci
165 2795 266 2828 melia-ni
282 2795 425 2835 appellant
436 2818 444 2832 ,
465 2802 496 2826 ut
506 2795 540 2825 ab
555 2794 700 2825 evidenter
711 2794 800 2829 veris,
823 2803 873 2831 per
886 2793 1056 2825 breviffimas
1073 2801 1163 2826 muta-

19 2830 22 2865 ἶ
60 2834 148 2864 tiones
161 2834 312 2873 disputatio
321 2835 357 2863 ad
372 2844 404 2864 ea
418 2844 478 2872 quae
491 2833 634 2863 evidenter
643 2832 709 2862 falsa
716 2831 778 2862 sunt
786 2831 964 2871 perducatur.

21 2892 23 2899 ι
43 2866 111 2907 juris
120 2872 318 2902 cavillationes.
340 2872 461 2908 Quintil.
472 2871 521 2902 lib.
535 2880 561 2909 7.
575 2880 637 2909 cap.
652 2880 677 2907 5.

0 2927 3 2931 ·
21 2919 23 2939 :
43 2908 200 2940 Verborum.
222 2907 341 2947 Quintil.
358 2909 407 2940 lib.
421 2919 448 2940 2.
460 2920 520 2948 cap.
536 2916 579 2947 17.

21 2966 23 2970 ·
44 2946 154 2986 Ineptae.
176 2947 295 2986 Quintil.
306 2947 354 2978 lib.
372 2959 394 2978 1.
413 2958 474 2987 cap.
486 2957 512 2985 7.

21 2983 167 3024 {Effugere
176 2996 289 3016 omnem
298 2985 516 3016 cavillationem.
539 2983 659 3023 Quintil.
671 2984 720 3015 lib.
735 2994 833 3024 neap.
848 2993 872 3020 ς.

21 3022 174 3054 Βλνιιιῖ
184 3034 203 3053 T
213 3034 252 3054 us
261 3046 270 3060 ,
292 3025 332 3054 us,
354 3034 391 3054 m.
413 3024 496 3063 Apul.
513 3024 542 3053 in
555 3023 625 3053 Asin.
638 3024 699 3053 Aur.
714 3022 764 3053 lib.
779 3029 806 3058 8.
827 3022 884 3053 Sed
895 3020 942 3051 ille
953 3023 1067 3060 cognito
1076 3022 1162 3053 cavil-

22 3064 24 3094 l
45 3061 114 3098 latu,
134 3062 228 3092 similis
239 3062 407 3100 indignanti.
447 3063 482 3092 At
494 3067 523 3092 te
534 3061 644 3098 inquit,
662 3063 715 3091 &a

23 3098 270 3137 ὶΛνιιιῑτοι,
291 3100 355 3130 fitis,
377 3110 415 3130 m,
437 3099 592 3137 [musii-7⁷15]
621 3098 679 3129 Cic.
696 3108 720 3128 1.
745 3098 799 3128 Att.
813 3106 855 3134 13.
883 3097 962 3126 Cos.
985 3104 1078 3127 autem
1103 3099 1161 3136 ipse

63 3147 126 3167 arvo
137 3139 233 3168 animo
242 3160 251 3175 ,
267 3139 294 3169 ἂ
303 3147 388 3176 pravo
398 3160 406 3174 ,
421 3143 517 3168 tamen
528 3135 670 3168 cavillator
680 3146 782 3175 genere
792 3135 841 3166 illo
851 3134 970 3170 moroso,
992 3137 1068 3172 quod
1076 3137 1160 3166 etiam

24 3192 25 3197 =
43 3148 96 3213 line
105 3176 250 3206 dicacitate
258 3176 364 3206 ridetur
374 3199 382 3212 ‚
403 3176 474 3206 faeie
491 3176 580 3213 magis
594 3184 677 3213 quarn
689 3174 798 3204 facetiis
809 3173 960 3217 *ridi-culus.
984 3173 1055 3217 Cell.
1067 3184 1095 3210 4.
1110 3183 1156 3204 20.

24 3237 25 3241 ,
43 3213 96 3251 Qui
106 3214 214 3250 iurabat
223 3214 365 3244 cavillator
378 3214 494 3252 quidem
504 3215 531 3245 &
540 3212 668 3243 canicula
679 3234 690 3248 ,
710 3213 737 3242 δι
746 3212 830 3241 nimis
849 3211 1026 3241 ridicularius
1036 3211 1099 3241 fuit.

24 3266 26 3284 ε
43 3250 142 3282 Probus
150 3252 300 3282 cavillator.
319 3252 405 3282 Plaut.
420 3251 504 3282 Truc.
520 3261 543 3287 3.
557 3261 583 3281 2.
600 3261 642 3287 15.

24 3288 296 3326 ῧΑνιιιΑῑ-Βικ,
316 3290 379 3320 icis.
398 3289 419 3320 f.
440 3289 560 3327 Quintil.
577 3296 603 3326 7.
621 3298 647 3325 3.
667 3287 885 3318 Dialefficorum
906 3286 1024 3316 formata
1046 3287 1161 3318 conclu-

44 3327 79 3364 fio
89 3349 98 3364 ,
116 3329 147 3357 in
157 3327 391 3367 disputationibus
400 3329 496 3366 potius
505 3337 555 3366 per
563 3333 726 3364 argumenta
737 3326 885 3370 verborum
900 3324 1063 3361 cavillatrix,
1074 3335 1159 3364 quam

44 3365 72 3395 in
82 3367 192 3396 oratoris
203 3366 296 3396 officio
312 3365 433 3395 multum
443 3363 559 3395 allatura
567 3365 715 3394 momenti.
755 3363 787 3393 V.
810 3372 896 3393 etiam
908 3372 934 3393 2.
952 3372 964 3391 ι
972 3373 996 3398 ς.

29 3412 58 3432 ,Α
66 3411 150 3470 νιξὲῑ.
159 3413 232 3471 rui-fo
240 3414 256 3433 a
264 3415 274 3433 i
284 3414 324 3470 uls
337 3426 346 3439 ,
367 3414 382 3434 a
392 3425 401 3440 ,
423 3413 479 3434 um.
501 3409 533 3433 ut
544 3425 553 3440 ,
572 3403 717 3433 Tractatus
727 3401 910 3432 frustratorius
919 3422 927 3437 ,
949 3399 1138 3431 cavillatorius
1148 3423 1157 3438 ‚

44 3446 73 3470 iri
121 3465 127 3472 .
176 3465 183 3472 .
219 3449 255 3472 .t.
268 3451 293 3472 2.
316 3464 321 3471 .
373 3464 379 3471 .

26 3451 171 3516 l-AurA3,5
179 3490 209 3510 ae.
230 3479 249 3510 f.
271 3447 421 3516 [ἔπειξις]
441 3489 457 3509 a
467 3478 574 3509 Cavum
583 3478 677 3514 dicta3
699 3478 844 3508 Stabulum
859 3477 888 3506 in
903 3486 958 3514 quo
975 3476 1100 3521 pecudes
1118 3486 1160 3506 re.

26 3523 29 3552 1
43 3517 214 3547 conduntur:
235 3518 310 3556 quod
321 3517 473 3554 antiquitus
483 3523 548 3546 ante
560 3516 639 3546 usum
647 3518 787 3547 tectorum
797 3537 806 3553 ,
827 3524 893 3546 oves
913 3521 998 3545 antris
1012 3520 1101 3544 teneri
1119 3515 1161 3545 so-

27 3562 29 3584 l
44 3553 142 3585 lebant.
163 3555 237 3593 Virg.
251 3566 278 3592 9.
292 3555 354 3585 AEn.
368 3559 412 3584 60.

28 3606 29 3611 ¹
118 3594 156 3623 Ac
165 3593 251 3623 veluti
261 3594 348 3632 pleno
364 3592 447 3630 lupus
462 3591 605 3622 insidiatus
616 3591 683 3622 ovili
695 3613 704 3628 ,

28 3649 29 3665 1
48 3662 52 3664 Α
117 3631 213 3667 Quum
223 3631 318 3661 fremit
326 3631 362 3660 ad
379 3630 480 3660 caulas.
576 3630 630 3659 Ubi
646 3627 778 3665 Servius,
799 3628 918 3664 Caulas‚
938 3627 1118 3672 Munimenta
1133 3630 1160 3659 &

28 3666 115 3706 ‘septa
132 3669 238 3699 ovium.
259 3669 298 3699 est
317 3669 393 3698 enim
408 3669 535 3698 Graecum
547 3677 673 3704 nornen,
695 3678 711 3697 c
730 3668 863 3697 detraCto.
886 3675 952 3696 nam
972 3666 1060 3696 Graeci
1079 3665 1160 3696 αὔλια

43 3712 139 3736 vocant
150 3706 313 3737 animalium
324 3706 508 3745 receptacula.

43 3742 138 3775 Caulas
144 3745 249 3775 constat
262 3755 314 3783 pro
326 3745 505 3782 Quocunque
515 3742 692 3783 receptaculo
702 3743 756 3773 five
767 3741 972 3780 conceptaculo
990 3752 1006 3772 a
1018 3741 1159 3776 veteribus

30 3803 31 3806 ,
60 3780 143 3812 dicias
153 3782 231 3812 fuiffe
242 3805 250 3818 ,
271 3790 302 3812 ut
311 3784 388 3821 apud
401 3783 509 3812 Lucret.
521 3781 569 3811 lib.
587 3791 610 3818 3.
624 3791 690 3818 255.

117 3819 207 3857 Usque
216 3821 286 3849 adeo
296 3821 359 3850 vitae
368 3821 436 3850 desit
446 3820 524 3850 loeus
535 3842 543 3854 ‚
565 3827 647 3857 atque
656 3819 759 3849 animai

114 3856 192 3887 Diffu
214 3858 275 3887 iunt
287 3866 379 3896 partes
388 3868 437 3895 per
447 3858 539 3888 caulas
553 3858 679 3895 corporis
697 3864 804 3886 omnes-

57 3892 138 3925 Palati
147 3905 200 3926 cau
213 3904 242 3925 as
253 3895 345 3933 dixit,
366 3897 385 3926 i.
399 3906 424 3925 e.
447 3896 557 3926 Meatus
572 3897 599 3925 &
610 3896 754 3924 foramina.

31 3939 120 3977 ¹Atini
129 3943 171 3964 Ae
185 3955 194 3971 ‚
213 3941 245 3963 ae.
266 3942 304 3964 m.
326 3934 477 3971 [υνλίας]
497 3934 602 3964 Succus
612 3942 647 3963 ex
657 3932 737 3964 caule
751 3930 883 3971 laserpitii
893 3953 902 3969 ,
925 3932 973 3971 qui
989 3932 1019 3962 in
1033 3941 1082 3964 vas
1091 3943 1160 3965 con-

899 3855 980 3887 Idem
990 3855 1038 3887 lib.
1051 3867 1077 3893 4.
1090 3861 1157 3894 624.

1593 102 1620 135 C
1721 102 1747 135 A
1848 103 1878 137 U

1271 182 1359 215 jet‘tus
1374 204 1382 217 ‚
1402 182 1520 211 admisto
1537 182 1659 218 furfure,
1681 181 1798 213 subinde
1816 185 2017 220 concutiendo,
2039 183 2074 214 ad
2094 187 2281 216 maturitatem
2295 190 2396 225 perdu-

1272 220 1396 248 cebatur.
1420 220 1486 249 Plin.
1502 216 1549 249 lib.
1567 231 1608 254 ¹9·
1622 230 1683 257 cap.
1698 229 1723 256 3.

1235 255 1258 285 C
1269 266 1286 284 A
1297 266 1315 285 υ
1325 268 1339 284 L
1351 267 1359 285 i
1370 267 1388 286 N
1400 267 1417 286 u
1427 267 1439 286 s
1451 279 1459 292 ,
1481 268 1495 286 a
1507 280 1514 290 ,
1537 268 1592 287 um.
1617 259 1676 294 Adi.
1699 264 1751 293 ut,
1773 257 1922 289 Caulinum
1934 260 2031 289 vinum
2045 282 2053 296 ,
2078 262 2155 297 juxta
2167 261 2289 299 Capuam
2300 273 2398 300 prove-

1274 295 1371 329 niens,
1394 294 1428 323 ab
1438 305 1501 332 agro
1513 296 1549 324 ita
1564 296 1749 325 nominatum.
1772 296 1841 326 Plin.
1854 297 1901 326 lib.
1917 307 1959 332 ¹4.
1979 308 2040 335 cap.
2051 301 2077 327 6.
2100 299 2253 336 Campania
2267 301 2397 330 excitavit

1274 339 1363 368 nuper
1374 333 1453 360 novis
1464 333 1625 362 nominibus
1635 334 1891 364 auCtoritatemlive
1913 345 1979 364 cura
1990 358 1999 371 ,
2020 335 2072 365 sive
2090 336 2167 371 casu,
2188 338 2222 365 ad
2240 344 2365 374 quartum
2381 349 2397 368 a

1273 368 1395 434 glesipoli
1405 369 1528 407 lapidem
1538 370 1704 401 Trebellicis
1714 393 1722 407 ,
1744 372 1823 408 juxta
1833 373 1957 411 Capuam
1966 373 2100 410 Criminis,
2120 375 2187 404 &in
2198 374 2244 403 suo
2256 385 2320 412 agro
2330 375 2398 406 Tre-

1294 416 1311 434 u
1324 416 1391 435 anis.

1236 442 1287 472 CA
1298 453 1315 472 υ
1326 454 1342 471 ι.
1353 454 1382 486 is
1393 465 1402 480 ,
1423 444 1467 488 vel
1487 444 1534 474 Co
1544 456 1559 473 i.
1570 456 1578 473 i
1589 455 1601 474 s
1612 467 1620 480 ,
1642 446 1673 475 is.
1695 456 1732 476 m.
1755 446 1889 482 [mauzae]
1911 448 1942 477 In
1960 448 2052 478 herbis
2064 448 2166 478 dicitur
2186 448 2279 487 Ipsum
2295 450 2397 487 robur,

1273 481 1327 524 sive
1335 481 1432 524 stipes:
1456 492 1473 510 i.
1484 492 1507 511 e.
1533 482 1568 511 Ea
1583 483 1673 512 herbae
1684 494 1747 521 pars
1760 506 1767 516 .
1794 487 1870 515 unde
1882 485 1908 515 se
1921 486 2081 523 producunt
2097 487 2165 516 folia
2181 494 2228 516 aut
2239 488 2396 519 ramusculi.

1273 517 1343 562 P¹¹¹¹1
1357 517 1406 562 hb.
1422 525 1464 562 1¹8.
1477 530 1538 557 cap.
1552 530 1577 563 7.
1601 521 1680 550 Fabae
1691 523 1719 550 in
1734 521 1800 551 folia
1810 530 1916 552 exeunt
1928 546 1936 557 ,
1959 533 1991 553 ac
2002 524 2106 554 deinde
2122 524 2232 554 caulem
2242 525 2375 555 emittunt
2388 549 2397 561 ,

1273 556 1358 599 nullis
1376 556 1535 599 diitinrfturn
1552 559 1728 588 internodiis.
1769 562 1789 589 A
1814 561 1902 590 caulis
1923 561 1994 591 fiunt
2016 562 2168 600 composita
2189 563 2347 599 Unicaulis,
2368 566 2395 594 ἀ

1273 593 1453 637 Multicaulis.
1494 595 1571 624 ldem
1584 595 1632 624 lib.
1644 606 1689 625 21.
1705 599 1747 626 16.
1771 597 1907 628 Estffilla
1924 599 2100 636 differentia,
2121 600 2198 638 quod
2218 601 2346 638 quaedam
2364 602 2395 631 in

1272 630 1316 660 his
1333 631 1504 660 multicaulia
1516 654 1523 667 ,
1545 633 1704 670 ramosaque
1714 634 1776 664 sunt
1789 658 1797 670 ,
1817 643 1849 665 ut
1861 638 1987 667 cardutiS.

1272 668 1399 712 Palmeus
1413 669 1508 698 caulis.
1532 670 1670 700 Columel.
1682 671 1730 701 lib.
1750 677 1791 702 16.
1809 683 1869 712 cap.
1887 684 1928 703 10.
1969 675 2075 711 [Error
2089 675 2258 706 manifestus.

1273 706 1387 750 Tene-ri.
1410 706 1478 750 lior.
1493 717 1516 736 1.
1526 707 1618 750 §erm
1635 717 1658 743 3.
1672 719 1681 737 r
1691 713 1732 738 16.
1755 710 1813 746 Qui
1828 717 1939 741 teneros
1953 714 2046 742 caules
2055 713 2260 751 alienifregerit
2270 713 2353 745 horti.

1272 740 1342 774 Vitis
1351 744 1446 774 caulis.
1466 745 1602 788 [amara]
1626 745 1697 775 Varr.
1706 757 1727 775 i.
1740 748 1775 777 de
1787 748 1819 778 R.
1833 749 1866 778 R.
1880 759 1990 787 cap.31.
2003 751 2167 788 Pampinare
2178 752 2215 781 est
2229 760 2263 781 ex
2275 751 2397 783 sarmen-

1291 788 1321 811 to
1332 782 1425 811 caules
1436 792 1483 819 qui
1494 788 1551 811 nati
1563 782 1625 812 sunt
1639 805 1647 817 ,
1670 784 1706 812 de
1716 784 1749 814 iis
1759 787 1807 822 qui
1820 786 2074 823 plurimumvalent
2084 811 2092 823 ‚
2113 790 2235 826 primum
2251 800 2282 819 ac
2298 790 2395 820 secun.

1271 854 1273 858 ι
1292 820 1360 863 dum
1372 841 1380 855 ‚
1402 829 1604 858 nonnunquam
1616 822 1700 850 etiam
1711 823 1824 852 tertium
1834 823 1990 861 relinquere
2001 848 2009 861 ‚
2031 825 2151 863 reliquos
2166 827 2324 865 decerpere.

1270 856 1365 887 Cauiis
1379 879 1387 893 ,
1409 859 1435 887 &
1448 859 1559 896 proprie
1576 868 1625 896 pro
1645 858 1761 902 Drassica
1780 862 1903 898 ponitur.
1926 863 1994 893 Plin.
2008 863 2057 893 lib.
2073 870 2113 901 ¹7·
2131 874 2190 902 cap.
2206 875 2250 898 24.
2272 866 2346 895 circa
2364 866 2397 896 fi.

1289 905 1356 939 nem
1367 917 1376 932 ,
1397 895 1467 925 Odit
1478 898 1503 926 &
1515 895 1622 925 caulem
1635 903 1698 926 Vitis
1708 899 1734 926 δι
1746 908 1831 928 omne
1841 899 1912 929 olus.
1954 901 1986 930 Et
1997 901 2056 930 Cic.
2070 911 2096 931 2.
2110 902 2145 931 de
2159 903 2220 932 Nat.
2231 903 2313 933 Deor.
2330 913 2392 935 120.

1288 933 1367 970 Quiri
1377 934 1463 977 etiam
1476 943 1491 963 a
1503 934 1629 964 caulibus
1638 934 1810 973 brafficisque
1820 958 1828 972 ,
1851 937 1868 965 si
1880 947 1929 975 pro
1952 945 1993 967 ter
2001 939 2048 968 sati
2061 939 2130 976 sint,
2152 948 2182 970 ut
2192 951 2206 970 a
2220 942 2355 978 pestiferis
2366 943 2394 972 δι

1288 971 1475 1007 nocentibus,
1496 972 1555 1002 refu
1576 981 1621 1001 ere
1641 972 1782 1004 dicuntur.
1823 974 1864 1004 De
1884 976 1933 1006 viti
1956 986 1996 1007 us.
2031 977 2072 1007 Al.
2094 977 2227 1008 Caulibus
2251 979 2393 1017 brafficis,

1289 1008 1396 1045 abjecta
1407 1009 1511 1047 copula
1525 1032 1533 1043 ,
1571 1016 1665 1047 egunt.

1269 1046 1450 1077 Suburbanus
1459 1047 1555 1077 caulis.
1578 1048 1646 1078 Hor.
1659 1058 1685 1078 2.
1701 1048 1789 1079 Serm.
1800 1061 1827 1087 4.
1842 1059 1885 1087 ις.

1269 1083 1400 1122 Unguere
1409 1085 1501 1115 caules
1510 1085 1583 1115 oleo.
1606 1086 1674 1116 Hor.
1685 1096 1711 1117 2.
1723 1088 1811 1118 Serm.
1827 1097 1850 1126 3.
1869 1098 1930 1126 125.

1269 1122 1370 1167 Caiiles
1379 1133 1544 1167 pennarum.
1583 1123 1652 1154 Plin.
1665 1125 1713 1155 lib.
1731 1135 1772 1155 ir.
1789 1136 1850 1164 cap.
1863 1136 1906 1164 39.
1929 1126 2085 1158 Pennarum
2098 1128 2191 1160 caules
2205 1131 2332 1162 omnium
2348 1142 2394 1164 ca·

1288 1171 1334 1195 vi,
1355 1161 1474 1199 praecisae
1484 1171 1542 1190 nori
1554 1162 1683 1192 crescunt
1692 1186 1700 1200 ,
1719 1163 1819 1194 evulsae
1831 1165 2020 1195 renascuntur.

1266 1198 1361 1228 Cauiis
1372 1200 1476 1243 caudae.
1516 1199 1586 1229 Plin.
1603 1200 1652 1230 lib.
1666 1211 1707 1232 ir.
1722 1210 1784 1240 cap.
1801 1213 1844 1238 50.
1867 1203 1957 1233 Boum
1977 1204 2074 1233 caudis
2091 1203 2264 1242 longiffimus
2284 1207 2392 1243 caulis,

1285 1243 1370 1274 atque
1383 1238 1413 1266 in
1425 1247 1481 1267 ima
1492 1244 1570 1275 parte
1580 1236 1676 1269 hirtus.
1717 1239 1913 1278 Quandoque,
1937 1241 2007 1271 sicut
2022 1242 2108 1272 docet
2120 1243 2230 1273 Servius
2241 1266 2250 1278 ,
2271 1246 2282 1277 (
2295 1245 2366 1274 ubi?
2379 1247 2393 1282 )

1285 1275 1410 1342 {uir-ritu&
1411 1284 1462 1313 pro
1472 1275 1550 1304 Virili
1562 1276 1690 1307 membro
1701 1287 1708 1307 :
1729 1279 1900 1317 quandoque
1910 1289 1961 1317 pro
1970 1279 1991 1309 F
1992 1287 2054 1309 erro
2062 1301 2072 1316 ,
2093 1281 2119 1311 ἃ
2129 1290 2180 1319 pro
2192 1281 2329 1319 Quolibet
2346 1284 2394 1314 ha-

1308 1323 1316 1342 i
1329 1322 1347 1342 i.
1414 1336 1420 1343 .
1441 1323 1483 1343 co
1494 1324 1510 1342 i.
1520 1324 1533 1343 E
1542 1323 1564 1343 s.

1228 1349 1501 1387 CAuLiniLus,
1521 1351 1566 1381 vel
1589 1351 1827 1390 Conrcunus,
1848 1355 1866 1385 i.
1889 1364 1927 1385 m.

2324 113 2394 152 461

1299 1389 1304 1395 ·
1441 1390 1446 1395 “
1502 1390 1507 1395 “
1958 1354 2133 1392 [ιωινλίσκῷ-
2144 1378 2154 1392 ‚
2174 1355 2330 1394 κλημάτων]
2351 1359 2393 1389 di.

1266 1394 1367 1418 minut.
1410 1388 1477 1419 Plin.
1489 1389 1537 1419 lib.
1549 1399 1594 1426 ²4·
1610 1399 1670 1428 cap.
1684 1395 1710 1421 6.
1732 1391 1863 1422 Parvulos
1874 1393 2028 1423 cauliculus
2042 1393 2128 1424 varro
2140 1404 2165 1424 i.
2178 1394 2212 1425 R.
2225 1395 2257 1425 R.
2271 1406 2330 1433 cap.
2345 1407 2390 1433 31.

1265 1426 1291 1494 ἐξ
1311 1427 1477 1495 ἕειιῗτεοὲυδε
1488 1428 1500 1464 )
1522 1427 1561 1457 est
1570 1427 1706 1459 coliculus
1717 1430 1807 1460 viteus
1816 1432 1948 1468 intortus,
1959 1438 1991 1461 ut
2004 1431 2163 1463 cincinnus.
2185 1432 2296 1464 Colum.
2309 1443 2352 1465 11.
2363 1444 2391 1466 2.

1292 1475 1308 1494 o
1322 1475 1366 1494 icu
1381 1475 1412 1495 us
1439 1476 1454 1495 a
1475 1476 1505 1495 ae.

1265 1502 1418 1533 Prototomi
1430 1503 1569 1534 cauliculi.
1592 1503 1713 1535 Martial.
1729 1514 1848 1542 14.‚101.
1870 1507 1945 1537 corifi
1960 1507 2042 1545 Apul.
2054 1507 2090 1538 de
2102 1508 2188 1539 Herb.
2201 1514 2246 1547 87.
2263 1520 2288 1547 ς.

1226 1540 1250 1570 C
1258 1550 1278 1570 A
1289 1551 1308 1570 u
1317 1552 1332 1570 L
1342 1552 1351 1570 r
1361 1551 1378 1571 c
1386 1551 1404 1570 u
1416 1552 1432 1570 r.
1442 1551 1461 1570 A
1473 1552 1493 1570 τ
1502 1552 1519 1571 υ
1529 1552 1551 1578 s,
1561 1552 1586 1586 a,
1597 1552 1655 1572 um.
1668 1549 1710 1579 ut,
1720 1543 1801 1574 Rami
1809 1543 1978 1576 cauliculati.
1990 1546 2072 1584 Apul.
2082 1546 2391 1586 deVirt.Herb.cap.9o.

1225 1579 1249 1608 C
1259 1589 1288 1646 .ἰῖ
1288 1589 1306 1608 υ
1315 1590 1335 1646 Is
1339 1589 1354 1608 13
1363 1589 1403 1646 sle
1411 1589 1428 1609 o
1438 1602 1447 1615 ‚
1468 1581 1484 1616 [
1494 1581 1649 1616 ιωινλεμοα]
1670 1582 1724 1612 ere.
1746 1582 1863 1613 Caulem
1884 1584 2049 1621 producere.
2091 1586 2113 1615 A
2127 1594 2183 1622 quo
2207 1585 2390 1618 Decaulesco.

1291 1640 1297 1646 .
1330 1627 1367 1646 uo
1388 1626 1451 1648 occ.

1224 1654 1275 1685 CA
1286 1665 1305 1684 υ
1315 1666 1331 1683 L
1341 1659 1358 1684 6
1369 1666 1387 1684 D
1398 1665 1412 1684 iz
1420 1666 1433 1685 s
1447 1677 1467 1699 ,ι
1477 1665 1508 1686 ae.
1530 1665 1568 1686 m.
1591 1653 1766 1693 [κρουλόῶγς]
1785 1657 1911 1689 Brassicae
1920 1658 2025 1697 species
2035 1660 2075 1690 est
2084 1682 2092 1696 ,
2112 1659 2169 1692 lata
2179 1660 2285 1692 habens
2296 1662 2363 1694 folia
2373 1673 2390 1695 e

1262 1693 1344 1723 caule
1355 1701 1485 1723 exeuntia
1495 1716 1502 1730 ‚
1522 1694 1599 1724 unde
1610 1696 1637 1725 &
1645 1704 1749 1725 nomen
1764 1698 1881 1735 accepit.
1904 1699 2006 1727 Aut‘tor
2020 1697 2090 1728 Plin.
2100 1697 2150 1728 lib.
2163 1708 2208 1729 20.
2219 1710 2280 1738 cap.
2294 1711 2319 1737 9.

1221 1729 1246 1760 C
1255 1741 1274 1759 A
1285 1741 1304 1760 u
1313 1742 1328 1774 ¹5
1338 1741 1386 1760 ΠΜ
1398 1753 1406 1767 ,
1428 1732 1447 1768 i,
1467 1732 1514 1761 vel
1530 1733 1627 1770 potius
1647 1732 1669 1762 C
1681 1743 1701 1762 A
1711 1743 1729 1762 U
1738 1744 1754 1762 L
1763 1744 1780 1763 o
1789 1744 1810 1763 N
1821 1757 1829 1771 ,
1852 1735 1923 1765 onis.
1945 1736 2131 1774 [Καυλωνία]
2152 1736 2301 1776 Oppidum
2311 1740 2389 1776 quod

1261 1779 1277 1799 a
1287 1768 1356 1798 Plin.
1367 1768 1517 1813 lib.3.cap.
1529 1780 1571 1800 ro.
1583 1770 1778 1801 collocaturiri
1791 1773 1881 1810 prima
1895 1774 2008 1811 regione
2018 1774 2111 1805 Italiae.
2126 1775 2198 1813 Virg.
2212 1784 2236 1811 3.
2249 1777 2311 1807 AEn.
2327 1787 2388 1814 553.

1317 1807 1502 1851 Caulonisque
1510 1818 1586 1838 arces
1599 1809 1811 1847 &navifragum
1823 1811 2003 1848 Scylacaeum.
2088 1813 2168 1842 Hanc
2182 1814 2280 1844 Strabo
2299 1814 2348 1846 lib.
2361 1821 2390 1847 6.

1259 1852 1342 1874 vocat
1352 1845 1516 1889 Cauloniam
1529 1868 1537 1882 ,
1551 1847 1657 1890 *dicens
1667 1869 1675 1883 ,
1697 1847 1757 1877 Post
1773 1849 1886 1886 Sagram
1897 1849 2032 1880 Caulonia
2051 1856 2144 1885 extat,
2165 1852 2240 1889 prius
2251 1852 2388 1890 Aulonia,

1259 1883 1335 1920 quasi
1347 1883 1482 1920 Valonia,
1503 1894 1623 1914 avicina
1637 1885 1764 1916 convalle
1775 1888 1937 1924 nominata,
1958 1887 1992 1917 ab
2011 1888 2124 1918 Achivis
2142 1890 2291 1926 aedificata,
2313 1901 2389 1922 nunc

1260 1927 1357 1951 autem
1367 1931 1454 1952 vacua
1464 1922 1512 1952 est.
1536 1923 1602 1952 Hor.
1614 1933 1640 1953 2.
1652 1923 1741 1953 Carm.
1755 1928 1781 1954 6.
1798 1931 1839 1960 18.
1967 1942 2005 1947 ——
2014 1927 2040 1956 &
2057 1927 2165 1957 amicus

1349 1959 1459 1989 Caulon
1471 1959 1567 1990 fertilis
1578 1961 1696 1992 Baccho.
1780 1963 1796 1999 [
1807 1963 1846 1993 lta
1859 1963 1935 1994 Serv.
1954 1964 2022 1993 adl.
2037 1974 2060 1994 c.
2078 1965 2149 2002 Virg.
2170 1966 2227 1996 Sed
2250 1967 2341 1997 Aulon
2360 1969 2388 1998 &

1260 2003 1381 2027 metrum
1390 1998 1527 2036 postulat,
1549 1999 1719 2030 &exhibent
1735 1999 1798 2030 Mri‘.
1821 2001 1852 2031 V.
1874 2000 1893 2030 s.
1907 2001 1926 2030 l.
1966 2002 2097 2033 Ceterum
2107 2004 2143 2033 de
2151 2004 2264 2041 gemina
2274 2005 2331 2036 loci
2341 2016 2390 2044 ap-

1259 2035 1414 2072 pellatione
1437 2036 1468 2065 V.
1491 2046 1552 2074 quae
1564 2038 1593 2066 in
1612 2046 1656 2066 CA
1665 2047 1707 2067 Rc
1719 2048 1737 2067 A
1746 2048 1759 2068 s
1770 2049 1789 2068 u
1798 2050 1821 2068 M
1833 2038 1974 2069 adnotavi.

1222 2071 1364 2103 CAUMA
1378 2095 1386 2109 ‚
1407 2074 1468 2103 atis.
1488 2084 1517 2104 n.
1540 2076 1676 2111 [καῦμα]
1697 2076 1796 2107 AEstus.
1818 2076 1898 2114 Vulg.
1917 2077 2037 2116 Interpr.
2060 2079 2132 2116 Job,
2151 2088 2195 2117 30.
2211 2089 2236 2111 v.
2248 2090 2291 2118 30.
2324 2081 2391 2113 Ossa

1259 2120 1322 2141 mea
1334 2119 1466 2141 aruerunt
1479 2122 1535 2150 prae
1544 2121 1682 2143 caumate.

1223 2147 1246 2178 C
1256 2159 1276 2177 A
1286 2159 1303 2177 υ
1314 2159 1335 2194 13¹
1344 2161 1352 2178 ι
1362 2161 1379 2178 υ
1389 2159 1402 2179 s
1412 2172 1420 2185 ,
1441 2151 1601 2194 [μκύνιῶυ]
1623 2151 1736 2190 Cupido
1744 2158 1859 2183 vocatus
1871 2175 1880 2188 ,
1902 2153 1979 2190 quod
1992 2154 2024 2184 in
2037 2154 2134 2186 Cauno
2144 2156 2214 2186 urbe
2227 2157 2366 2189 coleretur
2377 2181 2387 2195 ‚

1260 2193 1292 2216 ut
1302 2195 1342 2217 ait
1351 2187 1513 2226 Hesychius.
1556 2188 1700 2219 Possumus
1714 2191 1740 2220 δι
1753 2191 1787 2220 ab
1804 2191 1878 2221 AEstu
1890 2191 2033 2228 derivare,
2054 2194 2103 2231 qui
2114 2194 2145 2224 fit
2155 2205 2190 2224 ex
2200 2205 2297 2226 amore
2309 2206 2316 2226 :
2339 2207 2390 2227 un-

1260 2225 1296 2254 de
1309 2227 1334 2255 ἃ
1345 2225 1386 2255 illi
1396 2227 1527 2256 ardentes
1538 2227 1612 2257 faces
1626 2227 1817 2258 attribuebant
1836 2230 1963 2268 antiqui:
1983 2231 2030 2261 vel
2043 2232 2121 2269 quod
2135 2242 2214 2264 amor
2234 2234 2322 2266 ιιριινῐςς
2339 2235 2390 2265 ho-

1259 2264 1350 2292 mines
1361 2265 1475 2300 reddat,
1495 2265 1524 2294 id
1537 2265 1575 2294 est
1585 2265 1714 2296 difficiles
1724 2268 1750 2296 Sc
1758 2266 1855 2297 malos.

1221 2300 1244 2330 C
1253 2312 1272 2330 A
1284 2312 1301 2330 u
1313 2311 1331 2330 N
1344 2312 1361 2330 υ
1371 2312 1400 2346 s,
1421 2302 1441 2332 i.
1463 2312 1501 2332 m.
1522 2304 1673 2346 [55oe52&›]
1694 2305 1781 2334 Cariae
1792 2305 1930 2343 oppidum
1945 2306 1979 2336 ad
1990 2306 2093 2337 Calbin
2104 2308 2231 2339 fiuvium.
2253 2309 2389 2340 Meminit

1259 2340 1359 2384 Strabo
1369 2339 1416 2369 lib.
1433 2350 1474 2377 14.
1497 2340 1585 2378 Regio
1596 2342 1687 2371 aestate
1700 2344 1726 2373 &
1737 2350 1874 2373 autumno
1886 2366 1894 2379 ,
1917 2351 1949 2374 iit
1968 2345 2027 2383 ipse
2040 2346 2079 2375 ait
2089 2368 2097 2382 ,
2119 2347 2155 2377 ad
2172 2347 2387 2380 inhabitandum

1258 2387 1364 2422 gravis,
1385 2377 1423 2408 ob
1435 2378 1557 2408 calorem
1570 2381 1595 2409 δι
1609 2390 1760 2417 pomorum
1773 2382 1893 2419 copiam.
1935 2382 1981 2412 Ob
2002 2383 2033 2412 id
2048 2384 2149 2414 Caunii
2161 2385 2302 2423 pestilenti
2316 2387 2385 2416 caelo

1257 2416 1312 2459 esse
1323 2416 1462 2446 dicuntur.
1504 2417 1562 2447 Hos
1573 2427 1659 2454 quum
1668 2418 1788 2449 intuitus
1810 2419 1876 2450 esset
1893 2419 2066 2452 Stratonicus
2086 2422 2278 2459 citharoedus,
2299 2424 2386 2455 homo

1256 2453 1358 2484 sahbus
1366 2455 1484 2492 plenus,
1506 2455 1587 2485 illum
1598 2465 1633 2485 ex
1648 2459 1665 2486 6
1678 2456 1781 2487 Iliados
1794 2457 1962 2488 versiculum
1982 2459 1995 2496 (
2009 2461 2095 2497 146.)
2115 2461 2200 2491 ineos
2210 2461 2348 2500 protulit,

1338 2493 1429 2530 O't'mrig
1453 2494 1542 2526 φύλλων
1559 2495 1641 2529 γενεὴ,
1661 2491 1735 2523 πηίδέ
1755 2497 1777 2532 23⁸
1794 2495 1887 2532 iidffiv.

1338 2529 1408 2560 Tale
1421 2531 1536 2575 quidem
1546 2541 1634 2575 genus
1648 2532 1685 2561 est
1699 2532 1847 2563 hominum
1860 2556 1868 2570 ,
1891 2534 1971 2572 quale
1991 2536 2030 2566 est
2042 2536 2186 2567 foliorum.
2283 2538 2385 2569 Caunii

1258 2577 1325 2598 vero
1335 2578 1421 2606 quum
1432 2570 1578 2598 hominem
1589 2569 1756 2600 incessissent
1767 2572 1866 2606 acrius,
1888 2574 1964 2609 quod
1974 2574 2072 2604 urbem
2082 2582 2113 2605 ut
2123 2575 2280 2606 morbidam
2291 2586 2387 2616 carpe-

1256 2613 1308 2641 ret,
1319 2607 1375 2643 Ego
1383 2617 1449 2636 vero
1462 2607 1581 2644 (inquit)
1590 2616 1652 2637 eam
1664 2608 1821 2639 morbidam
1833 2610 1927 2640 dicere
1937 2611 2032 2647 ausim,
2043 2612 2091 2642 uhi
2099 2615 2201 2643 mortui
2211 2624 2322 2652 quoque
2329 2625 2387 2645 am-

1255 2644 1376 2674 bulant?
1397 2644 1536 2674 Urbanius
1548 2645 1637 2675 multo
1647 2646 1789 2684 acriusque
1800 2657 1884 2684 quam
1894 2649 1970 2686 prius
1979 2649 2111 2681 illudens.
2124 2651 2192 2681 Haec
2207 2653 2264 2682 fere
2275 2653 2383 2683 Strabo.

1218 2682 1422 2719 CAUNEUS‚
1451 2682 1498 2727 yel
1517 2683 1726 2728 Catonem,
1747 2694 1763 2714 a
1777 2707 1785 2720 ,
1806 2695 1863 2716 um.
1893 2687 2075 2725 [Koevmss&]
2105 2689 2167 2726 Adj.
2198 2697 2248 2726 ut,
2281 2691 2385 2721 Caricae

1257 2720 1386 2751 Cauneae.
1424 2721 1483 2765 Cic.
1496 2730 1521 2750 2.
1537 2721 1573 2765 de
1583 2721 1676 2752 Drvrn.
1692 2727 1738 2758 84.
1759 2722 1832 2754 Cum
1842 2723 1883 2754 M.
1901 2724 2007 2756 Craffus
2018 2728 2173 2758 exercitum
2182 2728 2383 2759 Brundusiiim-

1257 2765 1377 2797 poneret
1388 2781 1396 2795 ,
1417 2759 1531 2796 quidam
1541 2769 1571 2789 in
1580 2767 1663 2798 portu
1673 2761 1779 2791 caricas
1788 2761 1887 2791 Cauno
1900 2763 2031 2794 advectas
2038 2765 2175 2802 vendens,
2196 2767 2320 2797 Cauneas
2330 2768 2385 2797 cla-

1257 2797 1382 2827 mitabat.
1422 2797 1557 2827 Dicamus
1567 2819 1575 2833 ,
1597 2797 1616 2827 fi
1632 2798 1745 2836 placet,
1765 2800 1907 2830 monitum
1923 2801 1958 2831 ab
1977 2811 2012 2832 eo
2027 2802 2151 2833 Crassum
2161 2826 2169 2840 ,
2191 2804 2306 2834 Caveret
2317 2827 2325 2840 ,
2347 2815 2384 2835 ne

1256 2836 1328 2864 iret:
1361 2844 1421 2864 non
1436 2835 1516 2865 ffiiffe
1535 2836 1692 2874 periturum
1702 2858 1711 2873 ,
1740 2836 1759 2866 si
1773 2838 1862 2867 omini
1900 2839 2018 2870 aruisset.
2075 2841 2220 2878 [Cauneae
2237 2842 2362 2873 absolute
2372 2865 2382 2879 ‚

1256 2872 1405 2902 subaudito
1414 2873 1505 2903 Ficus.
1545 2873 1592 2903 Sic
1612 2875 1639 2904 δι
1655 2875 1686 2904 in
1704 2874 1759 2912 seq.
1775 2885 1876 2914 exemp
1892 2877 1921 2907 'S.

1255 2911 1357 2941 Trium
1370 2911 1544 2941 Caunearum
1553 2912 1650 2942 aedilis.
1682 2913 1791 2944 Petron.
1804 2923 1865 2953 cap.
1873 2925 1919 2952 44.
1960 2917 1979 2947 i.
1990 2924 2015 2947 e.
2036 2916 2116 2948 Nihil
2129 2917 2312 2948 aestimandus.
2348 2918 2382 2950 V.

1275 2953 1360 2979 etiam
1378 2949 1447 2979 Plin.
1462 2960 1505 2986 ις.
1518 2960 1544 2984 9.
1566 2950 1640 2981 conf.
1654 2950 1725 2981 Cels.
1739 2962 1764 2988 ς.
1779 2961 1826 2983 21.
1948 2952 1954 2968 ³

1217 2985 1342 3023 Cavo,
1362 2987 1570 3024 CAVATus,
1591 2989 1623 3019 Iri
1644 2998 1776 3020 CAvus.

1216 3026 1271 3054 CA
1283 3034 1353 3054 υΡΑ
1365 3046 1373 3061 ,
1394 3025 1424 3054 in
1440 3026 1506 3055 diet.
1524 3025 1578 3063 seq.

1217 3063 1240 3092 C
1249 3073 1269 3092 A
1278 3073 1295 3092 υ
1304 3073 1318 3107 ξ
1327 3073 1344 3092 o
1355 3084 1363 3099 ,
1380 3063 1451 3107 onis.
1473 3073 1511 3093 m.
1530 3065 1548 3100 [
1560 3060 1697 3102 κάπηλῶι,
1717 3064 1868 3102 οἰωπόλης]
1886 3066 2052 3106 cauponam
2059 3077 2194 3099 exercens
2201 3069 2382 3102 tabernarius.

1253 3101 1366 3139 Ulpian.
1379 3111 1408 3145 in
1420 3101 1439 3131 l.
1454 3111 1478 3131 1.
1489 3102 1511 3140 §.
1525 3102 1676 3141 Caupones
1688 3109 1791 3135 autem.
1802 3105 1835 3135 D.
1852 3105 1961 3140 Nautae,
1971 3115 2127 3144 caupones,
2140 3107 2288 3144 stabularii,
2303 3116 2334 3138 ut
2342 3119 2385 3139 re-

1253 3147 1336 3177 cepta
1348 3139 1498 3169 restituant.
1536 3139 1685 3178 Caupones
1700 3143 2003 3174 autem&stabularios
2024 3154 2103 3181 aeque
2126 3154 2174 3174 eos
2194 3146 2382 3184 accipiemus,

1254 3179 1301 3220 qui
1312 3186 1469 3215 cauponam
1481 3177 1524 3207 vel
1535 3178 1673 3208 stabulum
1684 3187 1835 3217 exercent,
1856 3181 2026 3211 institoresve
2038 3192 2145 3211 eorum.
2178 3182 2237 3213 Cic.
2252 3194 2274 3213 1.
2288 3184 2324 3214 de
2333 3185 2383 3215 Di.

1254 3225 1311 3245 vin.
1329 3225 1372 3252 57.
1394 3215 1491 3252 Quum
1508 3216 1565 3246 duo
1574 3217 1690 3254 quidam
1700 3219 1818 3249 Arcades
1834 3219 1988 3248 admodum
2004 3219 2154 3250 familiares
2165 3220 2219 3250 iter
2234 3231 2290 3251 una
2309 3222 2383 3252 face-

1254 3258 1316 3282 rent
1325 3275 1348 3320 ,l
1357 3255 1383 3284 &
1393 3253 1534 3322 Μεςοὲζῑιω
1544 3255 1680 3285 veniffen‘t
1689 3278 1698 3292 ,
1719 3255 1838 3286 alterum
1848 3257 1883 3286 ad
1897 3266 2054 3296 cauponem
2063 3258 2202 3289 divertiss‘e
2213 3281 2222 3296 ‚
2244 3260 2280 3290 ad
2289 3260 2382 3300 hospi-

1254 3297 1312 3320 tem
1322 3301 1336 3320 a
1350 3299 1438 3321 terum
1449 3313 1457 3327 ,
1497 3301 1521 3322 c.

1253 3328 1378 3359 Per-fidus
1401 3339 1502 3368 caupo.
1543 3330 1609 3360 Hor.
1626 3340 1649 3360 1.
1670 3331 1758 3361 Serm.
1775 3340 1798 3360 1.
1813 3340 1858 3367 29.
1893 3332 2017 3369 Quidam
2039 3332 2134 3366 locum
2156 3334 2233 3365 hunc
2251 3336 2360 3367 Horatii
2372 3359 2383 3373 ,

1273 3377 1333 3396 non
1347 3368 1381 3397 de
1394 3368 1427 3397 iis
1441 3373 1548 3397 tanturn
1559 3368 1737 3407 intelligunt,
1759 3370 1805 3406 qur·
1817 3369 1912 3399 statam
1924 3370 2028 3400 habent
2037 3372 2066 3401 in
2078 3372 2192 3402 urbibus
2202 3384 2359 3412 cauponam
2371 3397 2380 3413 ,

1273 3404 1321 3435 sed
1331 3405 1366 3435 de
1377 3406 1507 3444 copiariis
1517 3406 1601 3435 etiam
1612 3428 1621 3443 ,
1644 3408 1690 3444 qui
1702 3407 1905 3444 perigrinantes
1915 3408 2056 3446 principes
2068 3411 2098 3439 ἃ
2109 3411 2279 3449 magistratus
2298 3412 2384 3444 sesta-

1273 3443 1374 3473 bantur
1385 3466 1394 3480 ,
1414 3444 1511 3474 vinum
1522 3443 1679 3482 cibariaque
1691 3444 1865 3474 vendentes:
1886 3445 1923 3475 de
1931 3446 2034 3484 quibus
2042 3448 2109 3478 vide
2117 3447 2167 3478 suo
2178 3449 2253 3480 loco.

1253 3480 1384 3519 Maligni.
1405 3482 1472 3511 Hor.
1489 3492 1511 3511 1.
1527 3482 1614 3511 Serm.
1630 3493 1653 3518 ς.
1668 3493 1694 3518 4.

1253 3518 1403 3558 Reperitur
1424 3521 1450 3550 &
1462 3520 1542 3557 Copo
1560 3519 1694 3558 scriptum
1710 3520 1786 3558 apud
1799 3521 1942 3557 antiquos:
1965 3527 1997 3551 ut
2018 3523 2095 3559 apud
2114 3524 2173 3554 Cic.
2193 3534 2245 3563 pro
2268 3525 2379 3558 Cluent.

1275 3562 1337 3594 163.
1364 3567 1400 3587 ex
1412 3558 1532 3595 antiquis
1542 3558 1688 3587 codicibus
1698 3567 1705 3587 :
1728 3560 1816 3595 Atque
1825 3559 1909 3588 etiarn
1919 3581 1927 3594 ,
1948 3566 1980 3588 ut
1989 3559 2070 3590 nobis
2080 3563 2270 3600 renuntiatur,
2291 3565 2382 3594 homi.

1270 3605 1339 3625 nem
1348 3595 1503 3625 multorum
1516 3595 1667 3632 hospitum,
1694 3598 1722 3625 A.
1734 3595 1867 3626 Binnium
1881 3597 2032 3634 quendam,
2053 3608 2195 3637 coponem
2207 3602 2244 3631 de
2255 3603 2299 3632 via
2311 3603 2382 3633 Lati-

1270 3643 1307 3663 na
1321 3633 1491 3668 subornatis,
1513 3634 1558 3670 qui
1571 3633 1618 3661 fibi
1635 3643 1650 3662 a
1663 3632 1794 3662 Cluentio
1806 3655 1814 3669 ‚
1835 3634 1970 3672 servisque
1985 3635 2045 3671 ejus
2056 3637 2084 3665 iri
2097 3638 2212 3668 taberna
2222 3639 2268 3669 sua
2280 3651 2380 3671 manus

1271 3670 1368 3701 allatas
1380 3671 1433 3701 eise
1444 3670 1703 3701 dicatmartiarlib.
1711 3679 1770 3707 13.1
1778 3681 1801 3701 i.
1811 3672 1878 3701 Haec
1890 3682 1942 3710 ego
1952 3674 2065 3711 copem,
2078 3685 2137 3705 non
2148 3676 2287 3713 tibi,don.i
2301 3679 2376 3709 dedi.

1270 3709 1305 3776 ξς
1314 3709 1392 3747 Copa
1400 3718 1455 3775 (pro
1467 3708 1586 3775 {Migliere
1594 3709 1706 3744 dicitur,
1718 3718 1779 3746 quae
1790 3718 1949 3747 cauponam
1957 3719 2079 3743 exercet.
2100 3714 2176 3745 Suet.
2187 3715 2253 3746 Ner.
2266 3726 2377 3755 cap.27.

1294 3757 1319 3777 ir
1340 3771 1344 3776 .
1359 3749 1389 3776 in
1423 3754 1465 3775 ata
1478 3756 1494 3775 e
1524 3755 1561 3781 is,

1320 3758 1336 3785 g
1344 3785 1422 3821 Copa
1431 3783 1535 3821 Syrisca
1544 3790 1629 3821 caput
1638 3783 1718 3813 Graia
1726 3783 1855 3814 redimita
1866 3786 1974 3816 mitella

1387 3821 1513 3859 Crispum
1525 3821 1574 3850 sub
1586 3821 1691 3850 crotalo
1703 3822 1786 3851 docta
1797 3832 1908 3854 movere
1921 3824 2002 3855 latus.
2071 3826 2103 3857 V.
2115 3826 2154 3857 ibi
2164 3828 2261 3866 Scalig.
2274 3839 2302 3867 p.
2315 3838 2376 3866 354.

1268 3861 1336 3890 item
1350 3860 1512 3895 Conjeeran.
1522 3860 1552 3888 in
1564 3859 1637 3889 Varr.
1655 3869 1683 3897 p.
1697 3862 1742 3889 61.
1763 3859 1888 3891 Turneb.
1899 3863 2006 3893 Advers.
2017 3873 2062 3898 24.
2075 3868 2102 3894 6.

1211 3897 1234 3928 C
1244 3908 1263 3927 A
1273 3909 1292 3927 u
1302 3909 1315 3927 P
1324 3904 1342 3930 ὃ
1352 3909 1373 3928 N
1384 3907 1414 3933 A,
1439 3907 1469 3926 ae.
1490 3896 1508 3926 f.
1535 3898 1552 3933 [
1561 3897 1709 3932 υπλᾶον]
1729 3897 1859 3929 Taberna
1869 3900 1982 3931 vinaria.
2006 3901 2065 3932 Cic.
2074 3903 2103 3932 in
2115 3902 2203 3932 Pison.
2219 3913 2261 3938 53.
2274 3904 2376 3934 Nonne

1247 3936 1300 3966 tibi
1310 3947 1367 3968 nox
1374 3941 1433 3968 erat
1441 3944 1493 3973 pro
1503 3934 1549 3965 die
1557 3935 1571 3963 ’ἓ
1592 3944 1650 3964 non
1659 3935 1783 4004 sommia
1792 3947 1843 3974 pro
1853 3937 2008 3976 frequentia
2017 3941 2030 3968 ’ἲ
2047 3950 2174 3979 caupona
2183 3951 2234 3979 pro
2244 3943 2349 4008 oppido
2356 3944 2369 3970 Ἰ

1796 3985 1823 4005 rn
1833 3985 1861 4005 in
1883 3985 1895 4012 3
2302 3989 2376 4009 iver«
