2604 4222
179 146 248 186 560
589 137 616 171 C
716 137 750 170 O
851 135 882 169 G

475 177 484 190 ἱ

183 223 205 251 C
215 232 231 250 o
243 232 260 250 c
271 232 280 250 1
289 231 307 250 ’r
318 224 334 251 Κ
345 230 364 250 τ
372 231 386 251 ε
402 241 409 251 ,
438 220 503 250 Adv.
527 215 729 255 [ὀννενοημὶζᾶωε]
747 223 778 246 ut
788 238 795 252 ,
817 215 942 251 Cogitate
951 212 1033 242 verba
1044 212 1143 241 Facere.
1171 211 1200 239 h.
1212 219 1236 239 e.
1258 208 1331 238 Prae.

218 260 358 289 meditate.
394 258 480 288 Plaut.
498 258 572 287 Poen.
587 267 609 292 ς.
621 268 646 291 4.
661 265 702 290 5¹-

280 298 314 326 Ut
325 297 425 334 pudice
436 296 514 325 verba
523 295 599 328 fecit,
623 294 740 329 cogitate
752 293 777 320 Sc
787 288 944 319 commode.

224 334 355 364 Meditari
365 335 490 370 cogitate.
514 333 597 361 Plaut.
610 331 670 360 Mil.
684 338 708 365 3.
722 338 745 364 3.
758 331 802 362 69.

224 373 348 402 Scribere
361 378 484 400 accurate
497 372 521 398 δι
531 370 656 405 cogitate.
697 366 754 395 Cic.
763 373 813 402 pro
830 362 908 392 Arch.
925 366 966 396 18.
988 361 1058 398 Quae
1069 368 1135 390 vero
1144 363 1270 389 accurate
1283 366 1330 386 00.

245 412 382 447 gitateque
394 407 546 445 scripsisset,
567 415 598 434 ea
609 405 643 433 sic
654 404 712 433 vidi
722 402 847 444 probari,
861 402 913 430 διε.

228 447 355 478 Τῐαᾶῑιτε
368 456 423 475 rem
432 447 505 474 suam
513 444 637 480 cogitate.
674 441 758 469 Plaut.
770 439 848 468 Trm.
863 447 888 466 2.
902 446 928 465 2.
941 439 987 471 46.
999 474 1005 479 ¹

300 486 394 514 Minus
410 484 454 519 qui
473 488 551 510 caute
569 482 594 508 δι
613 476 812 515 cogitatesuam
822 485 880 504 rem
892 475 1019 503 tra&av1t
1027 480 1113 510 pater.
1322 507 1329 513 .

192 523 240 554 Co
252 531 416 554 G1'1'A’r0,
438 519 502 548 Adv.
526 512 752 553 [zlg-usvonluiieim]
773 514 860 543 idem.
881 512 939 541 cic.
955 523 977 540 r.
995 511 1052 540 Off.
1071 520 1115 546 27.
1137 508 1191 538 Sed
1208 508 1236 537 in
1252 517 1332 537 omni

228 561 325 596 justitia
335 557 498 594 permultum
511 554 617 583 interest
636 561 726 582 utrum
744 551 954 589 perturbatione
965 549 1056 585 aliqua
1073 548 1172 580 animi,
1194 556 1253 589 quae
1274 545 1333 582 ple-

229 606 342 632 rumque
355 596 443 624 brevis
454 594 490 621 est
503 594 528 621 ἃ
538 592 571 620 ad
584 598 708 626 tempus,
724 599 759 618 an
770 587 896 617 consulto
907 588 933 616 &
942 587 1063 624 cogitato
1073 585 1120 614 fiat
1129 585 1239 621 injuria.
1253 583 1330 613 MSS.

227 635 349 672 plerique
360 632 484 668 Cogitata
498 629 594 663 iniuria
605 628 718 656 habent.
761 626 791 655 V.
814 625 899 654 Graev.
916 625 951 653 ad
961 624 1015 653 loc.

191 673 238 703 Co
248 682 266 700 c
277 681 312 699 1T
322 680 340 698 A
351 679 394 697 To
404 678 437 697 Ar
450 677 467 696 υ
477 678 497 696 Μ
509 688 517 701 ,
539 667 555 695 i.
577 675 605 694 n.
627 664 844 701 Receptaculum
860 662 1069 698 cogitationum.
1090 659 1206 690 Tertull.
1223 658 1260 688 de
1279 658 1333 687 Re.

228 710 291 738 surr.
307 717 367 743 cap.
386 716 425 740 ις.
447 705 549 734 Animae
558 703 762 740 cogitatorium.
782 700 858 730 conf.
871 700 955 730 etiam
965 700 999 728 de
1011 700 1135 737 Spedtac.
1148 707 1210 734 cap.
1224 706 1251 726 2.
1262 698 1286 726 Sc
1297 695 1333 724 de

228 747 323 776 Anima
333 753 392 781 cap.
410 752 450 777 ¹4·

190 784 213 814 C
222 795 238 812 o
248 794 265 811 c
276 793 284 810 1
295 792 314 810 T
324 791 342 810 A
351 791 370 809 ‘r
379 792 387 808 1
397 791 416 808 Μ
429 801 436 814 ,
456 778 530 808 aliud
544 777 610 807 Adv.
631 787 683 815 pro
694 777 829 813 Cogitate.
851 775 953 805 Festus.

191 822 214 852 C
223 832 239 850 0
250 830 267 849 c
279 830 297 848 N
307 823 322 847 A
335 828 353 846 T
364 828 381 846 υ
391 827 418 853 s,
440 827 454 846 a
464 838 471 852 ,
492 826 547 845 um.
568 817 690 850 [συγΓενὴς
700 836 709 851 ,
731 810 854 846 avfferre&
863 835 871 849 ,
894 811 1026 848 συμφυὲς]
1054 810 1114 847 Adj.
1137 809 1332 850 Conjundtush.

227 856 332 894 &quasi
347 855 405 884 Una
415 861 502 883 natus.
543 853 609 881 Plin.
626 853 672 881 lib.
689 862 731 881 ιι.
744 861 804 889 cap.
819 860 864 887 37.
886 851 923 880 Ea
944 849 1023 879 causa
1042 849 1080 878 est
1097 854 1127 878 ut
1138 845 1335 889 pleraequelali-

226 903 284 924 turn
304 904 318 922 e
336 893 463 922 manibus
483 891 629 920 hominum
649 890 745 919 oculos
759 889 929 926 potisiimum
945 898 959 916 a
983 893 1097 925 petant,
1119 886 1194 923 quod
1214 886 1333 926 effigiem

225 933 300 961 suam
312 931 339 959 in
352 931 382 960 iis
395 936 538 959 cernentes
550 950 558 962 ,
579 928 698 957 velutad
714 933 831 963 cognata
839 926 884 955 sna
898 925 953 955 desi
976 926 1031 954 eria
1040 924 1168 955 tendunt.
1190 923 1218 954 h.
1229 933 1253 953 e.
1275 921 1333 950 Sibi

224 970 350 1007 proxima
360 990 367 1003 ,
388 970 412 997 ἃ
424 967 476 996 sua:
486 974 588 995 naturae
599 966 720 1003 quodam
733 966 818 993 modo
833 964 937 993 similia.

224 1008 379 1043 Cognatum
391 1004 488 1034 carlum
498 1004 598 1033 telluri.
621 1004 706 1033 Ovid.
723 1014 745 1031 1.
758 1002 823 1031 Met.
843 1008 888 1036 8¹·
1271 1034 1277 1040 ἢ

224 1045 303 1074 Acies
314 1049 443 1080 cognatas
461 1048 543 1071 vocat
560 1041 686 1071 Lucanus
703 1050 719 1070 a
738 1040 878 1078 principio
898 1038 958 1067 libri
974 1037 1072 1075 primi,
1095 1036 1173 1066 Acies
1183 1034 1291 1065 Caefans
1307 1034 1334 1063 Sc

246 1082 369 1118 Pompeii
384 1102 391 1115 ,
413 1081 441 1108 id
455 1080 492 1109 est
503 1079 626 1109 soceri&
641 1079 743 1116 generi.
766 1078 837 1115 quasi
847 1077 1034 1113 cognatorum
1045 1075 1127 1106 acies.

225 1119 317 1157 Caput
330 1124 487 1155 cognatum.
509 1117 593 1146 Ovid.
609 1125 633 1153 3.
652 1116 716 1146 Fast.
733 1120 796 1149 4²⁶-
820 1116 854 1144 de
871 1113 973 1143 Caesare
987 1135 998 1149 ,

317 1156 402 1186 Ortus
415 1156 448 1184 ab
460 1156 545 1186 AEnea
558 1155 645 1191 tangit
656 1159 773 1190 cognata
789 1152 915 1182 sacerdos

316 1194 457 1229 Numina,
480 1200 646 1230 cognatum,
669 1191 745 1220 Vesta
758 1212 766 1225 ,
787 1198 864 1219 tuere
877 1195 970 1227 caput.

225 1233 345 1263 Cineres.
368 1231 457 1260 Catul.
469 1234 513 1259 66.
526 1236 569 1264 98.
592 1231 610 1259 i.
625 1239 648 1259 e.
672 1228 858 1266 Cognatorum
870 1228 985 1258 cineres.

224 1271 355 1307 Corpora.
376 1269 459 1299 Ovid.
472 1278 496 1297 2.
511 1268 579 1297 Met.
592 1272 654 1301 663.

225 1309 312 1338 Freta.
334 1307 400 1337 Stat.
419 1317 441 1336 1.
455 1305 551 1335 Achill.
562 1315 606 1341 92.
628 1304 759 1341 Cognatis
770 1304 848 1333 utere
861 1303 947 1333 fretis.

224 1346 340 1376 Moenia.
363 1345 446 1374 Ovid.
462 1353 504 1380 ις.
522 1343 590 1373 Met.
605 1352 669 1378 45¹.

225 1384 278 1413 Res
289 1382 357 1412 calci
370 1388 487 1418 cognata
498 1403 506 1415 ‚
526 1380 639 1418 gypsum
653 1379 699 1409 est.
721 1378 790 1409 Plin.
806 1378 853 1408 lib.
868 1382 908 1416 36.
921 1387 983 1416 cap.
994 1385 1040 1414 24.

223 1421 348 1458 Sanguis.
371 1420 442 1456 Virg.
458 1428 499 1448 12.
512 1419 570 1448 [En.
581 1428 625 1453 ²9-

316 1458 409 1487 Victus
418 1466 510 1486 amore
520 1457 558 1485 tui
569 1478 576 1490 ,
598 1462 716 1492 cognato
731 1454 863 1492 sanguine
871 1453 967 1483 vidtus.

223 1495 324 1526 Terrae.
347 1495 445 1525 Claud.
460 1505 481 1524 1.
495 1494 530 1523 de
540 1493 621 1530 Rapt.
635 1494 753 1531 proserp.
773 1503 834 1528 144.
856 1492 902 1522 Sic
918 1491 1025 1521 ltaliam
1045 1490 1071 1520 &
1090 1487 1213 1519 Siciliam
1232 1492 1335 1523 vocat,

243 1540 273 1564 ut
283 1543 343 1571 quae
354 1532 420 1562 olim
431 1533 586 1568 conjunt‘rae
599 1532 709 1560 fuerint.

225 1571 310 1600 Vires.
332 1571 348 1599 i.
365 1580 389 1599 e.
410 1570 606 1606 cognatorum.
628 1569 725 1598 Claud.
738 1568 767 1596 in
780 1567 842 1597 Sex.
859 1566 939 1596 Cons.
952 1566 1027 1596 Hon.
1040 1574 1104 1594 220.

224 1607 367 1638 Vocabula
378 1614 495 1645 cognata
509 1607 599 1636 rebus.
621 1607 687 1636 Hor.
699 1616 724 1635 2.
739 1606 826 1635 Serm.
839 1614 862 1641 3.
875 1610 940 1638 280.
962 1605 980 1633 i.
995 1614 1019 1634 e.
1042 1602 1255 1632 Convenientia.

224 1647 328 1681 Urbes,
350 1645 419 1682 Qua:
431 1644 591 1674 incoluntur
604 1655 618 1674 a
629 1644 736 1674 civibus
747 1643 870 1679 ejusdem
881 1642 1011 1671 nationis.
1034 1640 1106 1677 Virg.
1121 1649 1145 1675 3.
1163 1640 1220 1670 ffin.
1233 1647 1295 1676 502.

224 1685 370 1715 Mentibus
383 1683 479 1712 nostris
490 1683 594 1718 aliquid
607 1682 660 1711 esse
668 1688 827 1719 cognatum.
854 1681 912 1710 Cic.
926 1689 949 1716 3.
965 1681 1001 1709 de
1012 1679 1088 1709 Orat.
1105 1688 1166 1715 197.

222 1723 347 1753 Maxime
357 1727 483 1759 cognata.
524 1720 555 1749 V.
577 1731 598 1748 Μ
607 1730 624 1748 A
636 1730 653 1748 c
662 1730 700 1750 rs.
1327 1750 1335 1759 .

224 1760 341 1797 Cognati
353 1759 543 1796 appellantur,
564 1758 635 1794 quali
650 1758 709 1787 Una
722 1756 945 1787 communiterve
954 1755 1013 1784 nati
1024 1776 1032 1790 ,
1051 1753 1097 1784 vel
1110 1752 1150 1783 Ab
1169 1752 1271 1782 eodem
1283 1757 1337 1781 ortt

240 1798 426 1836 progenitore.
446 1796 511 1826 Ter.
522 1796 591 1825 Eun.
606 1805 631 1825 2.
647 1805 671 1832 3.
686 1799 730 1832 36.
1241 1828 1246 1834 ¹

278 1836 362 1864 Patris
377 1840 525 1872 cognatum
537 1854 546 1869 ,
557 1839 638 1870 atque
650 1832 784 1870 aequalem
795 1830 1030 1861 Archidemidem.
1103 1828 1229 1859 Donatus
1239 1827 1335 1857 mTer.

242 1873 467 1910 Adelpli.5.8.24.
491 1871 588 1900 Uxoris
597 1871 720 1909 cognati,
733 1871 833 1900 marito
841 1870 941 1899 Affines
949 1868 1019 1898 sunt.
1041 1867 1106 1897 Ter.
1122 1867 1193 1897 And.
1212 1877 1237 1903 ς.
1249 1878 1275 1902 4.
1287 1875 1334 1903 23.

222 1911 322 1941 Affines
334 1918 415 1947 atque
428 1909 537 1947 cognati
549 1909 673 1945 alicujus.
694 1909 751 1938 Cic.
764 1908 823 1937 Post
834 1908 892 1937 red.
904 1908 934 1936 in
943 1906 1034 1936 Senat.
1047 1909 1073 1935 6.

221 1949 310 1979 Amici
323 1970 331 1983 ,
354 1951 378 1978 δι
390 1947 500 1985 cognati
510 1946 636 1983 alicujus.
658 1947 716 1976 Cic.
733 1956 784 1984 pro
794 1946 898 1975 Caecin.
913 1955 955 1980 ¹5-

222 1986 371 2024 Propinqui
379 1994 461 2022 atque
473 1985 582 2021 cognati
594 1986 699 2021 optime
710 1984 918 2013 convenientes.
941 1983 998 2012 Cic.
1011 1991 1062 2020 pro
1072 1980 1152 2011 Rosc.
1165 1980 1257 2010 Amer.
1269 1982 1315 2015 96.

223 2024 338 2061 Cognati
357 2024 403 2061 qui
414 2023 482 2057 sint,
502 2022 705 2060 describitUlp.
721 2022 751 2050 in
769 2021 788 2050 l.
804 2031 827 2050 1.
849 2021 882 2050 D.
906 2020 986 2050 Unde
1006 2019 1136 2057 cognati,
1158 2018 1276 2055 Cognati
1288 2028 1337 2047 au-

241 2068 297 2091 tem
308 2084 315 2096 ,
337 2061 442 2097 inquit,
464 2059 597 2098 appellati
609 2060 670 2089 sunt
681 2059 754 2097 quasi
766 2068 801 2088 ex
811 2069 869 2089 uno
879 2059 954 2088 nati:
977 2064 1024 2087 aut
1033 2079 1041 2092 ,
1060 2063 1091 2087 ut
1103 2056 1193 2087 Labeo
1203 2057 1250 2091 ait,
1261 2055 1336 2094 quasi

242 2109 390 2129 commune
405 2098 535 2128 nascendi
545 2098 656 2127 initium
666 2097 822 2127 habuerint.
864 2097 894 2126 V.
917 2106 934 2125 c
944 2106 960 2125 o
969 2105 986 2125 c
996 2104 1018 2124 N
1027 2106 1047 2124 A
1057 2105 1077 2123 T
1086 2106 1095 2123 1
1103 2105 1129 2124 o.

223 2137 297 2168 Inter
307 2140 423 2175 Agnatos
439 2138 464 2166 ἃ
475 2136 614 2179 Cognatos
626 2136 681 2165 hoc
692 2135 802 2165 interest
813 2156 821 2171 ,
843 2134 919 2171 quod
935 2134 964 2162 in
981 2133 1085 2170 agnatis
1101 2134 1128 2162 &
1143 2131 1254 2169 cognati
1268 2140 1336 2160 con·
1364 2157 1367 2159 .

242 2177 381 2204 tinentur:
404 2175 431 2203 in
443 2182 567 2211 cognatis
582 2183 638 2202 non
658 2174 753 2210 urique
769 2174 870 2209 agnati.
892 2172 968 2201 verbi
990 2171 1094 2209 gratia,
1118 2170 1208 2200 Frater
1232 2170 1335 2207 patris,

241 2213 317 2243 idest
328 2218 438 2249 patruus
450 2233 459 2247 ,
480 2214 505 2241 ὅ(
517 2218 628 2248 agnatus
640 2212 666 2241 &
687 2217 821 2249 cognatus
838 2210 884 2240 est.
905 2209 998 2238 matris
1016 2215 1109 2238 autem
1128 2208 1227 2242 frater,
1248 2208 1277 2236 id
1297 2207 1336 2236 est

242 2250 412 2285 avunculus,
434 2255 568 2286 cognatus
577 2249 632 2279 est:
653 2256 767 2287 agnatus
780 2258 838 2278 non
852 2248 899 2278 est.
914 2247 1088 2278 Modestinus
1099 2246 1157 2275 inl.
1173 2247 1244 2275 inter
1255 2254 1336 2282 agna-

242 2294 293 2318 tos.
317 2288 349 2317 D.
374 2288 452 2317 Unde
464 2287 588 2324 legitimi.

222 2326 364 2356 Gradatim
375 2326 557 2354 admittuntur
567 2325 677 2363 cognati
690 2324 727 2355 ad
739 2323 877 2354 bonorum
897 2321 1099 2361 possessionem.
1121 2320 1186 2359 Uip.
1198 2319 1258 2350 inl.
1273 2331 1296 2351 1.
1310 2320 1334 2358 §.

241 2364 390 2393 Gradatim.
412 2363 444 2392 D.
467 2362 547 2392 Unde
559 2363 679 2400 cognati.

221 2402 362 2438 Cognatus
372 2423 380 2435 ,
404 2400 459 2437 Qui
469 2399 591 2436 ejusdem
602 2401 640 2430 est
651 2399 759 2439 generis
770 2420 778 2434 ,
801 2397 908 2428 etiamsi
923 2397 1034 2427 diversae
1054 2397 1105 2426 sint
1115 2402 1208 2426 aetates
1224 2396 1336 2433 interje-

240 2441 300 2469 ctae.
322 2439 369 2468 Sil.
384 2438 433 2467 lib.
453 2447 494 2468 ιι.
511 2444 572 2473 178.
766 2437 859 2466 —ille
879 2446 930 2473 ego
952 2435 1060 2472 sanguis

314 2476 468 2506 Dardanius
479 2498 486 2511 ,
507 2476 551 2505 cui
562 2476 633 2505 sacra
644 2480 737 2513 pater,
758 2474 803 2504 cui
820 2475 934 2503 nomina
947 2473 1029 2510 liquit

315 2515 354 2544 Ab
365 2514 436 2549 Jove
446 2514 528 2543 dueta
539 2514 639 2551 Capys,
657 2522 757 2549 magno
767 2519 901 2549 cognatus
912 2511 983 2542 Iulo.

184 2552 208 2582 C
218 2562 235 2581 o
245 2561 292 2580 GN
303 2560 348 2580 Ατ
359 2563 367 2580 ι
377 2562 393 2580 o
405 2573 412 2586 ‚
434 2552 503 2580 onis.
524 2552 543 2580 f.
564 2550 721 2588 [auserem]
743 2550 800 2579 Cic.
817 2559 842 2586 7.
856 2549 930 2580 Verr.
945 2552 1008 2586 176.
1029 2547 1112 2578 Nulla
1125 2547 1188 2584 tibi,
1210 2547 1334 2585 Quinte,

221 2600 284 2619 cum
295 2590 344 2618 isto
358 2589 486 2626 cognatio
501 2589 556 2623 est,
577 2589 653 2618 nulla
663 2588 845 2617 necessitudo.

221 2627 358 2663 Cognatio
370 2649 378 2661 ,
399 2627 436 2656 est
443 2626 491 2662 Jus
508 2626 646 2663 quoddam
659 2625 730 2654 inter
739 2631 826 2654 certas
836 2624 980 2663 personas,
1002 2633 1062 2662 quae
1075 2630 1190 2656 natura,
1211 2621 1256 2651 vel
1266 2621 1335 2660 legis

240 2665 352 2694 fictione
362 2665 431 2693 inter
442 2665 467 2693 se
477 2670 600 2701 cognatae
611 2664 681 2699 sunt,
693 2663 857 2692 institutum.
897 2662 963 2698 Ejus
973 2664 1050 2691 enim
1062 2662 1123 2690 dure
1136 2661 1198 2690 sunt
1209 2660 1315 2698 species
1326 2681 1335 2696 ‚

241 2702 371 2731 naturalis
381 2704 406 2731 Sc
417 2702 514 2731 civilis.
537 2701 674 2731 Naturalis
686 2702 815 2738 cognatio
825 2701 862 2729 est
872 2722 880 2735 ,
900 2701 1063 2729 communio
1072 2699 1210 2736 sanguinis
1220 2719 1228 2733 ‚
1251 2707 1335 2735 quam

241 2740 345 2769 habent
358 2740 385 2768 hi
397 2740 468 2768 inter
477 2738 512 2774 se,
522 2740 568 2776 qui
580 2748 614 2768 ex
624 2739 724 2769 eodem
740 2739 985 2776 progenitoreorti‚
1007 2737 1080 2774 quasi
1092 2736 1171 2766 rivuli
1185 2745 1219 2765 ex
1232 2736 1335 2765 eodem

242 2778 320 2807 fonte
334 2777 446 2807 deducti
460 2777 644 2807 dimanarunt.
682 2777 779 2806 Civilis
793 2783 885 2805 autem
897 2798 905 2810 ,
926 2785 986 2812 quae
998 2785 1048 2813 per
1065 2775 1248 2810 adoptionem
1268 2783 1337 2803 con-

241 2815 355 2845 trahitur
367 2837 375 2850 ,
395 2825 453 2844 non
463 2815 603 2852 sanguinis
615 2837 623 2850 ,
643 2813 690 2843 sed
703 2815 771 2849 juris
781 2814 945 2843 communio
956 2813 994 2842 est
1005 2835 1013 2848 ,
1035 2823 1094 2849 quae
1110 2813 1145 2841 sic
1156 2810 1265 2840 fortasse
1276 2821 1335 2841 non

242 2853 421 2882 incommode
437 2852 544 2881 definiri
564 2853 686 2890 poterit,
707 2858 738 2880 ut
757 2852 864 2880 dicatur
879 2850 933 2879 esse
943 2851 1112 2880 Communio
1123 2849 1334 2886 ejusdemjuris‚

242 2892 317 2927 quod
337 2890 440 2920 habent
451 2890 479 2919 hi
491 2891 562 2919 inter
577 2890 604 2919 se
615 2890 663 2926 qui
680 2888 840 2918 naturaliter
854 2888 964 2925 cognati
980 2888 1042 2918 sunt
1053 2910 1062 2923 ,
1081 2898 1131 2925 per
1150 2887 1334 2924 adoptionem

240 2929 388 2958 contracta.
422 2928 476 2958 Sed
485 2928 617 2966 quoniam
627 2937 659 2957 ea
668 2937 727 2956 non
742 2936 821 2960 vera,
842 2926 889 2955 sed
909 2926 972 2955 fieta
987 2927 1012 2956 St
1029 2925 1192 2955 adumbrata
1202 2926 1335 2962 cognatio

240 2967 278 2995 est
288 2988 297 3001 ,
317 2966 422 2995 idcirco
433 2965 541 2995 definiri
551 2974 643 3003 neque
658 2975 674 2994 a
684 2963 888 3000 Jurisconsultis
898 2963 967 2992 solet
976 2985 985 2999 ,
1006 2973 1098 3001 neque
1110 2972 1175 2994 vero
1185 2962 1248 2992 satis
1257 2962 1335 2992 abso-

241 3003 298 3033 lute
309 3003 404 3041 potest.
445 3003 476 3032 V.
500 3003 613 3033 Hotom.
632 3003 662 3032 in
673 3011 775 3032 comm.
785 3001 860 3031 verb.
871 3001 948 3036 juris.

219 3040 358 3077 Cognatio
370 3042 396 3070 Sc
405 3040 530 3070 affinitas.
572 3040 630 3070 Cic.
644 3050 668 3075 ς.
687 3040 723 3069 de
734 3039 792 3069 Fin.
806 3042 851 3074 65.
881 3038 981 3075 Serpsit
997 3037 1095 3068 sensim
1108 3038 1182 3068 foras
1194 3039 1336 3077 cognatio.

240 3080 321 3108 nibus
333 3079 454 3115 primum
466 3100 474 3113 ,
495 3085 555 3107 tum
564 3076 743 3108 affinitatibus
754 3099 762 3112 ,
783 3076 887 3105 deinde
899 3076 1036 3106 amicitiis.

223 3116 392 3153 Amplisiima
402 3117 585 3153 cognatione,
607 3118 632 3145 ἃ
642 3114 769 3151 plurimis
778 3114 907 3144 amicitiis
923 3114 972 3143 vir.
994 3113 1051 3143 Cic.
1062 3123 1089 3148 4.
1107 3113 1183 3143 Verr.
1198 3117 1259 3144 106.

223 3153 416 3191 comprobata.
438 3160 468 3183 ut
479 3175 487 3188 ,
510 3153 607 3183 Multis
620 3153 720 3182 officiis
731 3152 886 3189 aliquorum
904 3151 1032 3189 usurpata
1050 3152 1076 3181 δι
1087 3152 1270 3189 comprobata
1287 3161 1334 3181 co-

242 3192 342 3227 gnatio.
364 3191 421 3221 Cic.
433 3200 457 3227 7.
475 3191 548 3221 Verr.
562 3200 622 3223 ras.

223 3228 346 3257 Materna
356 3229 485 3266 cognatio
495 3228 670 3266 Transalpini
679 3227 797 3266 generis.
818 3226 876 3256 Cic.
890 3226 951 3264 post
960 3226 1017 3255 red.
1029 3225 1059 3254 in
1068 3225 1158 3255 Senat.
1173 3236 1217 3263 ¹4·

223 3265 360 3295 Naturalis
374 3267 503 3303 cognatio
514 3276 604 3297 rerum
616 3266 784 3295 distantium.
815 3264 872 3295 Cic.
883 3274 909 3293 2.
926 3264 960 3293 de
971 3264 1060 3294 Dixin.
1073 3272 1116 3299 33.

223 3302 354 3332 Patruelis
366 3305 531 3341 cognatione
541 3326 548 3337 ,
569 3313 663 3333 amore
672 3312 828 3341 germanus.
849 3302 907 3332 Cic.
921 3312 945 3338 ς.
960 3302 996 3332 de
1008 3301 1068 3331 Fin.
1083 3311 1108 3331 1.

224 3339 384 3377 Propinqua.
408 3342 465 3371 Cic.
481 3352 529 3379 pro
542 3341 627 3379 Ligar.
638 3347 665 3376 8.

224 3376 377 3414 Propinqua
389 3380 553 3414 cognatione
563 3379 738 3415 conjunrftus.
759 3377 835 3408 Suet.
848 3377 878 3407 in
888 3376 993 3407 Neron.
1002 3386 1063 3414 cap.
1076 3384 1102 3412 3.

225 3413 425 3451 cognationem
435 3416 592 3446 sacitetiam
601 3416 725 3454 adoptio.
764 3415 826 3454 Ulp.
840 3415 869 3445 in
884 3415 903 3445 l.
921 3424 946 3445 1.
962 3415 984 3452 §.
1006 3414 1218 3452 cognationem.
1234 3412 1268 3445 D.
1279 3414 1335 3445 Un.

243 3452 278 3480 de
287 3454 404 3487 cognati.
437 3453 467 3483 V.
488 3453 571 3491 paulo
587 3454 672 3491 supra.

224 3487 328 3532 Capitis
339 3491 526 3520 diminutione
538 3492 712 3528 perimuntur
721 3490 903 3529 cognationes
917 3511 926 3526 ‚
946 3499 1007 3527 quae
1027 3499 1076 3534 per
1090 3489 1272 3528 adoptionem
1290 3499 1335 3519 ac·

243 3527 421 3563 quisitaesunt.
442 3528 543 3564 Julian.
558 3530 586 3557 in
599 3528 616 3558 l.
629 3529 743 3567 Capitis.
773 3528 807 3558 D.
831 3528 910 3557 Unde
924 3534 1046 3566 cognati.

225 3561 310 3606 Agere
323 3565 409 3595 verbis
423 3575 471 3602 per
482 3566 679 3602 cognationem
689 3575 754 3596 cum
765 3566 868 3602 aliquo.
908 3565 968 3596 Cic.
985 3575 1028 3595 12.
1049 3565 1103 3594 Att.
1116 3569 1160 3599 48.
1182 3563 1253 3594 Eum
1264 3565 1333 3594 mul.

244 3606 279 3629 tis
290 3601 380 3666 ser‘biss
396 3611 473 3639 agere
489 3612 599 3633 mecum
619 3613 670 3641 per
686 3603 881 3641 cognationem
897 3612 957 3640 quae
975 3603 1046 3632 mihi
1063 3602 1157 3632 secum
1175 3601 1259 3638 esset,
1278 3604 1331 3633 Sco.

245 3647 292 3675 per
305 3648 361 3675 erip
374 3645 401 3667 lt.

226 3675 367 3709 Attingere
377 3676 493 3713 aliquem
510 3678 684 3714 cognatione.
707 3678 764 3708 Cic.
776 3689 803 3714 4.
823 3678 897 3708 Verr.
909 3686 955 3714 27.
993 3677 1026 3708 V.
1051 3686 1241 3707 AT'rrNco.

225 3712 448 3755 Commemorare
457 3716 585 3755 gratiam,
605 3716 776 3751 amicitiam,
796 3716 1059 3754 cognationemque.
1083 3715 1141 3745 Cic.
1156 3725 1184 3751 4.
1203 3715 1276 3745 Verr.
1287 3717 1333 3751 64.

226 3749 415 3784 conjunctum
431 3751 483 3792 elie
492 3753 657 3788 cognatione
666 3762 729 3782 curn
741 3753 842 3790 aliquo.
863 3754 920 3782 Cic.
932 3756 958 3783 6.
974 3753 1046 3782 Verr.
1057 3762 1102 3790 72.

226 3785 334 3815 Habere
344 3792 536 3828 cognationem
547 3799 618 3818 cum.
659 3790 779 3827 Quintil.
794 3791 841 3820 lib.
853 3800 875 3820 1.
888 3800 948 3828 cap.
964 3800 1005 3820 ro.
1028 3791 1084 3820 Sed
1099 3789 1183 3820 habet
1198 3790 1333 3826 maiorem

246 3824 383 3866 quandam
393 3823 472 3852 aliam
485 3834 547 3853 cum
559 3834 615 3855 arte
626 3827 751 3857 Oratoria
761 3829 966 3865 cognationem.

224 3860 333 3928 Ηὸὼεὶε
348 3860 466 3930 ἓίόιᾳυαηι
481 3863 705 3893 necellitudinem
716 3886 724 3900 ‚
745 3871 792 3894 aut
808 3867 1004 3902 cognationem
1016 3875 1081 3894 cum
1100 3865 1203 3903 aliquo.
1225 3864 1283 3894 Cic.
1303 3866 1334 3894 in

271 3908 298 3927 ra
314 3920 318 3926 .
331 3907 342 3926 1
387 3919 393 3925 .

222 3936 295 3966 Cum
312 3935 421 3972 praediis
433 3934 514 3964 alicui
526 3935 578 3965 esse
590 3938 792 3973 cognationem.
834 3939 893 3970 Cic.
910 3950 962 3978 pro
978 3940 1054 3970 Sulla
1067 3950 1110 3976 59.
1131 3940 1244 3969 Cincius
1262 3949 1335 3969 nun-

1853 122 1882 156 C
1980 124 2015 158 O
2113 123 2145 158 G

1440 212 1521 240 quam
1531 202 1578 231 sibi
1586 202 1779 244 cognationem
1789 212 1852 232 cum
1863 203 1973 241 praediis
1982 203 2036 232 esse
2046 205 2209 234 existimavit
2224 205 2284 235 suis.
2308 207 2323 235 i.
2334 216 2357 236 e.
2378 205 2479 236 Pra‘dia
2489 205 2532 237 sua

1442 243 1628 277 nunquamne
1643 241 1759 274 amavit,
1781 241 1847 277 quin
1861 252 1875 269 a
1887 240 1914 270 se
1925 262 1933 276 ‚
1956 242 1972 269 si
1991 243 2102 277 quando
2112 252 2183 281 opus
2194 244 2260 272 eil‘et
2272 266 2280 278 ,
2301 243 2440 273 alienaret.

1423 278 1539 314 JonCius
1549 278 1631 306 alicui
1642 279 1818 314 cognatione.
1859 278 1888 308 V.
1910 288 1922 312 J
1934 289 1949 307 u
1960 289 1977 306 N
1987 289 2005 307 c
2016 289 2041 307 o.
2592 307 2594 312 ,

1423 316 1505 352 jungi
1517 315 1685 351 cognatione
1695 315 1813 344 naturali
1829 325 1894 345 cum
1904 326 1934 345 re
1943 317 2042 352 aliqua.
2065 317 2124 346 Cic.
2139 327 2163 347 2.
2178 318 2213 346 de
2222 317 2313 346 Divin.
2329 328 2390 353 ¹4²·
2592 319 2598 356 i·

1425 356 1554 383 Retinere
1564 354 1623 388 jura
1635 353 1815 386 cognationis.
1837 354 1900 391 Ulp.
1912 354 1940 382 in
1952 354 1971 383 l.
1983 363 2006 383 r.
2019 355 2040 391 §.
2051 354 2262 391 Cognationem.
2277 355 2310 385 D.
2323 355 2404 385 Unde
2414 356 2534 392 cognati.
2600 360 2604 362 “

1423 391 1553 421 Dedecus
1563 390 1745 427 cognationis.
1785 391 1842 420 Cic.
1852 401 1902 428 pro
1912 390 2020 420 Cluent.
2036 397 2077 421 16.
2099 393 2178 422 Tulit
2189 393 2243 422 hoc
2255 403 2405 423 commune
2416 394 2536 423 dedecus
2594 398 2604 431 i,

1443 428 1555 457 familiae
1566 450 1574 462 ,
1594 427 1767 463 cognationis
1776 449 1785 464 ,
1805 429 1927 458 nominis
1937 450 1945 464 ‚
1965 431 2017 458 ἃς.
2593 425 2595 432 ⁴

1424 465 1548 494 Deorum
1558 465 1755 502 cognationem
1765 465 1921 502 agnoscere.
1945 465 2001 496 Cic.
2016 475 2039 495 1.
2055 466 2089 496 de
2098 466 2164 497 Nat.
2179 467 2263 497 Deor.
2272 476 2319 503 92.

1424 503 1549 532 Deorum
1561 503 1727 539 cognatione
1738 509 1847 532 tenetur
1855 504 1970 533 animus.
1993 503 2052 533 Cic.
2067 513 2089 533 1.
2101 504 2136 534 de
2147 504 2240 535 Divin.
2254 508 2299 541 ⁶4.

1425 541 1586 569 Litterarum
1605 541 1744 577 cognatio.
1766 541 1885 576 Quintil.
1897 541 1945 570 lib.
1960 551 1982 570 r.
1998 551 2058 578 cap.
2074 551 2116 570 ιο.

1425 577 1559 608 Officium
1570 578 1754 614 cognationis.
1795 578 1914 615 Quintil.
1928 578 1975 607 lib.
1986 589 2013 614 4.
2032 589 2055 608 r.
2087 579 2180 615 Quare
2200 580 2231 609 in
2251 580 2347 618 primis
2370 579 2536 611 existImetur
2588 592 2589 603 ¹

1444 615 1547 645 venisse
1555 615 1589 644 ad
1602 616 1745 651 agendum
1754 615 1854 645 duetus
1864 616 1958 645 officio
1970 638 1978 651 ,
1997 616 2042 645 vel
2051 618 2224 654 cognationis
2234 639 2241 651 ,
2263 618 2306 646 vel
2317 618 2457 647 amicitiae.
2588 633 2593 644 i

1425 654 1587 683 Studiorum
1595 654 1734 689 cognatio.
1776 653 1834 683 Cic.
1848 658 1874 682 6.
1893 654 2025 687 Verr.81.
2048 654 2118 690 Quae
2143 656 2273 691 cognatio
2292 656 2443 684 studiorum
2458 656 2484 684 Sc
2498 665 2538 684 ar-
2586 670 2593 685 ,η

1444 692 1514 720 tium
1528 691 1732 728 propemodum
1741 701 1798 720 non
1809 692 1900 721 minus
1907 691 1945 720 est
1960 691 2126 727 conjuncta,
2144 702 2229 729 quam
2237 693 2286 722 ista
2294 703 2348 730 qua
2360 702 2409 723 vos
2420 692 2537 722 delecta.
2586 691 2588 703 '

1445 729 1513 757 mini
1526 729 1632 765 generis
1643 730 1668 758 ἃ
1677 729 1807 758 nominis.

1426 766 1561 803 Cognatio
1579 766 1762 804 Peripateticis
1775 776 1840 796 cum
1860 765 2023 796 oratoribus.
2063 766 2121 796 Cic.
2130 777 2156 802 4.
2178 767 2261 797 Acad.
2276 777 2338 804 ῐῐς.
2373 768 2429 806 Age
2438 789 2446 802 ,
2467 768 2539 797 resli-
2588 765 2594 802 ἲ·

1445 811 1506 833 tero
1522 804 1707 841 Peripateticis
1718 826 1725 839 ,
1746 805 1792 840 qui
1808 805 1855 833 fibi
1870 814 1934 833 cum
1954 804 2110 834 oratoribus
2127 806 2325 844 cognationem
2334 805 2407 842 esse,
2426 806 2474 844 qui
2485 805 2560 842 cla...
2588 806 2593 811 “’

1447 851 1490 870 ros
1501 842 1599 871 virosa
1608 841 1634 870 se
1645 842 1790 871 instructos
1801 843 1897 871 dicant
1907 841 2045 879 Rempub.
2056 842 2126 879 saepe
2135 843 2232 873 rexisse
2240 844 2254 873 ‘2

1390 879 1465 909 Coc
1478 888 1609 914 N1T10‚
1631 879 1853 915 Cochrorr,
1875 879 2121 909 CocNosrms.
2162 880 2194 909 V.
2216 890 2431 911 eoGNosco.

1389 916 1412 946 C
1422 927 1438 945 O
1446 927 1463 945 G
1475 927 1494 945 N
1504 921 1521 946 ὅ
1532 928 1551 945 Μ
1561 926 1575 945 Ε
1586 926 1606 945 N
1616 939 1624 951 ,
1644 917 1708 946 inis.
1731 927 1757 945 n.
1780 917 1939 954 [ἐπίκλησιῃ
1962 917 2081 952 ἰπωνυμίσι
2091 939 2100 953 ‚
2121 917 2281 954 φῐξῶννμρν]
2301 919 2404 948 dicitur
2417 918 2539 956 Nomen,

1427 955 1503 992 quod
1514 954 1547 983 ab
1558 960 1659 984 eventu
1668 954 1761 991 aliquo
1775 977 1782 989 ‚
1803 961 1850 984 aut
1860 954 1938 984 simili
1949 955 1984 984 de
1992 955 2080 990 causa,
2101 956 2255 993 imponitur
2263 956 2356 986 alicui.
2396 956 2454 986 Cic.
2468 966 2490 986 1.
2502 958 2550 991 de,
2582 967 2588 989 i

1425 993 1446 1022 F
1450 994 1517 1021 inib.
1533 1000 1577 1027 23.
1599 993 1698 1029 Neque
1709 1003 1794 1029 quum
1806 992 1978 1030 Torquatum
1988 1015 1996 1026 ,
2017 994 2063 1030 qui
2076 993 2131 1023 hoc
2142 994 2246 1031 primus
2257 1003 2415 1032 cognomen
2425 995 2539 1025 invene·
2581 992 2589 1009 ¹·

1426 1031 1479 1066 rit,
1500 1038 1547 1059 aut
1556 1038 1683 1067 torquem
1695 1030 1773 1060 illum
1790 1031 1859 1060 hosti
1871 1029 2015 1060 detraxisse
2027 1052 2034 1065 ,
2047 1031 2100 1060 Sec.
2584 1033 2597 1049 '¹

1427 1068 1591 1105 Cognomen
1601 1067 1744 1097 necessitas
1761 1069 1882 1105 primum
1897 1068 2084 1105 excogitavit,
2106 1078 2192 1106 quum
2210 1078 2372 1107 praenomen
2390 1069 2417 1099 δι
2434 1079 2539 1100 nomen
2581 1045 2589 1105 l

1445 1106 1614 1143 quandoque
1624 1115 1681 1134 non
1691 1105 1752 1135 satis
1764 1105 1818 1135 esse
1835 1106 1996 1135 viderentur
2010 1106 2044 1135 ad
2062 1106 2192 1136 homines
2211 1106 2440 1144 distinguendos:
2460 1108 2539 1145 post,
2595 1108 2597 1114 ⁴

1447 1143 1509 1173 usus
1521 1145 1545 1173 Sc
1555 1143 1740 1173 commoditas
1750 1144 1896 1174 custodivit
1911 1146 1936 1174 &
1948 1144 2120 1180 propagavit.
2160 1144 2217 1180 Qui
2232 1154 2298 1173 vero
2309 1146 2453 1182 Agnomen
2463 1145 2539 1175 aliud
2582 1163 2587 1172 „

1447 1181 1502 1210 eise
1520 1190 1533 1209 a
1548 1182 1716 1218 cognomine
1726 1181 1900 1211 tradiderunt
1910 1203 1918 1215 ‚
1939 1182 1958 1210 ii
1969 1181 2037 1210 mihi
2048 1181 2109 1211 satis
2122 1183 2198 1219 quod
2208 1181 2330 1211 sentiunt
2343 1192 2400 1211 non
2411 1182 2537 1220 probant.
2587 1181 2593 1206 5

1446 1228 1481 1248 ex
1491 1229 1588 1248 eorum
1600 1229 1666 1248 vero
1677 1228 1795 1248 numero
1806 1220 1977 1257 grammatici
1988 1226 2093 1249 veteres
2101 1220 2220 1248 existunt
2230 1241 2238 1253 ,
2259 1220 2306 1256 qui
2317 1221 2484 1258 cognomina
2494 1230 2540 1264 ap-
2556 1226 2560 1231 ’
2580 1214 2595 1242 <³7¹

1446 1256 1553 1295 pellant
1566 1266 1599 1286 ea
1612 1266 1671 1293 quae
1684 1257 1765 1286 tertio
1778 1257 1860 1293 loco,
1881 1267 1941 1294 quae
1956 1266 2022 1286 vero
2040 1263 2171 1294 praeterea
2186 1258 2370 1293 adjiciuntur,
2391 1268 2424 1287 ea
2446 1268 2538 1288 omma
2581 1264 2588 1289 i?

1447 1295 1597 1331 agnomina
1606 1302 1788 1331 nuncupant,
1809 1302 1840 1324 ut
1852 1296 2010 1324 Africanum
2025 1296 2051 1324 &
2064 1295 2218 1325 Afiaticum.
2245 1295 2380 1331 ejusmodi
2397 1305 2462 1325 vero
2481 1297 2541 1334 opi-
2579 1317 2582 1332 z

1447 1332 1496 1361 nio
1508 1332 1590 1361 facile
1604 1332 1808 1370 locupletissimi
1818 1334 1937 1363 auctoris
1948 1333 2093 1362 Ciceronis
2104 1333 2193 1362 verbis
2203 1332 2352 1363 refellitur:
2373 1333 2449 1371 apud
2458 1343 2539 1371 quem
2579 1334 2593 1359 ³?

1445 1370 1665 1399 animadvertere
1683 1370 1823 1408 possumus
1835 1393 1841 1406 ,
1861 1381 1894 1400 ea
1904 1371 1998 1399 omnia
2007 1371 2175 1407 cognomina
2185 1371 2258 1406 dici,
2279 1381 2338 1406 qua:
2350 1371 2433 1400 etiam
2444 1377 2540 1409 quarto
2550 1364 2561 1385 “
2599 1377 2601 1381 '

1445 1407 1511 1438 loco
1522 1414 1673 1445 ponuntur.
1712 1409 1758 1438 Sic
1768 1409 1845 1438 enim
1861 1409 1958 1446 aitpro
1974 1407 2084 1438 Muren.
2097 1417 2140 1445 3¹-
2183 1409 2275 1446 Quam
2287 1409 2398 1438 laudern
2411 1408 2460 1438 ille
2475 1409 2540 1439 Afri.

1445 1456 1479 1475 ca
1489 1445 1614 1484 oppressa
1624 1468 1633 1481 ,
1653 1447 1822 1483 cognomine
1830 1446 1889 1484 ipso
1900 1446 2061 1484 praeferebat
2071 1468 2080 1481 ,
2101 1446 2220 1476 eandem
2237 1446 2285 1476 hic
2303 1447 2350 1475 sibi
2366 1456 2401 1476 ex
2415 1447 2480 1476 Asiae
2491 1456 2539 1476 no.
2580 1443 2589 1448 ”

1444 1484 1521 1513 mine
1531 1483 1677 1522 assumpsit.
1691 1484 1757 1514 Etin
1769 1485 1884 1514 Somnio
1895 1494 1920 1513 2.
1943 1484 2054 1521 Eritque
2060 1494 2218 1522 cognomen
2227 1485 2256 1513 id
2266 1484 2317 1513 tibi
2327 1494 2376 1522 per
2385 1492 2413 1514 te
2421 1492 2538 1523 partum,
2577 1480 2587 1509 ’ἶ

1446 1522 1523 1559 quod
1540 1521 1624 1551 habes
1642 1522 1734 1551 adhuc
1751 1531 1766 1551 a
1785 1522 1867 1551 nobis
1891 1522 2098 1552 hereditarium.
2138 1521 2216 1551 Idem
2241 1522 2363 1552 Divitem
2384 1531 2557 1563 cognomenq
2570 1527 2587 1552 :¹

1446 1566 1528 1589 vocat
1539 1568 1564 1588 2.
1577 1559 1611 1588 de
1623 1559 1681 1589 Off.
1695 1570 1737 1596 57.
1758 1561 1788 1589 in
1800 1560 1839 1590 M.
1854 1560 1962 1589 Licinio
1973 1559 2064 1589 Crasso
2075 1581 2084 1595 ,
2105 1560 2181 1597 quod
2192 1566 2285 1590 tamen
2295 1566 2392 1598 quarto
2401 1559 2466 1591 loco
2474 1567 2538 1591 erat.
2574 1576 2587 1588 r

1446 1597 1487 1627 Ex
1499 1597 1570 1627 libro
1582 1597 1675 1627 Caroli
1686 1597 1792 1636 Sigonii
1802 1598 1837 1627 de
1849 1597 2016 1627 Nominibus
2029 1597 2227 1628 Romanorum.
2574 1619 2576 1626 .

1427 1635 1541 1666 Nomen
1551 1642 1643 1666 autem
1657 1645 1743 1673 quum
1760 1636 1896 1671 dicimus,
1914 1645 2074 1673 cognomen
2093 1645 2224 1674 quoque,
2247 1637 2274 1667 &
2289 1644 2429 1675 agnomen
2443 1634 2542 1666 intelli-
2572 1653 2589 1675 i

1446 1682 1525 1711 gatur
1535 1680 1656 1711 oportet.
1679 1673 1738 1703 Cic.
1750 1683 1776 1703 2.
1788 1674 1824 1703 de
1834 1674 1939 1703 invent.
1953 1679 1998 1707 ²8·
2573 1678 2576 1694 ²

1427 1712 1534 1741 Gradus
1544 1712 1729 1748 cognominis.
1751 1711 1834 1742 Ovid.
1853 1722 1874 1741 1.
1896 1711 1963 1741 Fast.
1976 1714 2039 1741 ⁶06.
2574 1735 2575 1738 .

1446 1750 1568 1817 (1.ἂῆεο
1577 1749 1675 1787 gradus
1684 1749 1722 1779 est
1732 1749 1830 1780 Fabios
1841 1750 1921 1788 supra
1928 1748 2106 1787 cognominis
2120 1748 2204 1780 ullus.
2271 1749 2346 1787 Quia
2355 1748 2412 1781 scil.
2423 1747 2538 1782 Maximi
2565 1766 2577 1782 .

1468 1797 1474 1816 1
1506 1798 1513 1816 ι
1534 1793 1593 1816 unt.
2583 1798 2587 1803 ·

1426 1825 1520 1856 Haeres
1532 1824 1718 1863 cognominis
1738 1823 1822 1855 Ovid.
1842 1835 1866 1855 1.
1889 1824 1956 1854 Fast.
1974 1828 2039 1863 ὄις.

1428 1863 1543 1893 Clarum
1554 1872 1722 1900 cognomen.
1745 1862 1818 1900 Virg.
1828 1868 1854 1897 8.
1872 1863 1934 1893 ffin.
1950 1869 1996 1898 48.

1507 1901 1635 1930 Ascanius
1644 1900 1709 1929 clari
1720 1902 1825 1930 condet
1834 1902 2009 1938 cognominis
2018 1901 2124 1932 Albam.

1426 1939 1565 1970 Extraneo
1576 1938 1744 1975 cognomine
1754 1939 1859 1977 aliquid
1869 1939 2065 1970 demonstrare.
2086 1940 2163 1970 Aust.
2174 1939 2210 1969 ad
2219 1939 2320 1971 Heren.
2332 1949 2396 1978 442.

1426 1977 1563 2016 Optivum
1571 1986 1738 2013 cognomen,
1749 1986 1800 2014 pro
1812 1977 1950 2015 Adoptivo
1961 1987 2010 2015 per
2020 1978 2167 2015 aphaeresin
2177 1978 2250 2008 dixit
2258 1977 2540 2018 Hot.2.Episs.2.xor.³

1518 2014 1638 2044 Discedo
1654 2014 1758 2043 Alcaeus
1773 2016 1878 2053 puncto
1888 2014 1981 2045 illius:
2002 2015 2050 2045 ille
2059 2025 2123 2045 meo
2134 2016 2214 2053 quis?

1519 2053 1590 2089 Quis
1600 2074 1608 2087 ,
1630 2051 1679 2080 nisi
1693 2051 1902 2082 Callimachus?
1923 2053 1952 2082 Si
1967 2053 2029 2090 plus
2038 2053 2187 2091 adposcere
2200 2053 2290 2090 visus,

1517 2090 1562 2120 Fit
1575 2090 1760 2120 Mimnermus
1769 2112 1777 2126 ‚
1799 2092 1824 2120 ἃ
1835 2091 1930 2128 optivo
1940 2092 2108 2128 cognomine
2122 2091 2227 2122 crescit.

1426 2127 1574 2158 Paternum
1586 2137 1753 2165 cognomen.
1775 2128 1841 2158 Hor.
1858 2138 1882 2157 1.
1899 2128 1980 2166 Epist.
1994 2138 2036 2165 13.
2051 2135 2075 2163 8.
2095 2130 2130 2158 ad
2140 2129 2254 2159 Vinium
2263 2128 2388 2160 Asellam.

1519 2166 1642 2195 Clitellas
1658 2166 1730 2195 serus
1746 2167 1882 2204 impingas
1892 2188 1900 2201 ‚
1926 2166 2066 2204 Asinaeque
2076 2173 2223 2205 paternum

1520 2204 1683 2242 Cognomen
1695 2211 1783 2233 vertas
1799 2205 1827 2233 in
1840 2203 1923 2234 risum
1934 2226 1942 2240 ,
1965 2205 2016 2234 &c.

1428 2241 1547 2272 Priscum
1560 2264 1567 2277 ,
1589 2242 1607 2271 i.
1624 2251 1648 2270 e.
1672 2241 1765 2271 Vetus.
1790 2242 1886 2272 Claud.
1899 2251 1925 2272 2.
1936 2243 1965 2271 in
1977 2243 2090 2281 Eutrop.
2102 2251 2168 2279 243.

1428 2279 1514 2309 Prisca
1524 2280 1692 2316 cognomina
1703 2279 1839 2309 locorum.
1862 2279 1981 2318 Propert.
1992 2281 2040 2309 lib.
2053 2292 2080 2317 ⁴·
2096 2290 2119 2312 1.
2130 2285 2177 2316 69.

1427 2319 1561 2355 Accipere
1569 2327 1734 2355 cognomen.
1758 2317 1826 2347 Plin.
1840 2318 1886 2347 lib.
1902 2327 1943 2354 33.
1958 2328 2018 2356 cap.
2033 2328 2077 2348 ιο.

1426 2356 1535 2385 Addere
1545 2364 1704 2392 cognomen
1717 2355 1807 2385 alicui.
1848 2355 1905 2385 Liv.
1918 2366 1941 2384 1.
1953 2365 2013 2394 cap.
2029 2366 2072 2386 10.
2102 2356 2322 2395 Cognomenque
2339 2355 2449 2387 addidit
2469 2356 2538 2394 deos
2559 2355 2563 2396 l

1445 2392 1575 2431 juppiter
1589 2394 1708 2428 Feretri,
1729 2394 1835 2430 inquit,
1856 2394 1915 2423 haec
1928 2394 1996 2430 tibi,
2011 2395 2064 2424 Sec.
2562 2408 2563 2415 ¹

1427 2431 1549 2461 Ascisere
1560 2431 1677 2466 alicujus
1687 2431 1734 2460 rei.
1757 2431 1804 2461 Sil.
1818 2430 1866 2460 lib.
1887 2442 1910 2460 1.
1925 2442 1986 2466 155.

1521 2469 1636 2498 Auriferi
1647 2468 1740 2506 Tagus
1752 2469 1836 2499 ascito
1846 2470 2015 2507 cognomine
2024 2469 2118 2500 fontis.

1428 2506 1575 2536 Collocare
1589 2516 1746 2544 cognomen
1758 2529 1766 2542 ,
1787 2517 1837 2545 pro
1848 2514 1925 2537 certo
1935 2508 2059 2537 nomine.
2082 2507 2156 2537 Aust.
2174 2506 2210 2536 ad
2221 2506 2324 2537 Heren.
2333 2517 2359 2543 4.
2372 2516 2418 2543 ⁴2.

1427 2544 1695 2612 CXnsenescithujus
1706 2554 1865 2583 cognomen
1875 2555 1929 2575 una
1944 2555 2010 2575 cum
2023 2545 2106 2575 Crassi
2120 2545 2222 2575 Divitis
2232 2546 2410 2583 cognomine.
2444 2544 2500 2576 Cic.
2510 2554 2536 2577 2.
2574 2559 2577 2562 ·

1471 2588 1503 2611 tt.
1519 2593 1529 2612 1
1554 2605 1560 2611 .
2567 2603 2569 2606 ι

1428 2620 1508 2650 Dare.
1537 2592 1616 2650 ³Plin.
1630 2620 1678 2650 lib.
1695 2629 1735 2650 η.
1747 2630 1808 2658 cap.
1824 2629 1867 2657 13.
1899 2620 2086 2650 Cinnamomo
2103 2620 2233 2658 proxima
2254 2619 2395 2657 gentilitas
2418 2626 2491 2656 erat,
2509 2619 2538 2653 ui
2553 2622 2570 2661 ,ζ

1446 2659 1522 2695 prius
1532 2658 1636 2688 Arabiae
1648 2659 1756 2688 divitias
1770 2658 1887 2688 indicari
1897 2659 2079 2694 conveniret,
2100 2657 2246 2695 causasque
2258 2668 2319 2696 quae
2334 2668 2490 2697 cognomen
2499 2657 2539 2688 illi

1449 2696 1546 2726 Felicis
1561 2706 1594 2726 ac
1604 2696 1693 2726 Beatae
1702 2696 1814 2726 dedere.

1427 2733 1534 2801 DSamus
1544 2735 1623 2763 tardo
1633 2744 1791 2772 cognomen
1806 2734 1916 2773 pingui.
1936 2734 1956 2765 i.
1967 2743 1992 2764 e.
2014 2734 2148 2772 Pinguem
2158 2742 2290 2763 vocamus
2298 2734 2417 2764 tardum.
2440 2733 2506 2764 Hor.
2515 2742 2539 2764 1·
2564 2748 2567 2753 ·

1470 2782 1536 2801 erm.
1568 2795 1574 2802 .
1611 2777 1635 2806 8.
2514 2780 2516 2782 ’

1428 2809 1494 2839 Dari
1507 2781 1666 2848 cog³n05men
1676 2810 1758 2839 alicui
1768 2819 1804 2839 ex
1813 2809 1947 2839 moribus.
1982 2808 2054 2839 Flor.
2071 2819 2094 2839 ι.
2107 2818 2133 2846 7.
2149 2819 2171 2838 1.
2194 2808 2347 2839 Postremus
2358 2807 2537 2847 omniumfuit
2561 2824 2567 2856 c

1448 2858 1543 2884 regum
1551 2848 1719 2885 Tarquinius
1730 2870 1737 2882 ,
1758 2848 1804 2877 cui
1815 2857 1973 2885 cognomen
1984 2847 2109 2884 Superbo
2121 2856 2156 2876 ex
2167 2847 2290 2876 moribus
2301 2848 2406 2877 datum.

1429 2885 1557 2922 Deligere
1568 2895 1726 2923 cognomen
1736 2895 1770 2914 ex
1780 2886 1944 2923 imaginibus
1952 2885 2069 2921 alicujus
2076 2883 2196 2915 familiae.
2226 2885 2284 2915 Cic.
2296 2895 2348 2923 pro
2359 2884 2469 2915 Cluent.
2479 2892 2521 2922 7²·
2563 2890 2565 2893 ’

1429 2923 1529 2953 Dicere
1546 2924 1723 2961 cognomine.
1746 2923 1818 2959 Virg.
1831 2933 1854 2958 3.
1867 2923 1927 2953 AEn.
1944 2927 2005 2959 163.

1521 2961 1565 2991 Est
1575 2962 1652 2990 locus
1663 2983 1671 2996 ,
1694 2961 1853 2998 Hesperiam
1866 2961 1937 2991 Graii
1948 2959 2116 2998 cognomine
2127 2959 2234 2989 dicunt.

1428 2998 1529 3029 Dicere
1537 3000 1705 3037 cognomine
1717 3009 1742 3028 a.
1764 2997 1835 3036 Virg.
1848 3007 1873 3035 3.
1887 2999 2017 3034 IEn.334.
2038 3013 2075 3018 —
2085 2998 2225 3027 Chaonios
2239 2997 2410 3035 cognomine
2423 3004 2536 3035 campos,

1521 3037 1729 3074 Chaoniamque
1740 3046 1854 3066 omnem
1865 3035 1988 3072 Trojano
2003 3046 2018 3065 a
2027 3035 2142 3066 Chaone
2151 3036 2230 3065 dixit.
2554 3035 2558 3045 ¹

1430 3075 1493 3105 Dici
1502 3075 1619 3111 alicujus
1631 3075 1808 3111 cognomine.
1831 3074 1904 3111 Virg.
1919 3083 1943 3110 3.
1956 3074 2018 3104 AEn.
2029 3083 2092 3109 702.

1522 3112 1709 3149 Immanisque
1719 3112 1787 3142 Gela
1798 3133 1806 3147 ,
1830 3112 1905 3141 fluvii
1916 3112 2085 3149 cognomine
2095 3110 2177 3141 dista.

1430 3149 1538 3180 Habere
1553 3150 1681 3189 sapientis
1692 3159 1858 3187 cognomen.
1879 3149 1938 3179 Cic.
1953 3149 1989 3179 de
2000 3149 2109 3178 Amicit.
2123 3152 2151 3178 6.

1429 3188 1578 3226 Imponere
1589 3197 1748 3226 cognomen
1759 3187 1850 3217 alicui.
1872 3187 1940 3217 Hor.
1959 3197 1985 3216 2.
2001 3186 2090 3216 Serm.
2104 3195 2127 3221 3.
2141 3188 2186 3217 26.

1715 3241 1752 3246 -—
1759 3225 1834 3254 unde
1844 3224 1997 3262 frequentia
2012 3223 2178 3254 Mercuriale

1524 3263 1683 3301 Imposuere
1693 3262 1764 3292 mihi
1772 3272 1930 3300 cognomen
1940 3262 2074 3299 compita.

1429 3298 1541 3332 Invenit
1553 3310 1712 3337 cognomen
1724 3307 1824 3337 torque
1836 3300 1958 3330 detracta
1970 3298 2098 3329 Manlius.
2121 3297 2178 3329 Cic.
2190 3306 2216 3335 3.
2228 3296 2284 3327 Off.
2298 3306 2361 3328 112.
2565 3322 2570 3342 ὲ

1432 3339 1531 3369 Manet
1541 3349 1700 3376 cognomen
1712 3338 1805 3368 alicui.
1840 3338 1871 3367 ln
1891 3348 1913 3367 M
1923 3347 1943 3366 A
1953 3347 1974 3366 N
1983 3347 1998 3366 a
2007 3346 2034 3366 o.
2544 3346 2576 3389 Ns,

2562 3438 2569 3453 U

1430 3376 1540 3406 Merere
1551 3385 1718 3413 cognomen.
1734 3389 1737 3392 ⁴
1756 3375 1851 3405 Vellei.
1862 3385 1888 3405 2.
1901 3386 1925 3410 ς.
1939 3384 1963 3405 r.
1986 3373 2265 3411 Gallaecicognomen
2276 3371 2386 3402 meruit.

1429 3413 1538 3444 Partum
1551 3423 1710 3451 cognomen
1721 3413 1924 3443 haereditarium
1933 3412 1993 3442 erit.
2015 3412 2073 3441 Cic.
2086 3412 2122 3441 de
2137 3413 2233 3441 Somn.
2246 3411 2320 3448 Scip.
2331 3419 2359 3440 2.
2562 3432 2574 3444 ,Α

1430 3451 1486 3481 Prae
1502 3451 1527 3481 se
1537 3452 1606 3481 serre
1622 3451 1733 3481 laudem
1745 3450 1804 3489 ipso
1815 3451 1992 3488 cognomine.
2016 3450 2073 3479 Cic.
2086 3458 2136 3492 pro
2147 3449 2256 3478 Muren.
2276 3456 2320 3484 31.
2571 3451 2573 3491 ἱ
2603 3458 2604 3491 ζ

1430 3490 1513 3519 Alteri
1523 3490 1654 3527 Capitoni
1666 3498 1823 3526 cognomen
1834 3489 1879 3517 est.
1904 3488 1962 3517 Cic.
1980 3497 2031 3525 pro
2039 3487 2117 3516 Rosc.
2131 3487 2218 3516 Amet.
2237 3495 2280 3523 17.
2553 3486 2570 3523 ἐξ
2595 3493 2604 3537 ὃ

1429 3528 1544 3556 Sumere
1558 3536 1716 3563 cognomen
1727 3536 1762 3555 ex
1771 3524 1862 3562 aliqua
1871 3534 1909 3555 re.
1931 3526 1989 3554 Cic.
2001 3528 2027 3554 6.
2040 3524 2137 3562 Philip.
2151 3533 2194 3553 11.
2554 3526 2562 3543 ³

1429 3565 1552 3594 Trahere
1562 3573 1595 3593 ex
1608 3564 1787 3594 contumelia.
1810 3563 1868 3593 Cic.
1882 3571 1906 3598 3.
1920 3562 2019 3599 Philip.
2033 3566 2074 3591 16.
2601 3557 2604 3575 l

1427 3602 1473 3632 Uti
1486 3603 1653 3640 cognomine
1665 3602 1782 3637 generis.
1804 3601 1860 3631 Cic.
1870 3610 1921 3638 pro
1936 3600 2045 3630 Cluent.
2058 3607 2103 3636 72.
2468 3630 2471 3636 ¹
2541 3608 2543 3620 ι
2593 3594 2604 3650 0¹

1429 3640 1603 3676 Cognomen,
1625 3650 1675 3677 pro
1688 3639 1826 3677 Epitheto.
1866 3639 1942 3668 Suet.
1954 3639 1983 3667 in
1994 3637 2081 3674 Calig.
2094 3646 2156 3674 cap.
2167 3645 2212 3666 22.
2235 3634 2532 3676 Compluribuscognq-
2595 3658 2604 3688 C

1448 3678 1571 3707 minibus
1583 3678 1726 3715 assumptis
1740 3686 1746 3706 ε
1769 3686 1835 3705 nam
1851 3677 1876 3706 ἃ
1888 3676 1966 3708 Pius,
1988 3677 2013 3705 ἃ
2024 3675 2177 3704 Castrorum
2189 3673 2281 3708 filius,
2301 3674 2328 3703 &
2346 3673 2422 3704 Pater
2437 3677 2532 3702 exerc}-

1448 3723 1527 3744 tuum
1537 3737 1545 3750 ,
1567 3717 1593 3745 ὁὶ
1605 3715 1737 3752 Optimus
1750 3714 1890 3743 Maximus
1900 3712 1987 3743 Caesar
1998 3712 2154 3741 vocabatur.
2176 3711 2303 3741 Budaeus.
2540 3727 2541 3748 5
2557 3697 2566 3742 i
2592 3733 2604 3763 C

1429 3753 1595 3790 Cngnomen
1605 3755 1688 3782 etiam
1699 3751 1790 3782 herbae
1802 3752 1936 3780 additum.
1961 3749 2028 3780 Plin.
2040 3749 2087 3778 lib.
2097 3758 2143 3785 ²5·
2156 3758 2216 3786 cap.
2228 3759 2254 3784 9.
2539 3751 2541 3775 l

1391 3790 1413 3821 C
1423 3801 1439 3819 o
1449 3800 1466 3818 c.
1476 3800 1494 3818 N
1506 3800 1523 3818 o
1534 3800 1553 3818 M
1563 3791 1574 3819 ῑ
1583 3799 1603 3818 N
1611 3801 1620 3819 1
1630 3800 1641 3820 s
1649 3812 1657 3825 ,
1677 3800 1701 3819 e.
1724 3789 1906 3825 [ὀμώνιιμΘ-ι]
1926 3788 2018 3817 Festus
2028 3797 2036 3822 ;
2058 3787 2259 3824 Cognomines,
2280 3785 2338 3822 Qui
2350 3781 2469 3821 ejusdem
2477 3779 2532 3810 sunt
2599 3773 2604 3802 Ι

1430 3827 1615 3864 cognominis.
1647 3827 1732 3856 Plaut.
1746 3826 1843 3856 Bacch.
1860 3836 1881 3855 r.
1899 3836 1921 3854 1.
1935 3836 1958 3860 ς.
1982 3825 2059 3861 Quid
2073 3831 2158 3861 agunt
2167 3833 2303 3860 germanae
2314 3824 2374 3852 duae
2384 3819 2532 3851 meretrices
2598 3821 2604 3841 ὃ

1429 3865 1620 3902 cognomines.
1644 3865 1714 3894 Plin.
1727 3865 1888 3901 lib.6.cap.
1902 3874 1927 3892 2.
1950 3863 2015 3899 Quo
2025 3862 2088 3891 loco
2100 3861 2224 3890 Henetus
2233 3860 2429 3897 adjicitNepos
2438 3857 2533 3888 Corne⁴
2567 3879 2569 3882 ψ
2589 3846 2604 3879 cs

1428 3903 1498 3936 lius,
1520 3903 1642 3939 aquibus
1652 3903 1681 3931 in
1693 3902 1772 3932 ltalia
1781 3909 1855 3931 ortos
1874 3900 2056 3938 cognomines
2074 3908 2170 3928 eorum
2192 3899 2312 3928 Venetos
2328 3897 2402 3926 credi
2413 3892 2532 3942 postulat·
2588 3897 2604 3954 cg

1430 3940 1503 3977 Virg.
1516 3944 1543 3969 6.
1555 3939 1617 3969 AEn.
1631 3944 1693 3977 3⁶3·
1854 3952 1891 3959 —
1901 3937 2003 3976 gaudet
2015 3937 2182 3973 cognomine
2193 3943 2273 3966 terra.
2353 3933 2406 3963 Ubi
2415 3929 2538 3998 sergii&
