2604 4222
177 219 251 257 278
638 208 666 240 A
763 203 784 238 S
864 201 884 236 S

174 294 194 325 A
204 304 216 324 s
226 303 274 323 sis
284 303 303 321 ‘r
313 302 330 321 o
341 314 348 326 .,
386 291 437 320 stiti
449 311 456 324 ,
470 288 577 318 aststum
588 309 595 319 ,
618 288 632 323 [
646 283 798 319 πώςκμι]
818 284 872 312 Ere.
898 277 984 309 Astare
993 280 1030 322 est
1044 301 1051 313 ,
1065 279 1092 307 h.
1105 288 1129 307 e.
1148 276 1253 320 Stando
1263 284 1330 313 prae-

214 331 319 361 sentem
334 301 444 365 &quma
451 326 513 355 esse.
537 325 619 354 Plani.
633 324 720 354 Nicro.
734 333 756 356 ς.
771 334 796 354 4.
813 324 854 349 16.
889 319 946 355 Ego
960 318 1074 346 assistam
1085 316 1152 345 hinc
1162 313 1331 343 altrinsecus.

216 370 337 399 Assistere
348 390 355 401 ,
378 365 526 402 Qiiescere
536 385 543 397 ,
566 373 621 391 non
632 361 744 390 moveri.
767 359 832 388 Plin-
844 357 891 385 lib.
905 360 947 391 36.
961 365 1020 392 cap.
1037 359 1077 383 16.
1120 354 1198 389 Quid
1210 353 1272 381 serti
1283 351 1333 379 du-

236 408 297 436 ritia
310 404 483 443 pugnacius?
504 401 557 430 Sed
569 400 643 429 cedit
656 398 795 435 &patitur
807 404 912 424 mores:
924 394 1039 422 trahitur
1051 401 1170 427 namque
1181 400 1195 419 a
1206 396 1335 426 magnete

235 445 345 482 lapide:
371 438 711 475 doniitrixqueillarcruin
723 434 850 463 omnium
861 432 974 460 materia
989 453 997 465 ,
1017 430 1052 458 ad
1068 430 1149 458 inane
1165 427 1256 457 nescio
1268 426 1335 463 quid

238 483 322 512 currit
332 503 338 515 ,
361 487 441 515 arque
453 484 483 506 ut
496 476 610 513 propius
621 474 698 502 venit
709 495 716 507 ,
738 471 830 501 assistit
840 492 848 504 ,
868 477 1032 505 teneturque
1044 469 1069 497 Sc
1081 466 1230 503 complexu
1240 465 1335 493 haeret.

218 520 317 551 Assistit
328 519 424 547 reetus.
447 515 505 543 Cic.
519 523 543 550 3.
564 513 599 542 de
614 512 673 541 sin.
688 522 730 546 54.
773 510 810 538 lta
829 508 918 544 jacere
939 506 1026 536 talum
1035 527 1043 541 ,
1069 513 1101 534 ut
1120 505 1210 533 restus
1229 502 1336 532 assistat.

238 558 323 588 Ovid.
337 566 361 593 7.
383 555 452 583 Met.
463 556 527 587 640.

350 594 387 621 Ac
397 591 423 620 se
434 589 531 619 tollere
546 588 631 617 humo
643 608 651 620 ,
671 586 802 622 fessoque
817 582 933 612 assistere
948 587 1059 610 trunco.

220 632 343 663 Assistere
354 626 601 668 propteraliqueiii.
641 623 705 653 Ter.
717 622 795 652 Adel.
806 631 874 654 2.-.,1.
889 630 932 657 15.
955 620 1009 650 Hic
1020 622 1133 658 propter
1149 616 1226 647 hunc
1242 613 1338 644 assiste.

221 670 263 700 Ad
272 670 353 698 sores.
375 667 433 696 Cic.
446 675 469 700 3.
483 664 557 692 Verr.
574 666 619 692 66.

220 707 338 737 Divinis.
362 705 427 734 Hor.
440 713 463 732 1.
478 702 563 731 Serni.
580 706 606 730 ὁ.
623 709 686 734 114.

221 745 253 775 Iri
270 744 361 773 armis.
384 741 456 778 Virg.
473 750 515 768 11.
533 739 593 770 IEu.
611 747 676 774 710.

221 782 357 812 Precariti.
379 779 462 809 Ovid.
479 788 501 806 1.
517 776 582 806 fast.
677 774 718 804 Sis
729 783 818 812 prope
828 772 999 802 sacerdotem
1010 774 1181 809 precantem.

222 819 343 849 Assistere
355 824 453 846 contra
463 815 594 851 aliquem.
617 813 674 842 Cic,
689 822 714 841 2.
733 813 770 841 de
781 810 876 849 Legib.
894 821 934 839 10.
975 810 1034 838 Nec
1052 808 1115 844 quia
1129 812 1264 840 nusquam
1285 805 1343 831 erat·

239 857 374 893 scriptum
384 877 392 889 ,
414 862 445 883 ut
462 860 559 882 contra
571 860 669 881 omnes
682 850 800 879 hostium
814 849 910 886 copias
921 848 949 877 in
967 854 1054 885 ponte
1068 854 1139 874 unus
1157 842 1286 872 assisteret
1297 862 1304 875 ,
1326 849 1342 870 a

238 902 280 923 ter
291 904 317 923 xo
327 905 330 906 ⁷
339 903 374 922 ue
408 894 460 922 &a

222 905 363 966 Ass'iii'eiiiz,
382 915 460 968 'quod
471 928 569 958 Cicero
585 926 697 962 Adesse,
719 925 905 963 patrocinari,
926 924 1093 952 advocatum
1112 919 1176 948 esse.
1200 916 1263 955 Ulp.
1278 916 1305 944 in
1320 913 1340 943 l.

244 982 286 1005 54.
307 969 340 999 D.
363 969 397 998 de
407 969 446 997 rei
456 967 595 996 vendicat.
1188 993 1193 998 ¹
1238 992 1244 998 η
1266 992 1271 998 ι

186 1008 227 1039 As
237 1018 248 1037 5
259 1020 267 1036 1
278 1016 366 1037 s'rsN
376 1016 387 1035 s
398 1028 406 1042 ,
428 1006 525 1035 Partic.
548 1001 712 1039 [maweu]
734 997 853 1037 Quintil.
867 998 914 1028 lib.
930 1008 940 1026 1
950 1008 971 1026 1.
984 1006 1045 1034 cap.
1060 1006 1083 1025 1.
1126 993 1174 1023 Vel
1186 992 1283 1035 iudici,
1299 988 1343 1019 vel

224 1047 308 1076 etiam
322 1043 503 1074 assistentibus
520 1042 589 1078 ratio
607 1040 703 1069 nostrae
717 1038 916 1068 moderationis
935 1035 1043 1073 probari
1056 1032 1149 1063 debet.
1172 1030 1242 1061 Geli.
1255 1029 1302 1058 lib.
1315 1037 1340 1057 2.

223 1094 283 1121 cap.
297 1093 322 1112 2.
365 1082 469 1111 Etcum
484 1077 665 1109 assistentibus
675 1077 755 1106 nobis
766 1073 1008 1105 sermocinabatur.

185 1122 207 1152 A
217 1133 228 1151 s
239 1132 251 1151 s
262 1132 278 1149 0
290 1143 298 1157 ,
313 1124 367 1149 stre.
389 1117 582 1148 Contabulare.
624 1116 655 1144 V.
685 1125 703 1144 A
713 1124 725 1144 5
736 1124 747 1143 5
758 1124 771 1143 iz
780 1124 804 1142 R.
1249 1143 1255 1149 ι

186 1160 207 1190 A
219 1169 250 1189 ss
260 1169 277 1188 o
288 1181 296 1194 ,
318 1155 437 1195 [ὀπόίω]
458 1160 512 1186 are.
535 1155 669 1191 Coquere.
712 1151 799 1181 Assare
812 1152 898 1187 jecur.
922 1149 1029 1187 Apim.
1042 1158 1064 1177 1.
1104 1145 1175 1177 Inde
1184 1143 1282 1174 Parae.
1299 1140 1343 1170 As-

222 1197 294 1226 satus
305 1219 312 1231 ,
335 1206 349 1225 a
360 1205 415 1233 quo
425 1194 566 1224 inassatus.
588 1202 613 1228 q.
630 1191 661 1220 V.
702 1189 783 1219 Conf.
806 1198 864 1218 ass
875 1197 923 1217 us.
1157 1221 1161 1226 Ι
1187 1220 1192 1226 ·
1308 1217 1313 1222 ι

185 1235 206 1266 A
215 1246 227 1265 5
235 1245 247 1264 5
257 1243 304 1264 ΛΤ
313 1244 331 1263 u
340 1244 356 1262 a
365 1244 383 1262 A
391 1255 399 1268 ,
413 1243 443 1262 ae.
467 1230 610 1269 [Zama]
631 1229 733 1258 Carnes
752 1226 821 1256 assae
861 1225 934 1255 Flav.
965 1222 1098 1261 Vopiscus
1113 1220 1207 1251 scribit
1224 1217 1344 1248 Aurelia-

224 1283 293 1302 num
301 1273 496 1310 imperatorem
505 1268 665 1298 convivium
676 1266 711 1295 de
722 1264 844 1294 assaturis
854 1263 975 1292 maxime
986 1260 1099 1290 dedisse.
1117 1270 1140 1289 c.
1149 1269 1195 1295 49.
1213 1263 1284 1287 extr.

185 1311 208 1341 A
216 1321 228 1340 s
236 1321 247 1340 s
256 1321 273 1339 o
282 1320 298 1339 c
309 1321 318 1338 ι
329 1320 345 1338 o
358 1331 366 1344 ‚
388 1306 589 1344 [α-υναμλνζζω]
611 1309 664 1334 are.
705 1303 818 1333 Socium
833 1301 858 1330 se
873 1301 1033 1336 adjungere.

224 1349 360 1378 Associare
370 1346 475 1384 passus,
496 1343 584 1374 Simul
596 1344 647 1371 iter
660 1341 759 1371 facere.
781 1340 849 1370 Stat.
862 1348 886 1373 3.
900 1337 990 1367 Theb.
1001 1347 1066 1371 454.

224 1385 360 1417 Associare
370 1406 378 1421 ,
398 1394 450 1422 pro
458 1383 593 1421 Adaptare
602 1382 627 1410 Sc
638 1379 818 1416 conjungere.
837 1376 934 1408 Claud.
947 1375 984 1404 de
993 1373 1061 1404 Bell.
1072 1371 1147 1403 Gild.
1158 1376 1224 1408 481.

538 1435 575 1440 —-
591 1427 695 1448 cornua
708 1416 822 1446 summis
960 1441 963 1443 .

297 1460 436 1490 Associant
446 1458 534 1488 malis.

225 1499 352 1529 Associati
363 1495 508 1536 principali
519 1504 599 1525 curae.
621 1490 754 1523 Aurelius.
775 1490 809 1521 D.
831 1490 867 1520 de
881 1488 954 1519 offic.
967 1487 1087 1518 Praefeet.
1101 1485 1210 1515 Praetor.
1254 1521 1259 1527 ¹
1281 1520 1287 1526 1

186 1539 208 1568 A
218 1547 230 1567 s
238 1547 250 1567 s
258 1547 275 1566 o
285 1547 303 1566 c
312 1548 321 1566 1
331 1547 348 1566 υ
358 1546 369 1566 5
381 1558 389 1572 ,
412 1535 473 1570 Adj.
497 1532 615 1563 Cassiod.
633 1532 667 1560 de
678 1529 855 1560 Salamandra
866 1551 874 1564 ,
891 1526 1002 1561 ‘Animal
1014 1524 1146 1555 associum
1160 1520 1312 1566 lumbricis.

185 1577 208 1607 A
218 1586 230 1605 s
240 1577 300 1605 561.
309 1584 351 1604 ετ
360 1596 368 1610 ,
391 1570 474 1609 [ἔωθε
484 1594 492 1608 ,
510 1570 597 1605 φιλῐι]
618 1569 674 1598 fere
693 1566 875 1606 impersonale
895 1566 994 1603 legitur
1004 1586 1011 1598 ,
1041 1563 1127 1599 idque
1148 1566 1231 1603 etiam
1248 1569 1277 1588 in
1292 1557 1345 1587 hac

223 1619 332 1642 tantum
343 1611 475 1650 persona,
497 1619 547 1647 pro
558 1609 628 1638 Fieri
643 1606 729 1636 solet:
751 1605 938 1643 compositum
949 1613 984 1633 ex
1000 1601 1040 1631 Ad
1050 1599 1172 1631 &Solet.
1194 1597 1252 1627 Liv.
1269 1602 1342 1629 1.28.

224 1650 281 1681 Ubi
291 1650 395 1683 illuxit,
405 1648 506 1687 paratis
514 1645 644 1677 omnibus
665 1646 720 1681 (ut
731 1643 848 1680 assolet)
868 1642 962 1672 vocari
972 1640 1006 1670 ad
1016 1638 1184 1669 concionem
1194 1641 1343 1672 utrumque

222 1689 378 1718 exercitum
392 1687 474 1717 'ubet.

224 1726 356 1757 Assolent.
378 1697 441 1755 ser.
454 1723 525 1753 And.
540 1732 563 1759 3.
576 1731 602 1751 2.
618 1731 641 1751 1.
663 1719 763 1750 Adhuc
775 1718 900 1749 Archillis
912 1726 972 1754 quat
982 1714 1115 1757 assolent,
1138 1721 1253 1749 quaeque
1263 1719 1345 1748 opor-

243 1770 302 1799 tet,
329 1764 403 1801 signa
411 1763 446 1793 ad
457 1762 570 1791 salutem
586 1759 658 1794 esse,
679 1758 775 1787 omnia
785 1757 852 1786 huic
869 1755 923 1785 esse
933 1755 1024 1784 video.
1062 1751 1116 1782 Ubi
1133 1751 1259 1780 Donatus
1271 1771 1278 1784 ,
1300 1747 1344 1794 As:

243 1802 334 1831 solent
343 1800 552 1831 consuetudinis
563 1798 617 1828 est:
640 1797 778 1834 Oportet,
796 1795 920 1824 rationis.
944 1793 1001 1822 Cic.
1015 1801 1039 1820 2.
1053 1790 1088 1819 de
1098 1790 1206 1819 Invent.
1223 1796 1283 1829 122.
1313 1785 1343 1814 δι

242 1840 311 1871 mihi
323 1839 394 1869 silius
404 1838 513 1877 genitus
528 1836 610 1866 fuerit
619 1844 692 1865 unus
704 1856 711 1869 ,
732 1834 861 1872 pluresve
873 1855 881 1868 ,
900 1833 923 1862 is
940 1830 1010 1861 mihi
1027 1829 1113 1858 haeres
1127 1826 1192 1856 esto.
1233 1824 1343 1855 Deinde

242 1888 304 1914 quae
315 1877 438 1906 assolent.
479 1875 573 1904 Postea
583 1896 592 1908 ,
604 1875 656 1904 Sco.

222 1915 364 1946 Assoleret.
406 1914 464 1945 Cic.
478 1923 503 1942 2.
518 1913 552 1942 de
564 1912 626 1941 Nat.
638 1911 721 1940 Deor.
743 1919 785 1938 10.
827 1907 967 1938 Gracchus
977 1905 1012 1935 ad
1023 1905 1156 1935 Senatum
1164 1900 1266 1931 retulit.
1297 1899 1343 1929 Se-

241 1961 323 1983 natus
332 1954 366 1982 ad
378 1962 445 1990 quos
457 1950 583 1981 assoleret
593 1972 601 1985 ,
621 1948 798 1978 referendum
811 1945 926 1976 censuit.

183 1993 243 2023 Ass
252 1994 269 2021 ὅ
279 2002 299 2021 N
309 2001 326 2020 0
335 2013 343 2022 .
365 1991 411 2027 ui,
431 1992 504 2021 Itum
517 2010 525 2025 ,
542 1983 698 2024 [παρῆχέω]
714 1989 768 2015 are.
788 1984 927 2014 Resonare
936 2005 943 2019 ,
956 1982 1009 2011 five
1019 1979 1109 2010 Simul
1120 1978 1225 2009 sonare.
1242 1975 1340 2007 Pers-i.

220 2031 275 2061 Sat.
293 2038 353 2058 102.

302 2067 389 2097 Evion
400 2065 570 2103 ingeminat,
592 2061 754 2101 reparabilis
769 2060 874 2090 assonat
884 2058 971 2088 Echo.

220 2105 341 2138 Assono,
362 2104 600 2138 dativojuncsum.
623 2101 706 2130 Ovid.
719 2109 742 2135 3.
761 2099 830 2128 Met.
847 2103 908 2134 587.
1117 2128 1118 2131 Ἴ

221 2181 251 2222 sp
293 2142 470 2210 dPlanxerunt
485 2140 624 2178 Dryades,
644 2136 839 2177 plangentibus
854 2135 959 2165 assonat
977 2133 1063 2164 Echo.
1103 2131 1131 2162 h.
1149 2141 1174 2161 e.
1195 2128 1273 2160 velut
1290 2125 1344 2158 Re-

254 2191 290 2210 on
313 2188 349 2212 et.

186 2221 318 2255 Assos,
349 2218 379 2247 V.
400 2226 519 2247 Assus.

185 2259 227 2288 As
236 2268 247 2287 s
257 2267 275 2286 υ
287 2267 305 2286 D
315 2267 329 2286 s
338 2266 374 2286 sc
384 2266 401 2285 o
411 2277 419 2290 ,
440 2257 495 2284 Ere.
517 2253 632 2283 verbum
643 2252 797 2289 antiquum.
837 2249 923 2280 Varro
939 2258 964 2284 4.
983 2247 1019 2277 de
1030 2246 1058 2276 L.
1071 2245 1101 2275 L.
1114 2254 1159 2275 22.
1181 2244 1294 2274 Dic‘tum
1305 2241 1343 2271 as-

224 2295 284 2325 sum
294 2293 412 2332 quod‘ab
424 2293 488 2330 igne
503 2291 656 2321 assudescit.

186 2334 272 2364 Ass&
283 2343 302 2361 1)
313 2343 347 2368 0,
364 2336 416 2360 Ere.
454 2331 574 2360 Anxium
584 2328 644 2358 esse.
669 2327 752 2356 Plaut.
767 2324 825 2355 Cas.
838 2328 899 2354 2.6.
912 2334 937 2359 9.
977 2322 1018 2352 Eo
1037 2322 1102 2351 dico
1114 2343 1122 2355 ,
1143 2319 1288 2349 corculum
1305 2316 1344 2346 as-

223 2371 337 2437 suldassit
349 2371 358 2406 j
369 2380 404 2398 im
417 2378 450 2397 ex
463 2376 547 2397 metu.
589 2367 643 2396 Sed
655 2366 727 2395 varia
736 2364 775 2394 est
784 2364 876 2393 lec'tio.
918 2360 1083 2395 Assultasstt,
1104 2358 1214 2388 Salmas.
1259 2355 1344 2386 Assul-

224 2415 251 2438 ta
264 2409 302 2438 cit
337 2408 459 2437 Gronov.

188 2448 210 2478 A
220 2457 231 2476 s
240 2457 276 2476 su
285 2430 322 2475 izi<
334 2456 352 2474 u
361 2455 373 2475 s
382 2467 390 2479 ,
411 2445 446 2473 de
458 2453 512 2481 quo
528 2442 603 2471 Esdr.
616 2445 641 2470 6.
652 2446 676 2470 6.
694 2442 719 2470 S.-
733 2439 832 2469 Esther.
850 2448 876 2467 2.
887 2447 931 2467 21.
944 2436 997 2474 seq.
1019 2436 1064 2469 (ut
1073 2434 1185 2464 testatur
1194 2431 1345 2476 Josephus)

224 2485 278 2515 fuit
290 2484 377 2522 C>rus
386 2482 488 2512 Xerxis
499 2481 570 2510 silius
581 2502 588 2515 ,
610 2479 656 2517 qui
668 2479 728 2517 post
746 2478 859 2507 Darium
874 2483 1019 2513 patruum,
1042 2472 1153 2503 Persidis
1166 2480 1238 2500 rexit
1256 2478 1345 2512 impe-

228 2533 309 2552 rium.
353 2523 542 2557 iiuiicbyrum
560 2519 630 2546 dixit
640 2519 818 2547 Artaxerxem
834 2514 908 2552 apud
928 2514 1036 2542 (iraecos
1050 2511 1160 2544 vocari,
1182 2509 1229 2545 qui
1244 2508 1345 2549 Longi-

226 2569 325 2590 nianus
338 2559 551 2596 cognominatus
562 2556 684 2592 regnavit
697 2553 878 2591 quadraginta
895 2551 982 2581 annis.
1024 2549 1144 2586 Scaliger
1155 2547 1278 2577 Xerxem
1289 2545 1344 2575 elle

226 2597 383 2628 contendit.
406 2607 431 2633 q.
451 2595 482 2625 V.
505 2595 540 2623 ad
553 2595 622 2623 Ann.
638 2604 659 2622 M
670 2601 764 2622 cccc
773 2600 790 2619 x
802 2600 843 2619 cv
855 2600 865 2619 1
875 2600 896 2619 1.
912 2589 976 2618 Chr.
997 2587 1093 2617 Euseb

189 2637 252 2666 Ass
265 2647 281 2665 υ
293 2645 378 2664 ssco
389 2656 397 2669 ,
418 2634 479 2668 ἔνί,
499 2636 592 2665 stum,
614 2628 768 2667 [ἕθὶζομοᾳ]
796 2630 851 2658 ἕπε.
886 2626 1001 2656 verbum
1024 2633 1155 2655 neutrum
1166 2645 1174 2658 ‚
1200 2631 1236 2651 ex
1257 2621 1298 2650 Ad
1318 2621 1345 2650 ἃ

226 2673 337 2704 Suesco.
377 2671 477 2702 Suesco
491 2681 505 2700 a
516 2670 600 2699 verbo
612 2669 726 2705 antiquo
740 2667 813 2696 Sueo
824 2688 831 2701 ,
849 2665 921 2700 sues,
938 2664 1020 2694 suevi.
1063 2662 1134 2692 Eniti
1144 2684 1152 2696 ,
1174 2660 1270 2696 Longa
1280 2668 1346 2688 con-

227 2712 373 2741 suetudine
390 2709 498 2746 aliquid
509 2709 607 2737 facere.
646 2706 704 2735 Cic.
716 2717 740 2738 4.
762 2704 843 2733 Acad.
856 2714 898 2739 57.
923 2702 959 2732 Ut
976 2708 1060 2730 mate.
1075 2700 1200 2738 geminos
1212 2695 1345 2728 internos-

229 2750 267 2779 cit
283 2747 484 2778 consuetudine
496 2742 656 2775 oculorum:
679 2744 714 2772 sic
725 2741 909 2777 internosces,
931 2740 949 2769 si
961 2739 1114 2769 assueveris.

229 2786 383 2817 Assuescere
394 2795 409 2815 a
419 2784 530 2814 teneris.
552 2782 625 2820 Virg.
639 2791 662 2811 2.
678 2781 777 2817 Georg.
790 2788 853 2815 272.
1297 2811 1302 2816 ι

229 2825 271 2856 Al.
294 2823 477 2854 Consuescere
489 2823 517 2850 in
529 2828 640 2850 teneris.
664 2820 696 2848 H.
710 2820 749 2848 St.
790 2818 836 2847 Sic
846 2818 875 2846 in
887 2815 950 2846 cod.
967 2814 1073 2845 Medic.
1085 2813 1141 2851 legi
1154 2812 1264 2842 testatur
1274 2810 1344 2840 Pier.

249 2872 303 2892 nec
314 2862 392 2891 aliter
401 2861 429 2890 in
441 2859 595 2889 emendatis
606 2856 746 2886 excusum.

228 2900 381 2931 Assuescere
390 2898 553 2928 assiduitate.
594 2896 651 2924 Cic.
663 2905 687 2923 2.
700 2895 734 2923 de
749 2893 809 2923 Nat.
824 2890 907 2921 Deor.
917 2895 962 2926 96.
985 2889 1144 2919 Assiduitate
1163 2887 1325 2925 quotidiana
1337 2907 1346 2921 ,

248 2941 275 2968 Sc
284 2937 488 2968 consuetudine
501 2933 646 2964 oculorum
659 2931 813 2961 assuescunt
824 2929 926 2964 animi,
948 2937 1037 2964 neque
1047 2927 1218 2956 admirantur
1226 2947 1234 2961 ,
1255 2932 1348 2962 neque

252 2977 394 3013 requirunt
401 2975 522 3003 rationes
533 2981 628 3001 earum
638 2980 727 2999 rerum
738 2978 804 3006 quas
814 2966 922 3008 semper
934 2966 1042 2996 vident.

229 3015 361 3052 Imperio.
385 3012 482 3042 Claud.
493 3011 528 3039 de
536 3012 610 3039 Sext.
624 3007 704 3038 Coris.
716 3007 790 3037 Hon.
805 3009 850 3042 7⁶·

232 3053 322 3090 Aquis.
344 3050 428 3080 Ovid.
440 3058 464 3085 3.
480 3048 560 3078 Tris't.
575 3056 598 3083 3.
612 3057 638 3084 7.
875 3079 881 3085 ι

233 3127 253 3158 L
311 3089 372 3119 Nec
385 3087 488 3117 coelum
498 3086 589 3125 patior
601 3107 609 3120 ,
633 3093 686 3113 nec
697 3082 774 3119 aquis
783 3080 946 3111 assuevimus
959 3078 1022 3108 istis.

255 3136 269 3155 e
290 3128 360 3156 ibus.
383 3126 440 3155 Liv.
458 3134 480 3153 1.

233 3166 264 3196 Iri
273 3137 328 3194 siue
338 3163 481 3197 assuescat,
503 3161 592 3196 Hujus
602 3159 695 3189 reisibi
707 3163 833 3187 naturam
842 3154 933 3183 faciat.
956 3153 1075 3190 Quintil.
1089 3152 1138 3182 lib.
1148 3161 1175 3182 2.
1190 3160 1251 3189 cap.
1263 3161 1289 3188 4.

234 3202 388 3234 assuescere
400 3223 408 3236 ,
428 3210 492 3230 cum
504 3199 553 3229 lnf.
594 3198 651 3227 Cic.
666 3207 689 3231 ς.
702 3196 738 3225 de
749 3195 808 3225 Fin.
823 3204 846 3228 ς.
869 3192 934 3228 Quo
954 3192 983 3220 in
1003 3191 1067 3219 loco
1082 3190 1118 3220 ad
1138 3190 1253 3219 fluctum
1272 3189 1350 3218 aiunt

252 3241 408 3269 declamare
419 3238 528 3268 solitum
547 3235 763 3267 Demosthenem
773 3255 782 3269 ,
802 3237 834 3261 ut
843 3229 985 3260 fremitum
1002 3227 1162 3258 assuesceret
1177 3237 1246 3258 voce
1258 3228 1351 3258 vince-

250 3288 289 3307 re.
330 3278 402 3315 Virg.
417 3282 442 3311 8.
462 3275 524 3306 AEn.
538 3283 600 3310 517.

424 3329 462 3335 —-
472 3320 518 3343 tua
528 3320 641 3342 eernere
654 3310 727 3340 fasta

351 3351 493 3382 Assuescat.

233 3389 359 3420 Prodesse
369 3390 484 3419 assuevit
494 3386 620 3417 fortibus.
643 3384 726 3415 Ovid.
737 3391 762 3420 ς.
774 3382 809 3413 de
820 3381 897 3412 Pont.
915 3390 937 3409 1.
949 3388 994 3417 91.

234 3425 310 3456 Vo'tis
321 3428 376 3463 jam
386 3436 462 3456 nunc
471 3424 587 3456 assuesce
597 3423 698 3453 vocari.
719 3422 791 3459 Virg.
803 3430 827 3450 1.
838 3420 937 3455 Georg.
950 3425 997 3454 42.

233 3464 359 3495 Pluribus
373 3464 620 3494 adsueritmentem
630 3484 638 3496 ,
660 3468 814 3497 corpusque
822 3456 980 3495 superbum.
1031 3452 1104 3497 flor.
1117 3461 1143 3496 2.
1153 3452 1269 3482 Serm.2.
1286 3462 1347 3488 ¹09·

233 3502 402 3532 Assuescitos
413 3502 522 3531 vetustae
535 3499 599 3529 sedi.
619 3498 687 3529 Cels.
699 3498 780 3531 lib.8.
797 3506 858 3534 cap.
872 3505 914 3523 1ο.
936 3495 1023 3530 Atque
1030 3489 1227 3533 itadeligando
1237 3512 1245 3524 ,
1265 3489 1350 3520 assue-

253 3540 325 3568 scere
335 3541 432 3569 iterum
444 3539 551 3568 vetusta:
561 3537 616 3566 sedi
627 3538 709 3574 cogit.
733 3535 865 3571 Loquitur
875 3532 910 3562 de
919 3530 974 3560 osse
985 3530 1105 3567 reposito
1118 3538 1148 3557 111
1159 3527 1251 3557 sedem
1261 3527 1345 3557 suam.

232 3576 386 3607 Assuesccre
398 3586 461 3606 cum
475 3578 536 3605 Acc.
555 3582 584 3604 ut
594 3574 669 3603 Bella
679 3573 788 3602 animis.
809 3571 882 3608 Virg.
893 3573 920 3599 6.
933 3570 995 3601 AEn.
1009 3573 1072 3603 832.
1097 3603 1103 3609 ι
1209 3603 1214 3608 .

345 3629 381 3636 ——
395 3624 430 3643 ne
438 3613 618 3643 tantaanirnis
629 3611 767 3641 assuescite
780 3608 859 3638 bella.
955 3606 1008 3635 Ubi
1028 3605 1155 3637 Servius,
1174 3602 1246 3631 Mire
1257 3602 1344 3632 dixit:

253 3651 287 3681 ab
301 3651 364 3689 ipsis
375 3652 449 3680 enim
462 3651 532 3688 quasi
551 3649 783 3680 consuetudinem
799 3647 866 3676 fecit
880 3645 946 3683 Pop.
963 3644 1104 3684 Romanus
1126 3639 1261 3669 bellorum
1283 3641 1348 3669 civi-

252 3689 332 3718 lium.
368 3689 409 3718 De
421 3688 624 3718 construetione
641 3687 671 3716 V.
690 3687 780 3716 Sandt.
792 3684 911 3714 Minerv.
927 3692 950 3719 3.
962 3691 986 3716 ζ.
998 3681 1027 3710 111
1040 3677 1163 3710 Assuesco
1174 3678 1199 3706 Sc
1210 3676 1346 3707 Insuesco.

234 3726 413 3761 Asshescrtur,
434 3726 545 3764 imperf.
587 3725 644 3755 Liv.
658 3733 683 3753 2.
699 3734 721 3753 1.
744 3723 924 3758 Charitasque
935 3719 1015 3758 ipsius
1032 3717 1099 3752 soli,
1119 3715 1164 3746 cui
1176 3716 1261 3752 longo
1279 3722 1347 3744 tein-

254 3773 322 3803 pore
338 3763 494 3793 assuescitur
503 3786 512 3799 ,
533 3763 640 3792 animos
649 3771 744 3791 eorum
754 3758 942 3790 consociasset.
1240 3789 1246 3795 ·

198 3803 239 3834 As
248 3812 259 3831 s
270 3812 285 3830 u
296 3810 336 3829 BT
347 3810 382 3829 us
394 3822 402 3835 ,
421 3801 538 3836 [συνήθης
554 3820 560 3831 ,
581 3799 734 3833 σύνττςοφῶν.
754 3796 836 3833 ἰθυὲε]
856 3797 952 3827 Partic.
963 3794 997 3824 ab
1011 3791 1169 3827 Assuescor;
1190 3790 1247 3828 Qui
1260 3788 1348 3827 longo

233 3839 281 3870 usu
290 3839 387 3868 doctus
397 3838 443 3867 est.
465 3838 532 3866 Plin.
544 3836 590 3866 lib.
607 3847 648 3870 ις.
659 3846 720 3873 cap.
736 3845 778 3871 30.
1052 3835 1054 3837 '

231 3876 355 3908 Assuetus
369 3875 462 3904 labore
472 3875 587 3904 assiduo.
627 3874 685 3902 Cic.
699 3883 722 3908 3.
733 3874 768 3901 de
777 3872 853 3901 Orat.
868 3881 910 3905 ςς.
932 3869 1069 3899 Homines
1085 3866 1180 3896 labore
1195 3864 1301 3894 affiduo
1319 3865 1346 3894 &

250 3912 416 3951 quotidiano
427 3911 521 3941 assueti
534 3933 542 3946 ,
563 3921 647 3948 quum
658 3910 825 3948 tempestatis
840 3908 918 3938 causa
934 3917 1018 3945 opere
1033 3904 1217 3944 prohibentur
1228 3925 1237 3940 ,
1258 3903 1293 3932 ad
1305 3902 1346 3941 pi-

250 3953 305 3981 lam
315 3951 341 3980 se
351 3973 359 3985 ,
381 3958 429 3979 aut
438 3950 472 3979 ad
482 3949 552 3979 talos
561 3971 568 3982 ,
592 3955 638 3977 aut
648 3948 683 3977 ad
695 3947 802 3977 tesseras
813 3946 969 3976 conferunt.

232 3992 330 4019 Amore
360 3989 448 4017 raedae.
471 3986 553 4016 Ovid.
567 3995 607 4021 ¹3-
625 3986 694 4015 Met.
708 3995 770 4022 554.

230 4027 321 4058 Bellis.
367 4026 418 4064 irg.
429 4035 454 4062 9.
477 4025 539 4055 AEn.
552 4033 616 4053 201.

1399 1140 1647 1175 Assurrsicxo,
1671 1142 1730 1177 Eci,
1752 1143 1861 1176 astum,

1402 1635 1692 1670 Assuiercrus,
1713 1634 1809 1664 Partic.

1402 1823 1569 1859 AssuLA,
1591 1824 1831 1859 ASSULATiu,
1853 1824 2049 1852 AssuLosr..
2090 1821 2124 1852 V.
2145 1829 2254 1852 Assls.

1404 1862 1594 1895 AssuLTo,
1618 1863 1818 1891 Assumus.
1859 1861 1888 1890 V.
1908 1871 2071 1891 tissime.

1403 1900 1540 1934 Assum,
1560 1900 1645 1935 ades,
1669 1899 1699 1928 V.
1721 1909 1860 1929 AbsuM.
2566 1883 2571 1904 i

1402 1938 1547 1967 Assfimo
1560 1960 1568 1973 ,
1589 1937 1644 1975 pss,
1661 1944 1761 1975 ptum,
1782 1932 1995 1975 [w&dY;;opcm,
2013 1933 2218 1971 ωσλκμὲοίιυ,
2243 1931 2434 1972 amo-stamen]
2454 1934 2508 1964 Ere.
2526 1922 2571 1964 sui

1812 190 1840 225 A
1936 189 1958 224 S
2055 190 2076 225 S

1420 271 1588 312 Mendaciis.
1610 270 1667 300 Cic.
1684 281 1736 309 pro
1751 270 1842 301 Plane.
1855 281 1900 302 22.

1421 310 1617 348 Ripisasluetae
1629 309 1770 343 volucres⁷
1795 312 1821 340 &
1831 310 1954 339 fluminis
1965 308 2052 339 alveo.
2076 308 2149 347 Virg.
2164 318 2190 346 7.
2207 309 2268 340 AEn.
2284 318 2327 348 33.

1423 348 1528 377 Studiis
1540 347 1680 376 mollibus.
1704 347 1785 376 Ovid.
1799 358 1821 376 1.
1838 347 1919 378 Trist.
1930 358 1955 382 4.
1969 357 2014 385 74.

1427 384 1528 415 Assueti
1543 385 1627 417 longo
1637 394 1729 413 muros
1739 384 1889 414 defendere
1899 386 1982 415 bello,
2003 384 2078 421 Virg.
2095 394 2121 419 9.
2136 383 2196 413 ffin.
2209 394 2221 418 ς
2229 393 2239 412 1
2248 394 2271 413 r.

1428 424 1545 452 Graecari
1557 421 1688 451 assuetum
1700 422 1825 464 Romana
1833 423 1930 461 fatigat
1940 422 2047 452 militia.
2069 421 2136 451 Hor.
2147 431 2173 450 2.
2184 421 2270 451 Serm.
2281 432 2307 452 2.
2325 433 2335 452 1
2343 432 2368 452 1.

1428 460 1519 490 Tecto
1528 460 1675 501 succedere
1687 460 1804 490 assuetus
1816 461 1938 490 coluber.
1960 461 2033 497 Virg.
2046 469 2068 496 3.
2085 459 2259 496 Georg.418.

1429 498 1495 528 Non
1507 498 1621 540 assuetas
1631 498 1665 526 ad
1675 497 1779 539 sceptra
1789 508 1886 528 manus
1895 499 1955 536 post
1967 504 2043 535 terga
2054 496 2140 526 dabit.
2164 497 2228 526 Seri.
2238 496 2342 526 Troad.
2352 505 2383 528 ι.

1431 535 1556 565 Assuetus
1573 545 1601 564 iri
1615 545 1672 578 jura
1683 536 1825 566 familiaria
1837 547 1852 565 a
1864 546 1960 574 puer0.
1982 535 2040 564 Liv.
2053 546 2079 570 4.
2096 533 2164 565 Bell.
2178 534 2247 564 Puri.
2560 557 2562 563 .

1431 573 1516 603 Parvo
1527 572 1629 615 assueta
1640 580 1779 608 juventus.
1798 574 1871 612 Virg.
1884 584 1909 604 2.
1922 574 2023 611 Georg.
2033 583 2097 609 472.
2531 582 2545 606 ι
2560 567 2562 591 7
2599 596 2603 604 i

1431 611 1465 641 In
1475 617 1531 639 arte
1542 611 1644 653 assueta
1658 619 1886 650 tempusponere.
1909 612 1994 641 Ovid.
2011 621 2032 639 1·
2048 612 2083 640 de
2094 610 2201 644 Ponto,
2223 612 2249 639 6.
2264 613 2310 647 36.
2560 596 2562 628 i
2599 610 2600 613 ’

1434 649 1477 678 De
1486 658 1563 677 more
1573 649 1675 678 assueto
1687 648 1752 678 belli
1761 672 1769 685 ,
1792 650 1827 679 Ut
1839 649 1913 679 bello
1925 649 1983 678 sieri
1994 648 2145 678 consuevit.
2167 647 2215 678 Sil.
2226 647 2275 677 lib.
2286 656 2312 685 7.

1436 686 1582 729 Gestamen
1592 686 1726 715 assuetum
1740 688 1852 717 dextrae.
1872 688 1941 717 Stat.
1955 691 1980 716 6.
1997 686 2088 717 Theb.
2100 695 2163 723 707.

1434 724 1583 767 Servitium
1594 723 1736 754 assuetum.
1760 726 1881 763 Propert.
1897 736 1918 754 1.
1931 736 1957 759 4.
1970 735 1997 759 4.

1434 761 1559 798 Longius
1572 761 1675 805 assueto
1686 762 1791 793 lumina
1799 764 1889 793 nostra
1901 763 2006 793 vident.
2028 761 2112 792 Ovid.
2124 763 2150 790 6.
2165 761 2247 799 Epist.
2258 769 2303 797 72.

1436 799 1650 842 Cum-genitivo.
1692 799 1749 830 LiV.
1763 807 1806 838 38.
1827 811 1867 838 17.
1889 801 2023 831 Romanis
2043 799 2143 830 Gallici
2158 798 2296 829 tumultus
2316 796 2441 833 assuetis,
2468 797 2554 831 etiam
2574 799 2576 803 ’

1432 872 1436 877 ῃ
1454 844 1589 879 vanitates
1598 844 1670 867 notae
1680 837 1748 867 sunt.
2562 833 2563 840 ¹
2603 831 2604 845 ³

1436 875 1571 904 Assuetior
1581 897 1588 910 ‚
1609 885 1730 919 compar.
1751 876 1809 906 Liv.
1821 885 1847 906 2.
1860 875 1927 906 Bell.
1937 875 2005 905 Pun.
2042 874 2080 905 Ea
2089 874 2218 904 assuetior
2226 873 2386 909 montibus,
2405 873 2478 904 &ad
2489 854 2566 904 con-i

1456 912 1622 942 cursandum
1635 921 1707 942 inter
1718 914 1794 949 saxa,
1816 924 1955 952 rupesque
1963 913 2052 951 aptior
2063 922 2096 942 ac
2106 912 2201 942 levior.

1399 952 1421 981 A
1431 960 1442 980 s
1451 961 1464 980 s
1473 961 1490 980 u
1501 961 1515 980 iz
1523 960 1543 979 T
1553 955 1571 979 ῦ
1580 961 1597 979 n
1608 961 1625 980 o
1636 974 1643 985 ,
1661 953 1725 981 inis.
1741 952 1759 981 s.
1782 952 1940 988 [συνήθεια]
1962 950 2151 980 Consuetudo.
2172 950 2286 980 Ovid.2.
2301 950 2336 979 de
2350 950 2410 979 Arte
2423 949 2480 978 Am.
2492 957 2555 986 345.
2603 982 2604 987 ¹

1474 1005 1511 1010 —-—
1521 988 1592 1018 nihil
1601 988 1772 1019 assuetudine
1780 991 1878 1026 majus.

1440 1026 1506 1056 mali
1517 1026 1696 1056 efferaverant
1707 1029 1821 1057 animos.

1438 1064 1589 1107 Asl'uetudo
1599 1064 1782 1103 voluptatum.
1820 1065 1911 1095 Tacit.
1924 1075 1950 1095 2.
1968 1064 2035 1094 Hist.
2052 1068 2097 1094 62.
2117 1063 2310 1102 Degenerabat
2326 1074 2342 1093 a
2352 1062 2446 1093 labore
2461 1071 2493 1092 ac
2505 1062 2555 1093 vit-

1460 1108 1521 1131 tute
1532 1102 1611 1132 miles
1623 1102 1797 1133 assuetudine
1810 1103 1986 1141 voluptatum
2000 1104 2026 1132 &
2037 1108 2202 1140 contemptu
2214 1101 2303 1131 ducis.
2359 1102 2376 1118 ⁸
2562 1087 2567 1118 i

1571 1178 1576 1184 ·
1885 1142 1900 1177 [
1911 1138 2003 1177 ἐθίζω]
2024 1142 2079 1170 ere.
2100 1150 2136 1170 ex
2151 1140 2192 1170 Ad
2211 1138 2425 1177 praepositione,
2450 1139 2477 1167 &
2489 1127 2567 1168 duo-i

1439 1178 1490 1207 bus
1500 1177 1607 1213 verbis,
1630 1188 1733 1217 nempe
1747 1180 1835 1214 Sueo,
1856 1179 1931 1214 sues,
1953 1177 2079 1208 obsoleto
2097 1178 2200 1213 verbo,
2222 1179 2249 1208 ⁴&
2265 1178 2348 1208 Facio
2363 1155 2570 1223 compositum-i

1438 1215 1483 1259 Est
1502 1215 1640 1252 (authore
1661 1217 1792 1254 Perotto)
1814 1216 1866 1247 Usu
1875 1217 1986 1247 docere.
2009 1216 2068 1246 Cic.
2089 1216 2125 1246 de
2143 1216 2269 1246 Provinc.
2283 1214 2364 1245 Cons.
2386 1223 2430 1252 33.
2469 1213 2570 1255 impe-1

1438 1263 1480 1283 rio
1493 1253 1557 1291 Pop.
1573 1253 1692 1284 Romani
1704 1265 1798 1293 parere
1808 1254 1959 1284 assuefecit.

1437 1291 1701 1359 Λέΐυεῑῗῑὲεὶῑεῐεώἰουὶ
1711 1294 1758 1323 rei.
1797 1292 1867 1323 Plin.
1882 1293 1931 1322 lib.
1947 1303 1989 1322 ιο.
2002 1301 2063 1330 cap.
2080 1300 2127 1328 43.
2148 1290 2242 1322 Pullus
2257 1297 2364 1321 mature
2383 1289 2502 1320 sermoni
2521 1288 2559 1320 as-

1472 1339 1505 1358 ue
1518 1340 1532 1359 a
1563 1340 1603 1359 us.

1437 1366 1550 1397 Discere
1567 1369 1593 1398 Gr
1609 1367 1774 1398 assuefacere
1783 1367 1818 1399 se.

1459 1404 1564 1449 busque
1576 1415 1621 1435 me
1635 1406 1838 1436 assuefeceram.

1438 1443 1566 1487 Aliquem
1576 1443 1658 1473 alicui
1669 1445 1718 1473 rei.
1759 1444 1818 1474 Cic.
1833 1455 1860 1480 4.
1877 1443 1951 1474 Fam.
1966 1452 2009 1480 13.
2037 1442 2133 1481 Itaque
2152 1441 2236 1472 orbus
2254 1443 2287 1473 iis
2304 1441 2386 1472 rebus
2407 1441 2554 1478 omnibus,

1459 1482 1559 1525 quibus
1568 1483 1592 1511 &
1602 1489 1699 1525 natura
1706 1492 1750 1512 me
1759 1504 1767 1515 ,
1788 1484 1814 1512 ἃ
1822 1482 1951 1512 voluntas
1961 1483 1987 1511 ἃ
1996 1479 2169 1511 consuetudo
2186 1479 2364 1511 assuefecerat
2375 1502 2383 1516 ,
2404 1489 2469 1509 cum
2488 1486 2558 1510 cete-

1458 1528 1513 1562 ris,
1534 1520 1811 1557 utquidemvideor,
1832 1527 1891 1550 tum
1903 1519 1951 1558 ipsi
1966 1519 2036 1548 mihi
2047 1519 2190 1557 displiceo.

1439 1557 1568 1593 Aliquem
1587 1558 1624 1587 ad
1639 1557 1783 1596 supplicia.
1823 1558 1881 1588 Liv.
1895 1567 1920 1595 3.
1941 1557 2003 1587 Nec
2013 1557 2062 1587 suo
2072 1556 2204 1595 sanguine
2224 1556 2260 1587 ad
2279 1555 2416 1595 supplicia
2429 1560 2556 1593 patrum,

1459 1595 1571 1633 plebem
1581 1595 1766 1626 assuefaciant.

1955 989 2014 1019 Liv.
2029 990 2129 1025 ’2ς.26.
2167 988 2306 1019 Postremo
2328 989 2367 1018 ita
2385 985 2567 1032 assuetudine

1860 1368 1918 1398 Cic.
1937 1368 1973 1398 de
1989 1367 2154 1398 Clar.·Orat.
2166 1376 2193 1405 7.
2225 1366 2296 1404 Quae
2312 1366 2483 1402 didiceram,
2502 1365 2559 1404 qus-
2600 1366 2602 1369 “

1835 1625 2059 1670 [iasaqflcic.
2071 1641 2097 1662 2.
2110 1632 2139 1661 in
2151 1631 2232 1662 Catil.
2247 1634 2291 1668 96.
2319 1631 2399 1662 Idem
2406 1618 2535 1669 stuproru-

1440 1673 1468 1701 &
1483 1670 1618 1715 scelerum
1633 1672 1832 1702 exercitatione
1852 1671 2013 1701 assuefadtus
2035 1671 2136 1708 frigore
2156 1671 2181 1700 &
2205 1670 2279 1700 same
2295 1671 2322 1700 &
2337 1669 2380 1699 siti
2396 1679 2429 1699 ac
2448 1669 2515 1707 virgi
2527 1669 2544 1676 ”

1439 1709 1612 1747 perferendis
1623 1732 1631 1745 ,
1660 1710 1739 1739 fortis
1755 1710 1789 1739 ab
1809 1710 1866 1740 istis
1881 1709 1935 1739 suis
1951 1709 2032 1738 sociis
2050 1708 2258 1746 praedicabatur.
2297 1707 2364 1738 Caes.
2378 1717 2404 1737 1.
2427 1706 2496 1737 Bell.
2513 1706 2557 1736 Ci-

1439 1747 1560 1815 siissfggsi.
1573 1747 1644 1777 Cum
1662 1747 1812 1784 Lusitanis,
1832 1748 2001 1786 reliquisque
2021 1746 2141 1776 barbaris
2156 1756 2258 1783 genere
2270 1746 2394 1784 quodam
2407 1754 2508 1784 pugnae
2522 1742 2554 1776 as

1441 1975 1555 2012 gnificat
1569 1976 1707 2013 Accipere.
2564 1971 2571 2002 ,“,

1439 2015 1534 2042 Artem
1543 2013 1685 2043 assumere.
1724 2012 1782 2043 Cic.
1796 2021 1821 2051 3.
1835 2012 1871 2042 de
1882 2011 1943 2043 Fin.
1966 2012 2043 2042 Artes
2052 2011 2136 2041 etiam
2147 2009 2219 2049 ipsas
2229 2016 2345 2048 propter
2352 2009 2379 2040 se
2388 2001 2571 2042 assumendas«t

1459 2058 1597 2088 putamus.
2568 2050 2570 2055 '

1440 2089 1552 2126 Aliquid
1562 2088 1745 2118 authoritatis.
1767 2088 1825 2118 Cic.
1839 2088 1934 2119 Bruto.
2564 2055 2570 2111 i

1440 2127 1558 2165 Copiam
1571 2127 1694 2156 dicendi.
1718 2127 1776 2156 Cic.
1792 2137 1816 2156 1.
1833 2128 1868 2156 de
1881 2127 1958 2156 Orat.
1976 2134 2036 2163 170.
2564 2133 2569 2149 1

1440 2165 1639 2200 Generum‚vel
1649 2164 1836 2195 uxo‘rem.Plin
1849 2165 2051 2201 inPaneg.c.83.
2059 2163 2139 2199 5.Aut
2148 2161 2330 2192 inconsultius
2337 2170 2408 2190 uxor
2416 2158 2565 2198 assumpta,¹

1460 2209 1508 2232 aut
1516 2210 1622 2232 retenta
1631 2203 1896 2241 patientius.iiustor
1909 2202 2016 2231 deViris
2027 2200 2324 2237 Illust.c.7.Quiquum
2335 2198 2505 2233 adolevisset,
2515 2207 2566 2236 genv

1460 2241 1692 2278 neraTarquinio
1703 2240 1853 2278 assumptus
1865 2240 1911 2270 est.
1930 2239 1999 2269 Plin.
2010 2239 2074 2274 Jun.
2096 2239 2131 2268 ad
2148 2238 2255 2274 Julium
2269 2237 2447 2271 Genitorem,
2473 2236 2520 2266 lib.
2531 2243 2571 2277 Νι

1459 2279 1543 2317 Epist.
1558 2290 1567 2308 1
1579 2290 1599 2308 1.
1624 2279 1659 2308 Ut
1669 2289 1683 2307 a
1695 2278 1725 2308 C.
1740 2278 1870 2308 Musonio
1887 2288 1922 2308 ex
1934 2277 2066 2307 omnibus
2079 2277 2207 2306 omnium
2216 2275 2349 2306 ordinum
2358 2273 2572 2314 assectatoribusss

1460 2327 1543 2354 gener
1556 2316 1742 2346 assumeretur.
2564 2319 2566 2324 ’

1442 2355 1536 2385 Genus
1548 2355 1680 2384 orationis
1691 2355 1725 2384 ad
1737 2353 1843 2384 causam
1853 2353 1982 2390 aliquam.
2013 2352 2070 2382 Cic.
2083 2353 2112 2381 in
2122 2351 2199 2381 Orat.
2213 2361 2276 2386 209.
2299 2349 2393 2380 Genus
2400 2355 2494 2379 autem
2505 2348 2569 2379 hoo*

1460 2394 1595 2422 orationis
1607 2415 1614 2428 ,
1639 2402 1728 2429 neque
1739 2399 1829 2422 totum
1840 2391 2032 2422 assumendum
2041 2391 2079 2420 est
2090 2390 2125 2420 ad
2135 2389 2228 2420 causas
2235 2387 2356 2418 forenses
2368 2410 2377 2424 ‚
2400 2397 2491 2426 neque
2501 2396 2545 2418 om
2567 2384 2571 2426 ‘f

1459 2432 1527 2460 nino
1535 2431 1749 2469 repudiandum.
2564 2426 2565 2446 ¹

1440 2468 1518 2499 Foris
1530 2491 1537 2504 ,
1561 2468 1605 2498 vel
1616 2468 1797 2498 Extrinsecus.
1839 2466 1896 2496 Cic.
1909 2476 1932 2502 ³·
1945 2467 1980 2496 de
1992 2466 2068 2496 Orat.
2083 2468 2144 2495 162.
2167 2464 2246 2502 Quid
2263 2463 2339 2494 enim
2353 2463 2391 2493 est
2403 2463 2431 2492 in
2443 2472 2497 2501 quo
2507 2462 2546 2492 hae
2567 2430 2571 2500 i

1460 2513 1534 2542 reat,
1555 2507 1600 2544 qui
1614 2507 1711 2535 viderit
1725 2515 1810 2535 omne
1820 2506 1896 2543 quod
1907 2505 2026 2534 sumatur
2044 2505 2072 2533 in
2091 2504 2218 2533 oratione
2228 2524 2237 2538 ‚
2258 2508 2305 2531 aut
2317 2502 2353 2531 ad
2363 2500 2536 2539 probandum
2543 2501 2573 2570 ,ι

1460 2552 1508 2574 aut
1518 2545 1553 2574 ad
1562 2544 1764 2579 refellendum,
1784 2550 1831 2573 aut
1839 2552 1873 2572 ex
1886 2542 1932 2572 sua
1946 2542 2015 2572 sumi
2027 2543 2053 2571 vi
2071 2548 2152 2578 atque
2170 2548 2284 2574 natura,
2306 2545 2353 2568 aut
2367 2538 2462 2568 assumi
2473 2537 2556 2567 foris?

1461 2582 1540 2613 Idem
1550 2583 1579 2611 in
1587 2583 1631 2612 To
1655 2582 1704 2611 icis
1715 2604 1723 2618 ‚
1736 2587 1761 2615 8.
1804 2581 1844 2610 Ex
1856 2581 1898 2610 his
1913 2580 1982 2610 locis
1992 2603 2000 2616 ,
2025 2580 2055 2609 in
2067 2579 2167 2617 quibus
2185 2584 2348 2616 argumenta
2360 2575 2464 2606 inclusa
2482 2575 2572 2610 sunm

1460 2620 1507 2650 alii
1519 2621 1547 2649 in
1556 2630 1589 2650 eo
1600 2621 1628 2658 ip
1643 2630 1659 2648 o
1674 2621 1710 2649 de
1718 2629 1772 2657 quo
1784 2619 1872 2657 agitur
1881 2641 1889 2652 ,
1912 2619 2034 2648 haerent:
2057 2617 2103 2646 alii
2115 2616 2284 2646 assumuntur
2295 2614 2471 2644 extrinsecus.
2568 2613 2569 2619 ¹

1442 2658 1589 2702 Invidiam.
1630 2658 1688 2688 Cic.
1700 2667 1726 2687 2.
1745 2658 1796 2686 Att.
1813 2667 1855 2692 19.
1878 2656 1936 2693 Ego
1946 2656 2022 2694 apud
2037 2654 2181 2694 improbos
2198 2662 2289 2684 meam
2301 2651 2471 2683 retinuissem
2491 2647 2575 2703 invi-si«

1462 2697 1538 2725 diam
1550 2719 1557 2732 ,
1579 2696 1698 2725 alienam
1712 2693 1915 2733 assumpsissem.
2564 2692 2566 2718 i

1442 2734 1575 2765 Laudem.
1600 2735 1656 2763 Cic.
1675 2743 1724 2771 pro
1733 2733 1845 2763 Muren.
1868 2738 1899 2761 ut
1917 2731 2076 2768 ωεςσφέξεοῖς.
2097 2730 2133 2760 H.
2145 2730 2182 2760 St.
2564 2708 2571 2766 i,

1443 2773 1542 2816 Noctis
1561 2772 1742 2809 aliquantum.
1783 2770 1841 2801 Cic.
1861 2779 1889 2808 7.
1904 2770 1979 2800 Fam.
1993 2774 2038 2799 26.
2060 2769 2148 2806 Atque
2168 2767 2301 2805 equidem
2317 2765 2488 2803 aliquantum
2503 2763 2568 2801 jam‘

1463 2817 1548 2840 etiarn
1560 2810 1649 2839 nocsis
1660 2808 1773 2839 assumo.
2558 2771 2574 2839 ii

1443 2847 1752 2878 Nonnihilfibinitoris.

1444 2885 1551 2915 Robur.
1573 2885 1658 2915 Ovid.
1671 2895 1681 2914 1
1690 2896 1713 2920 ς.
1731 2884 1800 2914 Met.
1812 2893 1876 2919 421.
2424 2902 2425 2905 ,
2568 2901 2570 2912 .

1443 2924 1534 2990 Spera.
1575 2923 1634 2991 Οἰὲζ.
1645 2932 1696 2961 pro
1707 2922 1790 2952 Corn.
1800 2920 1876 2950 Balb.
1891 2931 1934 2958 55.
1956 2920 2036 2950 Sacra
2047 2918 2154 2949 Cereris
2163 2927 2248 2956 quum
2260 2916 2348 2947 essent
2364 2916 2400 2946 de
2414 2912 2571 2954 Graecias-«2

1477 2971 1523 2991 um
1546 2967 1572 2991 ta
1636 2971 1659 2990 c.

1445 2971 1543 3066 Spem?
1581 2983 1670 3028 ³facit.
1683 2999 1712 3027 in
1722 2997 1784 3026 Vita
1796 2996 1881 3034 Agric.
1896 3004 1920 3032 3.
1941 2995 2001 3025 Nec
2012 2995 2086 3033 spem
2098 2994 2184 3023 modo
2206 3003 2238 3022 ac
2258 2999 2355 3022 votum
2372 2991 2500 3022 securitas
2509 2988 2579 3030 pii-i:

1487 3037 1538 3066 lica
1549 3059 1556 3072 ,
1581 3036 1627 3066 sed
1638 3035 1720 3075 ipsius
1730 3036 1787 3064 voti
1799 3034 1929 3064 fiduciam
1940 3043 1971 3063 ac
1980 3033 2062 3062 robur
2071 3030 2250 3070 assumpserit.
2568 3039 2573 3058 ¹.

1446 3075 1533 3105 Vires.
1555 3074 1639 3104 Ovid.
1654 3084 1693 3111 ¹3-
1708 3073 1776 3103 Met.
1787 3073 1851 3107 886.
2564 3037 2570 3101 i

1445 3112 1636 3150 Voluptatem.
1677 3111 1734 3141 Cic.
1752 3121 1775 3140 1.
1787 3111 1823 3140 de
1831 3110 1891 3141 Fin.
1910 3118 1953 3147 33.
1976 3108 2077 3138 Omnis
2086 3106 2216 3145 voluptas
2230 3104 2452 3141 assumendaest,
2472 3102 2577 3144 omnifltj.

1465 3150 1546 3180 dolor
1559 3149 1752 3187 depellendus.
2564 3139 2566 3171 ,¹

1446 3188 1568 3224 Votum,
1590 3188 1620 3217 V.
1640 3188 1732 3225 Spem.
2564 3193 2565 3203 1

1446 3226 1577 3256 Uxorem.
1620 3225 1652 3254 V.
1674 3223 1829 3263 pauloante
1839 3223 1979 3253 Generum
1992 3244 1999 3256 ,
2016 3223 2068 3251 &c.
2564 3215 2565 3251 i

1446 3264 1586 3294 Assumere
1597 3263 1717 3300 aliquem
1727 3261 1810 3291 alicui
1823 3283 1831 3295 ‚
1853 3260 1918 3290 Hor.
1934 3270 1956 3289 1.
1974 3259 2056 3297 Epist.
2072 3269 2097 3292 ς.
2109 3262 2154 3292 28.
2171 3257 2327 3287 Convivam
2336 3254 2393 3286 scil.
2568 3259 2569 3267 ¹

1446 3302 1572 3344 Aliquem
1587 3302 1615 3330 in
1626 3300 1771 3330 consilium
1780 3321 1788 3335 ,
1812 3298 1908 3328 Petere
1920 3297 1953 3327 ab
1966 3307 2000 3326 eo
2011 3295 2166 3327 consilium.
2187 3295 2256 3325 Plin.
2271 3294 2335 3330 Jun.
2564 3256 2566 3336 Ι

1447 3339 1478 3369 111
1495 3340 1662 3368 societatem.
1688 3337 1744 3367 Liv.
1759 3346 1785 3366 2.
2564 3347 2566 3361 i

1446 3377 1478 3407 In
1489 3387 1608 3406 nomen:
1632 3386 1683 3413 pro
1697 3375 1833 3412 Adoptare
1843 3373 1872 3402 in
1882 3372 2014 3402 familiam
2024 3373 2050 3402 ἃ
2056 3372 2100 3407 jus
2110 3370 2240 3400 nominis.
2260 3369 2328 3399 Plin.
2341 3368 2469 3406 Epist.18.
2481 3366 2580 3440 lib.8.¹·

1465 3416 1500 3444 ad
1515 3414 1606 3444 Rufin.
1629 3413 1791 3450 Quinetiam
1803 3411 1941 3441 Domitius
1953 3411 2032 3443 Afer,
2052 3410 2100 3446 qui
2113 3408 2174 3438 illos
2186 3409 2214 3437 in
2227 3417 2329 3436 nomen
2347 3405 2500 3444 assumpsit,
2517 3411 2556 3433 re·
2585 3424 2590 3434 .

1774 2845 1892 2883 Quintil.
1903 2844 1952 2875 lib.
1964 2853 1989 2874 2.
2005 2854 2066 2883 cap.
2082 2853 2125 2873 10.
2564 2843 2569 2875 'i

1465 3452 1546 3490 liquit
1554 3452 1747 3481 testamentum
1755 3472 1763 3485 ,
1784 3457 1848 3480 ante
1857 3450 1922 3477 osso
1934 3450 1960 3478 Sc
1973 3448 2071 3476 decem
2080 3455 2167 3476 annos
2176 3451 2377 3482 nuncupatum.
2564 3462 2565 3474 2

1445 3490 1477 3520 ln
1487 3489 1647 3527 exemplum
1656 3489 1747 3527 operis
1756 3487 1877 3524 aliquem
1888 3485 1935 3514 sibi
1947 3484 2088 3514 assumere.
2129 3482 2247 3520 Quintil.
2266 3482 2313 3512 lib.
2325 3493 2348 3517 5.
2360 3491 2421 3519 cap.
2435 3480 2513 3511 12..‹i.
2527 3487 2551 3508 e.
2564 3483 2566 3509 ,Ι
2579 3489 2584 3498 ’

1465 3527 1620 3565 Proponere
1636 3527 1757 3564 aliquem
1766 3525 1812 3555 fibi
1826 3533 1910 3561 quem
1924 3523 1951 3551 in
1963 3532 2048 3561 opere
2057 3522 2105 3551 suo
2116 3522 2241 3550 imitetur
2251 3522 2276 3550 Sc
2288 3520 2432 3557 exprimat.
2564 3548 2565 3555 χ

1445 3565 1585 3596 Assumere
1603 3571 1723 3594 oratores
1734 3563 1882 3592 dicuntur.
1907 3560 2002 3597 Quum
2016 3560 2084 3596 quid
2099 3559 2220 3588 afferunt
2235 3558 2310 3595 quod
2328 3557 2409 3586 faciat
2425 3555 2460 3585 ad
2470 3554 2565 3584 osten-³
2587 3561 2590 3579 ί

1464 3603 1586 3632 dendam
1599 3602 1826 3640 propositionem.
1849 3599 1907 3629 Cic.
1919 3608 1944 3627 2.
1958 3598 1992 3627 de
2004 3597 2095 3628 Divin.
2113 3607 2174 3632 109.
2196 3596 2305 3625 Deinde
2317 3594 2469 3629 assumunt,
2487 3589 2570 3622 Sunti
2592 3600 2595 3630 ἡ

1462 3648 1556 3670 autem
1582 3640 1621 3669 dii
1640 3650 1646 3669 :
1687 3639 1762 3677 quod
1786 3636 1876 3676 ipsum
1902 3645 1959 3665 non
1984 3635 2018 3665 ab
2048 3634 2179 3665 omnibus
2202 3633 2376 3663 conceditur.
2434 3630 2466 3661 V.
2503 3636 2552 3658 As·
2564 3625 2566 3694 ἰ

1444 3687 1760 3745 Asusliiirlitsitticzissumere.
1799 3710 1858 3742 Cic.
1873 3720 1923 3748 pro
1933 3710 2006 3748 Sylla
2018 3732 2026 3746 ,
2040 3715 2085 3743 8ς.
2108 3708 2179 3739 Dico
2197 3708 2267 3737 illud
2278 3707 2354 3745 quod
2369 3707 2399 3736 in
2414 3706 2455 3735 his
2472 3700 2552 3734 causis
2570 3723 2571 3729 ,

1462 3753 1666 3788 conjurationis
1677 3762 1733 3781 non
1745 3748 1902 3781 authoritati
1914 3747 2032 3783 assumo,
2054 3747 2100 3777 sed
2129 3747 2209 3776 udori
2225 3755 2299 3774 meo.
2591 3705 2604 3751 q

1443 3787 1582 3820 Assumere
1591 3791 1637 3819 sibi
1649 3812 1656 3824 ‚
1669 3791 1707 3819 est
1719 3788 1850 3819 Multum,
1864 3787 1971 3823 &pene
1982 3786 2098 3815 nimium
2107 3756 2154 3814 sibi
2167 3784 2323 3813 vendicare.
2346 3781 2404 3811 Cic.
2423 3791 2446 3810 1.
2457 3777 2513 3809 Off.
2524 3784 2549 3806 2·
2587 3755 2604 3824 'i-

1464 3828 1491 3856 Si
1506 3828 1533 3856 id
1543 3828 1612 3857 mihi
1623 3827 1727 3857 assumo
1737 3850 1744 3862 ,
1766 3825 1862 3855 videor
1873 3824 1901 3852 id
1913 3833 1976 3852 meo
1986 3824 2047 3859 jure
2057 3821 2267 3860 quodammodo
2275 3820 2431 3849 vendicare.

1443 3864 1544 3894 Assumi
1556 3866 1675 3898 dicitur,
1697 3864 1783 3901 Quod
1794 3867 1981 3900 praeterquam
2012 3861 2068 3889 uod
2080 3859 2240 3898 oportebat,
2262 3858 2372 3887 additur
2385 3857 2411 3886 Sc
2425 3853 2549 3886 sumitur,
2590 3860 2593 3866 “

1463 3909 1493 3931 ut
1502 3902 1647 3932 ascititium
1658 3905 1683 3932 δι
1695 3903 1825 3931 alienum.
1848 3898 1951 3928 Autbor
1959 3899 1993 3927 ad
2032 3907 2126 3927 erenn.
2141 3907 2164 3926 1.
2177 3907 2200 3926 1.
2222 3896 2315 3926 [nanis
2325 3892 2483 3931 arrogantiae
2494 3897 2552 3919 cau·
2602 3927 2604 3932 ἲ

1462 3939 1488 3968 sa
1503 3940 1549 3968 sibi
1562 3939 1768 3976 assumpserunt.
1806 3936 1963 3967 Turnebus.
2535 3961 2540 3968 ,

1442 3977 1504 4008 Suae
1514 3977 1598 4006 laudi.
1639 3978 1697 4007 Cic.
1716 3987 1738 4012 3·
1759 3976 1794 4005 de
1804 3975 1866 4004 Nat.
1889 3973 1971 4002 Deor.
1994 3972 2070 4003 Tum
2085 3972 2137 4002 diis
2157 3971 2255 4010 gratias
2272 3970 2394 4008 agimus,
2412 3973 2472 3997 tum
2486 3959 2552 3998 nihll
2602 3970 2604 3975 '

1461 4015 1558 4045 nostrae
1566 4014 1644 4044 laudi
1655 4014 1822 4053 assumptum
1831 4010 2003 4042 arbitramur.
2420 4007 2468 4072 ΑΠ’,
2535 4043 2552 4066 .

2463 4045 2535 4070 umet
2548 4063 2552 4072 ,
