2604 4222
688 139 717 173 C
805 137 834 170 A
924 131 956 164 U

687 218 848 249 inferiorem
857 211 962 243 causam
973 208 1119 238 vocabant.
1142 203 1200 233 Cic.
1210 211 1261 241 pro
1269 201 1369 238 Quint.

700 257 753 284 tius
766 252 904 282 discedere
917 249 1030 277 inferior
1041 245 1195 275 videretur,
1217 247 1313 269 tamen
1333 238 1372 267 es-

745 292 828 320 dum:
850 287 963 317 nuncin
976 283 1053 313 causa
1064 281 1211 318 superiore,
1236 287 1271 306 ne
1283 284 1312 306 ut
1324 285 1372 314 par

865 324 985 363 patitur,
1008 321 1141 349 duntaxat
1157 316 1241 353 usque
1260 324 1294 343 eo
1306 336 1313 348 .
1336 323 1372 343 ne

900 371 912 390 s
933 359 1019 389 Naevii
1034 354 1180 394 cupiditati
1205 351 1375 382 crudelitati-

220 152 293 196 464

282 229 387 261 tentius
399 238 405 257 :
427 228 504 263 cujus
513 221 680 263 contrarium

288 278 330 302 59.
354 268 385 295 At
396 266 412 294 si
425 266 452 294 in
463 263 540 293 causa
551 261 606 299 pari
622 259 697 294 Quin

285 305 326 334 set
336 314 392 332 non
403 301 577 331 mediocriter
587 303 741 332 conqueren

286 342 400 380 quidem
413 340 461 374 sit,
483 336 612 375 postulat:
635 333 793 362 inferiorem
803 325 855 355 else

289 389 353 410 cum
367 378 462 410 bonis,
483 376 574 408 fania,
594 368 761 404 fortunisque
784 363 897 393 omnibu
918 399 923 405 .
1060 395 1065 400 .
1336 390 1341 395 ι

289 427 342 454 que
359 415 481 444 dedatur.
506 412 580 441 Idem
594 410 621 437 in
638 408 709 436 Brut.
721 414 762 440 30.
782 402 817 430 de
828 401 964 429 Leontino
983 397 1083 432 Gorgia
1094 415 1101 428 ‚
1125 393 1286 428 Protagora,
1308 389 1376 426 Hip-

290 456 353 492 pia,
374 452 484 487 aliisque
494 449 521 478 so
543 447 617 477 histis
628 445 743 480 loquens
757 462 764 475 ‚
788 439 823 468 Hi
844 435 979 473 (inquit)
997 433 1099 469 aliique
1113 427 1374 473 multitemporibus

289 492 391 522 eisdem
408 489 508 517 docere
533 496 547 515 e
564 482 769 522 profitebantur,
791 474 979 512 arrogantibus
989 470 1050 500 sane
1066 468 1155 498 verbis
1166 489 1173 501 .
1195 465 1378 503 quemadmo-

292 526 445 558 dumcausa
458 524 569 553 inferior
586 522 645 556 (ita
655 518 729 547 enini
742 512 945 551 loquebantur)
966 508 1087 538 dicendo
1104 506 1162 535 fieri
1174 503 1297 542 superior
1316 501 1378 541 pos-

293 567 330 595 sit.
359 564 431 593 conf.
455 563 551 591 Facere
561 559 684 596 pejorem
696 552 801 583 causam
813 550 967 579 meliorem.
1295 578 1301 584 .

274 603 379 634 Tenuis
390 623 397 635 ‚
423 602 503 636 inops
513 619 520 633 ,
546 606 599 625 nec
608 593 755 630 scriptione
768 589 860 626 digna.
888 586 944 616 Cic.
955 595 979 620 9.
991 583 1066 613 Fam.
1080 590 1122 611 12.
1145 581 1238 617 Quam
1246 577 1331 607 velim
1342 576 1378 606 fic

292 641 374 677 legas,
386 645 415 667 ut
425 636 529 666 causam
541 632 683 662 tenuem&
695 630 818 665 inopem,
828 634 881 655 nec
891 623 1039 661 scriptione
1050 628 1151 657 magno
1160 626 1244 657 opere
1255 616 1377 653 dignam.

274 676 433 706 Verecunda
445 682 549 711 parum.
572 668 689 706 Quintil.
702 665 749 695 lib.
761 676 787 700 4.
798 673 857 701 cap.
872 673 897 699 ς.

273 715 349 744 νὶξὶη
360 716 385 742 δι
396 712 505 741 Viclrii(¹
528 709 629 738 Lucan.
647 716 670 734 ι.
685 708 746 737 128.

273 751 409 782 Accedere
419 750 453 777 ad
465 746 579 776 causam.
609 745 640 774 ln
660 752 678 771 Α
687 751 704 770 c
714 750 731 770 c
739 750 752 769 a
762 750 780 768 ι)
789 749 816 768 ο.

273 790 403 826 Accipere
413 784 517 815 causam
530 784 630 812 dicitur
640 787 779 818 patronus.
817 775 851 805 In
871 783 890 803 Α
899 783 916 803 c
926 783 944 802 c
952 783 962 801 1
970 782 985 802 1>
995 783 1004 801 1
1012 781 1039 801 o.
1199 805 1206 812 ι

272 828 403 864 Accipere
414 822 521 852 causam
532 821 661 856 aliquam.
698 816 762 848 Ter.
779 815 809 843 in
817 812 887 851 prol.
902 812 969 841 Hec.
981 819 1027 846 47.
1049 806 1242 846 metaphorice
1253 802 1314 834 usus
1323 802 1377 839 est,

368 861 434 892 Mea
440 859 517 889 causa
528 857 634 887 causam
645 856 716 885 hanc
726 852 857 890 accipite,
876 851 902 880 ἃ
916 849 981 878 date
992 847 1140 877 silentium.

273 901 389 930 Mutare
404 898 502 928 causas.
523 897 581 926 Cic.
592 896 621 923 in
632 894 716 923 Bruto
733 894 797 926 246.

273 941 376 969 Acuere
386 937 508 973 linguam
518 933 609 963 causis.
628 932 646 960 i.
659 940 682 959 e.
697 928 814 966 Agendis
824 924 908 956 causis
918 923 943 953 se
955 931 1091 952 exercere.
1104 920 1170 949 Hor.
1180 927 1202 947 i.
1216 917 1376 960 Epl,st·3·²3-

273 975 413 1006 Adducius
422 975 456 1002 ad
464 971 578 1002 causam.
601 970 659 998 Cic.
671 969 699 997 in
707 966 842 1001 Pison.79.
855 963 918 992 Non
926 962 984 990 sum
1001 969 1064 996 ego,
1076 963 1189 995 propter
1199 956 1316 984 nimiam
1325 953 1380 982 for.

291 1013 356 1042 tasse
371 1010 528 1040 constantiae
539 1007 731 1046 cupiditatem,
744 1003 881 1033 adductus
891 1000 925 1028 ad
933 997 1049 1028 causam.
1073 997 1133 1030 Pro,
1155 995 1185 1024 ln
1196 993 1313 1022 eandem
1321 991 1379 1021 sen-

290 1051 421 1083 tentiam,
442 1048 572 1084 idemque
585 1045 704 1075 studium
713 1042 751 1072 rei
762 1037 945 1069 defendendae
958 1035 1102 1073 perlectus.
1135 1031 1261 1062 Budaeus.

271 1089 407 1119 Adhibere
421 1085 598 1124 probationes
609 1081 704 1111 causae.
726 1077 844 1116 Quintil.
857 1075 905 1104 lib.
919 1083 946 1103 2.
959 1083 1018 1111 cap.
1034 1082 1077 1102 ιο.

270 1125 434 1159 Adiudicare
446 1122 552 1152 causam
562 1120 654 1150 alicui.
677 1119 735 1147 Cic.
748 1127 773 1146 2.
787 1115 822 1144 de
831 1114 906 1143 Orat.
922 1121 981 1146 129.

271 1161 407 1194 Admissus
419 1169 480 1190 reus
490 1160 525 1189 ad
533 1158 640 1188 causam
652 1155 809 1185 dicendam.
847 1151 878 1180 V.
898 1160 918 1179 A
930 1159 948 1178 n
956 1159 977 1178 M
987 1158 997 1176 i
1005 1156 1026 1176 T
1035 1157 1054 1176 τ
1064 1156 1091 1176 o.

271 1200 367 1232 Adesse
378 1199 472 1228 causae.
495 1195 612 1234 Quintil.
625 1194 672 1224 lib.
687 1204 712 1229 4.
724 1200 784 1229 cap.
800 1199 841 1226 13.

272 1241 357 1276 Agere
370 1237 488 1267 causam.
510 1236 568 1263 Cic.
581 1243 606 1263 2.
618 1232 654 1262 de
665 1231 740 1260 Orat.
758 1236 818 1257 102.

270 1280 291 1307 A
311 1285 357 1305 ere
367 1284 456 1304 veram
467 1272 583 1303 causam.
623 1270 681 1299 Cic.
692 1269 720 1296 in
731 1267 805 1296 Brut.
817 1266 881 1293 226.
903 1262 935 1292 In
944 1259 1101 1291 Tribunatu
1111 1257 1231 1296 primum
1241 1260 1335 1285 contra
1345 1254 1378 1284 C.

307 1313 356 1343 ulii
365 1312 441 1342 illam
452 1309 614 1341 Consulatus
622 1306 786 1346 petitionem
794 1299 1049 1333 extraordinariam,
1068 1305 1160 1326 veram
1176 1293 1282 1324 causam
1295 1301 1378 1330 agens

289 1352 328 1382 est
336 1351 475 1389 probatus.
512 1347 610 1376 Veram
621 1368 629 1380 ‚
650 1345 668 1374 i.
680 1353 704 1372 e.
725 1342 835 1378 Justam.
875 1339 939 1368 Erat
948 1337 1024 1366 enim
1035 1344 1098 1364 vera
1108 1336 1134 1363 δι
1145 1333 1215 1369 justa
1223 1330 1311 1366 causa,
1331 1339 1380 1359 ne-

290 1398 352 1427 gare
361 1387 484 1417 dandum
495 1383 675 1415 Consulatum
685 1381 711 1410 ei
721 1403 729 1417 ,
750 1380 796 1417 qui
805 1378 905 1408 Praetor
914 1374 1042 1405 nondum
1050 1371 1150 1401 fuisset.

270 1427 412 1458 Amittere.
433 1425 466 1454 In
486 1434 505 1453 A
514 1433 536 1452 M
546 1431 582 1450 ιτ
590 1430 609 1449 ἰ’
617 1431 644 1449 o.

271 1465 376 1495 Cadere
388 1461 474 1493 causa.
495 1460 527 1490 In
547 1469 564 1489 c
573 1468 593 1487 Α
603 1468 621 1487 ι)
629 1468 656 1487 ο.

270 1503 384 1540 Capere.
414 1500 446 1530 In
466 1508 511 1528 ca
521 1508 552 1527 Pi
563 1506 589 1526 o.

270 1539 442 1577 Cognoscere
452 1535 557 1566 causam
566 1533 681 1568 alicuius
693 1530 726 1560 ab
738 1530 834 1559 altero.
872 1526 930 1556 Cic.
941 1524 976 1555 ad
986 1523 1061 1554 Brut.
1075 1530 1101 1558 3.
1128 1519 1215 1558 Quod
1229 1520 1268 1551 ita
1281 1518 1379 1549 statue-

289 1587 347 1607 ram
363 1599 371 1612 ,
392 1587 407 1605 a
420 1582 447 1604 te
457 1572 620 1610 cognoscere
631 1568 738 1600 causam
747 1568 807 1604 ejus
817 1566 951 1596 Senatum
962 1569 1102 1601 oportere.

270 1614 448 1644 communita
462 1610 548 1641 causa.
588 1609 620 1639 In
641 1617 658 1637 c
668 1617 685 1636 o
695 1617 715 1635 M
725 1616 746 1635 M
754 1616 774 1634 u
782 1613 801 1633 N
811 1614 820 1632 ι
830 1613 857 1633 ο.

270 1651 433 1690 Compler‘ti.
467 1650 522 1679 Cic.
531 1659 553 1683 ς.
565 1645 663 1684 Philip.
674 1656 718 1680 44.
742 1642 830 1672 Caesar
838 1647 931 1670 autem
937 1638 1017 1668 annis
1026 1635 1120 1666 multis
1132 1633 1224 1664 minor
1232 1638 1378 1663 veteranos

287 1691 431 1728 cupientes
444 1688 497 1723 jam
508 1684 676 1723 requiescere
685 1681 800 1711 armavit
812 1689 818 1708 :
833 1688 896 1708 eam
903 1676 1066 1713 complexus
1075 1673 1112 1702 est
1121 1671 1303 1708 causam,quae
1311 1669 1378 1699 esset

287 1728 410 1759 Senatui.
426 1736 484 1763 quae
493 1723 597 1762 populo
607 1744 615 1757 ,
635 1729 695 1758 quae
705 1719 810 1749 cunctae
822 1717 904 1747 ltaliae
914 1736 922 1750 ‚
943 1723 1002 1751 quae
1013 1712 1066 1742 diis
1078 1709 1207 1741 omnibus
1219 1708 1375 1748 gratiffima.

268 1765 443 1801 Componere
454 1762 630 1792 causamcum
638 1757 724 1788 causa.
745 1753 866 1793 Quintil.
876 1753 923 1783 lib.
940 1761 965 1789 7.
983 1760 1043 1788 cap.
1058 1758 1083 1786 3.

268 1803 409 1833 Confeire.
453 1801 483 1830 ln
503 1809 520 1829 c
530 1809 547 1828 o
557 1809 576 1827 N
586 1809 599 1826 ιτ
608 1807 621 1826 a
631 1806 678 1826 ao.

267 1840 414 1870 Confidere
426 1837 517 1868 causae.
556 1837 587 1865 In
608 1845 625 1864 c
634 1844 652 1864 ο
663 1842 748 1863 Νιτιυ
758 1842 785 1861 o.

267 1878 412 1914 Conjicere
425 1878 450 1906 ἅ
460 1874 603 1906 consistere
616 1895 624 1908 ,
645 1872 698 1901 five
708 1869 873 1900 constituere
885 1865 991 1896 causam
1005 1863 1110 1893 dicitur
1121 1882 1130 1897 ‚
1151 1859 1209 1898 Qui
1227 1858 1305 1889 litem
1316 1880 1324 1894 ‚
1345 1861 1377 1887 ut

284 1916 347 1952 JCti
364 1916 529 1952 loquuntur,
547 1910 732 1941 contestatur:
765 1908 792 1936 h.
812 1916 835 1935 e.
857 1905 914 1942 Qui
939 1900 1151 1933 controversiam
1166 1898 1241 1935 apud
1253 1898 1377 1933 judicem

285 1952 463 1992 praesentibus
472 1949 584 1980 testibus
597 1948 730 1986 exponit:
751 1946 780 1974 id
793 1944 868 1982 quod
884 1942 987 1972 lictoris
1000 1939 1143 1978 proprium
1155 1937 1203 1966 est.
1225 1935 1324 1970 Gell.5.
1333 1944 1375 1964 io.

285 1992 366 2029 Capit
379 1989 521 2020 consilium
536 1988 693 2023 Protagoras
704 2007 711 2019 ,
733 1989 764 2013 ut
777 1989 838 2012 tum
857 1978 1045 2012 existimabat,
1066 1981 1197 2006 acutum:
1223 1980 1320 2011 petere
1335 1973 1377 2001 in-

283 2030 350 2059 stitit
363 2038 397 2058 ex
411 2029 491 2066 paeto
501 2025 657 2055 mercedem
669 2033 677 2059 3
697 2022 776 2051 litem
790 2029 855 2049 cum
870 2017 989 2048 Euathlo
1003 2014 1177 2045 contestatur.
1217 2012 1253 2041 Et
1264 2020 1328 2040 cum
1340 2010 1376 2039 ad

284 2067 393 2103 judices
406 2064 586 2099 conjiciendae
599 2085 606 2096 ,
628 2059 860 2095 consistendaeque
876 2055 962 2085 causae
976 2054 1060 2092 gratia
1069 2050 1205 2081 venissent
1215 2072 1224 2086 ,
1244 2055 1305 2079 tum
1316 2048 1378 2078 Pro=

283 2113 391 2142 tagoras
404 2104 439 2133 sic
448 2101 557 2132 exorsus
568 2100 605 2129 est
615 2121 623 2134 ‚
640 2100 692 2129 &c-

265 2142 439 2178 Conjungere
454 2149 517 2171 cum
529 2138 613 2168 causa.
644 2137 701 2166 Cic.
718 2145 769 2174 pro
779 2132 890 2163 Cluent.
905 2134 950 2166 96.
971 2128 1059 2160 Νιι110
1070 2127 1158 2157 modo
1166 2125 1242 2156 illam
1250 2123 1376 2159 multam,

286 2191 346 2218 quae
358 2190 373 2209 a
386 2179 469 2215 Junio
479 2178 564 2215 petita
573 2176 605 2205 sit
615 2196 623 2209 ‚
647 2184 713 2204 cum
729 2170 851 2203 Cluentii
863 2169 943 2201 causa
957 2167 1035 2207 posse
1047 2165 1190 2203 conjungi.
1230 2163 1286 2194 sed
1298 2161 1377 2192 aliter

284 2219 384 2255 legitur
392 2218 420 2246 in
431 2216 515 2246 codd.
529 2213 691 2244 emendatis.

266 2255 401 2285 Conlistit.
438 2255 469 2284 ln
490 2263 507 2282 c
516 2262 533 2282 o
542 2262 563 2281 N
572 2261 584 2281 s
593 2262 602 2279 1
610 2260 621 2280 s
629 2260 648 2279 T
656 2260 682 2280 o.

266 2293 419 2323 Contendit
428 2291 506 2322 causa
515 2299 579 2320 cum
588 2287 673 2318 causa.
711 2285 745 2315 In
765 2295 783 2314 c
791 2294 809 2314 o
819 2293 838 2313 Ν
848 2292 891 2313 τε
899 2292 945 2312 Νι)
955 2292 982 2311 o.

266 2331 444 2361 Contendere
455 2328 563 2359 causam
573 2332 669 2356 contra
680 2324 809 2361 aliquem.
831 2321 938 2351 Lucret.
953 2319 1002 2349 lib.
1020 2328 1047 2354 4.
1061 2324 1126 2354 473.

266 2369 435 2406 Contempta
450 2366 527 2396 causa
535 2364 659 2404 pecuniae
672 2362 790 2400 publicae
799 2361 825 2390 &
838 2359 954 2395 abjecta.
976 2357 1034 2386 Cic.
1048 2366 1099 2394 pro
1110 2353 1220 2385 Cluent.
1232 2361 1278 2389 94.

266 2406 411 2436 Contineri
425 2404 518 2434 causis.
540 2400 660 2439 Quintil.
677 2399 724 2429 lib.
738 2408 761 2435 3.
777 2407 838 2436 cap.
853 2408 878 2433 5.

266 2444 434 2474 Convertere
445 2443 479 2471 ad
489 2440 595 2471 causam
609 2439 717 2468 animos
731 2436 864 2473 iudicum.
897 2433 955 2463 Cic.
973 2442 998 2462 2.
1013 2432 1048 2461 de
1063 2430 1140 2460 Orat.
1172 2429 1304 2465 Judicum
1318 2426 1376 2457 ani-

285 2492 346 2511 mos
361 2488 451 2516 totos,
471 2479 514 2509 vel
527 2477 684 2508 calamitate
693 2474 829 2508 civitatis,
850 2471 894 2501 vel
912 2471 989 2500 luctu
1010 2480 1042 2499 ac
1057 2468 1192 2498 desiderio
1206 2467 1376 2505 propinquo-

284 2529 347 2549 rum
358 2542 365 2553 ,
382 2520 432 2548 ἃς.
453 2518 487 2546 ad
497 2516 605 2546 causam
617 2514 735 2544 nostram
748 2518 947 2541 converteram.

266 2556 388 2586 Credere
400 2554 505 2586 causam
514 2553 604 2583 alicui.
626 2551 729 2581 Lucan.
745 2549 793 2579 lib.
808 2558 834 2585 7.
846 2557 891 2586 77.
920 2548 939 2576 i.
954 2556 979 2576 e.
1003 2543 1195 2575 Committere.

266 2595 410 2624 Damnare.
435 2592 536 2622 Lucan.
550 2591 588 2620 lib
615 2600 639 2626 5.
653 2599 714 2626 247.

264 2632 426 2662 Declamare
435 2630 534 2660 causas.
557 2629 615 2658 Cie.
629 2638 652 2657 1.
664 2626 745 2657 Tusc.
760 2633 786 2661 7.
808 2621 848 2652 Al.
865 2620 1059 2652 Declamitare.

265 2671 410 2701 Deducere
420 2669 446 2699 se
458 2670 485 2697 in
500 2666 616 2697 causam.
657 2665 688 2695 In
708 2673 776 2693 Dan
788 2670 865 2690 uco.
1066 2673 1071 2676 ⁴

264 2708 430 2738 Defendere.
452 2706 518 2736 Hor.
533 2714 557 2734 2.
571 2704 658 2734 Serm.
674 2713 698 2738 5.
714 2711 756 2738 34.

264 2745 443 2775 Defensitare.
484 2743 514 2772 ln
534 2751 552 2771 i)
562 2752 576 2771 a
585 2753 598 2771 ιτ
608 2751 622 2770 ιι
631 2750 651 2770 N
661 2750 674 2770 s
684 2751 692 2768 ι
702 2749 757 2768 το.

264 2783 376 2813 Deferre
386 2782 493 2811 causam
504 2781 547 2810 ad.
587 2779 644 2808 Cic.
664 2778 699 2806 de
711 2776 782 2805 Clar.
792 2773 869 2804 Orat.
881 2775 925 2807 86.
951 2771 1048 2807 Itaque
1068 2767 1230 2800 auc'tori'tate
1252 2767 1283 2798 C.
1300 2764 1377 2797 Laelii

282 2821 445 2857 publicanos
459 2818 565 2848 causam
578 2815 703 2846 detulisse
715 2815 750 2843 ad
768 2811 892 2841 Galbam.

264 2859 416 2889 Demittere
428 2857 454 2886 se
467 2858 496 2886 in
505 2854 620 2885 causam.
661 2853 719 2882 Cic.
733 2861 759 2888 7.
783 2851 835 2879 Att.
852 2857 894 2877 12.
916 2845 1065 2882 Aequiesco
1084 2844 1161 2874 enim
1173 2866 1181 2879 ,
1202 2844 1297 2873 &tuas
1307 2843 1374 2872 volo

282 2896 384 2925 elicere
396 2896 498 2924 litteras
509 2915 517 2928 ,
538 2892 713 2927 maximeque
720 2886 863 2918 consilium
875 2907 883 2918 ,
906 2885 974 2921 quid
985 2893 1063 2921 agani
1074 2904 1082 2919 ,
1104 2888 1151 2912 aut
1165 2891 1220 2919 quo
1231 2890 1276 2911 me
1292 2882 1375 2919 paeto

285 2943 375 2971 geram
386 2955 394 2967 ,
414 2933 594 2962 demittamne
604 2938 649 2958 me
661 2927 771 2966 penitus
783 2925 812 2953 in
823 2922 938 2953 causam.

265 2971 441 3001 Descendere
452 2970 480 2998 in
490 2967 606 2998 causam.
629 2966 687 2995 Cic.
700 2971 725 2999 8.
741 2962 857 2999 Philipp.
872 2972 897 2995 4.

265 3009 395 3038 Deserere
404 3007 511 3037 causam
522 3004 613 3034 amici.
632 3003 715 3032 Ovid.
731 3011 753 3031 1.
765 2999 844 3029 Trist.
857 3008 882 3034 9.
894 3000 939 3031 65.

264 3046 364 3077 Dicere
373 3046 492 3079 causam,
504 3043 542 3072 est
553 3040 707 3072 Defendere
719 3039 763 3068 vel
775 3047 824 3075 per
837 3035 864 3065 se
873 3034 916 3064 vel
926 3045 975 3072 per
985 3039 1144 3072 patronum.
1166 3032 1242 3062 Curt.
1254 3041 1280 3068 7.
1292 3040 1316 3060 1.
1327 3039 1373 3061 ιο.

285 3086 416 3122 Amyntas
425 3081 542 3112 vinculis
553 3084 700 3116 exemptus
715 3084 744 3106 ut
755 3073 944 3105 defensionem
956 3072 1090 3101 ordiretur
1101 3093 1109 3105 ,
1126 3071 1163 3099 ita
1176 3070 1267 3107 inquit
1281 3089 1288 3104 ,
1309 3069 1375 3098 Sine

284 3122 445 3160 praejudicio
455 3119 561 3149 causam
572 3117 700 3145 dicimus.
722 3115 740 3143 i.
755 3123 780 3142 e.
802 3111 922 3141 Liberati
932 3109 1062 3147 tantisper
1070 3108 1188 3138 vinculis
1199 3129 1208 3143 ,
1229 3107 1377 3144 responde-

284 3170 345 3189 mus
355 3158 517 3188 criminibus
527 3154 652 3191 objectis.
675 3153 740 3182 Haec
753 3151 877 3180 Budaeus.

266 3196 369 3227 Dix'iss'e
384 3196 490 3226 causam
498 3195 558 3230 quis
568 3193 669 3222 dicitur
682 3212 690 3224 .
711 3190 768 3226 Qui
788 3189 859 3216 inter
879 3194 941 3214 reos
961 3190 1087 3221 receptus
1107 3183 1154 3212 est.
1197 3182 1255 3211 Cic.
1275 3191 1325 3219 pro
1342 3182 1373 3211 A.

285 3235 415 3264 Cluentio
427 3240 470 3270 93.
492 3232 670 3269 Quapropter
682 3228 735 3257 lioc
746 3225 826 3256 Bulbi
838 3223 972 3259 judicium
989 3231 1044 3250 non
1057 3221 1119 3258 plus
1131 3219 1223 3249 obeffe
1238 3220 1303 3248 huic
1313 3229 1376 3249 cau-

285 3271 418 3305 soedebet,
439 3280 520 3307 quani
531 3269 577 3298 illa
591 3277 651 3304 quae
661 3268 876 3296 commemorata
886 3261 949 3290 sunt
958 3259 991 3288 ab
1005 3258 1172 3291 accusatore,
1196 3259 1253 3286 duo
1263 3257 1374 3292 judicia,

287 3309 314 3338 P.
329 3308 423 3347 Popilii
436 3330 443 3342 ,
465 3310 489 3337 Gt
499 3306 533 3336 T.
545 3307 635 3336 Guttae
647 3327 655 3340 ‚
676 3304 721 3339 qui
733 3302 840 3332 causam
852 3300 887 3328 de
897 3297 1002 3328 ambitu
1011 3297 1150 3325 dixerunt.
1170 3295 1295 3324 Budaeus.

267 3345 365 3375 Dicere
376 3346 513 3384 publicam
525 3343 642 3373 causam.
682 3342 741 3371 Cic.
755 3348 805 3377 pro
816 3336 895 3368 Rosc.
910 3337 996 3364 Amer.
1013 3345 1055 3369 59.
1079 3333 1165 3370 Quod
1175 3340 1256 3362 antea
1267 3332 1374 3362 causam

286 3384 422 3420 publicam
435 3383 538 3411 nullam
554 3381 681 3410 dixerim.
718 3379 747 3407 V.
769 3375 862 3406 Causae
873 3373 991 3412 publicae
1007 3373 1032 3401 &
1043 3372 1163 3409 privatae.
1193 3392 1196 3396 .

266 3420 364 3451 Dicere
375 3421 499 3450 veneficii
514 3418 629 3449 causam.
651 3414 769 3453 Quintil.
787 3413 833 3443 lib.
848 3424 872 3448 ς,
887 3420 947 3448 cap.
959 3420 1002 3439 ii.

267 3457 364 3488 Dicere
378 3458 483 3488 cauliim
498 3462 622 3486 accurate
637 3456 662 3484 Sc
673 3454 821 3491 eleganter.
844 3450 902 3480 Cic.
916 3449 951 3478 de
960 3446 1031 3477 Clar.
1041 3446 1118 3475 Orat.
1129 3448 1173 3479 86.
1196 3444 1310 3474 Causam
1322 3455 1372 3483 pro

287 3496 437 3533 publicanis
449 3500 573 3524 accurate
585 3515 593 3529 ,
614 3500 645 3522 ut
654 3491 759 3529 semper
773 3489 867 3519 solitus
878 3486 961 3521 esset,
981 3485 1175 3522 eleganterque
1186 3482 1292 3512 dixiss‘e.

268 3532 365 3563 Dicere
380 3534 484 3562 causam
499 3532 574 3569 apud
586 3530 712 3567 aliquem.
737 3526 855 3564 Quintil.
868 3524 917 3554 lib.
930 3535 956 3559 4.
974 3532 1033 3560 cap.
1049 3532 1073 3551 1.

266 3571 366 3601 Dicere
379 3571 413 3600 de
425 3571 516 3607 capite
529 3569 575 3598 suo
586 3567 703 3597 causam.
741 3566 799 3594 Cic.
819 3573 870 3602 pro
883 3562 980 3599 Quint.
997 3571 1038 3595 3¹-
1071 3558 1127 3588 Sed
1147 3557 1199 3594 (id
1212 3558 1286 3594 quod
1298 3567 1373 3588 nunc

285 3609 397 3642 evenit)
421 3608 454 3637 de
466 3608 557 3644 capite
574 3605 620 3635 suo
631 3605 720 3642 priore
733 3603 796 3632 loco
810 3600 916 3631 causam
930 3598 983 3629 esse
994 3598 1143 3627 dicturum.

266 3645 364 3674 Dicere
374 3646 408 3674 de
422 3645 525 3674 ambitu
536 3643 652 3673 causam.
675 3642 732 3670 Cic.
745 3650 795 3678 pro
806 3641 879 3670 Sext.
898 3643 940 3672 18.

267 3682 364 3712 Dicere
378 3692 410 3711 ex
428 3682 551 3712 vinculis.
590 3679 646 3709 Liv.
660 3679 707 3708 lib.
719 3689 763 3711 ιφ.
782 3688 823 3712 ι9.
855 3674 1026 3706 Sententiam
1046 3670 1149 3700 deinde
1168 3678 1245 3707 aeque
1263 3673 1372 3700 trucem

284 3721 399 3749 orationi
410 3720 519 3753 adiecit.
559 3716 722 3748 Pleminium
739 3716 859 3753 legatum
868 3714 993 3743 vinctum
1007 3711 1123 3740 Romam
1134 3708 1272 3745 deportari
1281 3707 1373 3744 place.

282 3766 311 3786 re
322 3779 329 3792 ,
350 3759 375 3786 &
386 3767 418 3786 ex
431 3755 547 3786 vinculis
562 3755 669 3784 causam
679 3754 779 3782 dicere.
821 3753 837 3781 i.
853 3761 877 3780 e.
900 3750 1013 3780 lnterim
1029 3747 1096 3777 dum
1117 3744 1228 3782 quaestio
1248 3745 1373 3774 criminis

283 3795 436 3832 peragitur.
459 3794 485 3822 in
502 3801 608 3821 carcere
618 3792 742 3820 vinCtum
758 3789 818 3819 esse.
840 3789 879 3818 Ex
889 3788 999 3817 Budaeo.
1022 3785 1104 3814 Caius
1115 3784 1143 3812 in
1155 3782 1216 3820 lege
1231 3781 1370 3812 Cornelia.

281 3834 303 3870 §.
320 3842 341 3860 ι.
360 3832 381 3860 Ι)
407 3832 442 3860 de
453 3829 580 3858 senatusc⁴
594 3828 752 3865 Syllaniano
764 3849 771 3860 .
792 3827 922 3856 Praeterea
933 3830 1044 3854 cavetur
1059 3844 1066 3857 ‚
1088 3829 1120 3850 ut
1135 3821 1170 3850 de
1190 3820 1224 3849 iis
1243 3820 1289 3856 qui
1306 3826 1372 3848 ante

279 3869 455 3908 quaestionem
467 3867 586 3908 habitam
596 3866 716 3901 fugerint
727 3886 734 3898 ,
755 3864 771 3892 si
782 3870 877 3901 aperto
888 3863 1051 3892 testamento
1063 3859 1143 3888 liberi
1157 3857 1252 3896 scripti
1265 3858 1373 3886 inveni.

278 3914 374 3941 antur,
395 3906 455 3941 lege
465 3904 499 3932 de
509 3904 605 3931 licariis
615 3901 804 3937 judiciumfiat
818 3923 825 3934 ,
847 3902 883 3929 ita
898 3907 928 3929 ut
940 3908 974 3928 ex
987 3897 1108 3926 vinculis
1122 3896 1234 3926 causam
1244 3894 1349 3924 dicant.

259 3946 358 3978 Dicere
366 3943 457 3973 causas
467 3941 496 3969 in
507 3940 577 3969 foro.
599 3940 681 3968 Caius
696 3938 753 3967 inl.
771 3948 794 3967 1.
805 3937 836 3968 D.
849 3938 885 3967 de
895 3937 970 3973 Orig.
980 3935 1056 3972 juris.

1931 119 1961 154 C
2058 119 2087 155 A
2181 120 2214 156 U

1462 197 1915 273 Dgclzrreapgusaxrssipussljam,un1in
1935 210 1985 238 pro
1996 200 2062 230 Non
2075 209 2176 239 negare
2188 224 2196 237 ‚
2217 211 2350 239 renuere,
2371 203 2511 242 tecusare,
2531 181 2591 238 re.''

1493 275 1498 279 ¹
1618 257 1626 270 ‚
1755 247 1778 265 c.
1844 260 1851 267 .
1884 248 1899 266 u
1923 248 1950 267 ra
1990 248 2006 267 a
2041 248 2060 268 r.

1463 273 1599 304 Diffidere
1611 283 1674 302 curn
1686 274 1772 316 causa.
1815 276 1873 305 Cic.
1895 248 1933 304 ιρι.
1947 246 2064 314 Ρ’ὴί1ίξρ.
2080 283 2123 312 ῐς.
2147 277 2184 306 Ex
2196 277 2382 314 quojudicare
2390 277 2495 309 debetis
2527 282 2570 312 nie
2587 265 2590 292 l

1484 320 1619 354 non-cum
1630 312 1741 354 nomine
1751 311 1834 342 solere
1847 335 1855 347 ,
1875 312 1921 341 sed
1938 323 2002 342 cum
2016 313 2095 343 causa
2106 314 2244 345 diffidere.
2464 333 2471 335 >
2502 302 2511 316 ’
2586 306 2589 309 ¹

1466 348 1527 378 Effe
1543 358 1571 376 in
1583 348 1698 376 meliore
1711 349 1797 378 causa.
1838 350 1869 380 V.
1894 350 2010 386 Melior,
2031 351 2060 380 in
2080 361 2208 382 nonus.

1466 386 1604 429 Excutere
1616 385 1716 415 causas.
1738 387 1857 422 Quintil.
1870 388 1916 417 lib.
1932 399 1955 424 ς.
1974 398 2035 426 cap.
2051 399 2094 418 10.

1468 424 1598 491 ἔχοι-(1151
1610 423 1726 452 causam.
1748 424 1868 461 Quintil.
1883 425 1931 455 lib.
1943 437 1969 461 4.
1986 436 2047 464 cap.
2063 436 2086 456 ι.
2585 449 2589 453 η

1485 461 1877 541 ῑξρέᾷτὲῑξὲξὶῐηᾶιίῑὲιέἓειιιεκιιιε.
1918 463 2004 494 Ovid.
2017 472 2059 500 13.
2071 463 2142 495 Met.
2155 473 2216 501 ιςο,
2237 464 2266 494 h.
2283 474 2308 494 e.
2327 464 2487 497 Secundum
2498 468 2572 517 meri.
2584 472 2590 507 ᾖ
2598 485 2604 519 3

1467 536 1719 574 Explicaretotam.
1741 537 1860 574 Quintil.
1871 537 1954 574 lib.4.
2584 509 2589 555 l

1468 574 1624 611 Exponere.
1647 574 1765 610 Quintil.
1777 576 1825 605 lib.
1839 586 1862 611 ς.
1874 585 1934 613 cap.
1947 585 1973 613 7.
2583 555 2586 600 l

1468 611 1597 641 Exudare
1611 611 1719 647 causas,
1740 613 1860 657 ridicule
1880 614 1986 643 dictum
2008 612 2042 642 ab
2063 611 2179 642 Horatio
2194 613 2230 642 de
2240 612 2409 650 causidicis,
2430 615 2478 652 qui
2493 617 2572 651 nimia
2602 602 2604 607 Ι

1486 648 1635 692 verborum
1646 657 1829 681 contentione
1840 674 1848 686 ,
1869 652 1895 681 dc
1912 650 2034 688 inquieta
2052 650 2260 687 gesticulatione
2275 650 2403 682 sudorem
2415 652 2464 682 sibi
2482 664 2576 691 provo.

1488 693 1571 716 cant:
1592 694 1629 715 ita
1644 693 1674 730 ut
1685 688 1776 718 causas
1786 688 1845 718 suas
1856 698 1914 718 non
1925 699 2002 718 orare
2013 710 2021 724 ,
2041 687 2090 717 sed
2107 688 2203 718 sudare
2218 689 2374 719 videantur.
2403 690 2508 721 Horatii
2518 693 2584 725 haec

1487 724 1550 754 sunt
1560 724 1642 753 verba
1656 725 1703 754 lib.
1719 736 1741 769 ¹:
1755 727 1843 756 Serm.
1858 737 1899 755 ιο.
1912 732 1956 761 28.
2160 741 2198 747 —
2210 725 2308 756 Latine
2583 729 2584 750 ἒ

1562 761 1657 805 Quum
1670 763 1767 793 Pedius
1778 763 1869 794 causas
1879 765 1984 795 exudet
1995 763 2137 793 Publicola
2150 785 2159 800 ,
2180 770 2263 801 atque

1561 799 1696 829 Corvmus
1709 823 1717 836 ,
1742 803 1794 832 Sec.

1469 836 1570 904 ἓξὲξ
1579 838 1699 880 partium
1709 839 1818 907 causam
1830 840 1964 907 pejprem.
1986 837 2104 875 Quintil.
2116 838 2165 868 lib.
2179 848 2204 875 3.
2220 849 2283 877 cap.
2296 844 2322 875 8.

1601 885 1767 909 ejoremcau
1780 887 1860 907 amm
1891 878 1917 906 io
1981 900 1987 907 .
2060 877 2065 883 '
2101 877 2129 906 '.
2155 877 2160 883 '
2184 899 2191 907 .
2215 899 2221 907 .
2535 880 2544 889 ⁶

1489 911 1568 941 causa
1578 885 1603 942 gc
1616 912 1741 944 Inferior.
1863 888 1878 907 e
1920 887 1978 906 rem
2010 876 2120 914 Quintil
2141 876 2181 908 lib
2194 886 2211 908 2
2234 887 2297 915 cap.
2310 879 2353 908 16.
2363 878 2437 908 conf.
2451 878 2572 918 Supenoff

1469 949 1569 994 Facere
1583 950 1743 993 suspectam.
1763 952 1883 989 Quintil.
1894 952 1943 982 lib.
1960 962 1983 988 5.
1997 961 2058 989 cap.
2074 960 2117 988 ¹3·

1469 987 1567 1040 Fidere
1576 991 1669 1032 caulae.
1711 990 1768 1034 Cic.
1781 1000 1832 1028 pro
1850 990 1935 1034 Ligar.
1950 1000 1991 1026 13-
2014 990 2099 1026 Quod
2107 999 2158 1020 nos
2167 989 2244 1019 domi
2258 990 2395 1028 petimus,
2415 991 2572 1030 precibus&
2594 1011 2595 1014 =

1487 1026 1617 1098 ἒῧὲῐέἓίξ
1628 1027 1751 1093 Ρξῗῐξςαιι
1762 1029 1797 1057 ad
1805 1028 1892 1066 pedes
1904 1050 1912 1064 ,
1933 1038 1991 1057 non
2002 1034 2060 1057 tam
2075 1029 2172 1058 nostrae
2187 1027 2273 1058 causae
2284 1028 2419 1065 fidentes,
2440 1039 2520 1067 quam
2535 1047 2539 1057 ·
2574 1044 2576 1049 ·

1613 1074 1656 1093 am
1671 1075 1685 1093 a
1701 1075 1718 1094 1.

1470 1101 1617 1145 Fluctuare
1628 1101 1705 1132 causa
1714 1103 1806 1133 dubia.
1846 1103 1933 1133 Valet.
1947 1103 2064 1133 Maxim.
2075 1103 2124 1133 lib.
2139 1113 2163 1139 ς.
2174 1112 2235 1142 cap.
2248 1111 2273 1140 3.
2303 1103 2345 1133 Μ.
2357 1102 2457 1134 Cicero
2468 1103 2517 1136 Cn.
2528 1103 2574 1137 Po.

1487 1138 1599 1183 pillium
1609 1139 1746 1185 Laenatem
1758 1164 1766 1177 ‚
1787 1148 1883 1178 rogatu
1902 1142 1990 1171 Marci
2003 1141 2086 1171 Coelii
2098 1163 2106 1177 ,
2126 1151 2186 1170 non
2203 1141 2311 1171 minore
2336 1150 2401 1171 cura
2422 1151 2503 1180 quam
2521 1137 2556 1175 e‘l

1487 1178 1742 1252 {lgznitlssatdetiendit
1752 1201 1759 1214 ,
1779 1189 1898 1246 equique
1913 1179 1993 1210 causa
2003 1179 2157 1209 admodum
2168 1178 2253 1209 dubia
2261 1179 2460 1216 fluctuantem,
2478 1172 2524 1211 sal·
2537 1202 2540 1206 ,
2554 1198 2564 1210 η

1590 1225 1604 1244 a
1617 1225 1646 1245 es
1668 1226 1717 1246 uos
1730 1227 1798 1246 remi
1812 1224 1840 1246 it.

1470 1251 1582 1282 Habere
1593 1253 1709 1283 causam.
1731 1254 1851 1291 Quintil.
1865 1254 1914 1284 lib.
1929 1263 1956 1291 7.
1971 1263 2032 1293 cap.
2047 1262 2072 1290 ξ.

1470 1289 1641 1334 impugnans
1653 1292 1732 1336 causa
1741 1293 1872 1322 meritum
1883 1295 1909 1323 ἃ
1919 1292 2013 1322 fidem.
2044 1293 2063 1323 i.
2080 1301 2105 1322 e.
2126 1291 2259 1330 Suscepta
2269 1291 2349 1322 causa
2358 1297 2455 1323 contra
2463 1292 2570 1326 fidenti-r

1487 1335 1628 1358 meritum.
1648 1330 1734 1372 Owd.
1751 1341 1774 1364 ς.
1790 1331 1859 1360 Met.
1875 1340 1937 1366 151.

1468 1366 1636 1410 Incumbere
1646 1377 1676 1396 in
1688 1367 1804 1398 causam.
1827 1369 1886 1398 Cic.
1897 1378 1922 1405 3.
1935 1369 1988 1398 Att.
1998 1377 2040 1403 ις.
2061 1368 2151 1405 Atque
2161 1368 2268 1398 utinam
2278 1367 2336 1406 ipse
2346 1367 2429 1398 Varro
2439 1367 2503 1399 ineu
2519 1385 2554 1397 ..,

1487 1413 1517 1432 1n
1525 1403 1649 1448 causam:
1672 1407 1747 1442 quod
1754 1406 1880 1444 profecto
1894 1414 1959 1436 cum
1967 1405 2013 1435 sua
2021 1404 2136 1443 sponte,
2157 1412 2218 1435 tum
2229 1412 2256 1435 te
2270 1405 2387 1436 instante
2396 1406 2489 1437 faciet.
2536 1423 2538 1426 >

1469 1441 1665 1485 Indifftacausa
1678 1443 1811 1474 damnari.
1851 1444 1882 1474 V.
1903 1452 2094 1473 mnicrus
2114 1445 2141 1474 δι
2160 1453 2303 1473 DAMNO.
2425 1439 2427 1441 ¹
2530 1434 2539 1443 ⁹

1470 1479 1577 1523 Indic‘ta
1588 1480 1666 1510 causa
1675 1481 1830 1519 profugere.
1851 1482 1908 1512 Cic.
1920 1491 1971 1519 pro
1982 1479 2058 1510 Sulla
2067 1491 2112 1511 22.
2534 1492 2538 1506 ἰ

1467 1517 1501 1547 In
1513 1524 1620 1562 integro
1631 1518 1709 1548 causa
1718 1519 1869 1558 quuspiam
1880 1519 1934 1550 effe
1944 1519 2055 1555 dicitur,
2065 1520 2113 1550 cui
2122 1518 2212 1550 Dubia
2222 1519 2384 1558 opponitur.
2403 1518 2436 1550 V.
2446 1528 2532 1551 mue
2543 1534 2553 1547 ⁴-

1473 1555 1627 1600 Indormire
1642 1556 1734 1587 causae.
1775 1558 1806 1588 V.
1832 1569 1841 1587 1
1851 1568 1873 1587 N
1883 1568 1901 1587 D
1910 1567 1927 1587 o
1936 1567 1950 1587 a
1961 1568 1983 1586 M
1992 1567 2037 1587 10.

1470 1592 1580 1624 Inedita
1590 1593 1678 1624 causa.
1699 1595 1784 1638 Ovid.
1795 1606 1823 1632 4.
1836 1595 1872 1625 de
1879 1596 1967 1625 Ponto
1981 1599 2023 1625 1⁶.
2038 1603 2082 1631 39.

1560 1631 1687 1662 Essent&
1695 1642 1812 1668 juvenes
1822 1655 1830 1669 ‚
1851 1643 1967 1671 quorum
1979 1655 1988 1668 ,
2008 1633 2084 1670 quod
2099 1632 2204 1663 inedita
2218 1631 2296 1662 causa
2306 1632 2360 1668 est,

1527 1707 1534 1714 .
1598 1669 1837 1708 appellandorum
1849 1671 1889 1700 nil
1901 1671 1968 1700 mihi
1978 1671 2046 1706 juris
2059 1671 2142 1701 adest.
2224 1671 2242 1700 i.
2256 1680 2280 1700 e.
2296 1671 2366 1700 Sunt
2376 1671 2403 1701 ἀ
2413 1669 2461 1701 alii
2468 1671 2562 1707 juven

1487 1708 1676 1752 quipraeclara
1691 1718 1821 1753 poemata
1830 1708 2068 1747 conscripserunt:
2089 1708 2136 1738 sed
2148 1709 2280 1746 quoniam
2291 1708 2366 1738 edita
2373 1709 2499 1739 nondum
2507 1708 2562 1740 sun·
2578 1732 2581 1740 .

1487 1746 1560 1820 ἷὲιὲιίιέ
1567 1746 1663 1813 εῐὶὸιιιι
1673 1747 1752 1777 vobis
1762 1747 1810 1777 1lla
1819 1756 1987 1786 magnopere
1997 1747 2206 1778 commendem.
2242 1746 2299 1776 Sed
2314 1746 2345 1775 in
2362 1746 2436 1776 Edit.
2453 1747 2492 1777 Bu
2512 1762 2516 1772 ι
2531 1762 2539 1768 ‚,
2552 1763 2555 1775 .
2576 1742 2582 1760 *a

1557 1794 1588 1813 ur
1626 1794 1682 1814 ura.
2578 1777 2585 1788 ⁸

1467 1820 1579 1858 [ngredi
1592 1822 1621 1866 in
1628 1821 1736 1852 causam
1748 1845 1756 1858 ‚
1777 1822 1939 1867 idem-quod
1953 1822 1992 1866 In⁴
2001 1821 2110 1853 causam
2120 1822 2306 1858 descendere,
2327 1823 2353 1852 &
2367 1822 2403 1852 ad
2413 1827 2561 1861 partestran

1488 1859 1546 1889 sire.
1586 1859 1644 1889 Cic.
1658 1871 1681 1896 ς.
1694 1860 1768 1904 Fam.
1783 1871 1805 1904 ι.
1831 1861 1860 1891 Si
1870 1861 1900 1890 id
1913 1866 2007 1891 evenit
2016 1860 2091 1898 quod
2101 1860 2322 1898 ingredientibus
2338 1859 2419 1890 nobis
2434 1861 2464 1890 in
2474 1870 2505 1890 ca
2536 1881 2539 1885 ,

1486 1897 1660 1941 propcsitum
1673 1899 1727 1942 fuit
1734 1899 1861 1929 accidere
1873 1898 1968 1937 posse,
1990 1908 2047 1928 non
2061 1898 2196 1928 debemus
2213 1899 2251 1928 ita
2261 1898 2361 1928 cadere
2373 1898 2488 1935 animis,
2507 1908 2524 1937 q
2540 1897 2542 1903 ’
2568 1895 2571 1930 2

1489 1935 1728 1980 aliquidevenerit
1737 1958 1746 1972 ,
1767 1937 1842 1974 quod
1857 1936 1915 1966 fieri
1927 1935 2003 1975 poss‘e
2015 1946 2158 1975 nunquam
2167 1936 2330 1975 putarimus.

1469 1969 1601 2003 insinuari
1615 1973 1642 2003 se
1655 1984 1684 2002 in
1694 1973 1811 2004 causam.
1851 1975 1882 2004 V.
1905 1985 1915 2003 1
1925 1983 2075 2005 NSINUO.

1469 2010 1597 2054 Involuta
1611 2011 1784 2042 obscuritate.
1823 2012 1855 2042 V.
1877 2023 1887 2041 1
1896 2018 1940 2042 Nv
1950 2022 1967 2041 o
1978 2021 2056 2042 Lvo.

1469 2048 1608 2084 Judicare.
1631 2050 1688 2080 Cic.
1703 2060 1754 2088 pro
1765 2049 1856 2080 Rabir.
1871 2050 1959 2080 Posth.
1972 2055 1999 2084 8.

1469 2087 1551 2122 Juvat
1563 2087 1700 2118 facundia.
1723 2088 1807 2117 Ovid.
1820 2097 1846 2124 7.
1859 2088 1928 2118 Met.
1943 2096 2006 2124 ςος.

1470 2124 1605 2168 Labo'rare
1617 2125 1702 2155 caiisa.
1725 2125 1846 2163 Quintil.
1857 2125 1903 2156 lib.
1914 2137 1940 2162 4·
1953 2136 2014 2164 cap.
2029 2135 2054 2156 1.

1469 2162 1602 2206 Meditari
1614 2163 1711 2193 suamx
1739 2165 1771 2193 ln
1793 2175 1813 2193 M
1823 2174 1863 2194 izi)
1874 2175 1883 2192 i
1894 2173 1938 2194 το
1948 2174 1973 2194 ιι.

1469 2200 1597 2244 Nascitur
1607 2211 1641 2230 ex
1653 2201 1732 2231 causa
1743 2202 1828 2232 causa.
1850 2201 1971 2239 Quintil.
1984 2201 2031 2231 lib.
2043 2210 2066 2239 3.
2081 2210 2142 2239 cap.
2157 2209 2201 2230 11.
2565 2213 2566 2224 ³

1468 2238 1719 2286 Obrinere'causam
1731 2262 1739 2276 ‚
1762 2240 1878 2270 Vincere
1891 2241 1919 2269 in
1929 2239 2016 2270 causa.
2057 2239 2115 2269 Cic.
2128 2248 2151 2268 1.
2163 2237 2239 2269 Fam.
2251 2247 2279 2274 4.
2306 2236 2422 2268 Causam
2439 2237 2512 2268 enim
2525 2225 2566 2268 fri

1487 2284 1582 2314 quenti
1595 2279 1696 2307 Senatu
1708 2300 1715 2313 ,
1736 2287 1794 2308 non
1804 2287 1904 2316 magna
1916 2278 2046 2307 varietate
2055 2300 2062 2311 ‚
2086 2286 2242 2314 magnaque
2249 2275 2354 2306 invidia
2364 2284 2479 2311 eorum,
2500 2275 2542 2313 qui

1489 2320 1516 2344 te
1528 2315 1635 2345 causam
1648 2317 1749 2353 regiam
1761 2316 1974 2352 transferebant,
1995 2314 2199 2345 obtinebamus.
2570 2320 2574 2326 ¹

1469 2352 1569 2419 Onrgiref
1606 2353 1717 2421 Tssrent.
1733 2354 1841 2384 Phorm.
1853 2363 1879 2384 2.
1895 2365 1917 2384 1.
1931 2358 1977 2384 62.
2006 2353 2124 2383 Servum
2138 2352 2285 2382 hominem
2302 2349 2411 2382 causam
2419 2359 2496 2381 orare
2504 2348 2552 2388 leg

1526 2401 1543 2419 Π
1564 2401 1630 2420 mun
1647 2415 1652 2422 ι

1490 2429 1528 2457 Ad
1541 2430 1659 2459 orandas
1671 2429 1756 2459 adire.
1793 2429 1826 2460 Iri
1847 2439 1867 2458 A
1878 2439 1896 2458 D
1906 2438 1954 2459 co.
2562 2413 2564 2452 l

1468 2466 1621 2496 Ostendere
1631 2468 1803 2498 lucidissime.
1826 2467 1944 2505 Quintil.
1956 2466 2005 2497 lib.
2017 2476 2043 2502 4.
2054 2475 2116 2504 cap.
2130 2474 2155 2502 ς.
2561 2454 2563 2471 l

1467 2504 1595 2542 Peragere
1608 2505 1715 2534 causam
1725 2506 1773 2534 rei.
1798 2506 1864 2536 Hor.
1877 2515 1901 2535 1.
1917 2505 2005 2535 Serm.
2020 2514 2063 2534 ιο.
2074 2507 2119 2535 26.

1470 2542 1595 2572 Perdere.
1619 2543 1650 2573 In
1669 2553 1684 2572 P
1694 2553 1707 2572 R
1715 2553 1731 2571 a
1741 2553 1759 2572 u
1768 2553 1795 2572 o.

1468 2580 1627 2610 Periclitari.
1652 2580 1772 2617 Quintil.
1789 2580 1836 2610 lib.
1846 2588 1871 2618 7.
1883 2588 1943 2619 cap.
1958 2587 1984 2617 3.

1466 2617 1593 2647 Perorare
1606 2618 1722 2648 causam.
1751 2618 1783 2648 In
1804 2629 1819 2647 P
1829 2628 1843 2647 iz
1851 2628 1867 2648 R
1878 2628 1895 2647 o
1904 2629 1921 2647 R
1930 2629 1956 2648 ο.
2601 2613 2604 2641 l

1466 2655 1588 2685 Pertinet
1598 2657 1632 2685 ad
1641 2656 1757 2686 causam.
1778 2656 1896 2694 Quintil.
1908 2656 1956 2686 lib.
1966 2665 1991 2692 4.
2001 2665 2062 2693 cap.
2075 2663 2100 2685 ι.
2506 2652 2525 2666 ”’
2536 2655 2550 2667 “

1467 2693 1572 2722 Ponere
1582 2700 1668 2723 totam
1679 2694 1787 2737 causam
1798 2702 1862 2724 ante
1873 2694 1978 2723 oculos.
2001 2692 2120 2730 Quintil.
2132 2691 2182 2722 lib.
2193 2694 2218 2721 6.
2230 2701 2292 2730 cap.
2308 2699 2332 2721 r.
2599 2684 2604 2717 l

1467 2730 1605 2760 Ponendae
1620 2731 1705 2761 causae
1716 2733 1848 2762 officium.
1871 2731 1990 2768 Quintil.
2004 2731 2052 2762 lib.
2063 2743 2089 2767 4.
2104 2741 2164 2768 cap.
2175 2740 2200 2759 2.
2600 2726 2603 2735 ’

1466 2768 1584 2798 Postulat
1594 2770 1680 2813 causa.
1704 2770 1762 2799 Cic.
1776 2779 1826 2808 pro
1835 2770 1932 2806 Quint.
1945 2779 1987 2805 57.
2009 2769 2112 2799 Vereor
2125 2778 2169 2798 me
2179 2767 2293 2797 hercule
2308 2776 2343 2796 ne
2353 2770 2399 2796 aut
2410 2762 2537 2803 graviorib
2568 2773 2574 2787 »·

1486 2815 1545 2836 utar
1557 2808 1647 2837 verbis
1660 2817 1741 2845 quam
1751 2816 1848 2837 natura
1859 2808 1912 2837 fert
1921 2829 1929 2842 .
1949 2813 1997 2837 aut
2007 2807 2158 2836 levioribus
2169 2815 2251 2843 quam
2261 2804 2340 2835 causa
2352 2803 2478 2842 postulet.

1468 2843 1590 2888 Pugnare
1601 2856 1651 2883 pro
1661 2845 1748 2874 causa.
1771 2845 1856 2875 Ovid.
1870 2856 1893 2879 ς.
1908 2845 1975 2874 Met.
1990 2855 2050 2879 ιςι.
2556 2821 2558 2847 l
2599 2840 2604 2869 ἶ

1466 2881 1622 2931 Recipere.v
1638 2883 1710 2926 *Cic
1722 2893 1772 2921 pro
1780 2882 1854 2912 Sulla
1865 2892 1908 2912 22.
1933 2882 1989 2912 Nisi
1999 2889 2029 2911 tu
2040 2905 2048 2918 ,
2070 2882 2177 2919 inquit,
2198 2878 2307 2910 causam
2325 2877 2487 2918 recepiffeS,
2504 2879 2527 2907 n*
2544 2891 2548 2901 ·
2599 2865 2603 2878 ⁸

1486 2928 1566 2963 quain
1576 2930 1644 2949 mini
1656 2920 1806 2956 restitisset,
1827 2920 1873 2950 sed
1883 2920 1987 2949 indicta
2000 2919 2078 2950 causa
2088 2918 2259 2958 profugisset.
2554 2935 2555 2948 2
2574 2943 2576 2947 ,
2599 2917 2604 2947 ’ἴ

1466 2957 1618 2987 Remittere
1634 2959 1669 2987 ad
1683 2960 1825 2988 Senatum.
1847 2958 1936 2987 Tacit.
1952 2967 1974 2994 3.
1988 2959 2056 2987 Ann.
2599 2940 2604 2979 l

1464 2995 1619 3039 Removere
1629 3005 1644 3025 a
1655 2996 1733 3025 causa
1747 2996 1875 3033 aliquem.
1918 2996 1975 3025 Cic.
1989 3006 2038 3034 pro
2047 2995 2158 3025 Muren.
2173 3003 2215 3022 ιο.
2236 2993 2346 3023 Etenim
2357 2991 2375 3021 fi
2386 3001 2432 3022 me
2445 2996 2492 3022 tua
2505 3004 2539 3023 2⁸¹·
2598 2980 2602 2992 Χ

1485 3033 1585 3062 liaritas
1601 3033 1634 3062 ab
1645 3034 1698 3062 hac
1713 3033 1792 3064 causa
1804 3033 1966 3062 removisset.
2480 3047 2491 3058 ··

1464 3071 1597 3108 Separare
1609 3071 1709 3114 causas.
1750 3071 1811 3109 Ulp.
1826 3071 1882 3101 inl.
1899 3081 1922 3101 1.
1938 3072 1959 3108 §.
1975 3071 2084 3100 merito.
2108 3069 2141 3099 D.
2156 3068 2294 3106 depositi,
2315 3067 2526 3098 Meritohasoeii
2541 3084 2544 3087 ,
2571 3079 2573 3082 ·
2601 3072 2602 3075 ’

1485 3109 1648 3151 deponendi
1664 3109 1795 3145 separavit
1806 3109 1913 3138 Praetor.
2494 3131 2496 3134 -
2552 3124 2553 3127 ¹
2597 3116 2602 3127 ’

1465 3146 1616 3180 Subiacent
1625 3147 1749 3184 plurimae
1760 3147 1822 3176 lites
1832 3146 1925 3176 causae.

1465 3184 1598 3227 Suscepta
1608 3184 1686 3214 causa
1697 3192 1792 3214 contra
1803 3184 1932 3221 aliquem.
1955 3183 2073 3220 Quintil.
2085 3182 2134 3211 lib.
2148 3188 2173 3212 ⁶.
2183 3191 2245 3219 cap.
2262 3191 2285 3210 ι.
2500 3200 2504 3211 ι
2571 3199 2575 3204 ·

1464 3221 1607 3259 Suscipere
1618 3222 1736 3252 causam.
1777 3222 1836 3265 Cic..
1849 3232 1898 3260 pro
1908 3221 1997 3251 Domo
2007 3220 2051 3250 sua
2067 3230 2109 3250 11.
2131 3216 2215 3249 Certe
2225 3217 2358 3248 Consules
2377 3214 2482 3248 causam
2494 3208 2551 3246 lilsc
2568 3239 2570 3243 .
2596 3245 2601 3251 ,

1484 3269 1551 3303 pere
1560 3281 1569 3294 ‚
1590 3267 1666 3289 certe
1674 3260 1791 3289 Senatus
1802 3259 1906 3297 aliquid
1915 3259 2020 3288 consilii
2033 3268 2131 3295 capere
2146 3257 2247 3296 potuit.
2569 3255 2571 3258 ⁴

1465 3296 1603 3342 Sustiuere
1613 3298 1720 3327 causam
1733 3320 1741 3332 ,
1763 3298 1856 3326 (iraece
1866 3292 1946 3323 αἰτίων
1957 3296 2082 3331 ἀπέχειν,
2103 3295 2139 3324 ad
2163 3294 2277 3324 verbum
2294 3293 2394 3323 Cicero
2411 3279 2531 3330 expresslt

1485 3336 1586 3364 (Jraecis
1597 3357 1605 3369 ,
1626 3335 1786 3373 Suspectum
1795 3334 1848 3364 effe
1861 3357 1868 3368 ,
1890 3335 2007 3364 crimine
2023 3334 2118 3371 premi.
2160 3332 2217 3362 Cic.
2233 3341 2273 3367 13.
2287 3332 2340 3361 Att.
2353 3340 2395 3359 10.
2416 3329 2534 3363 Nunove
2549 3348 2550 3351 ,
2595 3321 2604 3367 Q

1484 3382 1570 3407 ouum
1590 3374 1624 3416 de
1641 3373 1733 3416 li'lagio
1756 3373 1876 3407 constet,
1897 3381 1992 3401 nonne
2013 3371 2088 3400 furor
2104 3371 2164 3404 eius
2182 3379 2294 3398 omnem
2316 3367 2422 3397 caulam
2441 3364 2549 3396 sustinet
2594 3382 2604 3393 η

1483 3409 1593 3446 Quum,
1616 3419 1727 3454 inquit,
1752 3411 1858 3454 constet
1870 3410 1893 3439 P.
1905 3410 2040 3446 Magium.
2062 3409 2108 3445 qui
2122 3406 2283 3438 Marcellum
2294 3405 2550 3468 νιιῑιιειίινιειῖιῑ,ἱξὲΙ
2562 3411 2567 3436 j
2592 3410 2596 3430 >

1483 3447 1512 3476 lo
1527 3448 1586 3485 post
1600 3448 1732 3491 flagitium
1740 3447 1877 3484 agnovisse
1890 3469 1897 3482 ,
1920 3447 2000 3483 seque
2010 3446 2100 3484 ipsum
2110 3445 2156 3474 sibi
2170 3455 2185 3474 e
2201 3444 2301 3474 scelere
2314 3443 2413 3472 iratum
2425 3442 2494 3471 inter
2534 3445 2550 3466 1

1484 3484 1530 3514 se:
1553 3487 1724 3528 resindicat‚
1747 3486 1806 3521 ejus
1821 3485 1886 3514 faeti
1900 3484 2008 3514 causam
2026 3484 2122 3513 nonin
2141 3482 2290 3517 Caesarem,
2313 3480 2398 3510 sedin
2409 3475 2548 3516 Maglifiir
2594 3497 2604 3526 ς

1484 3532 1542 3552 rem
1553 3522 1606 3552 effe
1616 3525 1823 3552 conterendam.

1463 3558 1601 3603 Sullinere
1612 3561 1719 3590 causam
1730 3583 1738 3596 ,
1759 3561 1814 3589 alio
1824 3559 1911 3589 sensu.
1951 3558 2011 3588 Cic.
2027 3570 2048 3587 r.
2066 3558 2117 3587 Att.
2133 3568 2156 3587 1.
2185 3557 2217 3587 In
2232 3555 2309 3587 causa
2320 3553 2501 3584 universorum
2510 3559 2542 3580 cr
2563 3567 2570 3578 ι
2593 3533 2604 3595 ξ

1483 3598 1621 3631 dirorum.
1643 3599 1788 3628 hominum
1808 3597 1956 3634 praesertim
1973 3596 2221 3633 ampiiffimorum,
2242 3596 2288 3631 qui
2308 3593 2364 3622 sine
2382 3602 2416 3622 eo
2436 3587 2542 3629 (suham
2594 3610 2604 3633 t

1483 3637 1619 3679 patrono)
1639 3646 1721 3672 quem
1730 3635 1857 3666 Caecilius
1867 3634 1913 3664 suo
1925 3636 2040 3663 nomine
2051 3633 2219 3671 perhiberet,
2240 3630 2321 3661 facile
2332 3630 2437 3660 causam
2449 3633 2533 3658 comm

1481 3673 1725 3738 'ginlffustmeffint-
1755 3674 1782 3702 h.
1797 3683 1820 3703 e.
1843 3672 1958 3702 Causam
1968 3672 2140 3709 itaagerent,
2161 3676 2192 3700 ut
2202 3668 2384 3699 adversarium
2396 3667 2538 3702 vincerepo
2562 3686 2564 3690 -
2592 3663 2604 3708 Q}

1495 3718 1561 3738 e·¹vi(
1573 3718 1691 3740 erentur.
2592 3703 2604 3729 ³¹

1461 3745 1571 3790 Tenere
1581 3745 1687 3791 causam
1700 3770 1707 3784 ‚
1729 3748 1845 3777 Vincere
1862 3746 1978 3783 judicio.
2017 3745 2093 3775 Suet.
2111 3746 2141 3774 in
2154 3743 2306 3774 Domitian.
2318 3753 2343 3777 9.
2364 3741 2455 3777 anue
2471 3726 2547 3768 cofidl
2598 3728 2604 3749 ⁵¹

1481 3792 1558 3814 tione
1575 3787 1698 3828 permilit
1708 3806 1716 3820 ,
1737 3794 1768 3815 ut
1777 3784 1925 3814 accusatori
1939 3783 1984 3820 qui
1995 3783 2101 3812 causam
2112 3792 2168 3811 non
2178 3788 2301 3815 teneret.
2322 3781 2434 3808 exilium
2444 3771 2547 3815 poemi
2591 3788 2604 3818 1=

1480 3821 1528 3867 set.
1566 3824 1686 3866 Cic3pro
1699 3824 1800 3852 t'aecin.
1817 3827 1862 3859 ⁶7·
1895 3822 1926 3851 Et
1947 3821 2001 3850 hoc
2017 3820 2080 3849 loco
2101 3819 2254 3849 Scaevolam
2267 3816 2358 3847 dixisti
2374 3814 2478 3846 eausam
2492 3819 2545 3849 apt.
2583 3803 2604 3856 ,⁵

1481 3858 1675 3889 Centumviros
1688 3871 1744 3889 non
1759 3859 1883 3889 tenuisse.
2576 3841 2604 3881 iil

1461 3895 1590 3926 Tractata
1601 3898 1688 3927 causa.
1710 3899 1768 3928 Cic.
1784 3908 1806 3927 i.
1817 3898 1851 3926 de
1861 3897 1936 3926 Orat.
1950 3906 2013 3925 ποι.
2035 3894 2135 3924 Omnis
2144 3894 2183 3924 est
2193 3903 2260 3923 ame
2268 3892 2315 3922 illa
2325 3888 2404 3922 causa
2413 3888 2527 3919 trastau·
2542 3888 2545 3927 ξ’
2569 3881 2604 3938 ’ῼΞξ

2575 3931 2582 3944 ,
2595 3931 2602 3941 ,.

1461 3933 1583 3965 Tradere
1600 3935 1709 3965 causam
1725 3931 1892 3965 adversariis.
1913 3932 1978 3964 Ter.
1987 3930 2097 3962 Phorm.
2110 3943 2134 3962 ι.
2149 3943 2173 3968 ς.
2186 3941 2212 3968 7.
2473 3931 2544 3991 Tuta}
2574 3948 2604 3984 Q]

2584 1142 2588 1150 ι

2579 1450 2592 1531 ’.ες-ι·-
2580 1391 2594 1447 300-
2580 1210 2595 1365 Q*=„··--s-
2581 1161 2593 1205 ἱ

2597 3042 2604 3062 1

2598 3079 2604 3098 i

1949 3145 2069 3182 Quinta.
2081 3144 2129 3173 lib.
2143 3153 2168 3181 3.
2180 3154 2241 3181 cap.
2255 3146 2280 3172 ⁶.
2552 3133 2554 3140 “
2597 3122 2604 3184 ξ

2597 3192 2604 3215 l*

2596 3222 2600 3243 l
