2604 4222
177 132 249 168 470
670 122 708 156 c,
797 122 824 155 E
924 119 956 152 D

218 210 316 241 gatus:
338 205 438 235 Debita
449 215 513 235 vero
525 192 659 243 pereunt.
680 203 772 237 idest,
794 200 933 230 debitores
947 198 1071 227 defunfti
1084 196 1245 226 liberantur.
1283 195 1338 224 Res

221 251 312 271 autem
323 243 480 281 coiporales
492 266 499 272 .
520 244 629 279 quoties
645 241 754 278 lingulae
768 240 869 275 injure
880 236 956 267 ceffae
968 236 1047 271 sunt,
1069 234 1211 264 transeunt
1225 233 1259 262 ad
1271 243 1338 262 eum

222 281 266 308 cui
283 281 351 310 cessa
362 282 399 310 est
416 282 559 309 hereditas.
930 311 935 316 ,
1035 310 1040 315 ,
1131 309 1137 315 ,
1254 308 1259 314 ,
1306 309 1312 315 ,

185 316 207 346 C
217 327 230 345 s
240 327 251 345 s
260 327 271 346 s
280 320 290 346 i
299 328 315 346 c
324 329 342 347 u
352 329 364 348 s
374 341 381 353 ,
403 329 418 347 a
429 340 436 352 ,
458 329 514 347 um.
538 318 595 353 Adj.
619 318 643 345 Sc
656 316 677 344 C
689 325 721 344 as
731 325 742 343 s
751 318 763 342 ῑ
772 323 835 342 Tru
844 322 855 341 s
871 334 878 346 ,
900 310 978 340 aliud
991 309 1049 344 lidi.
1072 309 1184 347 Ulpian.
1195 308 1281 352 Instit.
1292 314 1334 337 tit.

225 365 267 384 12.
293 356 314 384 ss
325 357 368 385 cui
380 356 466 385 tutela
476 357 504 384 in
517 356 573 389 jure
585 353 711 383 concessa
722 352 773 386 est,
795 349 916 379 Cessicus
928 355 1002 377 tutor
1020 347 1195 385 appellatur:
1218 357 1263 383 qui
1283 347 1336 375 sive

221 401 348 422 mortuus
361 394 461 428 fuerit,
492 393 544 421 sive
556 393 647 430 capite
663 391 805 422 minutus,
827 388 878 416 sive
896 385 942 415 alii
960 385 1047 428 tutela
1062 385 1189 428 cesserit,
1211 384 1283 428 redit
1300 384 1336 427 ad

220 430 375 467 legitimum
384 439 505 460 tutorem
517 429 610 458 tutela.
650 428 703 456 Sed
715 429 741 456 ὃς
752 426 769 455 si
785 425 924 468 legitimus
937 423 1100 459 decesserit,
1121 430 1168 452 aut
1176 430 1269 460 capite
1285 432 1335 451 mi-

222 478 304 497 nutus
316 469 397 497 fuerit
407 490 414 502 ,
435 468 536 497 cellitia
546 475 656 502 quoque
665 465 750 493 tutela
762 464 941 505 extinguitur.
1077 499 1082 504 ι
1154 496 1159 504 .
1296 497 1300 502 .

183 504 328 539 cassio,
350 507 420 535 onis.
443 506 461 534 s.
483 501 651 540 [xl-«asperas
667 503 681 537 ]
702 502 759 531 Cio.
778 502 807 529 in
817 500 920 537 Topic.
937 504 982 532 28.
1005 497 1179 527 Abalienatio
1191 519 1199 531 ,
1220 497 1335 540 είὶιειυε

219 543 258 571 rei
270 553 329 580 quae
345 543 465 579 mancipi
478 542 533 576 est,
552 548 600 570 aut
615 541 727 568 traditio
740 539 818 567 alteri
835 547 910 566 nexu
921 558 929 571 ,
954 543 1002 565 aut
1020 537 1120 572 injure
1137 535 1220 565 cessio
1232 558 1240 571 ‚
1262 542 1335 564 inter

219 591 288 615 quos
297 591 327 609 ea
337 581 392 613 iure
402 580 473 609 civili
484 579 540 608 fieri
554 577 671 616 possunt.
712 576 743 605 V.
766 576 913 605 Boethium
923 575 952 603 in
964 574 1064 612 Topic.
1079 574 1126 603 lib.
1142 584 1166 609 3.
1316 610 1322 616 .

218 618 308 647 Cessio
322 619 350 646 in
360 619 420 654 jure
430 639 437 651 ,
460 615 621 645 Communis
631 614 760 643 alienatio
772 614 809 643 est
820 615 845 642 &
857 613 979 650 mancipi
991 622 1082 641 rerum
1093 633 1101 646 .
1124 613 1150 641 ἂ
1168 620 1221 640 nec
1230 620 1336 640 manci-

234 657 285 693 pi,
305 666 364 691 quae
376 656 405 684 fit
419 665 467 692 per
476 662 529 682 tres
546 653 675 690 personas
688 653 716 681 in
737 653 796 687 jure
813 651 946 680 cedentes
958 673 967 685 ,
989 651 1182 685 vindicantes⁷
1203 649 1335 678 addicen-

236 702 285 721 tes.
311 693 418 729 Ulpian.
431 693 473 721 tit.
484 702 528 720 20.
545 691 629 720 instit.

180 729 203 758 C
213 740 246 758 as
258 740 285 758 si
296 742 312 757 o
323 740 340 757 N
354 741 371 758 A
384 741 398 758 a
409 741 416 758 i
427 740 444 758 c
454 740 466 758 s
477 750 485 764 ‚
506 730 522 757 i.
541 738 578 757 in.
601 728 652 757 Cui
664 726 694 756 fit
703 726 785 756 cessio
797 748 805 762 ‚
828 727 873 756 vel
885 725 1005 756 creditor
1016 748 1024 761 ,
1050 726 1079 755 in
1100 735 1184 764 quem
1199 723 1334 754 transfusa

214 767 399 804 estobligatio.
439 767 469 796 V.
491 767 582 801 JCtos.

177 804 261 833 Cass
271 816 278 832 i
288 816 306 833 M
320 827 328 838 ‚
351 805 416 833 adv.
438 804 568 840 significat
580 802 774 840 Regrediendo
788 824 796 837 ‚
817 803 843 832 δι
859 801 1072 832 retrocedendo.
1093 801 1189 837 Justin.
1200 800 1328 829 lib.2.12.

214 843 362 871 Commisso
373 840 516 879 praelioitc
527 841 620 870 cessim
632 863 639 873 .
660 840 785 869 inhibete
796 850 888 870 remos
901 863 908 875 ‚
930 842 957 870 ὃς
976 850 991 868 a
1009 839 1084 868 bello
1095 839 1238 868 discedite.
1265 838 1330 866 Pau-

212 879 256 908 lus
266 881 292 907 in
305 880 320 907 l.
336 880 446 908 Bovem.
472 880 503 908 D.
521 880 562 909 De
575 878 689 908 aedilitio
704 879 812 913 ediffto,
835 878 939 907 Bovem
952 879 997 914 qui
1010 887 1097 906 cornu
1108 877 1187 914 petit,
1200 875 1329 905 vitiosum

213 917 266 946 esse
278 917 401 954 plerique
418 914 522 946 dicunt.
566 917 634 945 ltem
648 916 735 944 mulas
745 926 803 952 quac
816 916 909 945 cessim
924 923 992 944 eunt
1003 937 1011 947 .
1032 916 1148 952 {Qifimt
1160 915 1270 950 rrsti'ves.

210 954 312 983 Redire
321 955 421 983 cessim.
446 955 556 984 Alfenus
567 955 596 983 in
608 954 624 983 l.
647 955 674 983 Si
687 963 721 983 ex
736 954 830 991 plagis.
854 956 875 991 ξ.
898 954 984 989 Quod
1001 953 1017 981 si
1030 962 1122 989 neque
1135 952 1225 981 mulae.
1241 951 1272 980 D.
1289 951 1328 979 Ad

226 992 279 1029 leg.
293 993 425 1029 Aquiliam
436 1015 444 1027 ‚
465 993 550 1028 Quod
563 993 579 1020 si
592 1002 682 1027 neque
693 991 784 1027 mulae,
796 993 887 1028 nc'que
898 992 1025 1019 homines
1037 991 1065 1019 in
1077 990 1156 1019 causa
1169 989 1265 1022 essent.
1279 988 1327 1017 sed

227 1029 435 1059 mulazretinere
449 1040 519 1059 onus
529 1029 701 1065 nequissent:
723 1037 770 1058 aut
789 1039 875 1064 quum
892 1030 1102 1057 conniterentur
1113 1050 1121 1063 ,
1141 1027 1221 1064 lapsae
1232 1036 1327 1055 conci-

225 1067 341 1133 piisent,
364 1070 389 1097 ὁὶ
400 1069 465 1097 ideo
474 1068 623 1105 plaustrum
633 1067 726 1097 cessim
735 1067 861 1102 redisset,
883 1074 965 1104 atque
974 1066 1001 1095 hi
1014 1076 1069 1103 quo
1084 1064 1249 1095 conversum
1264 1063 1327 1093 fuis-

236 1113 263 1133 et
301 1116 373 1134 onus
405 1108 458 1135 «Sec.

169 1142 192 1171 C
201 1152 214 1171 E
223 1153 234 1171 S
242 1152 254 1171 S
264 1127 281 1171 (i
291 1165 301 1177 ‚
321 1128 460 1178 [wsgdopzus
470 1165 479 1176 .,
497 1140 662 1179 ἀναπαύομοα
673 1162 681 1175 ‚
701 1137 841 1179 :Alps-Mimo,
854 1137 957 1177 ιωπυῖζω
968 1163 977 1177 ‚
989 1139 1090 1177 λοφίω]
1110 1144 1165 1171 ’ἐι-ε.
1187 1139 1227 1169 Ab
1239 1149 1325 1178 opere

204 1190 311 1209 vacare.
335 1181 405 1218 Virg.
424 1190 448 1217 7.
462 1180 517 1210 Ecl.
537 1190 578 1210 ιο.

297 1218 331 1248 Et
341 1218 426 1255 siquid
438 1218 539 1248 cessare
549 1223 639 1255 potes.
660 1217 800 1254 requiesce
815 1216 863 1246 sub
877 1217 984 1246 umbra.
1068 1216 1085 1245 i.
1100 1226 1122 1245 e.
1147 1216 1326 1257 (inquitSer-

203 1255 285 1290 vius)
305 1256 332 1285 Si
343 1264 422 1294 potes
434 1256 518 1286 breve
528 1257 617 1285 otium
627 1254 675 1284 tibi
686 1255 859 1293 persuadere.
901 1254 959 1284 Cic.
980 1265 1002 1283 1.
1021 1254 1057 1283 de
1075 1254 1139 1283 Nat.
1160 1254 1242 1283 Deor.
1262 1264 1322 1282 102-

201 1294 238 1360 ἑὲ
249 1294 297 1331 ipsi
310 1300 404 1323 tamen
415 1295 494 1332 pueri
509 1315 517 1330 ,
537 1295 623 1323 etiarn
641 1303 728 1331 quum
748 1292 850 1322 cessant
861 1314 870 1327 ‚
892 1293 1093 1323 exercitatione
1110 1292 1202 1329 aliqua
1217 1292 1325 1321 ludicra

223 1332 385 1361 elecsantur.

200 1371 280 1398 Attio
291 1369 382 1399 cessat.
417 1368 528 1407 Ulpian.
544 1368 562 1398 l.
577 1369 606 1399 Si
617 1374 832 1407 procuratorem.
855 1369 877 1406 §.
901 1367 1122 1398 Mandatiaetio.
1145 1367 1179 1397 D.
1194 1367 1321 1397 Mandat.

219 1407 265 1437 vel
278 1415 367 1437 contr.

199 1445 262 1483 Agri
272 1445 371 1474 cessare
381 1445 529 1479 dicuntur,

281 1483 399 1512 Alternis
415 1483 489 1512 idem
501 1482 591 1511 tonsas
602 1481 703 1511 cessare
717 1481 831 1510 novales
840 1503 848 1516 ‚

278 1521 313 1550 Et
322 1521 432 1558 segnem
442 1520 544 1558 patiere
556 1519 604 1549 situ
616 1517 759 1549 durescere
770 1528 910 1558 campum.

198 1557 266 1588 Dies
278 1559 389 1588 cessavit
399 1559 497 1588 Marte.
522 1557 624 1586 Lucan.
638 1556 686 1586 lib.
698 1568 724 1592 4.
734 1567 780 1594 24.

198 1596 333 1626 Officium
345 1596 434 1626 cessat.
457 1595 538 1625 Ovid.
551 1600 576 1624 6.
587 1595 668 1639 Epist.
685 1605 727 1632 17.

197 1634 279 1671 Opus
288 1634 386 1667 cessat.
408 1635 425 1663 i.
437 1643 458 1663 e.
482 1633 600 1662 Labores
611 1634 842 1670 intermittuntur.
865 1633 950 1663 Ovid.
961 1636 987 1662 6.
999 1632 1066 1662 Fast.
1085 1637 1146 1670 348.

196 1670 296 1701 Pietas.
319 1673 402 1701 Ovid.
413 1684 439 1708 4.
450 1671 530 1701 Trist.
545 1681 570 1707 7.
582 1681 606 1706 ς.
626 1671 714 1700 Pietas
724 1693 733 1706 ‚
751 1671 885 1701 Officium
896 1671 1014 1709 pietatis.

195 1709 278 1740 Retia
289 1710 411 1745 cessant,
430 1711 448 1739 i.
460 1719 484 1739 e.
506 1709 572 1738 Non
583 1709 636 1738 itur
646 1709 680 1738 ad
692 1710 881 1739 venationem.
902 1709 1024 1740 Martial.
1040 1707 1088 1738 lib.
1107 1717 1150 1738 12.
1166 1712 1191 1737 1³.

194 1746 338 1777 Voluntas.
360 1748 428 1778 Hor.
445 1757 468 1776 1.
483 1746 572 1776 Carm.
583 1756 628 1783 27.
645 1756 685 1783 ¹3·

195 1785 264 1815 Usus
273 1786 417 1815 oculorum
429 1784 519 1814 cessat.
541 1784 616 1814 Curt.
634 1795 676 1813 10.
690 1795 713 1820 ς.
726 1787 770 1814 16.

193 1822 346 1860 Nunquam
358 1823 562 1853 cessavithodie
570 1823 663 1852 dicere
674 1822 868 1853 contumelias.
907 1823 972 1853 Ter.
984 1823 1095 1853 Phorm.
1109 1831 1135 1851 2.
1148 1830 1174 1857 3.
1188 1830 1231 1858 30.
1253 1821 1313 1851 h.e.

213 1861 289 1890 Toto
299 1863 344 1890 die
356 1861 425 1890 nihil
436 1861 510 1890 aliud
520 1871 602 1897 quam
612 1861 796 1890 contumelias
807 1861 886 1890 dixit.

191 1898 258 1929 Non
269 1899 369 1929 cessare
379 1900 455 1937 apud
465 1899 613 1928 rhetorem.
635 1899 694 1928 Cic.
708 1908 731 1933 3.
745 1899 781 1935 Q.
794 1898 855 1928 frat.
871 1909 895 1928 1.
912 1900 933 1937 §.
947 1908 974 1933 4.
997 1898 1097 1928 Cicero
1116 1898 1206 1927 noster
1217 1919 1224 1932 ‚
1247 1897 1314 1927 dum

212 1946 264 1974 ego
280 1937 374 1966 adsum
389 1959 397 1972 ‚
419 1947 476 1966 non
487 1936 598 1966 cessavit
606 1937 679 1974 apud
690 1937 838 1967 rhetorem.
875 1938 895 1967 i.
907 1947 932 1967 e.
954 1936 1123 1974 Diligentem
1136 1936 1163 1965 se
1173 1935 1313 1974 praestitit,

211 1985 382 2012 magnosque
398 1974 550 2012 progressus
562 1974 638 2004 fecit.

191 2013 225 2043 In
237 2023 333 2049 poenas
344 2013 418 2042 furor
429 2012 528 2049 cessat,
552 2013 569 2042 i.
587 2023 611 2042 e.
633 2012 736 2042 Desinit
747 2022 845 2050 poenas
857 2012 976 2050 amplius
986 2012 1097 2042 inferre.
1112 2011 1176 2041 Seii.
1193 2010 1270 2041 Med.
1285 2015 1311 2040 6.

192 2050 436 2080 Cess'areinliudio
454 2053 505 2080 &c
535 2050 593 2080 Cic.
606 2051 641 2079 de
651 2051 758 2080 Senect.
774 2060 816 2086 13.
850 2051 1003 2088 Nunquam
1018 2050 1047 2079 in
1063 2050 1111 2080 suo
1123 2050 1213 2080 studio
1229 2055 1312 2086 atque

211 2098 296 2126 opere
310 2089 428 2118 cessavit.
458 2088 484 2117 h.
499 2098 524 2117 e.
547 2088 697 2125 Nunquam
708 2088 826 2117 studium
837 2088 992 2118 intermisit.

158 2146 180 2166 ψ,
193 2126 300 2156 Cessare
311 2128 339 2155 in
352 2127 497 2155 solutione.
518 2126 668 2155 Marcellus
683 2126 741 2155 inl.
763 2126 874 2156 Lucius.
889 2127 923 2156 D.
939 2126 1034 2156 mand.

192 2164 330 2194 Cessatum
342 2164 469 2193 alevibus
480 2163 582 2201 praeliis
591 2165 637 2193 est.
660 2164 718 2193 Liv.
731 2175 758 2200 4.
771 2174 816 2201 27.

193 2203 301 2232 Cessare
315 2212 378 2231 curn
390 2201 461 2231 casu.
484 2203 605 2240 Propert.
621 2212 643 2231 1.
656 2206 681 2231 6.
693 2212 739 2232 2¹.

274 2240 344 2269 Nam
359 2248 405 2268 tua
416 2249 474 2268 non
489 2247 551 2268 aetas
568 2249 689 2277 unquam
702 2239 814 2268 cessavit
826 2240 922 2268 amori.
1005 2239 1024 2267 i.
1044 2248 1068 2268 e.
1090 2239 1208 2269 vacavit.

192 2277 300 2307 Cessare
309 2278 492 2307 cunialterius
509 2277 583 2306 verbi
600 2278 747 2306 infinitivo.
770 2284 820 2312 ut,
842 2277 949 2307 Cessare
970 2284 1083 2307 certare.
1105 2276 1172 2307 Hor.
1185 2286 1208 2307 1.
1224 2276 1306 2315 Epist.

213 2326 254 2351 19.
270 2327 277 2343 i
288 2325 310 2344 1.
420 2320 463 2334 '—
471 2325 527 2343 non
536 2314 672 2344 cessavere
682 2322 770 2353 poetae
782 2337 790 2349 ,

270 2353 414 2382 Noc‘turno
425 2359 527 2381 certare
541 2363 619 2381 mero
631 2375 638 2387 ,
660 2360 757 2391 putere
771 2353 880 2382 diurno.

189 2391 255 2421 Non
267 2390 350 2420 cessat
360 2391 395 2418 de
407 2390 489 2419 nobis
500 2390 652 2420 detrahere.
676 2391 734 2420 Cic.
750 2401 791 2420 11.
804 2391 858 2420 Ait.
874 2400 916 2420 11.

189 2429 255 2459 Non
265 2428 350 2458 celsas
361 2428 460 2457 tiiffiic.
483 2428 601 2458 Martial.
615 2429 662 2457 lib.
679 2439 688 2457 1
698 2440 719 2458 i.
734 2434 779 2465 87.

282 2469 315 2495 At
327 2474 355 2495 tu
367 2476 422 2494 non
433 2466 514 2495 cessas
527 2467 592 2495 totis
602 2466 694 2496 tussire
705 2466 812 2496 diebus.

189 2503 332 2534 Cessare&
344 2504 411 2532 nihil
423 2513 510 2540 agere.
551 2504 609 2533 cie.
627 2513 650 2539 3.
667 2505 703 2534 de
711 2505 775 2534 Nat.
790 2504 875 2534 Deor.
886 2513 931 2539 94.
961 2504 1016 2533 Cur
1036 2509 1093 2532 tam
1116 2503 1221 2533 multos
1241 2503 1309 2533 deos

208 2542 277 2570 nihil
291 2552 369 2578 agere
385 2544 409 2571 ok
421 2542 520 2571 cessare
531 2543 633 2579 patitur
643 2543 656 2570 c?

188 2579 297 2609 Cessare
310 2602 316 2613 ‚
338 2580 507 2616 improprie,
529 2590 579 2617 pro
596 2580 746 2616 Nunquam
766 2578 854 2608 fuisse.
895 2578 989 2616 Papin.
1006 2578 1024 2608 l.
1040 2587 1083 2614 97.
1111 2577 1146 2607 D.
1171 2579 1206 2607 de
1225 2578 1306 2609 solut.

209 2619 306 2653 Quum
323 2628 356 2646 ex
370 2617 493 2654 pluribus
507 2618 592 2646 causis
607 2617 718 2647 debitor
735 2618 884 2655 pecuniam
908 2616 1006 2647 solvit.
1029 2615 1171 2654 utriusque
1192 2617 1309 2646 demon-

206 2655 335 2684 stratione
348 2654 465 2684 cessante
476 2678 483 2688 .
505 2657 556 2684 Sec.
587 2656 604 2684 i.
617 2665 641 2684 e.
663 2656 728 2685 Sine
739 2655 796 2685 ulla
805 2655 1051 2684 demonstratione.

189 2693 334 2722 Cesl'ando.
358 2693 464 2722 Lucret.
479 2692 525 2721 lib.
539 2703 564 2722 2.
578 2701 621 2729 79.

268 2731 295 2759 Si
307 2730 406 2759 cessare
417 2737 497 2768 putas
507 2740 598 2760 rerum
609 2730 763 2768 primordia
771 2729 847 2768 posse
857 2751 865 2765 ,

249 2777 252 2779 ·
268 2768 457 2804 Cessandoque
469 2778 557 2798 novos
566 2778 657 2798 rerum
668 2770 831 2806 progignere
841 2773 941 2797 motus.

187 2805 293 2836 Cessare
303 2807 386 2835 etiarn
398 2807 530 2835 dicuntur
541 2828 549 2841 ‚
571 2807 628 2842 Qui
638 2808 666 2835 in
676 2807 781 2842 judicio
789 2806 823 2834 ad
836 2806 985 2834 dicendam
1000 2804 1109 2834 causam
1126 2813 1184 2834 non
1193 2815 1308 2843 compa-

204 2851 276 2873 rent.
316 2844 390 2873 Suet.
403 2844 499 2873 Claud.
513 2854 573 2882 cap.
588 2854 597 2872 1
608 2855 630 2876 ς.
660 2843 825 2873 Absentibus
841 2842 993 2872 secundum
1011 2843 1157 2880 praesentes
1172 2843 1307 2873 facillime

206 2882 289 2911 dabat
301 2903 309 2917 ‚
330 2881 409 2911 nullo
421 2882 530 2911 delectu
542 2904 549 2916 ,
572 2882 692 2920 culpane
704 2882 766 2917 quis
775 2903 784 2915 .,
805 2891 839 2910 an
850 2881 940 2918 aliqua
950 2882 1109 2910 necessitate
1117 2881 1247 2910 cessasset.

187 2919 309 2954 Cessare,
332 2920 480 2948 Consistere
491 2921 518 2948 in
529 2919 604 2948 loco.
645 2919 729 2948 Plaut.
746 2919 833 2948 Merc.
856 2918 949 2948 Tarda
959 2920 1094 2955 nimium,
1115 2926 1163 2951 aut
1172 2919 1243 2957 lapis
1257 2919 1307 2948 ob-

204 2958 288 2991 riguit
296 2979 304 2991 ‚
325 2965 373 2986 aut
382 2967 470 2993 angue
480 2957 605 2986 demorsa
614 2957 725 2986 cessavit
736 2957 852 2993 turgida.

185 2994 294 3024 Cessare
315 2993 461 3030 [issivstv'im
474 2996 489 3030 ]
509 2995 639 3024 Tardare.
675 2995 739 3024 Ter.
754 2994 824 3023 And.
839 3003 864 3023 2.
877 3003 903 3023 2.
921 2996 947 3022 6.
962 2993 1065 3024 &Eum
1078 3005 1106 3030 4.
1120 3005 1148 3031 4.
1162 3004 1187 3030 ς.
1207 2994 1306 3024 Paulu-

205 3032 261 3062 lum
277 3033 294 3061 si
308 3032 445 3062 cessassem
456 3055 464 3067 .
486 3033 583 3070 Pythia
593 3055 602 3068 ,
622 3033 701 3062 domi
712 3042 769 3061 non
780 3031 964 3061 offendissem.

186 3069 265 3099 Cesso
277 3092 284 3101 .
306 3080 356 3107 pro
367 3070 446 3100 Cesso
456 3071 560 3100 venire.

278 3107 368 3141 Uxor,
391 3109 408 3137 si
418 3107 502 3138 cesses
513 3131 520 3142 .
537 3114 619 3138 autte
630 3117 721 3138 amare
731 3107 844 3146 cogitat.
900 3106 1015 3136 Terent.
1028 3107 1063 3136 H.
1075 3107 1114 3137 St.
1136 3107 1168 3137 V.
1183 3107 1301 3146 Adelph.

206 3155 230 3173 ¹.
246 3155 268 3174 1.
282 3155 307 3180 7.
331 3145 397 3176 Add.
414 3156 438 3175 v.
450 3157 476 3181 4.
488 3146 557 3175 ibid.

186 3181 291 3212 Cessare
303 3183 331 3211 in
342 3190 413 3213 vota.
435 3183 508 3221 Virg.
522 3188 548 3213 6.
566 3184 627 3214 AEn.
638 3193 681 3219 ςῐ.

376 3236 413 3241 —
423 3221 506 3251 cessas
516 3222 545 3250 in
558 3230 621 3252 vota
637 3220 786 3259 precesque

276 3257 357 3293 Tros.
378 3259 425 3294 ait,
447 3260 532 3289 AEnea
541 3261 555 3288 ‘2
650 3260 676 3288 h.
690 3269 714 3288 e.
735 3258 844 3288 Tardus
856 3266 884 3286 es
894 3257 928 3286 ad
941 3263 1005 3286 vota
1016 3256 1163 3286 facienda?
1179 3257 1299 3288 Servius.

186 3293 319 3330 Nunquid
331 3297 357 3324 in
369 3297 508 3334 principio
518 3296 629 3326 cessavit
639 3297 753 3326 verbum
774 3296 856 3324 docte
876 3295 967 3324 dicere
979 3295 992 3323 ἶ)
1016 3294 1101 3323 Plaut.
1114 3294 1181 3324 Pers.
1195 3306 1219 3330 4.
1233 3308 1258 3330 4.
1274 3306 1299 3331 3.

186 3331 311 3365 Ceffare,
335 3333 442 3363 Diutius
463 3335 604 3364 immorari
623 3335 651 3363 in
666 3345 694 3364 re
710 3335 801 3371 aliqua
813 3332 942 3362 facienda
954 3354 963 3368 ,
985 3333 1011 3362 &
1030 3341 1092 3361 eam
1115 3332 1301 3370 negligentius

205 3377 294 3405 agere.
316 3370 379 3399 Ter.
395 3371 467 3400 Adel.
482 3384 507 3406 4.
522 3382 547 3401 2.
558 3378 603 3406 48·

277 3406 417 3437 JEschinus
427 3409 520 3438 odiose
529 3409 610 3439 cessat
622 3431 629 3443 ,
651 3409 798 3446 prandium
807 3408 1000 3446 corrumpitur.

185 3442 308 3472 Multum
324 3445 431 3475 cessare.
455 3447 520 3475 llor.
534 3448 563 3476 in
577 3449 637 3476 Arte
648 3448 720 3477 l'oet.
736 3456 798 3484 357.

184 3480 310 3523 Cessare.
332 3483 460 3518 [21'7‘3']
481 3485 609 3514 Otiosum
632 3485 693 3515 esse.
730 3485 787 3514 Cic.
801 3484 836 3513 de
847 3484 955 3513 Sened.
979 3482 1036 3512 Nisi
1058 3483 1129 3512 forte
1148 3491 1201 3519 ego
1219 3481 1298 3512 vohis

201 3527 247 3554 qui
257 3539 264 3552 ‚
279 3520 328 3547 Suc.
352 3520 450 3549 cessare
460 3531 534 3550 nunc
546 3523 651 3558 videor,
671 3532 756 3559 quum
767 3522 841 3551 bella
850 3531 909 3550 non
921 3531 995 3558 gero.
1017 3520 1103 3550 Ovid.
1115 3530 1139 3555 ς.
1152 3521 1221 3550 Met.
1231 3531 1296 3556 440.

263 3555 339 3584 lilani
353 3566 407 3585 non
419 3559 478 3587 udis
490 3561 603 3589 veniens
617 3561 715 3589 Aurora
729 3559 853 3598 capillis,

263 3593 414 3622 Cessintem
432 3596 500 3624 vidit
515 3619 522 3631 ,
544 3607 599 3626 non
617 3598 758 3635 lit-sperus.
852 3597 870 3626 i.
882 3606 906 3626 c.
928 3596 1080 3634 Nunquam
1100 3595 1215 3633 quievit.
1256 3593 1298 3625 De

201 3628 303 3671 Cerere
316 3631 433 3674 loquitur
449 3633 528 3662 filiam
544 3634 664 3664 amissam
679 3641 827 3672 quaerente.

181 3666 288 3696 Cessare
298 3689 305 3702 ,
329 3670 353 3697 ἃ
365 3670 511 3699 strenuum
522 3672 574 3700 csse
585 3695 592 3705 ,
614 3674 748 3701 contraria
758 3673 826 3702 sunt.
850 3672 916 3702 Hor.
932 3681 955 3700 i.
970 3671 1052 3710 Epist.
1064 3680 1090 3701 2.
1103 3679 1149 3708 70.

373 3721 409 3725 ——
420 3709 492 3742 quod
505 3709 521 3736 si
533 3709 615 3738 celsas
626 3731 633 3741 ,
655 3720 701 3738 aut
713 3712 836 3739 strenuus
847 3710 936 3739 anteis
947 3731 955 3744 ,

262 3740 321 3769 Nec
330 3743 436 3771 tardum
446 3746 573 3786 opperior
582 3768 590 3780 ,
612 3757 664 3776 nec
675 3748 898 3784 praecedentibus
909 3747 988 3776 insto.

180 3777 287 3808 Cessare
298 3779 321 3807 St
334 3779 456 3822 laborem
467 3784 568 3818 sugere.
603 3784 660 3813 Cic.
679 3795 699 3813 1.
712 3786 746 3813 ile
757 3786 820 3814 Nat.
836 3785 919 3814 Deor.
934 3794 979 3813 22.
1001 3783 1054 3813 Isto
1071 3783 1156 3821 igitur
1173 3788 1229 3812 tam
1246 3783 1296 3812 im.

199 3815 295 3882 rfnensp,
307 3815 391 3873 sp‘qtio
402 3827 510 3855 quaero,
531 3819 629 3855 Balbe,
650 3831 697 3850 cur
717 3823 831 3851 Pronoea
847 3822 933 3853 vestra
952 3822 1112 3851 cessaverit:
1133 3821 1295 3850 laboremne

214 3864 229 3882 u
241 3863 276 3881 ἰε
298 3862 323 3880 at
338 3876 343 3881 .

178 3864 261 3958 Par}
273 3889 380 3957 ceclil'are.
420 3891 479 3922 Cic.
492 3901 516 3922 1.
531 3893 584 3922 Att.
597 3903 623 3929 7.
645 3894 772 3933 Denique
783 3895 888 3934 aliquid
899 3896 1018 3932 extabit,
1038 3905 1075 3926 ne
1085 3896 1136 3926 tibi
1147 3895 1230 3934 plane
1240 3895 1295 3925 ces-

209 3939 213 3944 ·
246 3939 261 3959 e
273 3937 299 3958 vr
322 3937 424 3957 camur.

551 1444 606 1480 Qui
620 1453 676 1472 non
687 1443 782 1472 consiti
793 1443 864 1474 sunt.
886 1444 960 1481 Virg.
975 1453 999 1474 1.
1009 1443 1107 1480 Georg.
1123 1451 1169 1480 70.

1900 109 1929 142 C
2027 110 2055 144 E
2152 108 2185 142 D

1432 192 1494 222 Hoc
1506 189 1589 219 cessat
1599 199 1633 218 ex
1647 189 1747 218 reditu.
1789 190 1858 220 Plin.
1876 189 1957 226 Epist.
1970 200 1995 221 a.
2009 189 2056 218 lib.
2070 199 2096 218 2.
2130 189 2183 219 Sed
2201 190 2277 227 quod
2299 190 2381 220 cessat
2396 198 2430 221 ex
2444 194 2533 224 reditu
2543 217 2552 232 ‚

1450 227 1764 294 friigaliqiiteksupiiletur.
1805 229 1822 257 i.
1846 237 1869 256 e.
1894 228 1979 264 Quod
1994 228 2087 257 minus
2098 227 2156 263 est,
2181 230 2257 265 quod
2276 228 2352 257 deest
2364 230 2433 258 mihi
2454 241 2489 261 ex
2509 243 2557 262 an.

1451 276 1513 296 nuis
1524 276 1551 294 re
1576 273 1606 294 iti
1620 274 1669 293 ius.

1432 304 1569 334 Cessatum
1581 302 1617 331 est
1629 324 1636 335 .
1659 301 1888 339 impersonaliter.
1911 302 1975 332 Ter.
1990 301 2065 331 Adel.
2080 313 2106 338 4.
2125 313 2151 337 4.
2164 301 2209 332 22.

1512 340 1649 370 Cessatum
1661 340 1744 377 usque
1755 340 1848 369 adhuc
1860 341 1898 369 est
1909 363 1916 375 ,
1943 341 2091 375 nuncjam‚
2103 340 2241 376 AEscffine,
2253 341 2453 379 expergiscere.
2494 343 2512 373 i.
2525 353 2550 374 e.

1449 379 1593 417 negligens
1605 380 1629 406 (Q
1642 378 1744 406 otiosus
1755 378 1836 406 fuisti.
1858 378 1930 415 Vir-g.
1946 388 1988 407 ιι.
2007 378 2068 407 AEn.
2080 383 2144 412 288.

1512 416 1654 453 Quicquid
1666 416 1741 452 apud
1753 416 1827 444 durae
1836 416 1966 445 cessatum
1976 416 2014 445 est
2027 416 2133 445 moenia
2142 415 2244 452 Tr'ojae.

1449 455 1488 484 est
1501 476 1509 488 .
1530 455 1620 491 inquit
1637 453 1755 482 Servius.

1431 493 1471 522 Ab
1483 492 1559 521 hoste
1570 491 1701 520 cessatum
1714 491 1761 520 est.
1784 490 1841 520 Liv.
1855 500 1900 521 22.
1915 500 1958 526 50.

1432 532 1453 559 A
1465 530 1601 559 Praefectis
1611 528 1779 558 nicessatum
1788 530 1867 558 foret.
1890 529 1967 558 Idem
1980 538 2023 565 30.
2039 532 2080 558 1'0.

1392 567 1414 597 C
1424 577 1457 597 ss
1465 578 1477 597 s
1488 578 1507 596 A
1516 577 1535 596 N
1544 577 1573 600 s.
1595 567 1688 595 Partic.
1699 564 1867 602 [πιιυᾶιᾶμῶ
1879 567 1893 602 ]
1907 577 1957 603 pro
1966 577 1999 596 eo
2007 567 2082 603 quod
2093 566 2131 596 est
2143 566 2307 597 immorans.
2317 567 2552 606 Virg.3.ffin.43o.
2594 590 2595 594 ,

1511 605 1617 634 Praestat
1625 605 1760 633 Trinacrii
1770 613 1856 634 metas
1866 605 1976 634 lustrare
1986 605 2105 642 Pachyni

1510 643 1668 671 Cessantem
1679 664 1687 677 ,
1708 642 1807 680 longos
1818 645 1843 672 &
1858 643 2076 672 circumflectere
2086 642 2188 671 cursus.

1430 680 1571 718 Amphora
1581 680 1686 709 cessans
1696 702 1704 713 .
1726 680 1789 717 Qua
1799 691 1883 709 nemo
1893 682 1988 709 utitur.
2010 680 2078 710 Hor.
2093 689 2117 716 3.
2138 680 2230 709 carm.
2241 685 2287 715 28.
2297 686 2324 715 8.

1428 720 1515 748 Austri
1527 717 1660 747 cessantes
1672 740 1680 753 ,
1701 719 1718 747 i.
1731 728 1756 748 e.
1777 719 1843 748 Non
1854 719 1994 755 spirantes.
2020 718 2122 747 Lucan.
2134 717 2182 747 lib.
2196 727 2219 752 3·
2232 722 2276 752 68.

1427 757 1525 794 Copiis
1536 755 1702 785 cessantibus
1715 777 1724 790 ,
1745 766 1811 793 quas
1821 756 1945 793 subsequi
1959 755 2078 792 jusserat.
2100 756 2174 785 Suet.
2189 755 2254 785 Caes]
2268 761 2312 792 58.

1428 795 1493 824 Fata
1506 793 1644 823 cessantia.
1666 794 1752 824 Ovid.
1765 803 1788 830 3.
1802 794 1873 825 Trist
1893 804 1917 824 2,
1936 804 1980 829 29.
2003 795 2020 823 i.
2036 804 2060 823 e.
2085 793 2196 823 Cessans
2207 803 2290 824 mors.

1426 832 1544 862 Morbus
1558 831 1669 860 cessans.
1693 832 1761 861 Hor.
1776 844 1799 862 1.
1820 832 1902 870 Epist.
1918 842 1960 867 15.
1975 835 2001 861 6.
2023 833 2046 861 is
2059 832 2162 860 dicitur
2175 854 2182 866 ⁷
2205 833 2252 869 qui
2271 831 2388 861 medicis
2405 831 2553 867 communi,

1444 870 1582 899 vocabulo
1598 869 1752 899 Chronicus
1773 878 1896 899 vocatur.
1920 880 1975 907 quo
1987 870 2022 899 de
2043 869 2073 897 V.
2092 869 2112 899 s.
2129 870 2146 898 l.
2174 869 2326 908 Porphyrio
2342 870 2493 908 Podagram
2508 872 2550 901 im
2600 880 2601 883 ¹

1444 908 1554 944 telligit.
1579 907 1615 936 Ea
1630 908 1735 945 quippe
1753 908 1852 938 cessare
1864 910 1889 938 ἃ
1900 909 2005 937 tardius
2018 909 2057 936 ire
2067 907 2143 937 facit.

1424 945 1523 975 Solum
1535 945 1638 974 cessans
1659 946 1674 981 [
1683 942 1753 982 22229}
1767 947 1819 982 γῆ]
1840 947 1942 975 dicitur
1954 947 2054 975 Arvum
2063 951 2110 975 aut
2117 955 2181 984 ager
2199 945 2247 983 qui
2267 954 2327 975 non
2340 951 2485 976 exercetur
2500 951 2562 982 aut.
2590 967 2594 973 =

1444 983 1555 1013 colitur.
1578 984 1680 1012 Lucan.
1693 983 1777 1019 lib.3.
1793 995 1858 1019 45¹.
2598 992 2600 994 ·

1619 1038 1655 1041 —
1671 1031 1812 1059 curvoque
1821 1022 1871 1051 soli
1886 1021 2014 1052 cessantis
2021 1027 2109 1051 aratro

1507 1059 1640 1096 Agricolae
1652 1060 1736 1097 raptis
1746 1070 1850 1089 annum
1862 1060 1963 1090 flevere
1977 1060 2114 1095 juvencis.

1423 1095 1515 1125 Vento
1526 1097 1663 1132 cessante,
1688 1098 1705 1126 i.
1721 1107 1745 1127 e.
1767 1098 1833 1127 Non
1843 1099 1936 1127 flante.
1958 1098 2022 1127 Sen.
2032 1097 2123 1128 OEth.
2132 1108 2160 1134 4.

1425 1134 1572 1164 Concitare
1584 1134 1728 1165 cessantes.
1750 1136 1818 1165 Hor.
1833 1146 1856 1165 1.
1873 1136 1963 1165 Carm.
1977 1145 2079 1171 ³5-J5-
2537 1159 2550 1167 --

1385 1172 1407 1202 C
1418 1182 1431 1201 a
1440 1182 1452 1201 s
1461 1182 1472 1201 s
1487 1183 1503 1200 A
1514 1182 1533 1201 T
1544 1177 1561 1201 ῦ
1572 1183 1586 1201 a
1598 1183 1616 1201 u
1626 1183 1637 1201 s
1651 1196 1658 1208 ,
1680 1183 1695 1202 a
1704 1196 1711 1207 ‚
1733 1184 1790 1203 um.
1804 1174 1901 1204 Partic.
1916 1180 1956 1208 ut,
1968 1172 2107 1203 Cessatura
2115 1173 2184 1207 casa,
2195 1173 2273 1211 apud
2281 1173 2396 1209 Ovid.4.
2409 1172 2550 1213 Fastssost

1476 1210 1674 1247 Mutantesque
1686 1212 1802 1240 domum
1814 1234 1821 1246 .
1843 1213 1923 1242 ῐέᾱίε
1934 1212 2084 1249 agrestibus
2096 1213 2210 1249 ignem,
2543 1227 2553 1235 ·-

1515 1248 1549 1278 Et
1560 1248 1698 1278 cessatura>
1708 1249 1876 1287 supposuisse
1892 1250 1967 1280 casae.

1384 1286 1406 1316 C
1416 1296 1448 1315 as
1458 1296 1470 1316 s
1482 1293 1498 1313 A
1511 1297 1554 1315 To
1564 1297 1580 1315 R
1592 1309 1599 1320 .
1622 1288 1685 1316 oris.
1707 1297 1745 1317 m.
1767 1287 1870 1325 [22229‘2
1886 1286 2000 1323 ὄκικξὶς]

1420 1324 1559 1354 Columel.
1570 1324 1618 1353 lib.
1633 1335 1674 1354 11.
1691 1335 1753 1363 cap.
1770 1336 1793 1355 1.
1814 1327 1846 1356 ln
1858 1326 1952 1364 agresti
1973 1327 2088 1363 negotio
2105 1327 2152 1355 vix
2170 1326 2230 1355 dici
2248 1325 2338 1362 potest
2357 1325 2424 1362 quid
2441 1334 2543 1362 gnavus

2546 1364 2547 1370 ,
2551 1358 2556 1366 x

2535 1372 2554 1379 2.-

2594 373 2600 402 l

2329 417 2347 446 i.
2360 426 2384 447 e.
2404 416 2554 449 Tardatum
2594 397 2604 450 'ii

2021 1287 2155 1323 otiosus,
2177 1285 2340 1324 quiceffat‚
2363 1284 2559 1325 &nihilaglc'2
2586 1293 2587 1297 ’

1419 1364 1560 1400 'operarius
1570 1363 1670 1400 ignavo
1680 1365 1706 1393 ὃς
1723 1363 1855 1394 cessatore
1865 1365 1982 1401 praestet.
2004 1365 2072 1394 flor.
2086 1374 2112 1394 2.
2123 1365 2211 1395 Serm.
2227 1372 2252 1401 7.
2268 1373 2330 1393 100.

1461 1436 1463 1439 ι
1512 1401 1640 1438 Nequam
1651 1423 1659 1436 ‚
1682 1403 1707 1431 Sc
1722 1402 1837 1431 cessator
1847 1402 1948 1431 Davus.
2533 1419 2536 1421 .
2549 1426 2556 1437 .

1416 1437 1540 1467 Cessator
1556 1440 1584 1468 in
1596 1439 1696 1469 litteris
1707 1462 1714 1476 ‚
1735 1439 1861 1470 Subaudi
1874 1439 2045 1470 Scribendis.
2083 1439 2142 1468 Cic.
2156 1449 2182 1475 9.
2199 1439 2276 1468 Fam.
2289 1447 2331 1476 17.
2357 1438 2425 1468 Haec
2438 1437 2545 1473 tibiam

1435 1485 1482 1543 {eg
1493 1486 1550 1505 non
1560 1477 1682 1545 resegpsi
1693 1499 1702 1514 ‚
1723 1487 1782 1507 non
1797 1488 1853 1517 quo
1864 1478 1979 1508 cessator
1995 1477 2049 1507 eise
2061 1477 2180 1507 solerem
2190 1499 2198 1513 ‚
2219 1476 2369 1515 praesertim
2384 1477 2414 1506 in
2425 1476 2522 1507 litteris*
2529 1495 2554 1527 ,μὲ

1448 1524 1462 1542 e
1494 1524 1580 1551 quum
1590 1537 1598 1550 ,
1643 1525 1668 1544 c.
1860 1546 1862 1551 4
2534 1528 2557 1553 'a

1379 1550 1402 1582 C
1413 1562 1426 1581 F
1437 1562 1449 1581 s
1459 1562 1470 1581 s
1481 1556 1496 1581 ,ἶ
1508 1563 1528 1581 τ
1538 1563 1554 1581 a
1564 1564 1573 1581 1
1584 1562 1601 1581 x
1614 1575 1621 1588 ‚
1641 1554 1703 1583 icis.
1726 1553 1745 1583 f.
1767 1553 1886 1584 Tertull.
1903 1554 1965 1584 adv.
1984 1553 2072 1584 Marc.
2093 1565 2116 1583 i.
2129 1562 2175 1589 24.
2208 1552 2364 1589 Quomodo
2381 1552 2573 1588 defendituo‘p*

1418 1590 1526 1620 bonitas
1536 1613 1544 1626 ,
1567 1601 1601 1620 ex
1617 1593 1722 1625 majore
1733 1600 1813 1630 parte
1822 1592 1947 1622 celsatrix
1957 1593 1971 1621 ἱ)
2538 1611 2560 1634 '4¹-

1377 1627 1401 1658 C
1411 1639 1424 1657 1³
1434 1638 1445 1658 S
1454 1638 1465 1657 S
1474 1632 1490 1657 Ᾰ
1502 1639 1521 1657 Τ
1532 1639 1565 1658 10
1575 1651 1583 1664 ‚
1605 1630 1677 1660 finis.
1707 1631 1725 1659 f.
1749 1628 1846 1666 [ὶξὶγίοι
1855 1652 1864 1666 ‚
1884 1632 1972 1657 παῦε-ιε
1985 1651 1993 1665 ‚
2008 1628 2167 1663 ἀνάπαυσις]
2195 1628 2282 1658 Plaut.
2308 1628 2387 1658 Poen.
2400 1639 2426 1665 4.
2437 1630 2558 1667 2j103-{w

1494 1667 1525 1696 Id
1536 1668 1681 1703 negotium
1696 1668 1855 1697 institutum
1866 1669 1905 1697 est
1914 1691 1922 1704 ‚
1944 1677 2003 1697 non
2014 1667 2095 1697 datur
2104 1666 2227 1696 cessatio.
2529 1679 2535 1686 κ

1413 1703 1517 1734 Foenus
1528 1705 1693 1736 ceffationis.
1735 1706 1874 1736 Columel.
1887 1706 1935 1736 lib.
1946 1716 1971 1736 2.
1985 1715 2046 1744 cap.
2060 1716 2083 1735 1.
2105 1707 2141 1735 At
2158 1715 2173 1734 e
2185 1705 2335 1740 contrario,
2357 1704 2404 1734 seu
2423 1703 2540 1743 sponte&

1435 1742 1480 1771 seu
1489 1743 1617 1780 quolibet
1631 1744 1692 1773 casu
1704 1744 1833 1773 destituta
1843 1745 1944 1774 humus
1955 1767 1963 1781 ,
1984 1753 2071 1781 quum
2086 1743 2125 1773 est
2134 1744 2252 1781 repetita
2264 1742 2342 1772 cultu
2352 1765 2361 1778 ‚
2382 1752 2482 1780 niagno
2489 1743 2541 1772 foei
2580 1776 2581 1781 ¹

1434 1790 1502 1810 nore
1513 1781 1674 1811 cessationis
1685 1782 1789 1811 colono
1801 1782 1958 1820 respondet.
2578 1783 2580 1787 ’

1413 1817 1527 1848 furtum
1541 1820 1707 1849 cessationis.
1746 1820 1806 1850 Cic.
1823 1824 1864 1851 16.
1876 1821 1952 1851 Fam.
1966 1823 2012 1850 26.
2034 1819 2154 1850 Scribito
2165 1826 2272 1854 tamen,
2293 1828 2329 1848 ne
2340 1818 2445 1848 furtum
2455 1815 2536 1849 cessa·
2583 1845 2585 1850 .

1432 1857 1517 1886 tionis
1531 1857 1678 1895 quaesivisse
1700 1858 1828 1888 videaris.
2584 1887 2586 1890 ,

1412 1894 1547 1931 cessatio,
1569 1896 1677 1925 Otium.
1719 1896 1777 1925 Cic.
1798 1907 1819 1925 1.
1835 1895 1871 1926 de
1881 1896 1946 1926 Nat.
1963 1895 2126 1930 Deor.103.
2156 1895 2284 1925 Profesto
2304 1894 2441 1933 Epicurus
2462 1893 2536 1933 quast

1431 1935 1509 1970 pueri
1520 1933 1634 1963 delicati
1647 1956 1654 1969 ,
1674 1934 1746 1963 nihil
1762 1934 1910 1964 cessatione
1921 1934 2021 1964 melius
2032 1933 2178 1963 existimat.
2445 1948 2457 1959 κ
2576 1935 2583 1957 v‘

1416 1969 1533 2000 Cessatio
1551 1982 1650 2009 pugnse
1660 1973 1784 2010 paetitia.
1825 1972 1856 2002 I'n
1877 1983 1892 2001 P
1903 1983 1920 2001 A
1932 1983 1949 2001 e
1959 1984 1968 2001 ι
1980 1981 2042 2002 sco
2052 1981 2077 2002 R.
2579 1988 2581 1993 v

1411 2007 1508 2038 Libera
1528 2011 1552 2039 δ’.
1573 2011 1668 2040 otiosa.
1709 2010 1768 2040 Cic.
1782 2020 1804 2039 1.
1818 2011 1853 2039 de
1864 2010 1958 2048 Legib.
1975 2021 2016 2039 10.
2053 2009 2236 2047 Legationem
2256 2008 2379 2046 aliquam
2403 2008 2534 2038 nimirum
2576 2011 2581 2017 '

1432 2048 1522 2075 oratio
1533 2048 1580 2077 ista
1593 2048 1713 2086 postulat
1723 2071 1731 2083 ‚
1753 2054 1800 2078 aut
1808 2049 1945 2085 ejusmodi
1957 2049 2121 2086 quampiam
2131 2047 2312 2078 cessationem
2321 2046 2438 2077 liberam
2454 2047 2537 2084 atque·
2574 2072 2577 2088 L

1430 2085 1554 2115 otiosam.
1597 2087 1637 2116 Al.
1659 2086 1826 2116 Ceffionem.
2574 2090 2579 2097 ’

1373 2121 1395 2152 G
1405 2132 1418 2151 a
1428 2132 1439 2151 s
1449 2132 1460 2151 s
1472 2127 1486 2151 Ti
1498 2132 1516 2151 T
1526 2133 1543 2151 u
1552 2133 1564 2152 s
1576 2146 1583 2159 ,
1605 2134 1619 2153 a
1631 2146 1638 2159 ‚
1655 2134 1713 2153 um.
1736 2125 1796 2160 Adj.
1822 2121 2090 2162 [ῐλῖφλελειμμένῶι]
2112 2129 2159 2160 ut,
2181 2123 2288 2153 Cessata
2300 2132 2364 2153 arva
2374 2145 2383 2160 ‚
2403 2122 2422 2152 i.
2432 2132 2456 2153 e.
2477 2121 2536 2152 Nes.

1410 2161 1499 2198 gledta
1514 2163 1539 2191 Sc
1552 2171 1610 2190 non
1619 2162 1711 2192 culta.¹
1726 2162 1811 2192 Ovid.
1825 2174 1850 2196 4.
1866 2163 1931 2193 Fast.
1945 2167 2009 2198 617.

1490 2199 1629 2237 Largaque
1642 2202 1771 2238 provenit
1782 2201 1889 2230 cessatis
1901 2201 1993 2230 messis
2004 2201 2034 2229 in
2044 2199 2126 2229 arvis.

1410 2235 1553 2274 Tempora
1565 2238 1671 2268 cessata.
1693 2239 1741 2268 Sil.
1754 2250 1777 2273 ς.
1792 2249 1854 2275 534.

1488 2275 1549 2310 Jarn
1561 2275 1652 2314 Libyae
1667 2277 1767 2306 ductor
1775 2276 1951 2315 properantia
1962 2276 2034 2313 signa
2045 2276 2132 2305 citato

1488 2313 1627 2351 Raptabat
1641 2314 1720 2344 cursu
1733 2338 1740 2350 ,
1763 2316 1789 2344 ἃ
1800 2315 1898 2344 celsata
1910 2323 2046 2352 reponere
2054 2314 2172 2344 avebant
2523 2341 2534 2351 .-

1486 2351 1628 2388 Tempora
1638 2354 1829 2388 ‹za-devitum,
1848 2355 1900 2383 διο,
1995 2352 2012 2381 i.
2027 2362 2052 2382 e.
2074 2351 2235 2390 Cupiebant
2249 2349 2390 2380 restituere
2405 2354 2531 2389 tempora¹
2570 2359 2576 2391 j

1407 2387 1514 2418 omissa.
1556 2389 1587 2419 V.
1610 2391 1693 2419 etiam
1709 2391 1793 2420 Ovid.
1813 2401 1854 2420 io.
1873 2391 1939 2420 Met.
1953 2394 2033 2425 669.·
2501 2404 2505 2413 =

1371 2425 1393 2455 C
1402 2429 1418 2456 53
1430 2437 1446 2455 ὓ
1458 2437 1474 2455 0
1488 2450 1496 2461 ‚
1518 2429 1532 2463 [
1545 2424 1590 2454 ἐπ’
1602 2429 1615 2463 ]
1639 2429 1758 2458 Verbum
1771 2429 1939 2458 defectivum
1951 2439 1957 2457 ι
1979 2430 2008 2457 in
2019 2427 2184 2464 imperativo
2195 2433 2304 2455 tantum
2315 2425 2426 2463 legitur,
2441 2424 2526 2462 Cedo,

1406 2466 1459 2494 i.e.
1484 2466 1535 2494 Dic
1544 2465 1588 2494 vel
1603 2466 1652 2495 Da.
1684 2467 1749 2496 Ter.
1762 2466 1830 2496 Eun.
1850 2478 1873 2502 ς.
1887 2472 1947 2501 ς.8.
1973 2469 2026 2495 Aut
2043 2465 2111 2502 quid
2126 2465 2229 2494 factum
2246 2464 2307 2493 est?
2327 2464 2408 2493 cedo.
2430 2463 2524 2493 Cios.
2570 2484 2573 2503 η,

1405 2503 1441 2531 de
1455 2503 1543 2532 Divin.
1553 2504 1696 2538 146.Cedo
1704 2505 1827 2539 tandem,
1840 2505 1906 2542 quid
1917 2505 1947 2533 fit
1955 2505 2035 2538 ordo.
2046 2511 2093 2532 aut
2101 2505 2160 2540 quae
2169 2501 2340 2531 concursatio
2349 2501 2524 2533 somniorum.

1406 2540 1484 2570 Cedo
1507 2541 1607 2579 plurali
1626 2544 1710 2571 etiam
1726 2553 1843 2572 numero
1864 2543 1998 2575 iunctum.
2039 2541 2149 2570 Cic.de
2162 2541 2274 2570 Sene&
2285 2549 2330 2570 20.
2363 2539 2460 2576 Cedo5
2480 2537 2525 2576 qui
2602 2572 2604 2574 ,

1424 2579 1538 2608 vestram
1550 2579 1688 2618 Rempub.
1701 2587 1806 2610 tantam
1817 2581 1939 2610 amisistis
1949 2588 2005 2610 tam
2014 2580 2070 2610 cito
2084 2579 2098 2608 ἵ)
2602 2577 2604 2584 ‘

1405 2617 1510 2653 Aquarii
1528 2619 1598 2646 cedo
1609 2619 1746 2648 manibus.
1774 2618 1860 2648 Plaut.
1875 2618 1956 2648 Most.
1974 2628 1996 2647 ι.
2014 2628 2039 2654 3.
2057 2627 2118 2652 ¹50-
2530 2641 2531 2645 .

1404 2653 1490 2692 Leges
1504 2656 1605 2685 Atinias
1618 2656 1688 2687 cedo
1700 2657 1777 2685 mihi.
1800 2656 1859 2686 Cic.
1872 2666 1894 2692 3.
1914 2657 1988 2685 Vetr.
2007 2665 2068 2692 ¹09·
2532 2682 2535 2697 1

1405 2691 1523 2721 Manum
1536 2694 1606 2722 cedo
1620 2716 1626 2728 ,
1650 2694 1695 2723 vel
1705 2695 1858 2724 dexteram.
1886 2694 1970 2723 Plaut.
1988 2694 2068 2731 Capt.
2080 2702 2107 2728 4.
2120 2701 2146 2722 2.
2163 2697 2207 2728 58.

1403 2730 1553 2760 Orationes
1565 2732 1644 2760 cedo.
1668 2732 1726 2761 Cic.
1739 2733 1774 2761 de
1785 2732 1855 2762 Clar.
1870 2732 1947 2762 Orat.
1959 2742 2024 2767 295.

1402 2767 1481 2797 Pater
1539 2769 1609 2798 mihi·
1621 2771 1702 2799 cedo,
1726 2770 1813 2800 Plaut.
1825 2770 1925 2808 Amph.
1937 2779 1963 2800 2.
1973 2780 1999 2800 2.
2017 2772 2080 2805 146.

1402 2773 1528 2835 Tabula}
1537 2808 1617 2836 cedo.
1644 2808 1702 2838 Cio.
1715 2813 1741 2837 ό.
1756 2808 1828 2838 Verr.
1845 2818 1890 2844 43.

1403 2843 1481 2873 Cedo
1493 2865 1511 2883 ³.
1523 2845 1569 2874 dic
1580 2845 1657 2874 mihi.
1682 2846 1746 2875 Ter.
1760 2847 1830 2875 And.
1845 2857 1870 2880 4.
1881 2857 1907 2881 4.
1917 2856 1962 2880 24.

1495 2883 1574 2911 Cedo
1587 2884 1680 2918 cujum
1691 2893 1809 2921 puerum
1821 2884 1867 2912 hic
1878 2882 2027 2922 apposuisti
2038 2903 2046 2917 ‚
2068 2881 2115 2910 dic
2135 2880 2214 2910 mihi.

1421 2919 1582 2956 ingemuisti
1592 2922 1605 2949 ’ἲ
1633 2928 1717 2951 certe.
1741 2922 1812 2951 cedo
1825 2922 1938 2958 reliqua.
1970 2921 1987 2950 i.
2005 2931 2029 2949 e.
2055 2919 2172 2949 Ascribe.
2506 2942 2509 2947 .
2530 2943 2531 2946 ,

1401 2956 1481 2986 Cedo
1492 2958 1570 2993 alios.
1588 2958 1633 2988 ubi
1646 2960 1775 2989 centurio
1785 2960 1822 2989 cst
1834 2960 1930 2997 Sanga,
1944 2960 1970 2988 ἃ
1982 2957 2141 2996 manipulus
2150 2956 2261 2985 furum?
2282 2955 2347 2986 Ter.
2359 2955 2521 2992 Eun.4.¹7.6as

1401 2994 1481 3024 Cedo
1495 2998 1619 3031 quemvis
1631 2998 1772 3026 arbitrum.
1813 2997 1875 3027 Ter.
1891 2996 1969 3026 Adel.
1985 3007 2008 3025 1.
2021 3006 2046 3025 2.
2060 3005 2104 3030 43.
2481 3030 2488 3036 -
2515 2993 2532 3010 λ
2553 3006 2557 3018 ’

1481 3033 1639 3069 Postremo,
1661 3035 1830 3070 auidesme,
1850 3042 1898 3064 aut
1916 3035 1987 3064 cedo
2001 3033 2125 3071 quemvis
2141 3032 2284 3061 arbitrum.
2379 3031 2397 3060 i.
2409 3040 2433 3061 e.
2454 3029 2518 3063 Dic.
2553 3051 2555 3059 .
2599 3036 2604 3043 ‘

1418 3080 1451 3100 ac
1463 3071 1481 3099 s'i
1494 3072 1599 3101 dicerer
1608 3094 1616 3106 ,
1639 3073 1754 3102 Vincam
1770 3083 1937 3110 quocunque
1949 3072 2044 3109 judice
2059 3080 2167 3106 eorum,
2180 3070 2227 3107 qui
2243 3070 2342 3098 harum
2351 3078 2442 3099 rerum
2453 3073 2521 3103 coii-

1417 3108 1551 3138 sultiss'imi
1571 3111 1682 3139 fuerint.
1704 3111 1831 3140 Budaeus.
2393 3127 2395 3131 ¹

1397 3146 1606 3182 Cedojudicem
1618 3170 1626 3182 ,
1648 3150 1676 3177 ni
1686 3149 1753 3177 dolo
1764 3149 1838 3177 malo
1849 3146 2021 3185 instipulatus
2036 3146 2077 3176 sis.
2098 3144 2185 3175 Plaut.
2198 3144 2269 3174 Rud.
2287 3155 2311 3180 5.
2330 3153 2354 3180 3.
2367 3153 2412 3180 24.

1398 3184 1475 3213 Cedo
1491 3194 1584 3214 coi-am
1601 3186 1668 3224 ipso.
1691 3187 1755 3215 Ter.
1772 3187 1888 3224 Adelph.
1908 3195 1931 3221 3.
1945 3196 1971 3220 4.
1987 3191 2029 3219 38.

1476 3222 1615 3252 Postremo
1629 3234 1685 3252 non
1699 3224 1826 3261 negabit,
1847 3232 1940 3254 coram
1955 3222 2013 3260 ipso
2025 3222 2107 3252 cedo.
2192 3218 2231 3249 Al.
2254 3218 2356 3262 Ipsum.
2413 3255 2420 3262 ·

1396 3258 1490 3294 Cedo,
1512 3271 1561 3297 pro
1583 3261 1652 3291 Date
1673 3263 1701 3290 in
1726 3262 1843 3299 plurali,
1865 3261 1909 3290 vel
1929 3261 2032 3297 Quaero
2045 3261 2070 3289 δι
2087 3257 2234 3296 expostulo
2249 3267 2264 3285 a
2279 3257 2366 3286 vobis.
2388 3255 2445 3285 Cic.
2463 3262 2512 3294 pro

1451 3298 1527 3327 Sext.
1549 3299 1627 3327 Cedo
1641 3309 1716 3328 nunc
1725 3299 1850 3335 ejusdem
1866 3299 1939 3328 illius
1949 3298 2056 3327 inimici
2067 3298 2121 3326 mei
2135 3296 2170 3325 de
2184 3304 2229 3324 me
2242 3295 2358 3329 eodem,
2371 3294 2423 3324 &c.
2560 3302 2561 3305 ’

1358 3333 1380 3363 C
1390 3342 1404 3363 ιν,
1415 3345 1432 3362 n
1443 3345 1456 3363 R
1468 3347 1490 3363 με
1500 3347 1508 3364 1
1520 3358 1527 3369 a
1551 3346 1637 3366 orum.
1660 3347 1695 3366 η),
1720 3337 1871 3373 [melphim]
1895 3337 1996 3366 Arabia?
2007 3334 2105 3373 populi
2115 3333 2178 3363 sunt
2188 3355 2196 3368 ‚
2218 3332 2365 3362 Canchleis
2383 3333 2410 3362 ἆ
2423 3329 2511 3361 Naba·
2543 3338 2544 3341 ’
2559 3346 2562 3351 ’
2591 3331 2604 3371 '7‘

1395 3373 1596 3403 thaeisliiiitinii
1608 3397 1616 3407 .
1639 3385 1758 3412 quorum
1770 3375 1898 3403 meminit
1913 3374 1979 3403 Plin.
1999 3373 2046 3402 lib.
2064 3384 2086 3409 ς.
2101 3382 2160 3409 cap.
2177 3380 2219 3400 11.
2547 3403 2549 3405 ,
2602 3399 2604 3404 ,

1356 3409 1572 3446 Ciznssarus,
1593 3412 1638 3442 Ca
1651 3413 2066 3447 DR.·³'1¹IS,CEDRR1.AE0N,
2089 3411 2328 3443 citonatus,
2349 3406 2509 3441 Cannis,
2541 3411 2542 3427 ³
2590 3412 2595 3422 ⁶

1393 3448 1591 3484 Cannium,
1621 3450 2014 3485 Cannis,1ncnni‹us.
2473 3480 2498 3486 ,,
2552 3456 2555 3463 ’
2592 3453 2595 3461 “

1355 3485 1453 3514 CRDR
1465 3490 1559 3515 orici.
1572 3497 1605 3522 A,
1627 3496 1716 3517 orum.
1741 3498 1766 3517 n.
1791 3487 1829 3525 pl.
1853 3486 2014 3523 [κεῷόμηλα
2026 3487 2041 3521 j]
2063 3484 2138 3515 Mala
2156 3483 2256 3513 eadem
2274 3491 2333 3519 quae
2348 3479 2509 3524 CitriaLDio-
2598 3497 2599 3501 =

1393 3523 1572 3554 scoridisunt.
1599 3530 1697 3554 1.106.
1720 3525 1747 3554 Si
1761 3525 1847 3554 modo
1861 3525 1945 3554 lectio
1958 3523 2075 3553 sanaest.
2100 3522 2130 3552 V.
2152 3522 2238 3551 Henr.
2259 3517 2505 3562 Steph.v.i<e)>&·.
2538 3527 2558 3555 -g
2597 3524 2598 3528 ¹

1355 3560 1377 3589 C
1391 3571 1403 3589 iz
1414 3570 1429 3587 n
1442 3571 1457 3588 a
1469 3571 1485 3589 o
1496 3571 1524 3596 s,
1546 3563 1563 3590 i.
1581 3562 1598 3591 s.
1623 3563 1710 3592 insula
1720 3564 1748 3591 in
1760 3563 1913 3592 Germania=
1926 3562 2052 3590 litoribus
2066 3583 2074 3596 ‚
2096 3560 2172 3590 cedri
2183 3567 2284 3596 genere
2308 3555 2411 3586 silvosa.
2440 3554 2506 3585 Inde
2538 3566 2539 3575 ¹

1391 3597 1523 3628 electrum
1535 3599 1563 3628 in
1574 3608 1663 3637 petras
1675 3601 1798 3630 defluere
1811 3601 1922 3629 dicitur.
1942 3600 2077 3629 Perottus.
2109 3596 2243 3634 [Fabulae.
2396 3630 2402 3637 “
2418 3631 2424 3637 ι

1353 3635 1375 3664 C
1386 3645 1399 3664 a
1409 3646 1426 3663 o
1438 3646 1453 3664 a
1462 3646 1478 3665 o
1489 3646 1500 3665 s
1511 3646 1530 3665 ‘r
1540 3648 1548 3665 1
1558 3647 1570 3665 s
1583 3659 1591 3672 ‚
1614 3639 1644 3667 is.
1666 3639 1684 3667 f.
1709 3639 1777 3668 Vitis
1788 3638 1849 3667 alba
1860 3638 1969 3667 (licitur.
2012 3636 2115 3666 Plinius
2125 3634 2173 3664 lib.
2185 3643 2230 3669 23-
2241 3642 2302 3670 cap.
2315 3641 2338 3662 1.
2370 3630 2438 3660 Vitis
2447 3627 2506 3660 alba
2553 3638 2556 3643 ’
2591 3662 2593 3665 ,

1390 3674 1428 3701 est
1447 3684 1528 3709 quam
1550 3675 1637 3704 Graeci
1661 3676 1896 3714 ampeloleucen‚
1926 3675 1971 3704 alii
1989 3672 2241 3712 ophiostaphylon‚
2263 3670 2312 3700 alii
2331 3668 2501 3699 melothron..
2548 3688 2550 3690 -
2602 3684 2603 3687 =

1390 3711 1436 3739 alii
1455 3711 1615 3748 psilothrum
1627 3735 1635 3749 ‚
1654 3713 1702 3743 alii
1717 3713 1906 3747 archezostim
1928 3712 1973 3741 alii
1991 3712 2147 3748 cedrostin,
2169 3709 2216 3739 alii
2235 3708 2338 3738 madon
2357 3704 2501 3745 appellant.
2538 3723 2555 3755 ἰ.

1391 3748 1456 3777 Hice
1468 3751 1493 3778 ἃ
1507 3750 1626 3786 bryonia
1636 3761 1651 3780 a
1665 3751 1824 3781 Dioscoride
1834 3750 1999 3788 appellatur.
2284 3783 2289 3788 Ι
2537 3779 2553 3791 ,⁶
2590 3763 2597 3774 .-

1352 3786 1516 3820 cimus,
1538 3788 1555 3815 i.
1580 3788 1598 3817 f.
1621 3788 1759 3825 [κε’ὴῑῇ]
1780 3789 1866 3818 Arbor
1887 3787 2033 3817 notissima.
2074 3785 2106 3815 V.
2127 3785 2197 3816 Plin.
2225 3781 2339 3822 copiose
2358 3780 2393 3811 de
2409 3788 2441 3810 ea
2452 3783 2500 3808 tta-
2586 3792 2604 3824 ‘i

1389 3824 1511 3852 <stantem
1527 3825 1574 3853 lib.
1594 3835 1634 3862 ¹3-
1645 3836 1705 3863 cap.
1722 3838 1745 3863 ς.
1761 3826 1944 3856 ἅᾶῙῐίεΙοείε.
2546 3828 2551 3834 ’
2567 3831 2569 3834 “
2585 3831 2598 3844 ’“

1388 3861 1480 3889 Ardua
1491 3863 1601 3892 cedrus.
1624 3864 1706 3893 Ovid.
1722 3872 1743 3893 r.
1762 3866 1852 3893 Amor.
1868 3873 1908 3899 ¹4·
1926 3872 1967 3892 12.

1387 3897 1500 3927 Enodis.
1526 3900 1624 3929 Claud.
1639 3902 1673 3930 de
1685 3901 1766 3938 Rapt.
1781 3901 1899 3938 Proserp.
1917 3909 1941 3937 3.
1956 3902 2019 3936 360.

1386 3935 1520 3965 odorata.
1546 3938 1617 3975 Virg.
1633 3948 1656 3973 3.
1670 3939 1770 3976 Georg.
1784 3949 1849 3973 4¹4-

1465 3973 1546 4004 Disce
1559 3976 1584 4004 &
1597 3977 1742 4005 odoratam
1750 3976 1862 4006 stabulis
1872 3974 2026 4005 accendere
2038 3972 2162 4003 cedrum.

2547 1699 2554 1713 ὲ

2297 2879 2518 2916 Cic.9.Att.21.
2556 2911 2562 2923 Ι,
2599 2862 2604 2890 ⁴.

2407 4002 2501 4033 Incen-
2531 3996 2533 3998 ’
