2600 4177
546 114 576 150 C
672 113 702 150 R
800 115 834 150 Ο

162 199 239 238 mum
253 194 370 233 impares
381 196 564 234 sequebantur
574 217 582 230 ,
600 195 700 232 eosque
710 202 842 233 tanquam
854 202 921 226 tunc
936 197 971 227 de
984 196 1060 233 aegris
1076 196 1243 231 iudicaretur
1254 215 1263 229 ‚

164 243 272 266 κοισιμεςς
288 235 477 263 nominabant.
519 234 548 262 In
558 233 600 262 his
616 241 673 262 erat
686 235 744 263 dies
756 236 850 264 tertius
865 257 873 269 ,
896 237 1006 271 quintus
1020 257 1028 269 ,
1050 235 1193 271 saptimus,
1216 242 1266 262 no-

165 277 217 297 nus
230 292 237 302 ,
260 271 443 304 undecimus,
464 277 575 306 quartus
590 271 715 301 decimus
726 294 733 305 ,
755 282 826 302 unus
839 276 863 302 δ’(
876 273 1020 302 vicesimus
1033 282 1038 301 :
1063 274 1099 300 itti
1116 280 1146 300 ut
1161 270 1267 300 summa

164 309 291 342 potentia
301 308 417 344 septimo
430 329 437 341 ,
459 308 562 336 deinde
578 317 674 343 quarto
685 310 814 344 decimo,
836 311 939 339 deinde
951 311 996 339 uni
1012 313 1035 339 ἃ
1049 310 1177 338 vicesimo
1191 310 1268 337 dare-

166 349 219 373 tur.
257 346 342 381 lgitur
357 345 391 373 sic
406 354 491 380 aegros
506 346 682 380 nutriebant,
703 354 734 376 ut
750 348 856 376 dierum
877 348 1022 384 imparium
1039 347 1206 376 accelliones
1222 354 1268 374 ex-

167 383 329 417 peftarent:
351 383 455 411 deinde
470 382 562 418 postea
574 383 667 412 cibum
680 384 750 421 quasi
768 386 920 414 levioribus
932 384 1132 414 accessionibus
1149 382 1269 412 instanti-

170 419 220 448 bus
231 420 335 449 darent.
355 419 377 446 V
408 420 434 448 ἃ
456 419 525 449 Gell.
541 429 563 454 3.
581 430 622 450 10.
647 422 964 459 M‘icrob.Somn.Scip.
984 432 1004 451 i.
1022 433 1044 456 ς.

113 453 136 483 C
146 464 160 498 1}
170 466 273 485 rriciz
284 478 291 489 ,
312 465 341 484 es
352 478 359 489 ‚
381 456 434 485 sive
451 458 472 485 C
483 467 496 484 κ
509 468 517 485 1
528 467 548 486 'r
558 469 566 486 1
578 468 596 487 c
606 468 622 487 Α
634 481 642 494 ,
663 458 701 489 s'·
717 460 733 489 f.
759 461 878 496 [nemu]
902 460 1059 496 Philologiae
1072 468 1133 496 pars
1146 458 1193 491 est,
1211 466 1271 493 quae

150 494 386 559 inbemendatione
397 496 541 525 auQOtum
556 497 582 526 δε
601 497 631 527 in
647 491 754 533 judicio
776 497 913 527 consistit:
939 497 1022 526 Varro
1041 497 1117 534 apud
1137 495 1270 525 Diomed-

163 541 170 559 i
191 551 199 559 .
213 541 239 561 2.

112 565 159 595 CR
171 579 178 595 1
189 578 207 595 r
216 578 229 596 Β
239 578 258 596 Ν
269 578 280 597 s
290 579 297 597 i
309 591 317 604 ,
340 569 402 599 Asiae
414 570 532 607 populi,
554 582 568 601 a
581 571 782 601 Meninonibus
793 573 819 602 &
831 571 950 603 Davellis
958 572 1066 601 dierum
1079 570 1176 608 viginti
1189 570 1274 598 inter-

151 605 223 634 vallo
235 606 352 637 discreti.
376 609 475 637 Auctor
490 609 559 638 Plin.
573 609 619 638 lib.
635 614 659 639 6.
674 620 735 647 cap.
748 618 789 643 30.

113 641 178 671 cai
190 652 208 671 τ
218 653 260 673 1113
271 666 279 679 ,
301 643 420 681 [xfflffii]
442 646 633 676 Tuberculum
647 647 792 683 parvulum
804 647 833 675 in
848 647 978 684 palpebra
990 646 1071 684 super
1091 646 1212 684 pilorum
1232 644 1274 674 lo-

151 688 214 709 cum
227 703 235 716 ,
256 683 332 719 quod
344 694 358 711 a
369 683 547 713 similitudine
559 685 656 713 hordei
667 685 702 714 sic
715 685 876 713 estdictum.
898 684 967 714 Cels.
986 685 1034 714 lib.
1050 694 1077 720 7.
1092 694 1151 721 cap.
1166 693 1192 720 7.

111 716 264 761 Cairu'isis,
277 721 560 758 [κςιθηὶ;,ΑΙ.Κςη9ηὶ,ε]
570 729 600 751 ut
608 732 641 751 ex
654 723 766 759 Ephoro
777 722 859 751 refert
871 722 1028 751 Plutarchus
1042 723 1069 751 in
1083 723 1138 751 vita
1148 720 1273 755 Homeri,

151 755 218 800 Filia
231 758 281 787 fuit
299 759 390 788 Atellis
402 781 409 794 ‚
431 769 511 795 quam
524 760 584 797 post
596 768 714 789 mortem
725 759 798 788 suam
812 759 931 789 Maeonis
942 761 1031 789 fratris
1042 759 1134 789 tutelre
1151 758 1272 793 reliquit.

151 793 206 823 Hic
221 804 314 825 autem
334 807 418 833 quum
434 796 555 834 puellam
566 797 683 826 vitiasset
695 819 704 832 ,
725 797 922 834 gravidamque
943 797 1049 827 fecisset
1060 819 1068 832 ,
1090 803 1171 833 atque
1187 796 1224 824 ob
1244 795 1275 824 id

150 832 217 862 fasti
229 843 368 863 vereretur
378 834 520 864 infamium
530 857 537 870 ‚
562 835 681 863 Phaemio
697 844 757 863 eam
771 836 914 871 Smyrnaeo
925 836 1111 869 grammaticae
1125 840 1276 872 praecepto-

148 871 172 899 ri
184 871 210 898 in
224 873 430 901 matrimonium
443 873 529 902 dedit.
568 872 618 901 Illa
628 882 694 902 vcro
714 882 770 901 non
782 873 870 901 multo
884 874 962 910 post,
984 882 1069 909 quum
1090 873 1124 901 ad
1147 872 1253 900 lavacra
1266 892 1275 906 ‚

148 918 211 951 quae
220 919 308 947 prope
319 910 452 940 Meletem
464 910 580 939 fluvium
592 917 684 945 erant,
706 910 925 948 proficisceretur
941 932 949 946 ,
969 910 1125 940 Homerum
1136 911 1214 945 juxta
1226 908 1293 937 flu:

150 955 227 975 vium
238 948 349 985 peperit
360 970 368 982 ,
390 948 425 976 ob
440 948 524 983 idque
538 947 720 985 Melesigenes
733 947 888 985 appellatus
898 948 936 977 est
946 970 954 983 ,
976 949 1022 985 qui
1037 948 1129 985 postea
1140 956 1228 976 caecus
1238 946 1277 974 fa·

151 985 212 1013 cius
225 1007 233 1019 ‚
257 986 368 1015 Homeri
391 995 494 1014 nomen
508 986 626 1022 accepit.
668 985 772 1014 Cumaei
787 995 907 1021 namque
924 987 950 1015 &
966 985 1047 1015 Iones
1069 985 1158 1014 oculis
1179 990 1276 1021 captos

153 1021 291 1052 Homeros
301 1023 444 1061 appellant
460 1044 467 1057 ,
490 1023 566 1060 quod
580 1023 700 1052 homeris
713 1044 721 1058 ,
744 1024 771 1051 id
784 1023 934 1053 estitineris
945 1023 1062 1053 ducibus
1072 1031 1180 1059 egeant.

113 1058 347 1097 cassanum,
368 1061 432 1095 seu,
456 1061 579 1097 utaliqui
593 1083 601 1095 ,
624 1060 864 1089 ΟΒιτΗᾸΜυΜ
878 1083 886 1095 ,
908 1062 926 1090 i.
951 1071 979 1090 n.
1001 1058 1160 1097 [naiman]
1183 1058 1276 1089 Herba

152 1097 191 1125 est
202 1097 329 1127 fruticosa
340 1121 347 1133 ,
370 1100 395 1128 Sc
409 1099 531 1135 undique
543 1098 639 1127 foliosa
650 1120 658 1132 ,
679 1098 767 1127 cubiti
777 1098 955 1128 altitudinem
965 1099 1021 1128 fere
1031 1107 1139 1136 peteris.
1185 1097 1276 1126 Nasci-

153 1141 197 1163 tur
208 1135 236 1163 in
249 1137 394 1165 maritimis
406 1138 431 1166 St
446 1136 560 1174 petrosis
573 1158 581 1170 ,
604 1135 679 1165 foliis
692 1136 857 1173 pinguibus,
880 1136 1032 1165 numerosis
1043 1156 1052 1171 ,
1073 1135 1275 1169 albicantibus,

152 1173 238 1202 veluti
250 1174 414 1211 portulacae,
437 1174 597 1207 latioribus.
619 1173 830 1210 &longioribus
841 1196 849 1210 ,
872 1174 937 1203 salso
948 1173 1034 1211 gustu.
1076 1174 1170 1203 Flores
1181 1172 1280 1202 candi·

152 1211 183 1239 di
204 1211 264 1240 sunt
275 1234 284 1247 ,
307 1214 332 1242 ἃ
352 1212 445 1241 semen
455 1234 463 1247 ,
484 1222 536 1241 ceu
555 1211 723 1240 rorismariiii
733 1233 740 1245 ‚
770 1212 934 1246 odoratum,
964 1210 1050 1240 molle
1064 1232 1072 1245 ,
1103 1211 1256 1239 rotundum
1266 1231 1276 1245 ,

150 1250 228 1285 quod
245 1249 374 1280 liccatum
384 1250 537 1287 rumpitur:
560 1248 729 1278 habetintus
739 1249 823 1278 tritici
834 1251 920 1278 niodo
934 1249 1066 1278 nucleum
1081 1269 1090 1283 ,
1111 1249 1218 1278 radices
1235 1247 1276 1276 di-

152 1287 202 1323 giti
214 1288 389 1317 crassitudine
401 1294 454 1316 tres
464 1293 511 1316 aut
523 1294 639 1324 quatuor
651 1309 660 1321 ,
681 1288 748 1323 grati
763 1287 858 1316 odoris
870 1289 895 1317 δι
907 1286 1035 1322 jucundi.
1073 1286 1141 1316 Haec
1164 1285 1277 1316 Diosco-

153 1325 204 1354 rid.
219 1325 264 1354 lib.
277 1335 302 1355 2.
315 1336 375 1363 cap.
390 1334 450 1354 122.
474 1325 642 1354 Meminit&
653 1324 750 1354 Galeri.
763 1324 811 1354 lib.
823 1325 948 1362 Simplic.
960 1324 1062 1353 medic.

113 1360 161 1391 Ca
171 1373 180 1391 i
190 1372 209 1391 *r
218 1373 237 1392 H
249 1373 265 1392 o
275 1375 290 1392 i..
301 1373 317 1392 0
328 1373 345 1392 o
356 1374 363 1391 i
377 1384 384 1397 ‚
407 1372 497 1392 orum.
520 1372 557 1392 m.
580 1361 619 1400 pl.
641 1364 657 1397 [
667 1363 818 1399 κςθυλόῃει]
852 1363 929 1400 apud
954 1363 1097 1400 Opuntios
1119 1361 1251 1391 dicuntur
1263 1381 1273 1395 ,

148 1401 384 1438 Quicolligendis
396 1400 590 1430 sacrificiorum
606 1400 735 1438 primitiis
749 1401 870 1437 przesedti
890 1407 984 1430 erant:
1007 1400 1042 1429 sic
1059 1400 1127 1428 dicti
1138 1421 1146 1434 ,
1169 1399 1233 1435 quia
1247 1398 1278 1426 in

150 1448 276 1468 veterum
289 1439 424 1468 sacrifieiis
435 1438 571 1476 plurimus
585 1445 644 1467 erat
654 1438 750 1467 hordei
766 1438 829 1468 usus
840 1460 848 1474 ,
869 1439 944 1476 quod
959 1436 1037 1473 κριῖἢι
1060 1437 1148 1467 Graeci
1168 1437 1276 1466 dicunt.

153 1478 254 1505 Auftor
267 1477 365 1506 Caelius
379 1476 498 1514 Rhodig.
513 1476 560 1506 lib.
577 1485 619 1505 12.
635 1486 695 1514 cap.
712 1486 735 1506 1.

113 1513 135 1543 C
146 1524 161 1542 a
172 1523 206 1542 ιτ
218 1523 236 1543 H
248 1524 264 1543 o
276 1525 291 1543 L
300 1524 316 1543 o
326 1525 344 1543 G
355 1525 363 1543 1
374 1525 392 1544 A
402 1536 410 1550 ,
432 1525 462 1544 ae.
484 1514 503 1544 f.
524 1512 709 1550 [κρῆυλογέοι]
731 1513 803 1543 Cura
816 1512 951 1543 hordei&
960 1511 1093 1542 frumenti
1107 1510 1271 1549 colligendi.

152 1551 263 1581 Theod.
277 1552 338 1581 cod.
349 1552 397 1581 lib.
412 1562 453 1588 14.
465 1553 506 1582 tit.
517 1562 561 1587 25.
585 1551 764 1588 Crithologiae
776 1553 801 1580 Sc
812 1551 960 1589 Zygostasii
972 1560 1082 1579 munus.

113 1588 160 1618 CR
171 1600 178 1617 i
188 1598 208 1617 τ
218 1599 237 1618 n
247 1593 263 1619 ὃ
272 1600 291 1618 T
301 1600 315 1619 a
327 1612 335 1624 ,
362 1600 399 1620 es.
419 1591 436 1620 f.
460 1587 586 1627 [Κξιξὴὶτη
600 1589 765 1626 Stephano]
787 1589 859 1618 Urbs
874 1589 912 1618 est
928 1588 1054 1618 Thraciae
1065 1587 1100 1616 ad
1113 1585 1278 1625 Hellespon-

151 1633 221 1662 tum,
235 1628 375 1666 oetoginta
384 1628 476 1658 stadiis
486 1638 501 1657 a
513 1627 612 1657 Cardia
624 1627 733 1662 distans,
748 1627 827 1662 cujus
838 1627 967 1657 meminit
980 1626 1047 1655 Plin.
1061 1626 1108 1654 lib.
1118 1636 1144 1660 4.
1156 1635 1218 1662 cap.
1233 1634 1277 1654 11.

113 1663 226 1694 Cai‘ri
238 1676 280 1695 AS
294 1688 302 1701 ,
322 1677 354 1696 az.
377 1676 414 1696 m.
437 1665 576 1702 [Κριτίας]
597 1663 674 1694 Unus
694 1675 710 1694 e
725 1665 838 1702 triginta
859 1665 1000 1701 tyrannis,
1033 1663 1245 1692 Atheniensibus
1263 1672 1280 1692 a

151 1702 370 1733 Lacedaemoniis
381 1704 524 1742 impositis.
546 1703 631 1739 Cujus
642 1703 817 1732 mentionem
828 1702 893 1732 facit
913 1702 972 1732 Cic.
990 1702 1037 1731 lib.
1051 1711 1076 1730 2.
1090 1701 1126 1730 de
1139 1701 1217 1730 Orat.
1233 1709 1278 1736 ⁹3·

150 1741 322 1778 Consequuti
336 1741 398 1771 sunt
408 1742 458 1771 hos
478 1741 611 1778 (inquit)
632 1740 748 1776 Critias,
770 1740 959 1770 Theramenes
970 1762 978 1775 ‚
1000 1738 1104 1776 Lysias:
1131 1739 1219 1768 multa
1229 1738 1281 1776 Ly-

150 1778 194 1807 siae
206 1779 307 1817 scripta
317 1779 379 1809 sunt
392 1802 400 1815 ,
423 1779 559 1809 nonnulla
571 1778 681 1813 Critiae,
704 1779 740 1807 de
760 1778 938 1807 Theramene
954 1777 1120 1807 audivimus.
1164 1775 1281 1806 Rursum

148 1817 244 1852 idern,
267 1817 314 1847 lib.
330 1827 354 1853 3.
375 1827 433 1854 139.
457 1817 534 1853 Quid
546 1817 667 1846 Critias?
688 1816 755 1853 quid
769 1816 947 1845 Alcibiades?
968 1815 1128 1844 civitatibus
1149 1813 1202 1843 suis
1220 1815 1280 1851 qui-

151 1855 216 1884 dem
234 1865 291 1885 non
303 1855 372 1885 boni
386 1876 394 1885 ‚
417 1856 464 1885 sed
474 1862 549 1885 certe
561 1854 638 1884 docti
648 1860 730 1892 atque
741 1854 916 1891 eloquentes,
937 1863 1033 1882 nonne
1046 1852 1194 1882 Socraticis
1202 1858 1280 1882 erant

147 1892 385 1930 disputationibus
396 1894 500 1923 eruditi
515 1894 528 1922 ‘2

149 1931 213 1961 Fuit
226 1933 252 1961 δι
263 1932 331 1961 alter
341 1932 439 1961 Critias
451 1929 649 1969 philosophus,
670 1929 718 1966 qui
731 1928 803 1960 dixit
815 1929 938 1960 anima-m
951 1928 1006 1959 effe
1021 1927 1194 1966 sanguinem,
1214 1927 1282 1958 sicut

166 1969 286 1999 &multi
297 1970 352 1999 alii.
375 1970 456 1999 Unde
469 1970 538 2006 Virg.
553 1979 578 2004 9.
588 1969 650 1999 AEn.
665 1977 727 2004 349.

143 2041 146 2045 ,
243 2007 410 2046 Purpuream
421 2008 508 2037 vomit
519 2006 565 2036 ille
575 2007 696 2036 animam
707 2027 715 2041 ,
738 2006 791 2035 Sec.

112 2043 296 2080 Csi'riciz,
321 2046 518 2075 Cairious.
558 2044 590 2074 In
610 2053 755 2074 carras.
1134 2075 1138 2082 k

114 2082 164 2112 Ca
174 2092 251 2119 vro,
270 2084 343 2113 onis.
365 2093 403 2113 m.
436 2082 570 2120 [Κρίτων]
602 2081 776 2112 Atheniensis
786 2102 794 2115 ‚
825 2078 946 2109 Socratis
968 2077 1110 2109 familiaris
1121 2101 1130 2114 ,
1152 2087 1236 2116 quem
1252 2078 1280 2109 δε

151 2120 255 2158 opibus
265 2122 354 2158 juvit,
375 2123 400 2151 ὅ(
409 2131 474 2151 cum
484 2130 539 2158 quo
554 2120 638 2157 usque
648 2120 683 2149 ad
694 2127 850 2150 extremum
861 2120 924 2147 vitae
935 2117 972 2146 est
985 2117 1205 2155 philosophatus.
1238 2155 1244 2160 .

154 2159 231 2188 Crito
243 2160 311 2189 item
324 2160 441 2189 Pieriota
462 2160 474 2195 (
486 2159 570 2188 Pieria
580 2165 673 2187 autem
689 2158 753 2187 urbs
767 2156 805 2185 est
823 2156 1019 2191 Macedoniae)
1039 2156 1186 2185 historicus
1205 2155 1278 2191 fuit,

170 2196 329 2235 scripsitque
342 2207 385 2227 res
401 2197 516 2226 Persicas
529 2218 537 2232 ,
559 2195 664 2225 Siculas
677 2217 685 2230 ‚
707 2194 916 2224 Macedonicas.

153 2234 216 2263 Fuit
230 2243 361 2273 praeterca
372 2234 441 2264 alius
451 2256 459 2270 ,
481 2235 586 2264 Naxius
597 2243 698 2270 genere
710 2254 717 2268 ,
740 2232 884 2261 historicus
897 2233 923 2261 Sc
937 2230 1004 2268 ipse.
1034 2231 1135 2259 annor
1151 2230 1259 2260 Suidas.

115 2271 163 2302 Cu
174 2284 181 2301 1
192 2278 310 2302 Τοεῦι
320 2284 338 2302 υ
348 2282 376 2308 s,
397 2273 415 2302 i.
436 2283 473 2302 m.
495 2269 695 2308 [Keis933›x>.&⁴]
717 2270 838 2307 Philippi
850 2269 959 2298 Maced.
978 2269 1004 2297 &
1017 2268 1164 2297 Alexandri
1178 2269 1204 2298 F.
1220 2269 1280 2304 ejus

153 2310 205 2341 fuit
216 2311 346 2340 Medicus
359 2333 367 2345 ,
389 2311 425 2340 de
435 2321 490 2347 quo
514 2310 583 2340 Plin.
595 2309 643 2339 lib.
661 2319 686 2345 7.
699 2318 759 2345 cap.
774 2317 816 2343 37.
839 2307 942 2344 Magna
951 2307 978 2335 δι
988 2306 1135 2335 Critobulo
1146 2306 1218 2335 fama
1231 2306 1279 2342 est,

148 2351 272 2378 extracta
288 2349 406 2387 Philippi
420 2349 490 2386 regis
503 2347 586 2378 oculo
600 2347 696 2385 sagitta
707 2368 715 2382 ‚
737 2349 762 2376 ὅ(
774 2346 840 2375 citra
847 2344 1056 2374 deformitatem
1067 2345 1121 2373 oris
1137 2350 1230 2374 curata
1237 2353 1280 2373 or-

153 2385 238 2416 bitate
253 2387 376 2416 luminis.
400 2386 429 2415 V.
449 2387 524 2416 Curt.
538 2396 563 2420 9.
578 2396 601 2421 5.

113 2423 137 2453 C
146 2434 162 2453 R
173 2435 182 2453 1
193 2434 214 2453 'r
223 2434 239 2453 ο
249 2436 264 2453 ι
273 2429 290 2454 T«
300 2434 317 2453 u
326 2435 338 2454 s
348 2446 357 2459 ‚
379 2425 396 2454 i.
417 2434 456 2454 m.
476 2422 664 2460 [κριτᾰλοιῇ]
685 2420 865 2456 Atheniensis,
876 2420 980 2451 nobilis
997 2420 1205 2458 Peripateticus,
1225 2419 1280 2449 Ro.

153 2472 226 2491 mam
237 2463 270 2491 ab
283 2462 492 2492 Atheniensibus
502 2460 596 2491 missus
604 2460 709 2497 legatus
717 2469 784 2489 cum
800 2459 941 2488 Carneade
953 2481 961 2494 ,
983 2461 1009 2489 δι
1022 2459 1149 2495 Diogene
1164 2459 1260 2488 Stoico
1270 2479 1279 2493 ,

153 2508 184 2529 ut
194 2500 286 2530 scribit
296 2501 353 2530 Cic.
368 2510 392 2530 2.
405 2501 440 2530 de
452 2500 529 2529 Orat.
544 2508 607 2535 155.
628 2496 671 2527 De
697 2497 780 2533 hujus
805 2497 889 2533 libra,
911 2496 989 2527 Idem
1002 2507 1027 2532 5.
1052 2496 1133 2526 Tusc.
1147 2506 1189 2531 51.
1213 2495 1280 2532 Quo

153 2537 218 2568 loco
229 2548 320 2575 quaero
331 2548 414 2575 quam
426 2539 483 2568 vim
497 2537 596 2567 habeat
606 2535 677 2565 libra
687 2535 734 2565 illa
747 2535 878 2569 Critolai,
900 2536 948 2572 qui
959 2545 1045 2572 quum
1056 2535 1085 2563 in
1095 2534 1210 2563 alteram
1222 2534 1281 2562 lari-

153 2586 216 2605 cem
235 2576 321 2606 animi
337 2576 411 2606 bona
431 2577 575 2614 imponat,
596 2575 626 2603 in
638 2573 751 2603 alteram
766 2574 1052 2610 corporis&externa
1064 2594 1072 2607 ,
1093 2578 1202 2601 tantum
1216 2581 1281 2610 pro-

152 2615 278 2651 pendere
288 2614 364 2643 illam
378 2614 445 2643 boni
455 2614 563 2643 laricem
575 2618 672 2650 putet,
696 2619 726 2641 ut
737 2618 837 2641 terram
850 2612 876 2641 ἃ
886 2612 970 2640 maria
982 2611 1127 2648 deprimat.

153 2652 228 2681 Alter
237 2652 373 2682 Critolaus
384 2673 393 2687 ,
415 2652 576 2681 Achaeorum
588 2651 657 2685 dux,
679 2649 800 2686 bellique
810 2649 922 2678 Achaici
932 2649 1095 2681 concitator,
1119 2656 1202 2684 quern
1215 2647 1280 2677 ideo

170 2689 339 2719 Corinthum
347 2690 472 2719 evertisse
483 2690 551 2718 dicit
571 2688 630 2717 Cic.
644 2698 668 2724 3.
679 2688 714 2716 de
726 2687 790 2716 Nat.
803 2686 887 2716 Deor.
900 2696 945 2722 91.
967 2686 1104 2716 Critolaus
1116 2686 1217 2716 evertit
1227 2686 1280 2714 Co.

170 2728 315 2795 ῐίἓῑὴῑιῐη,
337 2728 534 2766 Carthaginem
555 2724 719 2756 Hasdrubal.
758 2724 794 2754 Hi
812 2724 869 2754 duo
884 2724 948 2754 illos
960 2724 1056 2754 oculos
1069 2734 1123 2754 orae
1134 2724 1280 2753 maritimae

171 2775 187 2794 e
213 2766 341 2795 oderunt.

151 2803 290 2833 Critolaus
299 2804 435 2840 Tegeates
449 2823 457 2837 ,
477 2801 643 2832 Reximachi
653 2801 725 2830 filius
739 2822 747 2835 ,
769 2799 815 2838 qui
823 2799 899 2837 apud
911 2800 1021 2830 Graecos
1035 2805 1133 2828 contra
1150 2799 1281 2837 tergemi—

172 2851 226 2871 nos
238 2842 388 2871 Pheneatas
397 2841 496 2869 eadem
507 2840 675 2869 conditione
686 2841 712 2868 St
721 2838 832 2867 fortuna
845 2859 852 2873 ,
872 2847 926 2874 qua
943 2838 1019 2876 apud
1037 2837 1179 2867 Romanos
1193 2838 1281 2867 l-lora-

172 2880 228 2908 tius
242 2901 250 2914 ,
272 2879 433 2908 decertavit.
454 2887 518 2907 narn
532 2878 554 2907 is
563 2887 675 2915 quoque
688 2877 808 2906 sororem
820 2875 975 2911 interfecit,
996 2876 1070 2912 quod
1082 2876 1128 2904 libi
1140 2877 1281 2906 evit‘loria

173 2918 301 2947 redeunti
313 2926 369 2946 non
380 2916 577 2953 gratularetur,
599 2924 684 2952 quum
697 2922 789 2943 tamen
801 2913 887 2943 ceteri
908 2922 1006 2943 omnes
1019 2913 1043 2942 ei
1055 2913 1260 2951 applauderent
1270 2935 1280 2950 ,

174 2955 250 2985 utest
261 2956 357 2985 auctor
366 2955 528 2984 Demaratus
537 2953 613 2991 apud
623 2952 800 2982 Plutarchum
812 2952 841 2981 iri
853 2950 991 2983 Parallelis
1002 2951 1083 2981 Rom.
1097 2953 1123 2981 δι
1137 2952 1223 2982 Graec.

559 3015 589 3050 C
683 3017 714 3051 R
808 3015 843 3050 O

116 3070 139 3100 C
148 3080 163 3099 R
171 3072 190 3099 ὅ
200 3079 214 3097 B
225 3079 234 3097 1
244 3076 264 3096 A
273 3079 289 3096 L
298 3076 316 3096 o
325 3075 356 3101 N,
369 3065 418 3094 i.n.
433 3062 605 3101 [Κςωςιάλον]
617 3063 763 3101 Oppidum
775 3073 833 3092 non
846 3062 929 3101 longe
938 3072 952 3092 a
963 3061 1072 3093 Sesamo
1087 3063 1115 3093 in
1128 3062 1280 3102 Paphlago.

156 3108 201 3136 iiia
213 3128 221 3141 ,
242 3105 318 3142 quod
335 3104 423 3133 abluit
436 3103 597 3132 Parthenius
607 3103 697 3132 amnis
709 3102 803 3131 Dianae
815 3101 915 3138 virgini
927 3102 1079 3132 admodum
1090 3110 1189 3140 gratus.
1221 3102 1280 3132 Hu-

155 3147 198 3181 jus
207 3143 307 3182 oppidi
318 3142 447 3172 meminit
457 3140 622 3178 Apollonius
631 3139 678 3168 lib.
689 3149 715 3169 2.
730 3139 820 3169 Valer.
837 3150 860 3173 ς.
873 3141 972 3177 Argon.
989 3149 1050 3170 102.

312 3180 427 3216 —fugit
438 3188 523 3208 omne
691 3177 811 3206 Crobiali
825 3177 895 3207 latus
911 3199 920 3211 ,
941 3179 992 3207 &a

117 3220 141 3251 C
153 3231 167 3249 1⁷.
177 3223 195 3249 ὃ
204 3229 218 3247 n
227 3227 299 3247 reu
309 3227 322 3246 s
336 3239 344 3249 .
365 3219 383 3246 i.
406 3226 443 3246 m.
466 3214 646 3251 [an‘12’07x&-]
668 3214 799 3244 Comicus
808 3216 880 3250 fuit,
901 3216 1038 3244 referente
1051 3214 1191 3251 Athenaeo,
1203 3215 1280 3254 apud

155 3267 237 3294 quem
247 3256 312 3293 gulo
328 3254 437 3291 insignis
447 3254 481 3283 ad
492 3253 594 3283 cibaria
605 3253 765 3290 praefervida
776 3253 877 3290 digitos
885 3252 932 3281 sibi
943 3253 997 3282 esse
1005 3253 1137 3289 gloriatur
1147 3250 1278 3290 ιδδκλίμεε,

156 3296 233 3324 idest
248 3295 396 3323 humentes
407 3314 416 3328 ,
437 3294 462 3322 δι
476 3291 726 3320 calentibusfrustis
736 3293 774 3320 ita
785 3291 810 3320 se
821 3296 914 3327 guttur
924 3290 1118 3320 succensurum
1133 3313 1141 3325 ‚
1164 3299 1194 3321 ut
1202 3293 1280 3322 vide-

155 3335 177 3363 ri
186 3334 283 3362 fornax
297 3330 394 3368 possit.
415 3340 474 3358 non
485 3330 581 3358 homo.
622 3328 792 3366 [Hegesippi
806 3329 913 3357 Comici
925 3329 954 3357 id
973 3339 1130 3366 cognomen
1142 3329 1220 3359 suiffe
1230 3330 1280 3359 do.

154 3377 201 3400 cet
211 3370 309 3399 Suidas
321 3370 349 3397 in
367 3364 524 3400 Ηφῖωππζῲυ
534 3388 542 3401 ,
563 3373 594 3396 ut
603 3367 651 3396 vix
660 3366 730 3396 alius
746 3367 871 3396 videatur
883 3367 916 3395 ab
930 3366 1060 3395 Atheneo
1071 3367 1203 3404 intelligi:

118 3409 141 3440 C
151 3419 166 3438 R
176 3413 193 3439 6
203 3419 218 3437 iz
228 3418 271 3437 iti.
281 3417 297 3435 u
308 3416 335 3440 S,
355 3406 373 3435 i.
395 3416 432 3434 ni.
456 3403 632 3441 [ngainz&⁴]
653 3407 756 3434 Aureus
773 3404 818 3433 vel
832 3410 978 3440 argenteus
994 3405 1143 3442 corymbus
1155 3427 1164 3440 ,
1185 3415 1220 3434 ex
1237 3415 1281 3435 ca-

155 3447 229 3484 pillis
241 3446 366 3484 pendens
377 3465 385 3478 ,
407 3444 492 3479 idque
503 3443 615 3480 proprie
625 3443 653 3471 in
667 3443 750 3472 viris:
773 3452 837 3471 nam
848 3442 877 3470 in
889 3441 1051 3471 mulieribus
1062 3443 1155 3479 potius
1166 3443 1282 3481 Corym-

155 3485 232 3513 bium
243 3505 251 3518 ,
276 3484 301 3512 &
319 3483 347 3511 in
363 3482 455 3519 pueris
473 3481 620 3518 Scorpium
634 3490 775 3510 vocamus.
817 3480 848 3509 V.
869 3479 949 3518 supra
970 3489 1012 3508 co
1023 3490 1038 3508 iz
1048 3489 1094 3508 ΥΜ
1105 3490 1120 3508 s
1131 3491 1140 3509 1
1150 3490 1208 3510 uu.
1250 3481 1281 3510 V.

155 3524 180 3551 ἃ
195 3522 280 3551 Herir.
297 3520 393 3557 Steph.
409 3518 490 3548 Thes.
508 3518 553 3547 Gr.

117 3561 140 3591 C
150 3571 164 3589 ri
174 3569 191 3626 p
201 3569 284 3625 sirlzi
295 3580 303 3594 ,
326 3557 462 3594 [Κςυζυζοι
482 3555 649 3594 Stephano]
669 3555 768 3594 Populi
789 3555 847 3585 lstri
865 3555 970 3585 accolae
985 3578 993 3592 ‚
1015 3565 1135 3593 quorum
1151 3557 1282 3587 meminit

157 3598 173 3627 P
187 3599 225 3626 in.
252 3597 288 3626 ib.
309 3607 336 3631 ⁴·
353 3604 384 3624 ca
408 3618 413 3624 .
429 3604 469 3623 12.

118 3637 140 3666 C
149 3644 189 3664 Ro
198 3645 214 3663 c
223 3637 239 3663 ἤ
249 3644 288 3662 LE
298 3655 306 3669 ,
326 3643 364 3663 es.
385 3605 405 3663 s,
427 3631 586 3668 [κεσκάλη]
606 3630 706 3661 lsmeni
726 3630 802 3660 fluvii
824 3631 889 3660 filia.
920 3630 1004 3660 Ovid.
1018 3639 1042 3668 3.
1066 3630 1136 3661 Met.
1148 3634 1210 3667 169.
1232 3631 1281 3661 ubi

158 3673 188 3701 V.
211 3672 303 3701 Burm.

119 3711 141 3741 C
151 3721 165 3740 R
176 3719 218 3739 oe
228 3720 246 3738 A
256 3718 347 3742 LL18,
368 3708 399 3737 is.
421 3708 439 3736 f.
464 3707 579 3736 Gemma
592 3728 599 3742 ‚
621 3716 681 3743 quae
692 3705 815 3736 cerasum
825 3728 833 3742 ,
856 3705 900 3735 vel
910 3710 941 3735 ut
948 3705 995 3735 alii
1004 3706 1117 3744 legunt,
1139 3716 1232 3737 ceram
1240 3716 1281 3736 re-

157 3747 315 3787 praesentat,
335 3748 446 3775 auctore
458 3746 525 3774 Plin.
540 3745 587 3773 lib.
601 3754 644 3781 37.
657 3754 719 3783 cap.
738 3754 779 3773 10.

119 3788 340 3818 creemus,
360 3785 410 3813 &e
437 3784 466 3812 V.
489 3792 640 3812 caocus.

119 3826 142 3854 C
151 3835 167 3854 a
177 3826 195 3853 ὀ
205 3833 222 3852 c
230 3833 244 3851 s
254 3832 287 3855 A,
309 3831 340 3850 ae.
362 3822 381 3851 f.
404 3822 543 3857 [agonia]
566 3819 635 3849 Urbs
647 3819 773 3848 Laconiae
784 3828 840 3849 una
848 3828 884 3849 ex
893 3825 1017 3854 centum,
1040 3819 1119 3855 cujus
1131 3819 1231 3849 incolae
1239 3820 1281 3850 di-

155 3867 256 3892 cuntur
268 3860 408 3888 Croceatae
420 3881 428 3892 ‚
451 3864 594 3895 k‘xgomtnu.
619 3857 750 3894 Stephan.

118 3902 163 3930 Cr<
175 3902 192 3930 6
202 3909 236 3928 ci
246 3908 263 3926 A
273 3907 285 3927 s
297 3919 305 3932 ,
327 3906 358 3925 ae.
381 3897 399 3926 f.
422 3897 539 3933 [aaronica
552 3897 567 3931 ]
589 3895 712 3925 Gemmae
728 3894 849 3932 species,
870 3904 886 3925 a
901 3895 978 3925 croci
997 3894 1177 3924 similitudine
1191 3894 1225 3924 sic
1240 3895 1281 3924 di-

120 3941 172 3969 fia.
196 3937 298 3966 Auctor
307 3935 374 4003 Pllin.
387 3934 435 3963 lib.
444 3944 488 3972 37.
500 3944 562 3972 cap.
575 3943 586 3963 1
595 3944 618 3963 1.
640 3933 726 3962 Hard.
749 3932 857 3963 Crocia.

196 3976 213 4003 V
226 3985 243 4003 o
254 3984 280 4004 ι..
332 3994 340 4002 .

1760 111 1764 119 “
1786 108 1815 144 C
1914 111 1945 146 R
2041 111 2078 145 O

2410 123 2478 158 ¹703

1308 194 1540 227 Caeninum,
1563 189 1769 221 CROCINUS.
1810 189 1841 220 V.
1866 190 1894 219 in
1918 200 2082 220 caccum.

1312 233 1333 261 C
1347 236 1456 261 nocio
1469 254 1476 265 ,
1499 230 1627 265 [κεώέω]
1647 232 1696 258 ire.
1725 228 1830 258 Corvus
1843 229 1945 257 dicitur
1957 229 2081 261 crocire,
2102 236 2133 257 ut
2152 229 2190 258 ait
2210 231 2303 260 :tristor
2320 229 2481 261 Philomelae

1352 263 1514 305 interopera
1527 267 1620 295 Ovidii
1635 289 1642 301 ,
1662 273 1742 299 vag.
1767 266 1805 295 Al.
1827 267 1873 295 hic
1885 266 1938 302 leg.
1962 266 2093 295 Crocitat.
2118 267 2147 295 V.
2172 266 2225 302 seq.
2242 270 2308 297 dict.

1312 307 1334 336 C
1345 318 1357 335 R
1370 320 1386 335 U
1397 311 1434 335 Gi
1448 317 1460 334 s
1472 316 1499 339 Ο,
1521 304 1692 339 [χάζομαι]
1713 307 1767 333 (ire.
1790 314 1852 341 pen.
1866 304 1939 339 long.
1955 305 2018 339 quia
2034 303 2268 341 frequentativum
2286 306 2323 334 est
2341 317 2356 335 a
2367 307 2479 343 Crocio‚

1351 345 1439 374 crocis
1452 354 1459 377 3
1473 350 1501 371 ut
1516 342 1652 375 Dormito,
1665 352 1679 370 a
1695 341 2479 381 Dormio,dormisV.Despauterium.Pla.i1t.Aulul.4.3.1.

1435 382 1499 410 Non
1512 386 1615 407 temere
1628 380 1664 407 eli
1677 380 1751 416 quod
1762 388 1861 408 corvus
1871 384 1963 407 cantet
1974 380 2040 408 mihi
2057 389 2133 408 nunc
2144 379 2178 407 ab
2195 378 2261 407 laeva
2275 389 2358 410 manu
2368 403 2376 416 ,

1446 417 1534 447 Simul
1547 417 1660 445 radebat
1673 417 1791 454 pedibus
1805 424 1904 445 terram
1917 438 1925 450 .
1947 418 1973 446 ἃ
1990 426 2058 447 voce
2073 415 2225 447 crocitabat
2238 415 2292 445 sua.

1356 462 1401 485 tus
1413 455 1545 485 Crocibat
1559 454 1634 490 legit.
1679 456 1737 483 Nec
1748 455 1827 483 aliter
1836 454 1958 483 Gronov.

1319 493 1342 523 C
1354 504 1366 522 a
1378 504 1394 521 o
1406 498 1441 522 <21
1452 504 1470 521 ἰ·
1482 502 1519 521 os
1533 513 1540 525 ,
1563 493 1602 521 iis.
1627 502 1664 521 m.
1688 492 1826 530 Propriam
1841 501 1990 522 corvorum
2006 500 2105 521 vocem
2117 497 2222 521 veteres
2244 491 2299 521 esse
2317 491 2482 531 voluerunt,

1358 532 1449 567 inquit
1465 530 1574 560 Nonius
1592 539 1614 558 1.
1629 535 1692 561 218.

1319 568 1365 598 Cr).
1378 579 1394 597 o
1406 577 1542 603 cario,
1565 568 1637 595 onis
1659 567 1676 596 f.
1702 566 1834 603 [κςίξιε]
1855 566 2009 596 Corvorum
2021 567 2099 597 vocis
2115 566 2277 605 appellatio.
2300 567 2400 598 Festus.
2441 569 2484 600 Al.

1356 606 1545 635 Carior-rio
1560 626 1567 638 ‚
1593 604 1647 632 sive
1668 605 1932 634 CizocrrA‘riO.

1319 643 1342 673 C
1352 654 1366 672 a
1377 646 1393 672 ὃ
1404 654 1420 672 c
1431 655 1439 671 1
1450 653 1461 672 s
1475 665 1482 678 ,
1503 642 1569 671 Idis.
1592 643 1610 670 f.
1632 641 1762 678 [nquit]
1786 641 1877 671 Herba
1887 642 1935 676 est,
1949 642 2028 677 cuius
2040 644 2171 672 contadtu
2183 642 2331 681 phalangia
2345 643 2487 674 emoriun-

1357 688 1418 716 tur,
1441 688 1471 709 ut
1479 690 1514 709 ex
1527 679 1687 716 Apollodori
1697 680 1831 708 sententia
1848 680 1933 708 tradit
1946 680 2012 708 Plin.
2029 679 2074 708 lib.
2090 689 2134 716 27.
2149 690 2208 718 cap.
2228 690 2270 716 17.

1320 719 1445 748 esoces
1458 721 1617 750 oinium,
1639 717 1656 745 i.
1679 727 1706 746 ri.
1730 714 1930 753 [κςωεςδάλων]
1954 717 2052 746 Herbae
2068 717 2180 755 species.
2207 718 2274 748 Pliii.
2294 717 2343 747 lib.
2358 727 2402 755 ²7·
2421 728 2485 756 cap.

1358 762 1383 789 8.
1406 754 1590 785 Crocodilion
1602 754 1810 783 chamaeleontis
1823 754 1914 783 herbae
1927 756 2010 791 nigrae
2025 755 2139 792 figuram
2157 755 2239 785 habet
2255 777 2262 790 ,
2285 756 2378 785 radice
2392 756 2487 793 longa,

1359 794 1500 828 aequaliter
1512 791 1613 826 crassa,
1636 793 1732 821 odoris
1744 792 1839 830 asperi.
1864 792 1953 821 Ruell.
1966 792 2014 822 lib.
2027 801 2051 828 3.
2067 803 2127 830 cap.
2147 803 2189 823 10.
2212 794 2281 822 dicit
2293 794 2327 823 ad
2343 794 2414 823 hanc
2427 795 2490 824 hcr-

1358 831 1422 860 bam
1434 831 1562 868 proxime
1573 831 1706 858 accedere
1717 839 1777 858 cam
1787 839 1847 866 quae
1861 830 1972 859 Carlina
1986 831 2105 860 dicitur:
2128 841 2185 861 non
2206 831 2290 861 audet
2310 838 2404 862 tamen
2423 842 2490 862 ean.

1358 869 1425 897 deni
1438 868 1491 897 esse
1502 867 1624 896 asserere.
1647 867 1678 895 V.
1700 868 1806 896 ibidem
1822 866 1911 905 plura.

1317 902 1343 936 'C
1353 916 1367 935 R
1379 911 1394 935 o
1404 917 1420 935 c
1430 910 1447 935 ὁ
1459 917 1475 934 o
1485 910 1496 935 ῑ
1507 906 1547 934 Lo
1558 915 1577 933 N
1588 927 1595 940 ,
1616 905 1671 934 sive
1687 904 1901 934 Crocodilorum
1917 905 2055 943 oppidum
2077 903 2257 942 [κςονωὲάλων
2281 905 2375 942 πέλας]
2397 907 2492 945 Oppi-

1359 945 1427 973 dum
1438 944 1582 973 l’hoenices
1593 943 1628 971 ad
1641 942 1799 971 Carmelum
1811 950 1937 971 montem
1950 965 1957 977 ‚
1979 944 2058 977 cuius
2067 944 2209 972 Strabonis
2218 950 2297 973 aetate
2308 945 2377 974 nihil
2390 953 2489 982 praeter

1358 991 1463 1010 nomen
1475 981 1606 1015 extabat,
1628 980 1725 1018 utipse
1736 980 1903 1009 testaturlib.
1920 985 1961 1010 16.
1981 981 2114 1010 Meminit
2126 982 2151 1010 Sc
2165 981 2233 1010 Plin.
2248 982 2294 1011 lib.
2310 993 2333 1015 ς.
2351 993 2412 1019 cap.
2429 994 2470 1017 ¹9-

1359 1019 1403 1049 Est
1414 1021 1439 1049 δι
1451 1019 1569 1048 alterum
1582 1018 1706 1054 ejusdem
1718 1018 1841 1047 nominis
1853 1018 1991 1056 oppidum
2003 1019 2031 1048 in
2048 1017 2205 1048 Arlinoitica
2219 1020 2381 1056 praefed'tura
2394 1021 2427 1049 ad
2441 1021 2490 1050 Ni.

1378 1057 1437 1086 lum
1447 1057 1581 1087 fluvium:
1604 1057 1641 1085 ita
1652 1057 1768 1091 dictum,
1778 1056 1855 1092 quod
1865 1057 1894 1084 in
1905 1066 1939 1085 eo
1948 1056 2083 1086 crocodili
2096 1066 2145 1094 pro
2154 1057 2206 1085 diis
2216 1056 2385 1089 colerentur.
2409 1058 2490 1090 nane

1380 1095 1477 1124 urbem
1488 1095 1580 1131 postea
1590 1094 1719 1123 Arsinoen
1730 1093 1906 1131 appellarunt
1919 1115 1927 1127 ,
1950 1094 2016 1123 teste
2030 1094 2117 1123 Strab.
2129 1094 2177 1123 lib.
2196 1104 2237 1131 17.

1322 1132 1345 1163 C
1354 1134 1393 1162 Ro
1402 1143 1420 1162 c
1430 1134 1446 1162 ὄ
1457 1136 1516 1161 υἷι.
1527 1141 1565 1161 us
1577 1153 1585 1167 ,
1606 1132 1625 1162 i.
1647 1142 1684 1161 m.
1706 1128 1923 1168 [κροκόὸαλῶ]
1948 1131 2033 1162 Mons
2044 1132 2082 1161 est
2097 1133 2201 1162 Ciliciae
2211 1154 2218 1168 ,
2240 1133 2315 1171 apud
2327 1133 2395 1163 Plin.
2408 1133 2489 1170 libs.

1361 1180 1422 1207 cap.
1438 1179 1483 1206 27.

1323 1209 1345 1238 C
1356 1219 1371 1237 R
1381 1210 1398 1238 ὅ
1409 1217 1426 1237 c
1438 1210 1454 1237 ὅ
1463 1218 1480 1236 r>
1490 1211 1526 1236 ῑι,
1535 1217 1553 1236 υ
1562 1216 1574 1236 s
1586 1228 1595 1242 ‚
1615 1206 1634 1236 i.
1656 1215 1692 1235 m.
1715 1204 1930 1242 [κξοκέἓᾱλῶν]
1952 1206 2061 1237 Animal
2073 1207 2240 1245 quadrupes,
2262 1208 2425 1239 hominibus
2437 1216 2492 1240 ter..

1360 1257 1389 1276 ra
1403 1246 1503 1283 pariter
1511 1252 1593 1282 atque
1605 1245 1682 1281 aquis
1695 1244 1834 1274 infestum.
1877 1245 1974 1274 Dictus
1985 1245 2145 1274 crocodilus
2156 1267 2164 1280 ,
2186 1243 2232 1273 >203
2248 1242 2271 1273 {F
2281 1248 2356 1282 κςόκε
2374 1250 2396 1284 ,ς
2412 1245 2492 1285 ciust,

1360 1285 1389 1313 id
1400 1285 1437 1313 est
1447 1293 1462 1313 a
1472 1292 1555 1313 croco
1572 1282 1708 1312 &timido
1721 1304 1729 1317 ,
1752 1290 1782 1311 ut
1797 1282 1927 1312 nonnulli
1938 1281 2053 1319 volunt,
2075 1283 2152 1319 quod
2171 1293 2284 1313 crocum
2297 1294 2328 1313 ac
2347 1286 2406 1321 ejus
2423 1287 2495 1315 odo.

1361 1332 1423 1388 reug
1433 1321 1573 1389 ngrumIJin
1585 1321 1701 1350 modum
1712 1321 1807 1350 timeat
1817 1329 1850 1350 ac
1860 1320 1986 1358 refugiat.
2010 1321 2041 1351 V.
2063 1321 2131 1351 Plin.
2141 1321 2188 1351 lib.
2202 1326 2229 1355 8.
2255 1331 2315 1359 cap.
2330 1332 2376 1359 ας.
2398 1325 2424 1353 ἃ
2434 1324 2496 1355 Cic.

1371 1370 1393 1389 1.
1427 1369 1442 1389 e
1479 1366 1514 1388 at.
1553 1368 1609 1387 eor.
1625 1363 1670 1394 83.

1365 1397 1450 1427 Color
1461 1397 1570 1426 fucatus
1582 1397 1699 1425 stercore
1709 1395 1856 1426 crocodili.
1878 1396 1946 1426 Hor.
1960 1396 2048 1435 Epod.
2065 1405 2108 1426 η.
2125 1406 2168 1426 11.

1327 1435 1349 1466 C
1358 1446 1374 1465 a
1383 1446 1400 1465 o
1409 1445 1451 1479 c'o
1461 1445 1478 1464 o
1487 1439 1500 1464 ῑ
1508 1445 1525 1463 1.
1534 1437 1545 1463 ῑ
1555 1443 1575 1463 N
1585 1443 1603 1463 u
1611 1443 1623 1464 s
1633 1456 1641 1470 ,
1663 1444 1677 1463 a
1686 1456 1694 1470 ‚
1717 1444 1773 1464 um.
1795 1431 2026 1471 [appadano]
2056 1434 2119 1471 Adj.
2151 1434 2239 1472 Quod
2255 1435 2291 1465 ad
2314 1434 2496 1468 Crocodilum

1387 1479 1497 1502 ertinet.

1363 1483 1565 1548 fimbiguitates
1574 1509 1753 1540 crocodilinae
1764 1532 1773 1545 ,
1795 1509 1915 1547 Quintil.
1927 1510 1976 1540 lib.
1991 1520 2013 1540 r.
2031 1520 2093 1549 cap.
2109 1520 2152 1540 ιο.
2174 1511 2342 1549 Argumenta
2358 1511 2420 1542 sunt
2435 1523 2497 1550 per.

1383 1550 1467 1588 plexa
1479 1548 1671 1586 &sophistica
1712 1548 1743 1577 V.
1767 1548 1933 1578 Politianum
1949 1548 2193 1578 Miscellaneorum
2210 1559 2270 1587 cap.
2289 1560 2331 1585 ςς.
2372 1550 2496 1581 Ducum

1385 1588 1424 1616 est
1433 1596 1537 1616 nornen
1549 1595 1584 1615 ex
1598 1585 1691 1614 fabula
1709 1585 1892 1623 AEgyptiaca,
1914 1596 1974 1623 quae
1994 1588 2033 1616 est
2050 1587 2224 1623 huiusmodi:
2248 1587 2351 1617 Mulier
2370 1590 2499 1624 quaedam

1387 1634 1452 1654 cum
1465 1625 1524 1653 filio
1535 1623 1688 1653 secundum
1699 1623 1823 1654 fluminis
1834 1625 1906 1662 ripas
1917 1624 2095 1662 ambulabat3
2108 1626 2132 1654 ei
2143 1625 2302 1654 crocodilus
2310 1624 2398 1655 filium
2409 1627 2498 1656 abstu-

1386 1663 1418 1692 lit
1435 1684 1443 1698 ,
1464 1662 1636 1692 redditurum
1651 1661 1676 1690 se
1688 1662 1785 1691 dicens
1797 1683 1806 1698 ,
1827 1661 1845 1690 ii
1856 1672 1953 1692 verum
1973 1663 2073 1692 mulier
2094 1662 2292 1700 responderet:
2317 1665 2430 1700 negavit
2449 1665 2498 1694 illa

1386 1701 1446 1775 {tire
1460 1699 1691 1766 utlredderetur:
1713 1705 1796 1736 atque
1815 1700 1851 1729 ob
1868 1700 1898 1729 id
1916 1710 2028 1738 aequum
2051 1700 2145 1731 aiebat
2162 1701 2253 1731 reddi.
2295 1700 2324 1731 V.
2347 1702 2440 1732 Burni.
2462 1702 2500 1733 ad

1420 1746 1490 1768 uinti
1506 1760 1512 1767 .
1542 1760 1548 1766 .
1562 1747 1587 1767 c.

1329 1776 1642 1810 Cssoconrtrrim
1662 1785 1694 1804 re.
1714 1784 1751 1804 m.
1773 1772 1996 1812 [κςωιςὸειλίτης]
2023 1775 2063 1806 Al.
2085 1776 2376 1807 Cnoconrmrrs
2391 1800 2399 1813 ,
2419 1778 2496 1814 [xpo-

1367 1811 1516 1848 Ὁδωλιτὶς]
1536 1813 1615 1843 Idem
1626 1813 1758 1842 nimirum
1771 1823 1857 1850 genus
1870 1813 2052 1850 sophismatos
2067 1824 2165 1851 parum
2177 1814 2362 1852 explicabilis.
2397 1816 2498 1845 Auno:
2536 1848 2539 1853 ³

1369 1853 1529 1890 Doxopater
1540 1850 1695 1889 Aphthonii
1706 1859 1847 1880 enarrator
1857 1851 1969 1881 Graecus
1980 1852 2054 1890 apud
2070 1851 2147 1881 Polit.
2167 1853 2273 1882 Miscell
2294 1863 2354 1890 cap.
2373 1863 2415 1888 ςς.

1329 1890 1352 1920 C
1361 1900 1376 1919 R
1387 1900 1428 1920 oc
1439 1901 1456 1919 o
1465 1900 1482 1918 D
1491 1900 1501 1918 1
1511 1900 1527 1917 r.
1536 1898 1551 1918 Β
1560 1899 1596 1924 A,
1617 1898 1648 1917 ae.
1671 1888 1689 1917 f.
1712 1887 1919 1925 [κρουδῆλεὶι]
1945 1890 2053 1919 Animal
2070 1890 2156 1919 simile
2169 1891 2321 1921 crocodilo.
2362 1890 2428 1919 Plin.
2443 1890 2494 1921 lib.

1368 1934 1413 1962 28.
1425 1938 1485 1965 cap.
1499 1930 1525 1958 8.
1546 1927 1583 1956 de
1601 1926 1752 1955 Crocodilo
1766 1926 1902 1964 loquens3
1927 1927 2000 1957 Alter
2020 1928 2060 1957 illi
2077 1927 2188 1963 similis,
2210 1929 2330 1958 multum
2348 1929 2421 1958 infra
2441 1939 2499 1958 ma-

1366 1967 1546 2004 gnitudinem
1555 1986 1563 1999 ,
1584 1965 1613 1993 in
1624 1972 1694 1993 terra
1705 1970 1813 1994 tantum
1823 1987 1831 2000 ,
1853 1965 2102 2002 odoratissimisque
2111 1966 2225 1995 floribus
2235 1967 2312 1995 vivit.
2354 1966 2399 1995 Ob
2415 1966 2443 1995 id
2454 1968 2497 1995 in-

1369 2004 1469 2033 testina
1479 2004 1539 2039 ejus
1556 2002 1707 2038 diligenter
1721 2003 1905 2040 exquiruntur
1923 2004 2049 2039 jucundo
2069 2005 2167 2033 nidore
2189 2004 2287 2033 farciat
2309 2004 2499 2034 crocodileam

1366 2048 1468 2071 vocarit
1477 2063 1486 2075 ,
1507 2040 1654 2070 oculorum
1663 2040 1736 2069 vitiis
1745 2040 1925 2071 utilissimam.
1964 2043 1981 2078 [
1992 2042 2034 2071 Est
2042 2051 2107 2080 ergo
2118 2042 2147 2071 id
2157 2051 2262 2071 nomen
2273 2042 2421 2078 Stercoris,
2439 2052 2500 2072 non

1370 2079 1502 2109 Animalis
1512 2079 1603 2117 ipsius.
1645 2077 1675 2107 V.
1699 2077 1784 2108 Hard.
1799 2079 1827 2107 iri
1841 2078 1895 2108 loc.

1330 2117 1379 2148 CR
1389 2128 1405 2147 o
1414 2128 1432 2147 c
1442 2128 1460 2147 o
1471 2128 1490 2146 m
1502 2127 1520 2145 A
1530 2126 1548 2145 G
1558 2127 1577 2144 M
1590 2125 1608 2144 A
1618 2137 1626 2150 ,
1648 2116 1708 2144 atis.
1734 2125 1762 2145 n.
1783 2115 2006 2152 [κρούμγκφ]
2026 2116 2209 2154 Unguentum
2228 2126 2283 2155 quo
2301 2117 2403 2147 Cilices
2420 2124 2501 2148 utun-

1370 2163 1433 2185 tur:
1456 2155 1485 2184 id
1496 2155 1533 2184 ita
1546 2153 1647 2188 fiebat,
1669 2153 1812 2183 Terebant
1825 2163 1957 2192 erocum,
1979 2157 2005 2184 &
2024 2155 2091 2183 vino
2110 2155 2252 2193 praecipue
2271 2154 2346 2184 dulci
2365 2155 2502 2185 misceba-

1367 2199 1421 2222 tur.
1463 2191 1592 2222 Plin.lib.
1605 2200 1650 2220 21.
1669 2201 1730 2227 cap.
1740 2201 1784 2220 20.
1807 2192 2007 2230 Crocomagma
2016 2192 2203 2230 vertipotest‚
2227 2192 2340 2222 Crocini
2360 2193 2416 2223 olei
2435 2194 2499 2224 faex.

1368 2230 1434 2260 Cael.
1453 2230 1574 2267 Rhodig.
1594 2228 1643 2258 lib.
1660 2239 1685 2265 9.
1699 2238 1759 2266 cap.
1772 2239 1799 2262 4.
2512 2257 2513 2260 ,

1330 2267 1354 2298 C
1365 2279 1380 2297 a
1393 2271 1410 2298 ὅ
1420 2279 1437 2297 c
1448 2272 1521 2298 ὂτΑ
1531 2289 1539 2303 ,
1561 2276 1592 2296 ae.
1614 2267 1632 2296 f.
1656 2265 1807 2302 [κροκωπὶ]
1828 2265 1914 2296 Vestis
1926 2266 2069 2297 muliebris
2080 2267 2218 2298 esterocei
2230 2268 2341 2299 coloris.
2381 2269 2440 2299 Cic.
2463 2269 2509 2300 de'

1368 2306 1462 2345 Arusp.
1475 2305 1554 2342 Resp.
1566 2315 1613 2340 44.
1636 2304 1662 2333 P.
1676 2304 1791 2334 Clodius
1811 2314 1826 2333 a
1838 2312 1949 2334 crocota
1963 2327 1971 2339 ,
1992 2315 2007 2334 a
2026 2306 2108 2335 mitra
2123 2328 2132 2341 ,
2160 2315 2176 2335 a
2199 2307 2382 2336 muliebribus
2398 2307 2498 2344 soleis,

1369 2343 1568 2382 purpureisque
1577 2342 1695 2371 fasciolis
1705 2363 1713 2377 ‚
1733 2352 1748 2371 a
1759 2342 1880 2379 strophio
1891 2364 1900 2378 ,
1921 2341 2071 2380 apsaltrio,
2093 2353 2108 2373 a
2122 2344 2228 2381 flagitio
2241 2366 2249 2379 ,
2272 2354 2287 2374 a
2300 2345 2392 2382 stupro
2409 2346 2447 2374 est
2461 2346 2500 2375 fa.

1367 2384 1429 2412 clus
1440 2387 1556 2419 repente
1566 2380 1718 2418 popularis.
1753 2380 1787 2409 Et
1799 2380 1877 2418 Apul.
1897 2389 1940 2410 Η.
1957 2381 2025 2410 Met.
2038 2391 2064 2418 p.
2079 2385 2143 2411 261.
2170 2382 2231 2410 Vidi
2251 2383 2278 2412 &
2296 2383 2401 2412 simiam
2421 2384 2498 2420 pileo

1368 2419 1481 2455 textili,
1503 2417 1675 2485 clrocotisque
1692 2417 1815 2456 Phrygiis
1828 2439 1837 2454 ,
1859 2418 1984 2448 catamiti
2001 2419 2115 2457 pastoris
2133 2419 2242 2458 specie,
2262 2429 2379 2450 aureum
2394 2421 2500 2460 gestan.

1369 2465 1427 2487 tem
1463 2467 1515 2487 ocu
1530 2466 1586 2485 um.

1371 2468 1495 2563 Qusltglae
1506 2500 1641 2524 crocoton
1650 2493 1754 2523 addere
1765 2514 1774 2529 ,
1796 2493 1836 2523 est
1851 2493 1997 2525 Honorem
2016 2495 2142 2525 conferre
2158 2495 2289 2534 indignis.
2323 2496 2355 2527 V.
2376 2496 2499 2528 Chiliad.

1411 2543 1425 2562 e
1439 2544 1447 2562 1
1459 2540 1610 2562 crocotam.

1332 2570 1405 2601 Ceo
1415 2581 1432 2600 e
1442 2573 1512 2600 οτῠ
1522 2581 1536 2598 r.
1547 2580 1566 2598 A
1577 2591 1584 2604 ,
1605 2579 1636 2599 ae.
1658 2568 1677 2599 f.
1699 2567 1868 2605 [κξοκῶπον]
1889 2570 1989 2601 dimin.
2011 2570 2098 2601 Plaut.
2111 2571 2192 2609 Epid.
2205 2580 2231 2601 2.
2245 2581 2272 2602 2.
2291 2580 2336 2609 47.

1463 2608 1648 2642 Indusiatam,
1669 2607 1850 2645 patagiatam,
1872 2608 2021 2645 caltulam,
2042 2615 2090 2639 aut
2100 2609 2282 2639 crocotulam.

1334 2647 1357 2677 C
1367 2657 1383 2676 a
1392 2657 1409 2676 ο
1420 2656 1462 2676 co
1472 2656 1492 2675 T
1501 2656 1519 2675 u
1529 2649 1570 2674 ιᾸ
1580 2655 1614 2674 ai
1626 2655 1665 2675 us
1676 2666 1684 2680 ,
1706 2645 1724 2674 i.
1747 2654 1785 2674 m.
1813 2646 1988 2682 [κςοκωπὺε]
2019 2647 2202 2676 Crocotarum
2225 2649 2341 2677 vestium
2370 2648 2498 2680 infector.

1372 2683 1561 2729 Plane-Aulul.
1576 2692 1600 2720 3.
1614 2693 1694 2720 947.
1715 2682 1812 2719 Quum
1823 2684 2124 2715 inceduntinfettores
2143 2686 2330 2716 crocotularii.
2369 2687 2409 2716 Al.
2433 2688 2501 2716 Cro.

1373 2730 1480 2753 cotarii.

1335 2761 1598 2793 Caeco-ritus,
1619 2767 1634 2788 a
1647 2780 1654 2793 ‚
1675 2767 1732 2788 um.
1761 2758 1823 2794 Adj.
1851 2757 1963 2789 Veteres
1989 2760 2077 2790 Valde
2099 2761 2173 2792 exile
2191 2761 2333 2791 dicebant.
2364 2761 2450 2792 Plaut.
2474 2773 2499 2794 r.

1373 2799 1393 2828 F
1395 2809 1479 2835 ragin.
1497 2808 1538 2834 14.
1561 2797 1682 2827 Extortis
1693 2796 1755 2826 talis
1767 2806 1832 2827 cum
1840 2798 1980 2828 crocotilis
1993 2796 2136 2829 crusculis.
2160 2798 2261 2830 Festus.
2298 2800 2354 2829 Sed
2366 2800 2450 2830 dubia
2461 2801 2500 2831 le.

1373 2838 1429 2866 etio
1441 2836 1487 2866 est.
1531 2835 1561 2865 V.
1584 2835 1678 2864 Dacer.

1337 2875 1359 2905 C
1369 2884 1383 2903 R
1394 2885 1410 2903 0
1422 2884 1439 2903 c
1448 2885 1464 2903 ο
1475 2883 1495 2902 ·r
1505 2884 1514 2902 1
1525 2883 1545 2902 N
1554 2883 1572 2902 u
1582 2883 1603 2901 M
1615 2894 1622 2908 ,
1643 2874 1661 2902 i.
1684 2882 1712 2902 n.
1731 2872 1826 2902 Genus
1836 2874 1929 2917 operis
1941 2873 2055 2911 pistorii.
2076 2873 2175 2905 Festus.

1336 2913 1358 2943 C
1369 2923 1384 2941 n
1393 2923 1409 2941 o
1420 2922 1437 2941 c
1446 2916 1463 2941 ὖ
1472 2922 1490 2940 r
1500 2921 1518 2940 υ
1527 2921 1539 2940 s
1559 2912 1680 2948 Campus
1689 2932 1697 2946 ‚
1719 2911 1734 2946 [
1747 2910 1860 2943 Κροκωῖἒν
1881 2909 1979 2946 masor]
2000 2912 2121 2950 Campus
2130 2913 2169 2942 est
2180 2913 2259 2947 juxta
2273 2911 2452 2950 Thessaliam,
2463 2914 2499 2944 ad

1375 2949 1558 2987 Amphrysum
1568 2949 1696 2978 fluvium.
1718 2948 1850 2986 stephan.
1863 2949 1891 2978 in
1911 2949 2036 2979 distione
2052 2951 2186 2983 λπμιίσςων,

1337 2988 1360 3019 C
1371 2999 1387 3017 Β
1396 2999 1413 3017 o
1423 2998 1440 3016 c
1452 2998 1469 3016 u
1479 2999 1493 3016 ιτ
1502 2997 1521 3016 A
1531 2996 1551 3016 N
1560 2996 1580 3015 T
1591 2997 1600 3015 1
1610 2996 1630 3015 A
1642 3007 1651 3022 ,
1674 2996 1763 3016 orum.
1785 2996 1812 3016 n.
1833 2988 2040 3024 [κροκυφάνποι]
2062 2988 2233 3018 Ornamenta
2243 2987 2338 3019 villosa
2353 2988 2431 3024 sunt,
2457 2990 2500 3020 in.

1375 3027 1435 3063 quit
1445 3026 1621 3055 Hotomanus
1631 3045 1640 3059 ,
1660 3034 1719 3061 quae
1731 3023 1779 3053 sub
1790 3025 1914 3055 reticulis
1923 3033 2055 3055 contexta
2065 3047 2074 3061 ,
2095 3036 2145 3064 per
2160 3036 2256 3056 eorum
2273 3026 2397 3064 plagulas
2414 3038 2500 3066 appa.

1374 3071 1444 3093 rent.
1485 3063 1635 3093 Turnebus
1647 3061 1756 3092 Advets.
1771 3068 1812 3096 18.
1822 3072 1867 3098 23.
1890 3064 2085 3099 Crocufanda,
2106 3065 2216 3101 inquit,
2239 3065 2410 3095 Ornamenta
2422 3067 2499 3103 cipi.

1375 3103 1411 3131 tis
1424 3102 1486 3131 sunt
1497 3123 1506 3137 ,
1528 3103 1554 3131 Sc
1564 3100 1731 3130 redimicula
1743 3121 1751 3135 ‚
1773 3110 1832 3137 quae
1847 3106 1904 3130 tota
1916 3111 1931 3130 e
1942 3100 2114 3139 subtegmine
2126 3101 2181 3132 sine
2189 3101 2246 3132 ullo
2259 3103 2373 3132 stamine
2383 3113 2501 3134 contex-

1374 3146 1402 3169 ta
1414 3139 1476 3169 sunt
1487 3161 1495 3174 ,
1517 3139 1593 3168 unde
1603 3140 1628 3168 ἃ
1642 3138 1859 3176 appellationem
1869 3139 1930 3168 sunt
1940 3140 2051 3177 adepta.
2073 3139 2227 3176 κςοκύφεωῗςν
2246 3141 2322 3170 enim
2334 3140 2501 3171 Grammati-

1375 3177 1400 3207 ci
1413 3178 1501 3207 Graeci
1513 3183 1679 3214 exponunt,
1702 3176 1776 3212 quod
1796 3174 1849 3212 244²ss
1865 3178 1946 3210 κρόκης
1967 3176 2108 3213 hoodie-ms,
2136 3179 2161 3208 &
2179 3177 2214 3207 ab
2236 3179 2330 3207 Atticis
2348 3181 2500 3216 κεκρύφαλον

1374 3216 1499 3245 scribunt
1509 3215 1610 3244 vocari.
1633 3214 1674 3243 De
1688 3214 1731 3243 his
1745 3213 1854 3251 Ulpian.
1867 3215 1895 3243 in
1908 3215 1925 3244 1.
1937 3224 1982 3250 ας.
1996 3216 2018 3252 §.
2032 3226 2057 3250 4.
2071 3215 2102 3244 D.
2114 3216 2151 3245 de
2162 3225 2217 3246 aur.
2232 3217 2258 3246 δι
2268 3226 2323 3253 arg.
2334 3215 2386 3254 leg.
2410 3217 2500 3248 Orna-

1375 3260 1534 3283 mentorum
1551 3253 1631 3287 haec,
1660 3252 1753 3289 inquit
1766 3273 1775 3286 ,
1807 3253 1899 3285 vittae.
1921 3253 2026 3282 mitrae,
2055 3252 2228 3288 semimitrae,
2249 3254 2381 3290 reticula,
2403 3262 2502 3285 crocu.

1376 3292 1462 3321 santia
1472 3312 1481 3326 ,
1495 3293 1546 3320 ἃς.
1587 3289 1707 3319 Alciatus
1720 3296 1813 3318 autem
1825 3292 1851 3319 δι
1866 3290 1911 3320 alii
1923 3291 2022 3320 eruditi
2030 3291 2159 3321 homines
2171 3292 2224 3320 alio
2234 3292 2369 3321 vocabulo
2383 3295 2502 3330 conqui-

1375 3330 1463 3359 rendo
1475 3327 1638 3358 mirabiliter
1651 3333 1827 3357 exercentur.

1338 3369 1361 3399 C
1371 3377 1387 3397 a
1397 3370 1413 3397 ὅ
1423 3375 1467 3396 cu
1477 3377 1498 3395 M
1510 3388 1518 3401 ,
1539 3367 1558 3395 i.
1581 3376 1608 3395 n.
1631 3365 1676 3395 vel
1695 3366 1716 3394 C
1726 3375 1740 3393 a
1749 3367 1766 3394 ὁ
1775 3374 1793 3394 c
1803 3375 1859 3401 us,
1880 3366 1898 3395 i.
1920 3376 1957 3396 m.
1978 3367 2092 3403 [xqo'toem
2110 3365 2227 3401 κρᾶκῶ]
2249 3366 2316 3396 Plin.
2328 3367 2425 3398 lib.21.
2435 3379 2498 3407 cap.

1377 3415 1403 3442 7.
1425 3403 1484 3434 Hos
1498 3411 1573 3433 certe
1594 3404 1674 3433 flores
1693 3403 1830 3432 Homerus
1846 3410 1900 3433 tres
1922 3405 2031 3439 laudat,
2053 3404 2148 3438 loton,
2169 3414 2290 3439 crocon,
2312 3405 2498 3443 hyacinthon.

1376 3444 1455 3474 Idem
1469 3451 1530 3479 cap.
1543 3447 1569 3471 6.
1591 3442 1710 3471 Crocum
1725 3440 1842 3470 silvestre
1853 3443 1991 3480 optimum
2003 3464 2010 3477 ,
2032 3441 2118 3471 serere
2133 3443 2161 3470 in
2181 3442 2257 3472 ltalia
2279 3444 2397 3473 mininie
2415 3455 2499 3482 expe.

1377 3483 1439 3516 dit,
1460 3480 1495 3508 ad
1507 3479 1725 3517 scrupulausque
1742 3479 1922 3515 singulaareis
1935 3480 2166 3517 decoquentibus.
2206 3481 2308 3509 Seritur
2326 3482 2424 3511 radicis
2440 3483 2500 3512 bul-

1377 3519 1431 3548 bo:
1454 3517 1568 3546 sativum
1582 3517 1663 3546 latius
1676 3538 1683 3551 ,
1705 3517 1848 3553 majusque
1858 3520 1883 3548 δι
1894 3516 2011 3547 nitidius
2022 3540 2030 3553 ,
2052 3517 2097 3546 sed
2109 3517 2198 3547 multo
2209 3517 2295 3547 levius
2307 3519 2478 3556 degenerans
2488 3542 2498 3555 ,

1377 3557 1426 3586 sed
1437 3565 1489 3585 nec
1498 3555 1602 3592 ubique
1613 3556 1768 3584 fecundum
1776 3576 1784 3589 ‚
1806 3555 1889 3584 etiam
1903 3557 2025 3592 Cyrenis,
2047 3555 2093 3584 ubi
2105 3555 2210 3593 semper
2221 3556 2302 3585 flores
2310 3556 2497 3588 iaudatilihui.

1376 3595 1464 3624 Plaut.
1476 3593 1557 3622 Curc.
1572 3603 1593 3621 1.
1607 3603 1632 3621 2.
1650 3603 1675 3628 7.
1710 3592 1754 3621 Tu
1763 3601 1878 3622 crocum
1891 3593 1991 3622 &casia
2005 3603 2043 3622 es.
2084 3592 2119 3623 al.
2141 3594 2303 3624 Crocinurit.

1378 3631 1478 3662 Colore
1490 3631 1563 3660 croci
1575 3632 1745 3659 contactum.
1771 3630 1880 3660 Lucret.
1898 3631 1945 3661 lib.
1958 3632 1984 3660 6.
1998 3633 2080 3666 1186.

1379 3670 1451 3698 Cilix
1459 3678 1566 3698 crocus,
1591 3668 1695 3697 Lucret.
1712 3667 1760 3697 lib.
1771 3677 1796 3697 2.
1807 3672 1872 3703 416.

1378 3708 1523 3744 Corycius.
1547 3706 1612 3734 Hor.
1627 3716 1651 3734 2.
1664 3706 1750 3734 Serm.
1764 3716 1790 3740 4.
1804 3710 1849 3739 68.

1377 3745 1519 3781 Liquidus.
1541 3744 1625 3773 Ovid.
1642 3753 1663 3771 1.
1676 3744 1710 3771 de
1721 3745 1781 3772 Arte
1791 3744 1848 3773 Am.
1864 3752 1925 3779 104.

1377 3783 1493 3812 Falleris.
1516 3782 1582 3810 Stat.
1598 3785 1623 3810 6.
1637 3780 1727 3809 Theb.
1743 3790 1808 3810 210.

1377 3820 1524 3849 Puniceus.
1547 3819 1629 3848 Ovid.
1644 3830 1668 3853 5.
1684 3818 1750 3847 fast.
1765 3824 1826 3853 318.

1377 3857 1500 3887 Rubens.
1523 3856 1595 3894 Virg.
1607 3868 1634 3892 4.
1648 3856 1747 3893 Georg.
1764 3861 1826 3889 18²-

1377 3896 1479 3925 Ruber.
1503 3895 1587 3924 Ovid.
1605 3905 1630 3923 2.
1647 3895 1773 3922 Amono.
1785 3903 1831 3923 22.

1374 3933 1512 3963 Sicanios.
1533 3933 1601 3962 Stat.
1613 3941 1638 3961 2.
1652 3931 1715 3962 Silv.
1731 3942 1756 3966 4.
1772 3935 1816 3968 36.
1839 3962 1842 3966 ,

2387 419 2482 450 Perot-

1880 3969 1905 3999 Y
1914 3979 1931 4007 y·
1941 3979 1958 4007 y
1969 3978 1987 4007 y
2006 3977 2024 4000 α
2380 3967 2500 4006 Spirans.
