2600 4177
466 207 489 240 A
586 207 606 242 S
705 209 733 242 C

34 289 74 318 As
84 297 100 316 c
112 298 143 316 ia
155 297 172 316 u
183 297 196 315 s
208 297 225 315 c
235 297 244 315 i
255 297 273 315 u
284 298 304 315 M
320 308 327 321 ,
349 286 497 316 irrora-maen
508 309 516 321 ,
533 287 604 316 Urbs
619 288 781 319 Germaniae.
821 290 910 325 vniao
926 293 1045 319 Enim-isli.
1084 291 1122 321 Al.
1140 290 1186 320 Vi-

20 338 21 343 ,
72 336 118 354 ςμς
134 325 227 360 Ashurg
240 325 313 357 juxta
323 332 414 353 vetera
426 325 508 353 castra
519 326 554 354 ad
566 325 655 355 Rheni
668 327 755 364 ripam
765 329 793 357 in
803 328 901 367 Belgis.
935 331 1022 367 Vulgo
1039 330 1068 358 id
1083 339 1188 358 nomen

72 363 199 391 tribuitur
210 363 268 391 Arci
279 362 436 391 Frzineoniae
448 363 648 399 Aschaffenburg.

38 402 77 431 As
89 410 122 429 ci
133 410 144 428 s
155 410 171 428 c
181 410 198 427 ο
209 421 216 432 ,
231 400 268 427 ivi
281 422 288 433 ,
304 401 375 428 itum
387 422 394 430 .
417 398 585 435 Γὲπὶνμια,
598 398 758 436 «ωεοπῖυμσα
768 425 776 436 ,
796 403 997 439 fflnaenipm]
1012 406 1065 433 Ere,
1086 404 1124 432 est
1137 403 1189 432 Re-

73 445 177 467 motum
190 437 303 473 aliquid,
316 437 387 469 quasi
399 437 463 466 scite
474 444 603 467 vocatum
613 448 723 476 capere.
739 439 797 469 Cic.
814 450 836 470 i.
850 442 877 470 iii
887 441 962 470 Orat.
974 452 1017 473 ις.
1034 442 1127 478 ltaque
1138 441 1189 470 Ca-

73 477 120 509 ria,
135 476 161 504 ‹S'c
174 475 300 511 Phrygia,
321 476 345 504 ἃ
356 474 455 511 Myiia,
471 475 546 511 quod
557 476 672 504 minime
685 476 778 513 politae
786 479 957 515 minimeque
967 479 1106 516 elegantes
1116 478 1186 511 sunt,

74 512 224 542 asciverunt
233 518 328 548 aptum
339 512 391 540 suis
403 512 513 541 auribus
523 513 661 550 optimum
673 515 812 551 quoddam
821 538 829 551 ,
851 518 1016 554 &tanquam
1028 516 1137 554 adipale
1149 516 1190 544 di-

75 550 172 579 ctionis
181 558 275 587 genus.
318 549 383 578 Haec
394 549 468 578 Valla
478 549 525 579 lib.
541 561 564 586 5.

75 587 163 617 Festus
173 608 180 621 ,
203 585 334 615 Asciscere
345 609 352 620 ,
374 587 525 622 adiungere
536 610 543 623 ,
559 590 585 618 ἃ
599 587 740 618 assumere.

75 624 176 659 Ascivi,
198 625 374 662 praeteritum.
401 622 471 660 Virg.
488 634 528 654 12.
540 626 602 655 AEn.
619 635 661 663 37.

73 662 219 699 segregare
232 664 257 691 ἃ
271 661 419 697 Asciscere,
435 665 580 693 contraria.
603 664 660 693 Cic.
671 674 721 700 pro
733 664 812 694 Arcb.
825 674 851 698 4.
884 665 1028 696 -Perficiam
1044 665 1169 705 profesto
1181 686 1189 701 ‚

93 699 206 728 utliunc
221 701 247 729 A.
272 699 407 728 Licinium
423 709 479 728 non
492 702 578 730 niodo
593 710 651 730 non
670 701 867 738 segregandum
880 726 887 737 ,
918 715 1003 739 quum
1015 706 1045 733 lit
1059 705 1126 733 civis
1143 726 1150 737 ,
1175 713 1191 732 a

93 746 209 765 numero
218 737 321 766 civium
332 759 338 769 ,
359 738 541 767 verumetiam
552 761 560 773 ,
584 739 600 767 fi
619 749 675 767 non
685 739 750 768 ell'et
761 762 768 773 ,
790 742 894 776 putetis
904 742 1090 771 asciscendum
1102 741 1188 770 fuiise.

75 772 215 804 Asciscitur
227 776 251 803 St
264 773 377 812 Fugitur
387 797 394 809 ,
416 777 560 805 contraria.
584 777 641 806 Cic.
659 786 681 806 1.
694 777 728 806 de
740 777 834 814 Legib.
848 787 892 813 31.
933 780 964 808 ld
976 781 1052 809 enim
1062 790 1091 808 ut
1106 780 1192 808 simvi-

93 818 148 840 tate
159 812 300 841 delectans
311 834 318 846 ,
342 813 376 842 lic
386 813 419 841 ab
434 822 524 842 errore
536 815 636 843 mentis
648 821 777 851 tanquam
795 815 909 845 salutare
921 817 1025 855 aliquid
1038 817 1190 851 asciscitur,

94 848 345 886 similiqueinscitia
358 861 430 880 mors
440 851 541 888 fugitur
553 874 560 886 ,
582 852 654 888 quasi
671 852 811 881 dilsolutio
826 861 938 884 naturae.

74 886 244 917 Asciscere&
257 887 415 924 Reprobare
426 910 433 923 Ἰ
455 890 598 918 contraria.
622 890 680 919 Cic.
693 900 715 918 1.
731 891 766 919 de
784 891 841 919 Fin.
854 901 898 926 23.
939 892 1190 922 Confirniatautem

93 924 161 954 illud
175 924 217 954 vel
231 927 351 954 maxime
362 948 369 959 ,
391 927 465 963 quod
475 926 535 964 ipsa
549 934 645 956 natura
655 949 662 963 ,
684 934 715 957 ut
733 928 771 957 ait
786 928 832 957 ille
843 950 851 964 ,
874 929 986 959 asciscat
999 934 1025 960 ὅ(
1043 930 1190 968 reprobet,

92 961 261 1000 voluptatem
276 964 302 992 Sc
315 963 449 993 dolorem.

75 999 207 1030 Asciscerc
217 1000 263 1029 libi
276 1000 396 1030 laudem.
410 1002 468 1030 Cic.
478 1011 529 1039 pro
540 1001 629 1031 Domo
639 1002 698 1037 sua,
717 1013 759 1038 59.
792 1003 870 1033 Niliil
881 1005 955 1034 enim
967 1014 1089 1042 unquam
1101 1005 1136 1034 de
1146 1014 1191 1034 me

94 1037 151 1066 dixi
159 1036 288 1067 sublatius
297 1039 456 1068 asciscendae
466 1039 556 1069 laudis
565 1040 642 1069 causa
650 1041 744 1078 potius
754 1063 761 1076 ,
784 1052 865 1078 quam
878 1043 1001 1072 criminis
1019 1042 1190 1081 depellendi.

74 1075 133 1105 Sibi
145 1085 248 1104 nomen
258 1077 371 1112 regium.
392 1076 447 1106 Liv.
461 1086 483 1112 ζ.
496 1077 677 1107 Belliiiaced.
700 1078 811 1108 Nomen
821 1082 938 1117 tyranni.
957 1081 1052 1110 Cic.ad
1066 1081 1138 1110 Brut.
1148 1083 1188 1109 16.

93 1113 195 1143 Nonne
206 1114 259 1142 hoc
271 1114 345 1142 estin
357 1114 466 1143 easdem
476 1116 603 1144 tenebras
615 1115 738 1145 recidisse
750 1137 758 1151 ,
773 1127 858 1154 quum
871 1118 903 1146 ab
915 1128 948 1147 eo
962 1120 1007 1155 qui
1019 1119 1130 1156 tyranni
1142 1128 1195 1147 no-

92 1160 158 1179 men
175 1151 269 1180 ascivit
283 1152 350 1185 fibi,
373 1162 458 1189 quum
473 1154 501 1181 in
513 1153 613 1183 Graecis
628 1154 787 1184 civitatibus
798 1154 877 1184 liberi
889 1163 1070 1191 tyrannorum
1082 1156 1193 1194 oppres-

93 1188 206 1223 fisillis,
227 1189 645 1227 eodemsupplicioafficiantur,
687 1193 789 1227 etitur,
806 1200 854 1227 ut,
871 1195 922 1222 Sec.

76 1224 209 1256 Asciscere
220 1226 268 1256 fibi
283 1226 623 1259 socios.Caes.1.Bell.Gall.
631 1241 652 1265 ς.
691 1236 805 1267 eceptos
816 1232 848 1259 ad
861 1231 886 1260 sc
897 1232 984 1261 socios
994 1232 1042 1261 fibi
1050 1231 1191 1261 asciscunt.

74 1263 132 1293 Sibi
143 1265 289 1301 oppidum.
310 1265 368 1294 Cic.
380 1269 406 1295 6.
423 1265 497 1295 Verr.
510 1276 554 1296 21.
594 1267 625 1296 Et
638 1277 723 1304 quum
740 1278 774 1296 ex
794 1268 867 1298 hisce
887 1268 914 1298 se
929 1269 998 1299 locis
1017 1270 1192 1307 reciperent,

94 1302 193 1331 eodem
204 1301 375 1332 deferrentur
384 1325 392 1338 ,
404 1302 558 1334 asciverunt
566 1304 636 1334 illud
648 1304 694 1334 fibi
705 1306 842 1343 oppidum
856 1307 950 1345 piratae
959 1330 967 1343 ,
982 1309 1104 1346 primum
1118 1316 1194 1336 com-

95 1340 216 1374 mercio,
238 1339 340 1370 deinde
356 1341 493 1371 societate.

76 1376 208 1406 Asciscere
217 1377 262 1407 fibi
272 1378 341 1415 quafi
351 1380 557 1417 propinquitate
564 1380 729 1416 conjunt‘ios
737 1388 818 1419 atque
827 1383 1143 1412 natura.Cic.deAmicit.
1151 1392 1194 1416 50.

77 1414 209 1444 Asciscere
219 1416 253 1444 ad
262 1416 353 1445 foedus
363 1416 492 1453 aliquem.
515 1417 572 1447 Cic.
588 1428 612 1447 2.
630 1419 658 1447 iri
671 1419 749 1448 Catil.
764 1425 789 1453 8.
828 1420 919 1450 Nemo
928 1431 985 1449 non
994 1421 1079 1450 niodo
1088 1420 1194 1455 Romae‚

96 1451 142 1481 stc!
153 1463 189 1482 ne
201 1453 259 1482 ullo
270 1454 297 1482 in
310 1454 410 1491 angulo
424 1456 509 1484 totius
523 1455 605 1485 ltaliae
619 1457 761 1494 oppressus
774 1467 826 1487 aere
843 1458 935 1488 alieno
953 1459 1007 1488 fuit
1017 1481 1026 1495 ,
1043 1468 1124 1497 quem
1138 1467 1195 1487 non

51 1495 55 1498 ·
94 1490 128 1518 ad
139 1490 192 1519 hoc
209 1491 374 1521 incredibile
386 1492 491 1522 sceleris
502 1492 594 1523 foedus
605 1494 737 1524 asciverit.

76 1526 209 1557 Asciscere
220 1529 461 1560 consuetudinem.
483 1530 540 1560 Cic.
554 1532 589 1561 de
598 1532 668 1562 Clar.
681 1532 757 1562 Orat.
770 1541 834 1569 209.
876 1533 983 1564 Idcirco
996 1534 1068 1564 hane
1081 1532 1196 1563 consuc-

93 1566 219 1595 tudinem
231 1566 349 1596 libenter
361 1568 517 1598 ascivimus.

76 1602 169 1641 Leges.
193 1603 251 1634 Cic.
264 1615 314 1642 pro
322 1603 405 1635 Corn.
421 1606 551 1637 Balb.21.
590 1608 812 1639 Innumerabiles
828 1608 889 1639 aliae
902 1609 976 1647 leges
991 1609 1026 1639 de
1046 1609 1122 1640 civili
1136 1610 1197 1646 iure

95 1640 238 1671 suntlatae:
263 1653 328 1680 quas
342 1641 430 1672 Latini
443 1644 607 1681 voluerunt,
628 1646 790 1676 asciverunt.

76 1677 164 1710 Ritus.
187 1679 243 1710 Liv.
259 1691 282 1710 1.
320 1681 432 1718 Nequid
444 1683 531 1712 divini
538 1684 607 1720 juris
618 1684 786 1722 negligendo
800 1684 903 1723 patrios
925 1686 992 1715 ritus
1004 1706 1012 1721 ,
1026 1684 1196 1723 peregrinos-

96 1727 149 1754 que
161 1717 318 1748 asciscendo
330 1741 338 1754 ,
362 1719 524 1750 turbaretur.

75 1755 163 1785 Sacra.
186 1756 244 1785 Cic.
258 1756 292 1785 de
305 1757 396 1795 Arusp.
408 1757 490 1796 Resp.
502 1767 548 1796 27.
588 1759 724 1790 Sacraista
742 1762 860 1797 majores
874 1760 959 1790 nostri
976 1760 1057 1790 ascita
1067 1770 1103 1791 ex
1113 1760 1197 1798 Phry-

95 1793 138 1830 gia
152 1793 247 1823 Rornae
261 1794 476 1825 collocaverunt.

77 1831 211 1861 Asciscere
222 1833 248 1861 &
260 1833 410 1870 acciperea
421 1834 521 1863 Graecis
532 1834 613 1864 sacra.
637 1835 697 1864 Cic.
711 1844 736 1872 7.
752 1834 826 1865 Verr.
840 1839 901 1870 186.
925 1836 1049 1872 Quarum
1063 1836 1136 1865 sacra
1147 1846 1196 1874 po-

95 1869 179 1907 pulus
190 1870 330 1900 Romanus
339 1881 354 1900 a
363 1871 463 1901 Graecis
475 1871 557 1902 ascita
568 1874 593 1902 Sc
603 1879 716 1910 accepta
725 1895 733 1908 ,
754 1879 830 1902 tanta
850 1873 985 1911 religione
999 1875 1026 1903 Sc
1043 1874 1156 1911 publice
1171 1875 1198 1903 Sc

94 1907 225 1974 pisivat‘irs
236 1915 328 1937 tuetur
337 1931 346 1944 ,
367 1919 425 1938 nori
439 1916 470 1939 ut
480 1910 514 1939 ab
524 1910 583 1940 aliis
592 1911 647 1940 huc
661 1910 743 1941 allata
755 1933 763 1947 ,
784 1911 831 1941 sed
845 1919 875 1942 ut
892 1912 998 1941 caeteris
1016 1912 1084 1941 hinc
1097 1911 1198 1942 tradita

96 1955 111 1974 e
135 1955 150 1974 e
165 1955 190 1974 vi
213 1952 320 1976 eantur.

76 1982 211 2013 asciscere
221 1993 363 2021 generum.
384 1985 456 2022 Virg.
470 1995 512 2015 12.
534 1985 594 2016 ffin.
608 1989 672 2023 613.

76 2019 174 2051 Ascisci
189 2021 218 2050 in
228 2023 387 2057 civitatem,
408 2023 511 2053 Donari
522 2024 641 2054 civitate.
663 2024 722 2054 Liv.
734 2027 761 2055 6.
782 2024 842 2056 Nos
851 2034 886 2054 ex
896 2034 951 2062 quo
963 2023 1039 2055 asciti
1058 2024 1151 2055 furnus
1167 2024 1197 2054 fi-

96 2058 155 2088 mul
166 2059 194 2087 in
203 2059 344 2090 civitatem
355 2083 363 2095 ,
376 2062 428 2091 &c-

77 2096 174 2127 Ascisci
186 2107 201 2126 a
210 2098 330 2127 civitate.
351 2098 409 2128 Cic.
422 2109 472 2137 pro
483 2098 566 2128 Corn.
579 2098 656 2129 Balb.
669 2108 711 2136 31.
726 2101 792 2137 Jure
803 2101 877 2130 enim
887 2101 979 2130 nostro
989 2110 1080 2138 neque
1091 2107 1199 2130 mutare

95 2133 233 2165 civitatem
262 2136 386 2173 uisquam
400 2137 502 2166 invitus
516 2138 605 2175 potest
616 2159 623 2171 ,
644 2148 734 2176 neque
756 2138 774 2167 fi
794 2139 861 2168 velit
883 2148 990 2168 mutare
1014 2146 1073 2168 non
1087 2139 1177 2177 potest
1190 2148 1196 2168 :

94 2172 179 2201 modo
191 2146 334 2204 asciscatur
346 2173 379 2203 ab
391 2185 424 2204 ea
434 2175 544 2204 civitate
557 2198 564 2211 ‚
587 2176 666 2211 cujus
680 2175 733 2206 effe
745 2175 771 2205 se
782 2177 900 2206 civitatis
907 2177 983 2206 velit.

78 2209 212 2240 Asciscere
219 2212 318 2241 civem.
342 2212 401 2242 Cic.
414 2223 464 2251 pro
474 2213 557 2242 Corn.
570 2212 647 2243 Ban.
662 2223 705 2251 30.
745 2213 873 2244 Defendo
884 2224 941 2244 rem
951 2214 1122 2248 universam,
1138 2214 1201 2243 nul-

95 2247 151 2277 larn
161 2248 215 2278 else
229 2256 339 2287 gentem
351 2260 386 2279 ex
403 2252 481 2279 omni
498 2252 612 2289 regione
625 2258 759 2281 terrarum
769 2274 778 2287 ,
799 2262 833 2282 ex
848 2262 900 2290 qua
915 2252 996 2282 nobis
1017 2252 1200 2282 interdictum

98 2286 129 2315 sit
138 2308 145 2320 ,
170 2293 201 2316 ut
212 2297 303 2325 neque
314 2288 444 2318 asciscere
456 2289 547 2318 civem
556 2311 565 2323 ,
586 2297 633 2319 aut
644 2291 756 2319 civitate
767 2290 870 2319 donare
881 2290 1023 2328 possimus.

78 2323 222 2361 asciscere,
234 2326 379 2364 Appetere.
394 2326 521 2363 Cic.3.de
532 2327 591 2357 Fin.
603 2327 653 2357 Eas
664 2326 735 2366 ipsas
747 2329 924 2366 cognitiones
933 2338 982 2366 per
991 2329 1017 2358 se
1029 2327 1199 2358 asciscendas

89 2361 260 2393 <arbitramur
270 2386 278 2398 ,
299 2363 375 2402 quod
381 2364 503 2394 habeant
512 2365 645 2401 quiddam
658 2366 840 2403 complexum
850 2368 877 2397 dc
887 2367 1034 2396 continens
1042 2368 1197 2398 veritatem.

3 2419 14 2432 κ
43 2399 226 2437 Αςοῑτυε,
246 2401 342 2432 Partic.
365 2404 532 2438 [ἐπαχθὲς]
554 2403 636 2433 Ovid.
649 2414 676 2441 4.
693 2404 728 2432 de
743 2404 848 2441 Ponto,
870 2415 895 2441 9.
912 2413 972 2441 127.

173 2439 218 2469 Tu
227 2447 302 2469 certe
308 2439 359 2470 scis
368 2441 428 2470 haec
438 2440 542 2478 superis
553 2441 636 2472 ascite
648 2464 656 2477 ,
676 2441 808 2480 videsque
901 2442 998 2472 Caesar.

10 2482 23 2495 ‘⁴
50 2481 52 2486 '
78 2475 374 2515 Ascitumcognomen.
401 2478 451 2508 Sil.
467 2478 516 2508 lib.
535 2489 559 2509 1.

77 2512 193 2544 Nativus
213 2517 239 2545 ἃ
253 2516 373 2551 Ascitus,
393 2517 539 2546 contraria.
562 2514 708 2547 Cornelius
725 2517 822 2556 Nepos
839 2518 869 2546 in
890 2517 946 2547 vita
971 2518 1071 2553 Attici,
1093 2518 1199 2548 Atticus

98 2552 192 2582 Graece
203 2553 385 2591 loquebatur,
407 2562 438 2584 ut
447 2555 558 2584 Athenis
566 2563 647 2584 natus
655 2556 805 2585 videretur.
844 2554 936 2585 Tanta
954 2565 1047 2585 autem
1064 2563 1122 2585 erat
1139 2556 1199 2585 sua-

95 2591 164 2657 }itas
174 2591 307 2658 sernipnis
320 2591 424 2628 Latini,
445 2599 476 2622 ut
489 2599 635 2631 appareret
644 2593 672 2622 in
688 2603 723 2623 eo
732 2594 860 2623 nativum
873 2594 1012 2631 quendam
1025 2593 1152 2632 leporem
1161 2594 1200 2624 ese

108 2638 138 2662 e,
156 2638 213 2658 non
223 2640 238 2659 a
252 2636 347 2659 eitum.

79 2666 182 2696 Ascitus
193 2689 200 2702 ,
221 2678 271 2706 pro
280 2668 373 2705 Longe
385 2668 525 2698 accersito.
549 2668 632 2699 Ovid.
644 2673 670 2699 6.
688 2668 755 2699 Fast.
771 2678 832 2707 172.

154 2705 215 2735 Nec
229 2707 301 2743 petit
311 2706 406 2736 ascitas
416 2705 555 2736 luxuriosa
568 2708 662 2745 dapes.

0 2755 9 2785 ιι
43 2742 84 2772 As
93 2751 127 2771 ci
136 2751 156 2771 τ
165 2754 173 2771 ι
182 2753 201 2771 rr
210 2755 218 2771 i
229 2754 248 2773 u
258 2754 270 2773 s
279 2766 287 2780 ,
308 2754 324 2774 a
335 2766 343 2780 ,
362 2753 418 2774 um.
440 2744 680 2781 [ἐππῑλημριτικρς]
700 2745 776 2784 apud
787 2744 874 2775 Plaut.
885 2746 912 2775 &
922 2745 1005 2775 Ovid.
1018 2747 1043 2774 6.
1060 2743 1129 2775 Fast.
1144 2745 1162 2776 i.
1172 2755 1197 2775 e.

79 2779 310 2886 iffikiitslgiiium
326 2819 414 2858 ipsum
425 2819 538 2855 locum,
565 2820 612 2858 qui
629 2820 779 2858 praecedit,
799 2820 848 2850 ubi
864 2819 964 2858 legitur
985 2821 1096 2851 Ascitasj
1108 2820 1144 2850 H.
1159 2820 1199 2850 St.

124 2867 133 2885 1
157 2867 254 2887 VCUUS.

0 2903 3 2920 ι
44 2893 227 2930 ΑεειΤυε,
249 2895 294 2925 vel
309 2896 522 2931 Anscrrus,
541 2896 580 2925 i'is.
603 2905 640 2925 m.
663 2896 817 2934 Appetitus.
840 2896 899 2925 Cic.
914 2907 937 2931 5.
955 2896 1056 2926 deFin.
1071 2905 1113 2934 17.
1146 2896 1199 2927 Alii

80 2939 179 2969 putant
189 2934 309 2971 primum
319 2932 453 2963 adscitum
475 2934 523 2970 (n.
542 2933 713 2971 voluptatis)
732 2934 786 2963 esse
796 2934 963 2963 vacuitatem
975 2934 1086 2964 doloris.

3 2982 5 2994 ι
45 2969 322 3007 ΑξοιένιᾸοεε,
344 2967 567 3007 [Ἀσκληπιάδης]
588 2972 740 3002 Historicus
762 2972 897 3010 Cyprius,
928 2981 983 3010 quo
1004 2979 1130 3011 tempore
1150 2972 1199 3010 Py-

99 3007 202 3037 malion
216 3009 243 3038 in
258 3009 376 3038 Oriente
389 3008 526 3046 regnabat.

101 3047 143 3075 uit
154 3048 180 3076 &
191 3046 369 3085 Philosophus
379 3057 468 3076 caecus
477 3069 486 3083 ,
507 3047 543 3076 de
553 3057 607 3084 quo
621 3047 679 3077 Cic.
692 3058 715 3083 5.
723 3046 805 3077 Tusc.
820 3057 829 3075 i
839 3057 880 3083 13.

79 3082 150 3113 Item
160 3084 243 3119 alius,
260 3095 360 3123 genere
369 3085 527 3120 Prufienfis‚
544 3085 716 3115 medicorum
728 3084 984 3122 eloquentilsimus,
1000 3085 1051 3128 Cn.
1065 3083 1198 3123 Pompeio

99 3121 238 3157 familiaris
246 3145 254 3158 ,
273 3133 359 3161 quum
370 3124 399 3152 in
407 3129 463 3152 arte
473 3123 621 3152 Rhetorica
628 3123 772 3152 facultates
783 3123 937 3152 decoxilset
948 3145 956 3157 ,
977 3123 1148 3152 medicinam
1159 3123 1199 3167 se:

98 3160 185 3189 <tatus
196 3161 233 3190 est
244 3183 252 3196 ,
274 3161 355 3190 aliam
371 3171 385 3190 a
397 3162 495 3190 ceteris
504 3161 578 3190 viam
587 3160 727 3198 ingressus.
749 3161 867 3190 Dicebat
880 3160 994 3190 salutem
1005 3161 1126 3190 constare
1141 3161 1198 3190 cibi

120 3197 234 3235 otusque
254 3198 434 3228 abstinentia:
466 3206 598 3237 praeterea
619 3198 770 3236 gestatione
778 3221 787 3235 ,
817 3198 1008 3228 ambulatione
1023 3220 1031 3233 ,
1058 3198 1197 3242 frictione.

99 3207 213 3265 §umma
227 3236 293 3266 huic
304 3237 377 3266 fama
393 3236 463 3271 fuit,
484 3236 598 3266 condita
609 3246 682 3266 nova
696 3236 768 3266 set‘ta
777 3259 785 3272 ,
806 3236 901 3275 spretis
912 3236 1009 3273 legatis
1023 3237 1049 3266 St
1062 3236 1199 3274 pollicita-

99 3273 222 3304 tionibus
233 3275 403 3304 Mithridatis
412 3275 482 3313 regis
493 3296 501 3309 ,
521 3280 628 3312 reperta
635 3275 743 3304 ratione
754 3284 807 3312 qua
816 3275 913 3304 vinum
925 3275 1001 3311 aegris
1016 3275 1174 3304 mederetur
1191 3296 1200 3310 ,

100 3310 185 3341 relato
196 3321 211 3342 e
222 3312 319 3342 funere
331 3313 446 3342 homine
455 3314 481 3342 ἃ
490 3312 594 3342 servato
606 3322 612 3342 z
633 3311 679 3341 sed
688 3313 809 3342 maxime
819 3312 964 3350 sponfione
978 3313 1049 3341 facta
1065 3322 1132 3341 cum
1144 3312 1200 3355 for-

98 3355 181 3384 tuna,
201 3360 238 3379 ne
248 3350 374 3381 medicus
382 3351 556 3386 crederetur,
576 3350 594 3379 fi
607 3360 729 3387 unquam
743 3350 882 3379 invalidus
894 3349 951 3379 ullo
964 3350 1050 3379 modo
1059 3350 1199 3387 fuissetip-

99 3386 126 3416 se
136 3396 143 3416 Ξ
155 3389 182 3418 &
189 3389 276 3418 victor
286 3388 412 3426 suprema
418 3389 448 3418 in
457 3387 565 3418 senecia
574 3387 649 3426 lapsu
659 3388 791 3420 scalarum
799 3389 975 3417 exanimatus
982 3388 1028 3417 est.
1051 3387 1118 3417 Haec
1128 3387 1198 3431 Plio.

99 3424 148 3454 lib.
159 3435 183 3462 7.
199 3436 261 3464 cap.
274 3436 317 3463 37.
369 3427 411 3456 De
425 3436 459 3456 eo
476 3436 586 3464 quoque
605 3425 692 3455 multa
710 3426 794 3458 refert
813 3425 893 3464 Apul.
910 3426 958 3456 lib.
972 3436 999 3462 4.
1037 3425 1069 3455 V.
1091 3425 1112 3455 F
1114 3425 1199 3455 abric.

55 3496 59 3503 .
100 3462 213 3493 Elench.
225 3463 411 3494 Medic.Vett.
425 3464 479 3494 vol.
496 3463 604 3502 penult.
615 3462 684 3494 Bibl.
701 3464 746 3494 Gr.

84 3500 253 3540 Asclepiades
262 3501 332 3531 alius
341 3501 394 3531 fuit
406 3501 596 3531 Antiochenus
606 3510 716 3539 martyr.
879 3538 884 3544 ¹
938 3538 943 3542 -
987 3538 992 3542 ⁵
1072 3538 1078 3544 ι
1106 3538 1111 3544 η

49 3538 89 3569 As
96 3548 114 3568 c
121 3550 138 3567 1.
146 3549 161 3571 F.
169 3549 184 3568 Ρ
192 3551 201 3568 1
211 3550 231 3569 A
240 3550 259 3569 t>
269 3550 283 3569 iz
293 3550 310 3569 u
320 3549 332 3569 s
341 3562 348 3574 ,
370 3540 431 3576 Adj.
454 3540 574 3569 Carmen
588 3539 796 3578 Asclepiadeum
817 3537 959 3576 (quisquis
968 3547 1026 3575 ejus
1040 3537 1093 3568 suit
1103 3548 1200 3568 inven-

84 3577 142 3613 tor)
162 3577 237 3607 idem
248 3578 286 3607 est
295 3587 326 3606 ac
338 3577 582 3614 Choriambicum3
603 3578 673 3608 utin
684 3577 752 3607 Hor.
767 3586 791 3607 1.
805 3576 896 3606 Carni.

143 3615 281 3645 Maecenas
292 3616 376 3645 atavis
390 3616 465 3645 edite
475 3615 595 3653 regibus.
1175 3650 1181 3657 ⁶

49 3651 90 3682 As
99 3661 183 3682 ctizi’
191 3664 201 3682 i
212 3664 232 3682 A
241 3664 253 3683 s
261 3676 269 3688 ,
281 3654 350 3683 adis.
364 3651 538 3690 [daza-rimas]
557 3653 648 3682 Herba
658 3653 705 3687 est,
716 3661 807 3682 ramos
818 3650 964 3695 oblongos,
976 3652 1002 3681 ἃ
1013 3650 1123 3694 hederae
1133 3650 1200 3681 folia

83 3689 196 3726 habens,
207 3692 233 3721 ἃ
241 3690 346 3721 radices
355 3689 511 3721 numerosas
522 3701 528 3719 :
549 3692 587 3720 ita
598 3692 671 3721 dicta
679 3692 712 3720 ab
719 3690 844 3727 Asclepio
859 3699 874 3717 i.
888 3698 912 3732 e..
922 3689 1087 3732 ffisculapio,
1103 3698 1200 3718 inven-

83 3732 152 3794 ἔξω.
174 3729 295 3796 Dioscolr.
304 3728 352 3759 lib.
364 3738 388 3766 3.
399 3731 426 3760 δι
438 3728 620 3759 Plin..lib.26.
632 3739 693 3767 cap.
706 3739 729 3765 5.
742 3730 768 3758 &
780 3727 878 3758 Galen.
888 3725 937 3756 lib.
951 3730 977 3756 6.
991 3727 1025 3756 de
1039 3727 1126 3764 Simp.
1139 3727 1201 3757 Me-

106 3766 130 3795 'c
177 3789 183 3796 .
197 3767 268 3796 Facu
283 3774 300 3796 t.

51 3801 91 3832 As
100 3776 189 3833 margi?
197 3814 231 3834 10
241 3815 259 3833 i>
268 3809 285 3834 6
296 3815 312 3833 a
323 3815 341 3834 υ
350 3814 363 3834 s
374 3827 382 3840 ,
405 3797 670 3841 [Ἀσκληπιόἆὶψῶυ]
693 3804 784 3834 Pictor
797 3807 876 3832 aetate
890 3800 1007 3844 Apellis,
1029 3800 1200 3840 Olympiade

35 3858 37 3860 ν
86 3850 130 3870 cx
139 3852 148 3870 1
158 3852 167 3870 1
176 3864 184 3877 ,
204 3852 285 3879 quem
294 3843 324 3873 in
334 3841 649 3880 symmetriamirabatur
658 3842 715 3880 ipse
726 3841 843 3880 Apelles,
856 3839 928 3868 Huic
940 3838 1054 3869 Mnason
1066 3849 1198 3877 tyrannus

85 3888 135 3916 pro
148 3888 166 3909 x
176 3890 204 3908 11
218 3880 271 3910 diis
282 3879 361 3910 dedit
369 3880 398 3909 in
409 3878 529 3917 singulos
540 3889 618 3909 mnas
625 3881 755 3914 tricenas,
767 3885 799 3908 ut
808 3877 846 3920 ait
853 3877 921 3921 ¹35⁰·
935 3877 982 3921 lib
996 3886 1039 3913 ξς.
1056 3887 1115 3921 cap.
1123 3911 1125 3913 ¹
1134 3888 1176 3907 io.

86 3916 295 3955 Asclepiodorus
305 3940 313 3952 ,
333 3918 401 3947 item
414 3917 465 3948 fuit
477 3916 680 3947 Alexandrinus
689 3940 696 3953 ,
717 3916 845 3954 singulari
861 3925 974 3952 ingemo
989 3915 1024 3944 ad
1037 3925 1132 3959 omnia
1143 3925 1200 3945 ma—

103 3954 261 3991 thematica,
274 3956 308 3985 ad
318 3953 523 3993 inquisitionem
533 3955 778 3993 cognitionemque
790 3951 939 3983 herbarum
954 3950 1124 3991 &lapidum
1146 3955 1198 3982 Αυ-

102 3991 165 4021 thor
178 3993 254 4022 Suid.
293 3993 405 4029 [Immo
418 3992 637 4031 Asclepiodotus,
652 3989 860 4021 ’Acnnnmo'ib-ns.
1120 4028 1126 4034 -

55 4027 92 4058 As
100 4038 117 4058 c
126 4040 141 4058 L
150 4039 164 4058 ir.
172 4040 187 4058 P
197 4041 206 4059 i
216 4041 233 4059 ο
242 4040 261 4059 Ν
273 4052 281 4065 ,
303 4031 397 4060 Genus
408 4030 500 4060 herbae
512 4053 520 4067 ‚
541 4040 625 4068 quam
638 4031 755 4061 Panaces
768 4037 916 4072 vocamus:
939 4027 978 4056 Ab
990 4026 1146 4066 AEsculapio
1162 4027 1199 4058 fic

87 4066 200 4104 ditium,
220 4068 352 4107 quoniam
359 4070 382 4100 is
391 4067 476 4100 filiam
482 4068 633 4100 panaceam
643 4069 762 4100 vocavit.
780 4066 852 4099 Plin.
864 4065 912 4095 lib.
923 4074 968 4102 25.
980 4075 1040 4104 cap.
1050 4076 1076 4103 4.

1238 292 1533 328 A'SCrJzTARioN,

1251 3317 1482 3350 Ascari‘Tio,
1503 3315 1572 3345 finis.
1596 3315 1613 3344 s.

1670 215 1694 249 A
1787 214 1808 249 S
1903 215 1931 250 C

1561 294 1606 331 [Ἃ
1613 295 1794 331 ammaim]
1817 297 2032 327 Mathematicus
2048 297 2101 328 suit
2114 300 2287 338 temporibus
2302 300 2398 332 Domi-

1277 331 1363 361 tiami.
1386 332 1429 366 qui
1451 332 1601 366 aliquando
1622 334 1729 362 dixerat
1746 333 1772 363 sc
1783 335 1950 372 discerptum
1970 336 2001 363 iri
2018 346 2032 364 a
2053 338 2175 367 canibus.
2218 339 2368 376 Eiipropter
2382 351 2398 370 a

1278 367 1438 395 Domitiano
1456 369 1536 401 iulius
1547 371 1583 398 est
1596 371 1711 400 interfici
1726 393 1734 406 ,
1756 372 1970 401 &acritatillimc
1980 372 2087 409 sepeliri
2102 397 2109 409 ,
2133 377 2277 405 utvanitas
2290 377 2348 409 eius
2359 388 2399 406 ar-

1278 404 1313 431 tis
1324 406 1541 439 redargueretur.
1580 408 1633 436 Sed
1646 409 1791 446 repentina
1804 410 1968 447 tempestate
1977 410 2094 445 disiecto
2105 412 2200 442 funere
2210 435 2218 448 ,
2238 413 2399 444 semiustum

1279 442 1394 470 cadaver
1406 452 1486 471 canes
1496 444 1668 481 discerpsere.
1691 447 1766 476 Suet.
1780 447 1808 475 in
1821 447 1924 476 Domit.
1938 457 1997 484 cap.
2014 457 2054 482 ις.

2322 228 2391 266 2st

1242 478 1330 506 Asco
1343 490 1375 506 ’.ι
1391 490 1407 506 Α
1420 501 1426 510 ,
1458 480 1495 516 pl.
1518 482 1685 516 [Ἀσκώλιω
1706 484 1760 518 m]
1781 485 1855 514 Festa
1873 492 1950 514 erant
1971 486 2045 522 apud
2062 487 2183 521 Atticos,
2204 487 2303 524 quibus
2323 489 2402 518 infla-

1281 522 1322 543 tos
1333 522 1403 556 utres
1415 518 1542 552 caprinos
1554 518 1707 549 iiililiebant
1721 522 1893 551 inhonorem
1904 523 2003 552 Eacclii
2017 533 2022 552 :
2046 524 2121 554 unde
2141 527 2167 554 δ’(
2187 524 2221 553 ab
2234 526 2339 556 utribus
2352 536 2402 556 nm

1284 554 1358 581 mina
1368 554 1513 590 iuiiipscre.
1538 555 1669 586 Meminit
1683 558 1753 594 Virg.
1766 560 1792 588 in
1801 569 1826 589 2.
1842 561 1940 596 Georg.
1953 566 2014 595 384.

1436 607 1473 611 —-
1486 594 1584 620 unctos
1598 594 1689 623 saliere
1702 606 1749 632 pei·
1761 604 1842 626 utres.
1877 598 1905 626 V.
1928 598 2051 636 interpp.
2063 599 2096 628 ad
2108 599 2159 629 loc.

1243 625 1265 654 A
1276 635 1286 653 s
1299 634 1314 653 (2
1326 635 1341 653 o
1351 635 1369 653 N
1385 637 1391 653 i
1406 637 1421 653 r*
1432 638 1443 655 s
1452 650 1459 661 ‚
1484 630 1662 666 [Ἀονόνυέμ]
1684 633 1833 668 Pedianus,
1857 635 1999 664 Patavinus
2009 658 2016 670 ‚
2040 637 2190 668 Historicus
2202 640 2228 669 8<
2240 639 2402 669 Grammati-

1282 672 1330 690 cus
1343 664 1444 693 nobilis
1456 687 1464 698 ,
1486 666 1579 695 floruit
1599 669 1671 698 circa
1685 670 1803 700 Neronis
1818 680 1958 709 tempora,
1981 684 2054 702 :inno
2076 675 2137 704 vitae
2155 687 2160 703 i
2180 686 2262 705 xxii
2276 689 2282 706 i
2304 684 2402 715 captus

1282 699 1453 767 luminibupx,
1475 712 1490 768 lx·
1503 714 1511 730 1
1524 705 1754 771 ¹ffffstss²¹ss¹¹¹¹m0
1763 719 1827 738 curn
1842 710 1947 739 lionore
1965 712 1990 740 Sa
2004 712 2148 741 hominum
2160 715 2243 750 gratia
2253 714 2403 752 supervixit

1444 747 1472 768 ut
1482 750 1525 768 ior
1549 751 1574 769 iu
1589 753 1603 771 e
1627 766 1632 772 .
2139 750 2144 756 '

1282 776 1386 804 riorum
1398 776 1560 814 fragmenta.

1283 747 1378 766 annos.
1676 744 1764 781 liujus
1778 754 1872 776 extant
1881 748 1909 776 in
1922 749 2065 778 Ciceronis
2076 756 2214 781 orationes
2231 760 2404 782 commenta-

1244 812 1266 842 A
1276 822 1288 841 s
1299 823 1316 841 c
1325 823 1341 840 o
1350 823 1363 840 P
1373 816 1388 841 ἓ
1399 824 1411 842 R
1425 824 1443 844 A
1454 836 1462 848 ,
1484 825 1515 843 ae.
1540 816 1570 850 [οἱ
1591 815 1699 852 umiae]
1722 818 1816 849 Latine
1826 821 1927 850 dicitur
1938 823 2111 867 Marsupiuin
2122 847 2131 860 ,
2155 833 2202 855 aut
2211 826 2335 857 sacculus
2346 829 2404 865 pei-

1283 849 1386 891 licens:
1410 852 1595 894 compositum
1612 864 1646 882 ex
1662 856 1735 881 ἀσκὸς
1747 878 1755 890 ,
1778 859 1853 892 quod
1872 867 1978 889 utrem:
2000 864 2025 890 δε
2038 873 2101 897 vigy
2114 885 2122 897 ,
2144 864 2220 900 quod
2236 875 2330 902 perani
2351 867 2404 895 {ive

1281 888 1420 918 sacculum
1431 890 1571 925 fignificat.
1611 891 1640 920 V.
1665 892 1741 922 Suid.
1752 894 1826 923 Suet.
1842 896 1869 923 in
1879 896 1974 927 Claud.
1989 899 2052 927 Ner.
2065 909 2124 937 cap.
2137 912 2182 935 4ς.
2223 904 2337 932 Alterius
2348 905 2404 932 col<

1282 925 1310 954 lo
1321 926 1483 964 &ascopera
1494 928 1629 963 deligata,
1647 929 1779 967 liniulque
1790 932 1886 961 titulus
1896 956 1903 968 ,
1923 934 1978 970 Ego
1991 937 2057 972 quid
2074 939 2151 974 potui
2165 940 2178 967 ἵ)
2199 939 2245 969 sed
2255 948 2282 969 tii
2292 941 2403 970 culeum

1282 964 1413 993 meruisti.
1456 965 1588 994 Saeculus
1606 966 1653 996 iste
1669 967 1795 1005 alligatus
1816 970 1890 999 collo
1911 972 2076 1003 Neroniana:
2096 976 2204 1010 statuae,
2236 978 2404 1011 liuissficabat

1282 1001 1425 1031 Neronem
1439 1003 1612 1032 matricidam
1621 1004 1693 1034 culei
1705 1005 1871 1043 supplicium
1883 1011 1988 1038 mereri.
2023 1012 2169 1042 Turnebus
2180 1011 2271 1043 tamen
2287 1017 2347 1044 ἱόν.
2362 1027 2405 1050 ιφ.

1285 1048 1328 1067 11.
1344 1039 1496 1077 legendum
1505 1042 1542 1070 ita
1554 1041 1607 1069 eise
1616 1042 1725 1072 censet:
1749 1043 1867 1074 Alterius
1878 1046 1950 1075 collo
1960 1048 2066 1077 asconis
2078 1049 2204 1087 deligata.
2227 1063 2313 1089 quum
2326 1061 2407 1083 antea

1283 1075 1541 1114 Ascopaeoinloco
1553 1078 1698 1116 legeretur.
1738 1081 1794 1111 Sed
1824 1082 1853 1112 V.
1876 1083 2003 1115 Politian.
2016 1086 2094 1115 Misc.
2114 1096 2138 1116 c.
2151 1098 2196 1119 20.
2238 1091 2406 1121 Torrenr.&

1282 1114 1397 1144 Casaub.
1418 1116 1454 1144 ad
1466 1115 1519 1146 loc.

1244 1150 1314 1181 Asc
1325 1162 1340 1180 a
1352 1163 1371 1181 A
1382 1175 1390 1186 ,
1412 1153 1554 1190 [haffn]
1575 1155 1691 1185 Boeotiae
1707 1156 1784 1187 vicus
1801 1157 1836 1187 ad
1857 1158 1963 1188 radices
1986 1162 2089 1190 montis
2109 1162 2252 1194 Heliconis
2264 1187 2272 1200 ,
2294 1166 2407 1197 Hesiodi

1282 1191 1372 1227 poetae
1387 1207 1392 1217 ι
1404 1191 1524 1222 lariffimi
1537 1194 1639 1230 patria,
1661 1194 1727 1223 teste
1741 1195 1824 1225 Ovid.
1838 1207 1865 1230 4.
1882 1197 1916 1226 de
1928 1195 2006 1226 Ponti
2025 1210 2064 1234 ¹4-
2078 1209 2121 1235 31.

1362 1229 1501 1258 Intumuit
1515 1231 1571 1260 vati
1582 1239 1742 1261 nontamen
1755 1233 1832 1263 Ascra
1842 1234 1899 1265 suo.
1983 1235 2052 1265 Inde

1246 1264 1269 1294 A
1278 1274 1290 1293 s
1299 1273 1315 1293 C
1326 1275 1343 1294 R
1353 1277 1377 1294 με
1388 1276 1406 1295 υ
1417 1277 1429 1296 s
1438 1289 1446 1302 ,
1469 1268 1527 1304 Adj.
1551 1269 1623 1306 Virg.
1639 1279 1663 1299 2.
1682 1271 1780 1308 Georg.
1795 1276 1856 1308 ¹7⁶·

1363 1302 1553 1343 Ascraeumque
1563 1317 1632 1336 cano
1645 1308 1768 1338 Romana
1780 1319 1830 1347 per
1840 1309 1944 1348 oppida
1953 1319 2073 1341 carmen.

1284 1339 1380 1370 dicum
1389 1363 1397 1377 ,
1422 1352 1487 1372 nam
1496 1344 1633 1374 Hefiodus
1642 1346 1679 1374 de
1689 1347 1803 1377 civitate
1816 1348 1893 1377 Ascra
1902 1348 1963 1377 fuit.

1287 1379 1395 1409 Ascraeae
1406 1390 1481 1410 oves.
1522 1381 1606 1411 Ovid.
1619 1387 1644 1412 6.
1662 1383 1729 1415 Fast.
1745 1395 1786 1419 14.

2169 1313 2217 1343 ubi
2226 1315 2299 1345 Serv.
2314 1316 2410 1347 Hesio-

1245 1414 1288 1447 As
1299 1426 1316 1445 c
1327 1422 1426 1454 niso,
1448 1419 1502 1456 pfi,
1524 1428 1604 1457 ptum
1615 1442 1622 1455 ,
1646 1423 1842 1458 [aeecygaivm]
1863 1424 1921 1463 ἔτς
1940 1433 1976 1453 ex
1995 1424 2033 1453 Ad
2051 1426 2077 1455 ἃ
2088 1425 2184 1455 Scribo
2201 1429 2385 1466 compositum
2398 1440 2407 1465 ;

1283 1455 1416 1491 fignificat
1428 1457 1466 1486 Ad
1477 1457 1607 1495 scriptum
1619 1458 1731 1496 aliquod
1741 1482 1748 1494 ,
1765 1470 1869 1490 nomen
1882 1483 1889 1495 ,
1906 1461 1950 1490 vel
1958 1461 2121 1493 sententiam
2132 1465 2259 1501 alicujus,
2271 1467 2314 1496 vel
2325 1468 2409 1498 etiam

1284 1493 1362 1536 diem
1374 1493 1546 1533 subjungere.
1571 1496 1628 1525 Cic.
1642 1506 1665 1532 3.
1678 1496 1717 1534 Q.
1731 1498 1790 1527 frat.
1805 1509 1828 1528 1.
1867 1498 1898 1528 In
1916 1509 1967 1536 qua
1981 1501 2102 1537 primum
2115 1509 2172 1531 erat
2184 1504 2258 1540 quod
2270 1505 2410 1542 antiquior

1284 1531 1383 1560 diesin
1398 1533 1451 1561 tuis
1462 1533 1553 1563 fuisset
1563 1534 1678 1572 ascripta
1693 1535 1780 1565 literis
1790 1559 1798 1571 ,
1819 1546 1901 1574 quam
1915 1538 1944 1566 iri
1958 1537 2076 1568 Caesaris.

1284 1568 1443 1605 Ascribere,
1467 1571 1639 1609 Adjungere,
1663 1573 1706 1602 vel
1717 1574 1801 1603 etiam
1820 1573 1922 1604 addere
1938 1574 1992 1604 fine
2010 1575 2129 1614 scripto,
2151 1579 2178 1607 Sc
2198 1579 2294 1616 quovis
2311 1580 2408 1611 modo.

1303 1606 1371 1636 Plin.
1388 1607 1435 1638 lib.
1456 1618 1498 1645 13.
1516 1619 1578 1647 cap.
1589 1620 1633 1639 22.
1656 1610 1689 1640 Et
1698 1611 1812 1641 ferulam
1822 1613 1893 1641 inter
1903 1620 2030 1643 externas
2039 1614 2136 1644 dixiffe
2149 1619 2314 1651 conveniet,
2332 1618 2413 1647 arbo-

1303 1653 1420 1682 rumque
1431 1648 1526 1683 generi
1538 1647 1602 1677 ascri
1626 1646 1691 1678 sisse.
1717 1649 1773 1678 Cic.
1789 1650 1823 1679 de
1834 1650 1900 1688 Opt.
1912 1651 1982 1681 Gen.
1997 1652 2075 1682 Orat.
2088 1662 2114 1690 7.
2137 1654 2195 1690 Qui
2211 1653 2410 1692 Thucydidem

1303 1681 1446 1719 laudavit,
1468 1683 1582 1715 ascribat
1610 1696 1650 1715 uae
1662 1687 1781 1716 nostram
1792 1687 1967 1718 sententiam.

1285 1719 1426 1750 Ascribere
1434 1722 1468 1751 ad
1478 1733 1625 1753 numerum
1638 1724 1769 1762 aliquem.
1789 1726 1847 1756 Cic.
1863 1737 1885 1756 1.
1899 1726 1935 1764 Q.
1944 1727 2004 1756 frat.
2020 1737 2043 1757 1.
2082 1727 2167 1758 Hunc
2177 1728 2212 1757 ad
2225 1735 2305 1760 tuum
2316 1740 2413 1762 nume-

1309 1768 1371 1787 rum
1382 1759 1502 1790 libenter
1511 1761 1647 1790 ascribito.

1286 1796 1328 1826 Ad
1340 1798 1500 1828 amicitiam.
1523 1799 1581 1828 Cic.
1594 1809 1616 1836 3.
1634 1799 1691 1829 Off.
1705 1811 1749 1835 45-
1787 1800 1942 1832 Admiratus
1956 1812 2054 1832 eorum
2068 1802 2153 1833 fidem
2166 1810 2317 1842 tyrannus,
2342 1808 2413 1845 peti-

1306 1835 1346 1863 vit
1355 1842 1385 1863 ut
1393 1835 1419 1864 se
1430 1835 1465 1865 ad
1475 1837 1626 1867 amicitiam
1645 1839 1758 1867 tertium
1769 1838 1943 1869 ascriberent.

1286 1870 1319 1902 In
1329 1872 1444 1909 legibus.
1467 1874 1525 1904 Cic.
1540 1885 1591 1913 pro
1601 1875 1704 1905 Caecin.
1718 1886 1762 1912 95.
1803 1877 1877 1906 Nam
1885 1878 1933 1907 nisi
1946 1877 2012 1908 esset
2024 1900 2032 1915 ‚
2053 1878 2148 1908 hocin
2162 1881 2292 1910 omnibus
2305 1881 2413 1920 legibus

1308 1919 1367 1939 non
1385 1911 1572 1942 ascriberetur.

1286 1947 1319 1978 In
1329 1948 1428 1985 legem.
1449 1950 1568 1996 Cic-pro
1581 1949 1738 1987 Caecin.95.
1778 1951 1841 1982 Hoc
1860 1953 1910 1982 tibi
1930 1953 2104 1992 respondeo,
2124 1954 2270 1993 ascripsisse
2290 1958 2414 1988 eundem

1305 1986 1408 2053 {yllam
1421 1988 1449 2016 in
1459 1997 1578 2018 eandem
1589 1988 1680 2027 legem
1691 2011 1699 2024 ,
1722 1987 1810 2026 siquid
1822 1991 1865 2026 jus
1880 2001 1937 2021 non
1949 1993 2015 2022 elset
2022 1995 2111 2031 rogari
2121 2016 2130 2031 ,
2152 1994 2210 2029 ejus
2222 2004 2253 2023 ea
2267 1994 2327 2032 lege
2342 1997 2415 2025 nilii-

1319 2035 1366 2053 um
1377 2035 1405 2053 ro
1427 2034 1513 2055 atum.

1284 2061 1318 2092 ln
1327 2035 1468 2093 civitaiem
1480 2086 1488 2099 ‚
1509 2064 1538 2092 in
1549 2064 1661 2094 civitate
1671 2086 1678 2100 ‚
1701 2066 1726 2094 &
1738 2065 1859 2101 civitati,
1882 2067 1979 2106 Recipi
1993 2069 2021 2098 in
2043 2070 2143 2099 civem.
2165 2068 2223 2098 Cic.
2238 2080 2288 2107 pro
2300 2071 2375 2100 Areli.
2387 2081 2412 2109 7.

1306 2099 1377 2137 Quae
1388 2111 1474 2138 quum
1483 2100 1549 2131 esset
1557 2103 1654 2132 civitas
1669 2102 1821 2139 aequiffimo
1831 2104 1891 2140 jure
1901 2116 1932 2135 ac
1943 2107 2049 2136 foedere
2062 2129 2070 2142 ‚
2090 2106 2186 2136 ascribi
2200 2106 2227 2137 se
2238 2109 2266 2136 in
2279 2118 2340 2138 eain
2351 2110 2416 2139 civi.

1306 2145 1391 2167 tatem
1399 2138 1496 2169 voluit.
1520 2139 1588 2170 ibid.
1603 2150 1644 2170 10.
1688 2140 1836 2171 Praesertim
1848 2152 1932 2179 quum
1940 2143 2000 2173 aliis
2014 2154 2125 2182 quoque
2142 2146 2169 2174 in
2181 2146 2341 2176 civitatibus
2357 2147 2415 2177 sue-

1306 2177 1342 2205 rit
1352 2176 1493 2214 ascriptus.
1522 2178 1591 2207 Ibid·
1610 2182 1636 2215 72
1678 2178 1737 2215 Qui
1753 2179 1894 2210 foederatis
1912 2182 2070 2213 civitatibus
2089 2182 2198 2221 ascripti
2221 2183 2339 2214 fuissent.
2384 2185 2412 2215 V.

1308 2224 1327 2243 A
1336 2224 1348 2243 s
1359 2224 1375 2243 c
1384 2224 1398 2242 a
1410 2226 1419 2243 1
1430 2225 1444 2243 P
1455 2225 1474 2244 r
1484 2225 1503 2244 u
1513 2225 1533 2244 s.

1285 2251 1319 2281 ln
1330 2262 1488 2283 numerum.
1511 2253 1570 2282 Cic.
1581 2262 1606 2282 2.
1620 2253 1739 2292 Philipp.
1750 2264 1794 2291 24.
1817 2255 1861 2285 Tu
1872 2266 1936 2286 vero
1946 2257 2050 2287 ascribe
2065 2267 2109 2287 me
2120 2257 2206 2288 talem
2216 2259 2243 2287 in
2256 2268 2412 2291 numerum.

1286 2290 1458 2320 Numinibus
1468 2313 1475 2326 ,
1491 2301 1542 2329 pro
1552 2291 1693 2321 Accenseri
1705 2294 1730 2322 &z
1739 2295 1932 2331 annumerari,
1954 2297 1980 2325 ἃ
1990 2303 2020 2325 ut
2032 2293 2115 2333 vulgo
2132 2298 2285 2333 loquuntur
2295 2319 2303 2333 ,
2327 2298 2416 2328 Cano-

1305 2329 1402 2358 nizari.
1426 2328 1549 2359 Plin.lib.
1564 2338 1588 2359 2.
1601 2339 1661 2367 cap.
1675 2339 1700 2367 7.
1723 2330 1790 2359 Hor.
1801 2341 1823 2360 1.
1838 2331 1920 2369 Epist.
1939 2343 1981 2369 19.
1994 2344 2021 2369 4.
2063 2333 2090 2362 V.
2122 2344 2142 2363 A
2152 2344 2192 2363 Po
2203 2344 2222 2363 'r
2232 2344 2253 2364 Η
2264 2345 2303 2364 uo
2313 2346 2324 2365 s
2334 2346 2373 2366 rs.

1287 2365 1390 2396 Ascribi
1402 2366 1491 2402 facto,
1518 2377 1569 2405 pro
1587 2367 1714 2405 Adiungi.
1738 2368 1805 2398 I'lin.
1819 2369 1866 2398 lib.
1880 2376 1905 2404 8.
1919 2370 2036 2408 Epist.6.

1287 2404 1427 2434 Ascribere
1436 2415 1551 2443 poenam
1560 2405 1665 2434 foederi.
1686 2406 1747 2435 Cic.
1763 2416 1813 2444 pro
1824 2407 1906 2436 Corn.
1921 2408 1995 2438 Balb.
2009 2419 2052 2438 20.
2087 2409 2144 2446 Qui
2157 2409 2229 2439 hanc
2242 2420 2355 2448 poenam
2363 2411 2415 2440 foe-

1306 2443 1420 2472 deribus
1437 2442 1568 2477 ascribat,
1591 2450 1621 2472 ut
1633 2445 1763 2474 omnium
1780 2447 1960 2483 praemiorum
1985 2445 2241 2484 beneficiorumque
2260 2449 2414 2480 nostrorum

1309 2490 1438 2518 expertes
1451 2481 1533 2510 faciat
1544 2481 1703 2510 foederatos.
1722 2518 1725 2520 -

1286 2519 1415 2556 Aliquem
1427 2518 1514 2548 alteri.
1537 2519 1596 2548 Cic.
1611 2529 1661 2556 pro
1672 2519 1743 2557 Lege
1759 2519 1856 2550 Manil.
1868 2527 1910 2565 53.
1952 2521 2019 2552 Mea
2037 2522 2151 2559 quidem
2167 2523 2303 2554 sententia
2314 2546 2322 2559 ,
2345 2523 2416 2561 Qui-

1306 2557 1388 2592 rites,
1407 2566 1480 2586 unus
1492 2559 1521 2586 A.
1538 2557 1688 2591 Gabinius,
1713 2557 1780 2586 belli
1801 2560 1950 2596 maritimi,
1972 2570 2120 2597 rerumque
2140 2561 2276 2599 gestarum
2295 2562 2413 2598 author,

1308 2604 1402 2624 comes
1414 2594 1464 2624 Cri.
1479 2594 1614 2632 Pompeio
1624 2594 1774 2625 ascribitur.

1289 2633 1417 2669 Aliquem
1429 2638 1550 2662 tutorem
1558 2632 1651 2662 liberis
1666 2632 1727 2663 suis.
1750 2633 1808 2663 Cic.
1824 2635 1997 2672 proCluent.

1286 2671 1423 2700 Tutorem
1434 2670 1552 2708 pupillo.
1576 2670 1648 2700 Paul.
1659 2671 1689 2699 in
1702 2671 1719 2701 l.
1738 2671 1859 2702 Nesenn.
1875 2673 1906 2702 D.
1921 2675 1956 2703 de
1968 2673 2138 2704 excusation.

1288 2709 1376 2738 Alicui
1385 2708 1508 2737 salutem.
1531 2708 1590 2737 Cic.
1604 2718 1626 2737 1.
1641 2710 1693 2738 Att.
1709 2719 1733 2744 ³-
1777 2710 1810 2739 Et
1822 2717 1848 2740 te
1859 2710 2037 2750 sororemque
2047 2720 2123 2743 tuam
2133 2713 2159 2743 ἃ
2168 2718 2284 2744 matrem
2293 2713 2413 2744 maxime

1307 2746 1400 2783 diligit
1413 2768 1421 2781 ,
1441 2746 1611 2783 salutemque
1623 2747 1673 2775 tibi
1686 2746 1834 2785 plurimam
1851 2747 1967 2778 ascribit.

1289 2784 1428 2815 Ascribere
1438 2783 1486 2813 fibi
1498 2806 1505 2819 ‚
1527 2794 1578 2822 pro
1586 2784 1722 2815 Tribuere
1735 2786 1761 2815 «Sc
1776 2786 1922 2825 imputare.
1946 2788 2006 2818 Cic.
2046 2788 2145 2826 Neque
2162 2788 2237 2818 enirn
2249 2788 2316 2817 mihi
2328 2789 2414 2826 negli-

1309 2823 1430 2860 gentiam
1442 2822 1525 2851 velim
1539 2822 1666 2851 ascribas.

1286 2861 1344 2892 Sibi
1356 2862 1384 2889 in
1395 2860 1556 2889 testamento
1566 2883 1573 2895 ,
1595 2860 1632 2889 est
1644 2861 1698 2890 Sua
1707 2871 1792 2890 manu
1802 2884 1810 2897 ,
1832 2862 1924 2897 ejusve
1938 2864 1983 2901 qui
2004 2863 2033 2892 in
2044 2863 2177 2900 potestate
2191 2863 2245 2899 est,
2269 2863 2373 2900 aliquid
2382 2865 2412 2893 in

1307 2908 1366 2928 rem
1376 2897 1588 2927 suainalienoin
1599 2898 1763 2928 testamento
1775 2899 1900 2931 scribere.
1923 2901 1941 2930 l.
1961 2911 2002 2937 15.
2026 2901 2060 2930 D.
2076 2903 2110 2931 ad
2125 2901 2143 2931 l.
2165 2901 2227 2931 Cor.
2240 2902 2275 2930 dc
2286 2902 2330 2930 fiii.

1288 2936 1463 2967 Ascribere&
1475 2936 1633 2966 attribuere.
1656 2937 1714 2966 Cic.
1731 2947 1754 2971 3.
1772 2938 1808 2966 de
1827 2939 1891 2968 Nat.
1915 2939 1988 2968 Deor
2004 2945 2050 2974 89.
2092 2939 2301 2975 Nonnunquam
2323 2940 2413 2969 bonos

1307 2975 1397 3004 exitus
1408 2974 1512 3003 habent
1522 2974 1605 3003 boni:
1627 2984 1676 3004 eos
1694 2976 1808 3013 quidem
1819 2976 1980 3007 ascribimus
1997 2975 2221 3013 attribuimusque
2235 2976 2290 3005 sine
2309 2976 2413 3007 ullara-

1311 3014 1388 3042 tione
1397 3012 1449 3041 diis
1460 3012 1672 3042 immortalibus.

1250 3053 1272 3082 A
1281 3062 1293 3081 s
1305 3061 1321 3080 c
1330 3061 1345 3079 a
1357 3061 1365 3078 i
1377 3060 1391 3078 Ρ
1402 3060 1420 3078 T
1431 3060 1450 3078 U
1458 3059 1469 3079 s
1477 3072 1485 3085 ,
1507 3050 1603 3080 Partic.
1631 3049 1921 3087 [wffssyexpcpet'v&]
1942 3059 1973 3082 ut
1981 3074 1990 3088 ,
2007 3051 2126 3090 Ascripta
2137 3051 2197 3081 dies
2208 3051 2304 3082 literis.
2320 3052 2411 3089 Cic.3.

1322 3112 1327 3117 .
1344 3088 1405 3117 frat.
1421 3098 1443 3117 1.

1288 3090 1426 3163 isscripms
1436 3124 1627 3155 Heracliensis.
1651 3126 1709 3156 Cic.
1724 3136 1774 3164 pro
1788 3127 1868 3157 Arch.
1883 3132 1908 3161 8.
1950 3126 2054 3156 Adsunt
2067 3125 2253 3156 Heraclienses
2269 3126 2351 3164 legati
2365 3138 2413 3157 no-

1308 3164 1431 3193 bililliriii
1441 3163 1589 3199 homines,
1607 3164 1690 3200 hujus
1700 3165 1795 3200 iudicii
1813 3165 1908 3199 caiisa,
1929 3174 1994 3194 cum
2012 3165 2149 3193 mandatis
2167 3166 2192 3193 S<
2210 3174 2274 3194 cum
2297 3165 2412 3203 publico

1308 3202 1467 3231 testimonio
1477 3209 1613 3231 venerunt
1623 3224 1630 3236 ,
1652 3203 1698 3239 qui
1710 3212 1774 3232 eum
1789 3202 1934 3240 ascriptum
1949 3201 2151 3232 Heracliensem
2165 3203 2274 3245 dicunt.

1289 3240 1406 3277 Ascripti
1415 3240 1581 3269 dicebantur
1591 3261 1599 3275 ‚
1621 3240 1677 3277 Qui
1690 3241 1718 3269 iii
1730 3241 1853 3269 colonias
1864 3241 1978 3269 nomina
1990 3239 2126 3269 dediffent
2136 3261 2145 3276 ,
2166 3246 2197 3269 ut
2205 3240 2293 3269 essent
2303 3240 2410 3272 coloni.

1309 3278 1410 3309 festus.
1453 3277 1482 3306 V.
1503 3277 1605 3315 inipso
1620 3287 1645 3307 v,
1661 3277 1957 3308 Ascribiincivitatem.

1637 3316 1825 3351 [stargard]
1848 3316 1904 3345 Cic.
1924 3325 1975 3352 pro
1994 3314 2098 3344 Caecin.
2115 3324 2159 3350 95.
2198 3314 2236 3345 Ut
2248 3325 2284 3345 ne
2300 3315 2411 3354 longius

1291 3354 1389 3384 abeam
1399 3376 1407 3388 ,
1429 3352 1551 3383 declarat
1562 3354 1610 3382 ista
1620 3352 1747 3390 ascriptio
1765 3353 1818 3382 esse
1825 3353 1938 3389 aliquid.

1226 3408 1232 3409 ἶ
1253 3393 1295 3422 As
1306 3400 1555 3426 CRIPTlTIUS,
1578 3402 1608 3426 a,
1627 3400 1682 3420 um.
1706 3391 1929 3427 [imtumssgmrg-J.
1952 3390 2008 3426 Qui
2025 3389 2231 3426 (utaitValla)
2248 3391 2281 3420 ad
2292 3391 2413 3429 aliquam

1289 3439 1350 3459 rem
1359 3429 1492 3467 ascriptus
1503 3429 1540 3458 est
1549 3451 1557 3464 ,
1578 3431 1604 3459 ἃ.
1614 3429 1669 3465 Qui
1682 3438 1715 3459 ex
1727 3438 1842 3457 numero
1853 3438 1948 3457 eorum
1958 3428 2049 3464 estqui
2062 3427 2087 3456 se
2103 3428 2132 3456 in
2142 3427 2253 3458 alterius
2263 3430 2413 3467 imperium

1289 3468 1469 3497 dediderunt.
1509 3474 1540 3496 ut
1549 3489 1556 3501 ,
1580 3466 1749 3504 Ascriptitius
1763 3467 1838 3495 civis.
1872 3465 1931 3494 Cic.
1952 3475 1975 3501 3.
1999 3467 2034 3494 de
2055 3466 2116 3494 Nat.
2130 3465 2212 3495 Deor.
2227 3476 2270 3503 39.
2311 3468 2391 3504 Quos
2402 3490 2412 3505 ‚

1290 3506 1363 3542 quali
1374 3515 1462 3534 novos
1474 3505 1500 3534 Sc
1509 3504 1674 3542 ascriptitios
1688 3505 1761 3532 cives
1772 3504 1799 3531 in
1810 3502 1913 3531 coelum
1926 3510 2052 3540 receptos
2063 3510 2170 3540 putant.

1290 3543 1439 3581 Ascriptitii
1450 3543 1582 3571 dicuntur
1595 3541 1633 3570 illi
1646 3551 1714 3578 quos
1728 3540 1847 3569 Villanos
1859 3550 1989 3569 vocari-,us
1999 3563 2005 3574 ,
2026 3541 2101 3578 quod
2112 3541 2183 3570 villae
2203 3542 2301 3576 (unde
2320 3542 2412 3573 Villici

1311 3582 1400 3615 disti)
1421 3580 1529 3617 ascripti
1543 3602 1550 3614 ,
1572 3582 1597 3609 δι
1607 3579 1755 3607 coionariae
1766 3579 1923 3606 conditioni
1944 3579 2066 3613 addicti,
2089 3586 2135 3607 aut
2155 3580 2202 3617 ipfi
2220 3580 2286 3614 lint,
2309 3590 2356 3610 aut
2365 3591 2414 3610 eo-

1310 3628 1372 3648 rum
1385 3619 1501 3654 majores
1511 3617 1622 3646 fuerint.
1656 3616 1780 3652 Quarum
1791 3625 1882 3644 reruni
1894 3616 2002 3650 vestigia
2013 3626 2068 3644 non
2078 3617 2192 3647 obscura
2205 3619 2298 3648 multis
2307 3620 2334 3647 in
2344 3619 2413 3648 locis

1308 3663 1406 3686 extant
1417 3678 1424 3690 ,
1442 3656 1517 3693 quod
1527 3663 1618 3684 tamen
1628 3663 1731 3682 nomen
1741 3653 1915 3689 loquentium
1926 3653 2032 3683 inscitia
2041 3655 2070 3682 in
2081 3655 2282 3685 contumeliam
2290 3657 2345 3691 jam
2355 3666 2413 3685 ver-

1308 3695 1352 3723 tit.
1394 3693 1533 3723 Villanum
1548 3693 1621 3721 enim
1632 3693 1659 3720 cc
1671 3691 1756 3719 Vilem
1768 3691 2081 3729 vernaculalimpiicitas
2093 3693 2251 3723 confundit.
2287 3695 2352 3723 Haec
2363 3695 2416 3723 bu-

1308 3733 1393 3761 daeus.
1436 3729 1535 3760 Rursus
1547 3729 1621 3758 idem
1633 3728 1686 3757 alio
1699 3728 1762 3756 loco
1774 3750 1782 3763 ,
1804 3728 1976 3766 Ascriptitius
1988 3739 2045 3758 non
2056 3730 2175 3759 muitum
2189 3741 2204 3760 a
2216 3731 2291 3760 servo
2303 3732 2414 3761 differe-

1309 3770 1357 3799 bat
1371 3792 1378 3804 ,
1400 3770 1446 3805 qui
1457 3768 1629 3796 scilicetcum
1638 3773 1707 3794 terra
1720 3768 1745 3794 St
1755 3765 1963 3802 possellionibus
1975 3768 2059 3796 vendi
2068 3775 2195 3805 poterat,
2210 3769 2338 3799 utservus
2348 3780 2415 3799 cum

1308 3806 1429 3844 peculio.
1453 3805 1472 3834 1.
1494 3805 1537 3834 Ne
1548 3804 1661 3832 diutius.
1674 3813 1715 3833 20v
1738 3803 1768 3832 C.
1782 3804 1816 3832 de
1829 3805 1944 3839 Agricol.
1956 3806 2108 3835 &Ck‘nlitiS.

1290 3844 1436 3881 Ascriptitii
1450 3843 1542 3871 vocari
1552 3841 1662 3878 possunt
1670 3840 1765 3870 Latine
1775 3841 1804 3870 in
1812 3836 1937 3879 collegiis
1947 3843 2151 3880 magistratuum
2160 3865 2167 3878 ,
2188 3844 2235 3881 qui
2244 3845 2327 3881 vulgo
2334 3844 2415 3873 Crea-

1308 3883 1329 3911 ti
1342 3883 1367 3910 81
1377 3880 1586 3909 extraordinarii
1595 3880 1752 3908 vocitantur
1763 3901 1771 3913 ,
1792 3886 1823 3908 ut
1833 3880 1962 3909 nonnulli
1975 3881 2037 3910 sunt
2051 3881 2136 3910 hodie
2149 3882 2220 3910 inter
2231 3882 2375 3911 rationales
2388 3884 2414 3912 St

1309 3919 1451 3957 prae‘sectos
1461 3917 1686 3952 ratiociniorum,
1710 3927 1778 3954 quos
1798 3917 1921 3947 Clericos
1937 3918 2131 3956 magistrosque
2150 3928 2349 3958 computorum
2368 3929 2416 3957 ap-

1307 3955 1454 3993 pellamus.
1496 3955 1620 3984 Budaeiis.

1287 3993 1438 4030 Ascriptitii
1450 4013 1458 4028 ,
1480 3993 1567 4022 veluti
1583 3991 1704 4028 Quidam
1717 3992 1810 4030 scripti
1826 3993 2005 4030 dicebantur,
2027 3995 2075 4031 qui
2086 3994 2247 4032 supplendis
2257 3992 2414 4032 legionibus

1305 4030 1518 4061 ascribebantur.
1558 4030 1618 4060 Hos
1629 4031 1654 4059 ἃ
1675 4030 1814 4061 Adcensos
1822 4032 1957 4098 Idilcebant
1966 4054 1973 4067 ‚
1996 4032 2073 4069 quod
2094 4033 2130 4061 ad
2144 4032 2290 4069 legionum
2302 4031 2416 4098 cengum

1660 4085 1665 4087 >
1882 4078 1895 4104 3
2330 4073 2355 4099 el
2369 4077 2417 4099 ent
