2604 4222
193 176 258 214 398
608 163 636 197 C
734 162 759 195 A
856 158 882 192 L

230 248 384 278 Calendurii
397 247 527 279 Curatio,
551 243 663 273 Arcadio
675 242 722 275 JC.
741 240 758 269 1.
773 245 812 271 18.
830 240 850 275 ξ.
865 248 889 267 2.
913 237 945 266 D.
961 236 994 264 de
1006 233 1168 263 muneribus
1187 233 1213 261 {c
1234 230 1347 259 honori-

231 287 282 315 bus
307 286 415 314 dicitur.
454 285 537 313 Vetus
559 283 613 310 huc
638 279 780 316 lnscriptio
801 277 921 313 pertinet
946 274 1020 310 apud
1048 273 1124 301 Grut.
1145 281 1171 307 p.
1191 273 1254 304 446.
1278 278 1305 296 ri.
1320 278 1346 303 7.

233 322 419 353 c'ilRii'sORi
441 319 652 351 CALENDiRi.
689 316 719 345 V.
742 315 880 345 Pitlioemn
901 311 1008 341 Advers.
1029 308 1129 338 subsec.
1146 317 1171 336 2.
1184 320 1208 342 4.
1233 308 1258 336 Sc
1274 305 1344 335 Heu.

236 363 318 391 Notis
331 360 482 397 Cenotaph.
503 356 584 387 rifan.
600 367 626 393 p.
641 364 683 391 37.
826 388 831 394 ,
975 386 980 391 θ
1052 384 1057 390 .

200 399 222 428 C
234 410 250 428 A
262 411 276 427 L
286 408 325 427 rr:
338 409 355 426 n
366 409 383 426 A
393 408 408 426 a
419 409 426 425 i
439 407 455 425 o
466 407 483 424 c
495 406 508 424 a
522 407 538 423 A
548 405 560 422 Ρ
571 404 588 421 H
599 404 616 421 u
627 403 638 420 s
651 415 658 426 ,
679 392 696 420 i.
715 400 752 418 m.
776 389 832 424 Qui
844 385 1092 426 calendariafacin
1342 416 1348 422 .

202 437 225 466 C
236 447 251 465 A
263 446 329 465 LiiN
340 447 358 464 *r
370 445 387 463 u
400 446 417 463 M
434 457 441 468 ,
464 434 565 462 Civitas
579 431 615 459 est
627 428 765 458 ulterioris
777 425 930 462 Hispaniae.
956 425 984 452 iri
1007 432 1059 458 qua
1076 423 1145 450 hunt
1165 420 1262 448 lateres
1273 439 1282 448 ,
1303 426 1350 453 qur

240 475 329 502 {iccaii
342 483 397 502 nori
410 477 568 507 merguntur
579 470 605 496 in
618 477 695 503 aqua.
734 465 803 494 Sunt
814 463 889 492 enim
899 472 914 491 e
925 469 995 490 terra
1006 458 1159 498 pumicosa,
1180 466 1265 494 quum
1279 454 1350 484 subi-

242 512 268 549 gi
279 511 382 548 potest,
403 508 550 538 utililsirna.
573 506 640 534 Plin.
655 504 700 532 lib.
716 511 758 542 35.
772 511 889 543 capffii.
972 536 977 541 ¹
1140 533 1146 541 Ἰ
1283 531 1288 536 Ι

205 549 252 578 CA
265 561 279 576 L
289 552 304 577 E
317 559 333 576 N
347 559 363 576 u
373 559 392 576 M
405 569 412 580 ,
433 547 450 575 i.
470 555 496 574 n.
521 543 654 580 [καληιὲν]
671 540 719 569 ubi
731 539 889 568 {ubauditur
901 535 1060 574 Oppidum,
1071 533 1115 563 vel
1126 532 1173 561 LA
1183 542 1221 560 La
1232 541 1260 566 s,
1282 539 1348 573 ium.

241 586 279 624 pl.
311 586 377 614 Urbs
402 583 558 619 Campaniae
570 601 578 614 ,
609 589 626 608 x
636 590 644 607 ι
654 589 671 607 ν
698 576 822 614 passuum
851 574 974 604 millibus
1007 584 1022 602 a
1041 572 1134 610 Capua
1159 570 1277 601 distans.
1320 576 1349 595 in

241 624 318 655 cuius
330 631 393 659 agro
403 622 498 650 virium
509 619 647 656 optimum
656 618 680 645 Gt
692 614 774 644 dulce
786 613 913 642 nascitur.
938 612 1004 640 Plin.
1014 610 1062 640 lib.
1079 620 1101 646 3.
1117 618 1207 645 cap.5.
1227 605 1350 639 Bovillae,

243 661 353 690 Calatia:
364 682 371 693 ,
393 658 519 687 Casinum
531 678 538 691 ,
560 655 702 684 Calenum.
742 652 787 680 Sic
801 651 897 680 Strabo
910 649 959 678 lib.
974 660 998 682 5.
1037 648 1067 677 V.
1090 647 1155 676 Hor.
1166 658 1192 680 4.
1205 645 1294 674 Carm.
1309 653 1351 672 12.

246 708 288 733 14.
305 699 330 726 Sc
341 695 463 726 Marcell.
476 695 577 724 Donat.
589 692 624 721 ad
635 691 724 720 Tacit.
739 691 807 718 Ann.
821 700 848 724 4.
860 697 904 724 27.
920 689 945 716 ἃ
957 686 1016 715 Cic.
1028 695 1054 722 7.
1071 686 1122 714 Art.
1142 694 1182 712 11.

208 734 256 764 CA
267 746 283 763 L
293 744 333 762 EN
344 743 381 762 us
392 755 400 767 ,
422 744 435 762 a
447 754 454 766 ,
477 742 492 760 u
555 736 604 764 ut,
626 731 693 765 Ager
703 727 830 757 Calenus.
854 726 920 755 Plin.
934 725 980 753 lib.
997 734 1019 760 3.
1033 734 1090 760 cap.
1107 734 1130 758 5.
1154 723 1180 751 61.
1193 720 1293 749 Vinum
1303 718 1353 747 Ca-

244 772 338 800 lenum
349 781 356 805 ς
372 770 447 807 quod
459 738 580 798 abfflute
591 768 674 796 etiam
685 765 820 795 Calenum
832 765 945 794 Horatio
957 760 1129 800 appellatur:
1152 760 1197 797 qui
1210 760 1235 788 δε
1245 756 1354 787 Falcem

244 809 375 838 Calenam
390 808 461 836 dixit
485 817 506 835 i.
521 805 610 834 Carm.
627 814 668 840 31.
684 814 710 838 9.
1318 832 1323 838 ι

207 846 229 875 C
240 856 258 875 A
268 858 283 874 L
293 856 306 874 iz
318 856 335 874 N
347 855 385 874 us
406 844 512 878 Olenus
525 866 533 878 ‚
556 842 688 872 Hetruriae
698 839 893 870 celeberrimus
903 845 978 868 vates
992 837 1053 870 fuit,
1072 836 1118 871 qui
1127 835 1250 864 humano
1263 837 1355 875 capite

245 893 259 912 a
273 884 403 912 Romanis
417 879 662 911 inter’fodiendum
674 880 799 913 invento,
811 877 946 913 missisque
957 876 994 904 ob
1006 875 1034 903 id
1048 884 1063 902 a
1076 874 1177 903 Senatu
1188 871 1293 908 legatis,
1307 879 1353 905 qui

244 922 488 958 percunctarentur
500 919 566 955 quid
580 917 738 946 faciendum
748 916 879 948 censeret,
889 915 910 943 is
920 913 1079 951 praeelarum
1093 911 1122 939 id
1131 911 1356 950 sortunatunique

244 968 378 992 cernens,
400 957 614 993 interrogatione
631 956 659 983 in
675 954 749 983 suam
764 962 875 989 gentem
889 951 1032 980 transferre
1049 949 1164 978 tentavit
1179 958 1183 976 :
1207 946 1357 975 traniiisset-

246 1006 299 1032 que
310 996 382 1024 haud
393 995 477 1023 dubie
488 995 573 1022 fatum
586 994 612 1021 in
633 992 787 1021 iletruriam
799 1013 807 1026 ,
829 991 856 1018 iii
874 989 1027 1027 praemoniti
1042 997 1056 1016 a
1070 987 1127 1015 filio
1146 986 1215 1015 vatis
1226 984 1307 1020 legati
1318 993 1357 1012 re-

245 1033 415 1071 spondilsent
424 1033 502 1061 aliter
512 1038 592 1065 atque
604 1030 776 1059 existimarat.
818 1028 848 1056 V.
877 1028 944 1057 Plin.
960 1025 1007 1055 lib.
1018 1031 1063 1058 ²8-
1083 1034 1142 1061 cap.
1153 1033 1178 1052 2.
1219 1022 1355 1058 [Nomen

245 1072 301 1100 vati
312 1071 418 1100 Olenus
432 1070 501 1104 fuit,
523 1079 537 1098 a
548 1068 677 1101 Calibus,
698 1068 762 1096 loco
773 1065 876 1101 natali,
900 1064 1004 1094 Caleno
1017 1064 1100 1092 dicto.

209 1109 347 1143 CALro,
379 1108 408 1137 V.
431 1117 562 1136 CALoiz.

208 1146 231 1176 C
240 1157 258 1175 A
270 1157 285 1174 L
294 1156 307 1174 s
318 1156 331 1174 Ρ
341 1157 350 1174 ι
359 1155 377 1174 u
386 1156 406 1174 M
420 1168 428 1179 .
451 1144 606 1181 [irem-mhi]
627 1143 773 1180 Oppidum
784 1142 811 1170 in
826 1139 1002 1173 Cenomanis,
1024 1138 1059 1167 ad
1072 1136 1214 1165 decimum
1229 1138 1356 1172 quartum

242 1184 367 1221 lapidem
378 1193 392 1212 a
401 1183 536 1219 Bergomo
552 1203 559 1214 ,
582 1181 700 1210 Brixiam
713 1179 802 1210 versus
814 1201 822 1214 ,
843 1178 877 1207 ad
888 1177 974 1206 colles
985 1177 1014 1205 in
1024 1174 1125 1204 sinistra
1135 1181 1212 1212 parte
1223 1172 1356 1211 positum:

244 1232 260 1250 a
271 1222 395 1250 bonitate
404 1222 460 1249 vini
470 1220 690 1249 denominatum.

208 1259 399 1292 CALEsco,
420 1258 452 1287 In
472 1267 600 1286 CALOR.

206 1296 255 1326 CA
266 1308 281 1325 L
291 1307 305 1325 a
316 1306 352 1325 *ri
363 1318 371 1331 ,
393 1297 405 1332 [
417 1295 539 1329 ΚαλέπιἾ
561 1293 687 1323 Straboni
702 1293 773 1320 inter
784 1289 879 1334 Galliae
895 1288 1012 1326 Belgicae
1030 1287 1110 1317 urbes
1120 1292 1271 1324 ponuntur.
1311 1284 1356 1313 Sic

244 1335 319 1363 enim
330 1333 422 1363 scribit
434 1333 482 1362 lib.
493 1344 518 1367 4.
541 1332 671 1361 Ceterum
684 1330 823 1365 Menapiis
833 1350 841 1363 ,
863 1328 897 1356 ad
918 1336 991 1355 mare
1009 1326 1129 1363 proximi
1142 1324 1202 1354 sunt
1213 1323 1317 1353 Morini
1330 1324 1356 1351 δι

242 1371 400 1405 Bellovaci,
423 1372 448 1400 &
470 1370 613 1403 Ambiani,
645 1370 671 1398 Sc
689 1367 846 1396 Suessiones
855 1387 863 1400 ,
893 1366 919 1394 ἃ
939 1364 1027 1393 Caleti
1038 1385 1046 1397 ,
1068 1362 1151 1399 usque
1171 1362 1205 1391 ad
1224 1361 1356 1398 Sequanae

243 1410 332 1439 amnis
345 1410 462 1439 exitum.
486 1408 624 1437 Hac'tenus
634 1405 738 1435 Strabo
780 1404 886 1433 Horum
898 1411 1009 1439 quoque
1023 1401 1152 1430 meminit
1161 1398 1225 1430 Czes.
1240 1409 1265 1428 2.
1285 1397 1353 1427 Bell.

242 1447 312 1477 Gall.
324 1458 349 1482 4.
391 1446 478 1476 Caleti
491 1455 572 1483 porro
591 1444 664 1473 linea
677 1443 736 1472 vela
749 1449 864 1475 texunt,
885 1442 955 1470 auct.
974 1439 1042 1469 Plin.
1054 1438 1102 1466 lib.
1120 1448 1159 1472 19.
1173 1447 1234 1474 cap.
1251 1446 1272 1465 1.
1296 1435 1356 1464 Pto-

241 1485 307 1514 lem.
320 1484 367 1514 lib.
381 1493 406 1513 2.
420 1493 479 1521 cap.
492 1493 517 1517 9.
539 1482 724 1511 Gessoriacum
734 1479 830 1509 navale
839 1485 921 1508 vocat
934 1477 1032 1506 urbem
1043 1485 1148 1505 eorum.
1161 1475 1247 1511 Vulgo
1259 1475 1353 1502 Calais.

241 1523 326 1552 Aliter
337 1530 429 1551 tamen
440 1521 575 1550 existimat
583 1519 730 1549 Turnebus
739 1540 747 1551 ,
767 1518 860 1554 aitque
880 1516 989 1545 Caletos
999 1513 1120 1552 populos
1131 1512 1184 1542 esse
1196 1513 1223 1540 in
1235 1511 1355 1547 superio-

239 1570 268 1590 re
280 1560 431 1590 Normania
440 1558 511 1588 ultra
522 1558 705 1593 Rotomagurn
717 1555 750 1585 ad
762 1556 860 1584 ostium
878 1554 1011 1591 Sequanae
1020 1574 1028 1587 ,
1050 1561 1119 1589 quos
1134 1550 1219 1579 hodie
1230 1549 1356 1579 Caleten-

239 1595 280 1628 ses
291 1595 462 1636 appellamus
472 1618 479 1631 ,
499 1605 618 1633 quorum
628 1594 733 1632 oppida
742 1593 804 1622 sunt
813 1592 913 1629 Deppa
922 1613 930 1626 ,
952 1591 1047 1620 Portus
1058 1599 1146 1627 nuper
1165 1589 1200 1618 de
1214 1587 1304 1624 Anglis
1316 1596 1355 1615 re-

241 1643 338 1674 ceptus
348 1657 356 1670 ,
378 1644 459 1672 quem
471 1644 519 1672 per
529 1633 632 1662 bellum
644 1632 725 1661 civile
736 1633 952 1667 interceperant,
972 1627 1123 1664 Juliobona
1133 1649 1140 1661 ,
1162 1636 1243 1663 quam
1255 1625 1354 1653 Villam

240 1674 343 1702 bonam
361 1672 530 1710 appellamus
542 1681 549 1701 ε
581 1670 666 1707 idque
685 1669 787 1699 sentire
809 1669 917 1697 videtur
936 1665 1042 1696 Strabo.
1084 1665 1115 1694 V.
1136 1664 1191 1694 loc.
1206 1665 1232 1694 &
1252 1662 1351 1692 Ceilar.

241 1712 339 1748 Geogr.
351 1711 411 1740 Ant.
422 1720 447 1738 2.
465 1719 487 1745 3.
502 1718 546 1745 23»

203 1749 226 1779 C
235 1760 255 1779 A
263 1761 279 1778 L
288 1759 301 1778 r
311 1759 331 1777 T
340 1759 355 1777 R
367 1759 384 1777 A
394 1758 413 1776 N
423 1758 440 1776 u
451 1757 463 1776 s
474 1769 481 1779 .
506 1756 521 1776 a
532 1769 539 1781 ,
561 1755 619 1775 um.
640 1751 686 1780 ut,
710 1744 871 1774 Caletranus
880 1752 942 1780 ager
951 1764 959 1777 ,
980 1751 1039 1770 nori
1050 1741 1134 1777 longe
1154 1749 1169 1768 a
1188 1739 1265 1768 vadis
1274 1738 1355 1767 Vola-

240 1787 353 1816 terranis
363 1787 391 1815 in
403 1784 531 1815 Thuscia.
554 1784 622 1814 Plin.
636 1783 685 1812 lib.
699 1792 723 1818 3.
741 1792 802 1820 cap.
817 1793 840 1818 5.
863 1781 893 1810 Iri
902 1781 1000 1810 eadem
1011 1785 1088 1817 parte
1099 1778 1269 1816 oppidorum
1280 1782 1354 1806 vete—

239 1835 300 1854 rum
312 1825 425 1853 nomina
433 1824 554 1852 retinent
565 1822 620 1858 agri
634 1821 804 1851 Crustumius
815 1842 823 1854 ,
844 1819 1012 1848 Caletranus.

203 1862 455 1892 CALiANASSA
468 1883 476 1897 ,
515 1862 541 1890 ἃ
568 1860 805 1890 CAtrstRA.
846 1857 878 1886 In
917 1862 1192 1885 CALLiANAssA
1219 1853 1245 1883 δι
1269 1861 1354 1881 CAL-

239 1911 256 1929 ι,
264 1911 273 1929 ι
281 1910 300 1929 A
308 1909 327 1928 N
337 1910 347 1928 1
356 1909 374 1927 R
384 1909 411 1928 A.

199 1937 476 1971 CA1,1CADNus‚
508 1935 539 1965 Iri
560 1943 833 1965 CALYCAnNus.

198 1976 422 2005 CALicATus
442 1975 471 2003 in
492 1983 591 2003 CALx
607 1973 686 2011 lapis.

200 2013 437 2047 CALiciJLiJs,
464 2012 495 2041 In
517 2020 641 2040 CALiiL

200 2050 387 2085 CALiDus,
418 2049 449 2079 In
471 2059 601 2078 CALOR.
1242 2076 1246 2078 .

196 2088 460 2118 CALlssNDRUM
475 2109 483 2122 ,
504 2087 521 2116 i.
537 2096 563 2115 n.
587 2081 772 2122 [ιωίὸλυντξον]
793 2084 897 2113 dicitur
921 2087 1033 2112 ornatus
1053 2078 1154 2120 capitis
1183 2078 1349 2113 mulierum,

234 2126 289 2155 sive
304 2125 465 2163 Suppositus
478 2125 571 2159 crinis,
583 2133 666 2161 quem
676 2133 727 2161 pro
739 2121 910 2152 naturalibus
920 2119 1106 2158 accipiebant,
1127 2123 1159 2147 ut
1168 2118 1207 2147 ait
1217 2117 1308 2146 Acron
1321 2115 1352 2144 in

233 2163 303 2194 illud
317 2163 423 2193 Horatii
439 2172 461 2191 1.
478 2163 564 2191 Serm.
584 2167 609 2196 8.
622 2171 667 2198 47.

386 2217 423 2221 ——
436 2199 523 2229 altum
539 2200 651 2236 Saganae
666 2197 842 2228 caliendrum

307 2234 442 2267 Excidere
452 2245 532 2275 atque
543 2237 639 2266 herbas
650 2259 658 2272 ,
678 2242 758 2273 atque
772 2237 824 2264 διε.

231 2276 376 2314 gnificare,
398 2277 424 2305 ἃ
435 2286 450 2304 a
464 2275 559 2304 Graeco
576 2272 710 2307 ’φέὴἣυνσξον
730 2272 833 2301 deduci
851 2277 959 2309 putant.

231 2315 278 2343 bio
289 2336 297 2347 ,
318 2314 365 2343 lib.
378 2317 403 2342 6.
413 2313 448 2342 ad
459 2313 506 2342 fin.
520 2311 665 2342 Falciculre
676 2333 685 2346 ,
707 2310 798 2340 claves
808 2331 816 2345 ,
837 2309 976 2339 caliendra
986 2330 993 2343 ,
1014 2308 1125 2337 fomites
1137 2327 1145 2341 ,
1166 2305 1274 2339 talaria,
1296 2306 1348 2333 ἃς.

195 2353 217 2382 C
227 2362 246 2381 A
255 2355 316 2380 LiG
326 2362 344 2380 A
355 2373 362 2385 ,
383 2361 414 2380 ae.
436 2351 454 2380 f.
478 2347 612 2387 [mma]
634 2350 839 2386 Tegumentum
851 2347 981 2376 tibiarum
991 2345 1117 2379 militare,
1138 2344 1217 2378 cujus
1228 2343 1348 2372 diminu-

229 2390 316 2419 tivum
329 2389 367 2418 est
377 2385 502 2426 caligula.
543 2390 562 2417 A
579 2397 635 2424 quo
654 2387 767 2416 militari
785 2385 976 2415 calceamento
998 2382 1157 2412 Germanici
1177 2380 1249 2410 filius
1267 2380 1348 2409 Caius

229 2427 312 2457 Rom.
334 2427 485 2464 imperator
495 2435 652 2462 cognomen
663 2423 772 2453 l‘ortitus
790 2423 845 2458 est,
868 2422 1000 2459 quoniam
1020 2421 1050 2449 in
1073 2419 1197 2450 exercitu
1214 2419 1348 2448 educatus

229 2465 290 2494 fuit.
333 2464 467 2493 Ausonius
477 2465 505 2492 in
518 2463 701 2493 Monostichis
712 2462 748 2491 de
760 2461 859 2490 ordine
872 2461 1072 2498 Imperatorum
1083 2480 1091 2494 ,

323 2502 426 2537 Caesar,
448 2511 604 2538 cognomen
617 2500 716 2537 Caligae
728 2499 773 2528 cui
787 2499 869 2527 castra
885 2498 1031 2527 dederunt.
1136 2495 1210 2524 Suet.
1220 2493 1249 2522 in
1258 2491 1344 2529 Calig.

249 2550 309 2578 cap.
322 2551 347 2575 9.
389 2539 519 2576 Caliguia:
532 2547 690 2576 cognomen
701 2536 824 2566 castrenli
840 2537 903 2571 joco
914 2534 1011 2568 traxit,
1034 2533 1099 2571 quia
1109 2531 1292 2568 manipulario
1302 2530 1349 2559 ha·-

249 2579 308 2607 bitu
319 2579 391 2606 inter
400 2576 501 2606 milites
511 2575 690 2606 educabatur.
731 2574 815 2604 Erant
830 2574 905 2602 enim
918 2572 1021 2601 milites
1032 2571 1150 2607 caligati.
1173 2569 1242 2599 Plin.
1256 2568 1305 2596 lib.
1319 2577 1345 2604 7.

249 2626 309 2653 cap.
322 2625 365 2650 ⁴3-
383 2616 418 2643 de
430 2615 456 2644 P.
474 2615 604 2643 Ventidio
615 2635 623 2649 ,
646 2613 813 2649 Quanquam
828 2611 964 2640 Masurius
975 2611 1070 2639 aucsor
1080 2609 1117 2637 est
1129 2630 1136 2643 ,
1159 2607 1201 2636 bis
1213 2607 1242 2635 in
1251 2606 1348 2634 trium-

248 2654 305 2691 pho
320 2653 453 2682 duc‘tum:
475 2652 573 2681 Cicero
583 2651 739 2680 mulionem
758 2648 919 2679 castrensem
938 2647 1124 2677 suffaraneum
1142 2644 1240 2675 fuisse:
1262 2643 1349 2681 pluri-

247 2692 285 2720 mi
298 2713 305 2725 ,
326 2693 467 2727 juventam
477 2690 591 2727 inopem
600 2690 628 2718 iri
641 2688 727 2724 caliga
739 2688 851 2716 militari
862 2685 996 2716 tolerasse.

229 2729 322 2766 Caliga
333 2727 523 2765 speculatoria.
562 2728 637 2756 Suet.
652 2728 682 2755 in
694 2725 779 2762 Calig.
794 2735 853 2762 cap.
869 2734 910 2760 52.
946 2724 1011 2759 Quo
1031 2723 1059 2751 in
1076 2721 1141 2750 loco
1161 2718 1346 2757 antiquissima

248 2766 415 2803 exemplaria
424 2763 556 2803 scriptum
567 2764 672 2794 haberit
682 2763 872 2800 Spiculatoria.
914 2761 966 2790 Cui
978 2760 1092 2789 leffioni
1116 2757 1252 2795 astipulari
1270 2757 1347 2786 vide-

245 2812 289 2834 tur
304 2804 450 2833 duffiorum
460 2804 586 2832 omnium
601 2803 716 2840 opinio,
738 2808 768 2829 ut
783 2801 812 2829 lit
826 2799 1009 2837 Spiculatoria
1029 2797 1115 2834 caliga
1131 2806 1186 2833 qua
1200 2794 1347 2824 utebantur

246 2843 312 2871 olim
324 2841 499 2879 Spiculatorii
514 2840 625 2869 milites.
666 2840 730 2869 Erat
739 2844 831 2868 autem
848 2838 882 2866 ad
895 2837 1014 2865 mediam
1028 2835 1110 2871 usque
1121 2834 1217 2863 tibiam
1228 2855 1236 2867 ,
1257 2839 1288 2861 ut
1298 2842 1347 2861 an-

246 2881 320 2917 tiqua
329 2888 464 2908 marmora
472 2878 564 2908 adhuc
575 2878 707 2906 testantur
718 2898 726 2911 ,
748 2882 829 2913 atque
840 2874 877 2904 ita
888 2875 975 2909 facta,
996 2880 1026 2902 ut
1045 2873 1167 2910 superior
1182 2880 1243 2909 pars
1262 2875 1346 2907 caput

245 2918 386 2955 quoddam
394 2916 483 2945 leonis
491 2921 641 2954 appareret.
682 2914 713 2943 V.
736 2923 748 2942 s
757 2924 771 2941 1²
782 2924 794 2941 R
804 2923 820 2942 c
829 2923 847 2941 υ
857 2924 873 2940 L
886 2923 905 2941 Λ
913 2922 932 2940 τ
942 2922 958 2940 o
969 2922 993 2940 R.

226 2955 332 2990 Caligas
344 2955 477 2991 Epicratis
488 2954 602 2983 oratoris
612 2951 720 2986 lascivi,
742 2951 852 2980 videtur
874 2950 972 2979 Cicero
994 2947 1121 2985 accipere
1139 2956 1190 2984 pro
1208 2943 1345 2975 Oratione

243 2992 446 3027 lasciviuscula,
467 3001 552 3028 quum
565 3000 591 3019 2.
605 2992 658 3020 Art.
669 2999 693 3025 3.
708 2989 743 3018 sic
757 2987 865 3022 scribit,
888 2987 1010 3017 Valerius
1027 2985 1166 3015 absolutus
1178 2983 1215 3013 est
1224 2983 1346 3012 Horten-

244 3031 281 3060 sio
294 3030 473 3060 defendente.
516 3029 546 3058 ld
555 3028 692 3063 judicium
708 3027 799 3056 Attilio
809 3026 1003 3054 condonatum
1013 3024 1159 3061 putabatur
1169 3044 1176 3056 ,
1199 3023 1224 3051 6.-
1235 3020 1345 3058 Epicra-

245 3076 301 3097 tem
314 3068 452 3105 suspicor,
475 3073 505 3096 ut
518 3066 627 3101 scribis,
648 3065 777 3094 lascivum
788 3063 875 3092 fuisse.
916 3063 1024 3092 Etenim
1034 3061 1100 3090 mihi
1110 3061 1168 3096 ejus
1178 3058 1271 3095 caligas
1283 3080 1289 3092 ,
1312 3064 1344 3086 ut

245 3106 332 3135 fiisciae
344 3111 450 3135 cretatae
460 3126 467 3139 ‚
490 3114 547 3133 nou
558 3103 713 3141 placebant.
755 3102 794 3131 lta
804 3102 937 3138 interpres
948 3101 1025 3138 Bapt.
1043 3099 1113 3128 Pius.
1158 3097 1251 3133 Longe
1261 3096 1345 3125 aliam

245 3143 502 3181 interpretationem
514 3152 573 3177 quae
588 3142 625 3170 est
640 3140 713 3170 Pauli
726 3140 864 3173 Mummii,
888 3138 917 3167 V.
939 3139 968 3166 in
989 3148 1006 3166 D
1016 3148 1024 3165 1
1034 3146 1052 3165 A
1062 3147 1080 3165 D
1092 3147 1105 3165 ii
1116 3147 1136 3165 M
1148 3146 1175 3165 A.

228 3181 320 3218 Caliga
331 3181 495 3214 Maximini,
520 3179 694 3208 proverbium
705 3178 740 3207 de
754 3178 867 3206 homine
879 3176 934 3205 alto
949 3177 974 3205 &
988 3174 1110 3211 oblongo
1118 3181 1232 3210 corpore
1244 3171 1344 3209 praedi-

245 3224 283 3248 to.
325 3218 482 3247 Erasmusin
494 3217 612 3246 Chiliad.

228 3255 319 3292 Caliga
331 3257 413 3284 etiam
424 3265 473 3292 pro
485 3255 586 3284 Militia
604 3254 650 3283 seu
668 3253 781 3283 Militari
799 3250 966 3289 professione
980 3248 1104 3278 sumitur.
1126 3247 1222 3276 Scnec.
1237 3246 1271 3275 de
1281 3246 1342 3275 Bre-

245 3294 292 3322 vit.
311 3294 375 3322 Vitae
388 3303 448 3330 cap.
463 3301 503 3328 i7.
526 3293 644 3322 Marium
656 3291 743 3327 caliga
758 3290 859 3319 dimisit
876 3290 890 3316 ⁶?
909 3287 1066 3317 consulatus
1077 3293 1195 3314 exercet.
1220 3284 1297 3313 ldem
1308 3284 1343 3312 de

246 3330 337 3359 Benef.
351 3342 374 3365 5.
394 3335 434 3359 16.
456 3330 581 3367 Ingratus
597 3329 627 3359 C.
643 3330 747 3358 Marius
763 3329 797 3357 ad
810 3325 981 3356 consulatum
995 3335 1009 3353 a
1022 3323 1109 3358 caliga
1122 3323 1279 3360 perduftus.
1311 3322 1344 3350 Et

246 3367 387 3403 Inscriptio
411 3375 503 3397 vetus:
544 3368 575 3397 C.
598 3367 706 3396 OPPIO
729 3365 759 3395 C.
781 3365 815 3395 T.
841 3364 906 3393 VEL
935 3360 1101 3392 OMNIBVS
1123 3359 1273 3389 OFFlCllS
1302 3359 1341 3387 lN

246 3403 372 3469 lCilLlGA
392 3405 550 3434 FVNCTO.
593 3405 686 3434 Hicin
700 3404 793 3442 Caliga
809 3401 925 3440 perinde
937 3401 974 3430 est
993 3409 1025 3429 ac
1041 3399 1059 3428 si
1081 3399 1221 3428 diceretur
1241 3398 1270 3425 in
1288 3397 1343 3426 Mi-

258 3448 312 3470 itia.

189 3477 212 3508 C
224 3488 284 3506 ALi
296 3482 391 3507 cA'ru
402 3488 413 3507 s
427 3500 435 3513 ἢ
455 3489 469 3508 a
480 3501 488 3513 ,
509 3490 564 3508 um.
590 3477 769 3515 [mnemia]
790 3476 893 3514 Caligis
905 3475 1028 3504 indutus.
1050 3472 1150 3508 Juven.
1167 3481 1190 3508 3.
1210 3472 1266 3501 Sat.
1279 3480 1340 3508 322.

351 3553 355 3558 ι
381 3530 418 3536 ·-
428 3517 580 3553 Satyraruin
593 3527 644 3553 ego
656 3539 663 3551 ,
686 3517 713 3544 ni
727 3516 814 3553 pudet
826 3515 899 3547 illas,

308 3553 418 3585 Adiutor
428 3554 532 3588 gelidos
541 3555 650 3583 veniam
661 3554 790 3587 caligatus
801 3554 827 3581 iu
837 3561 923 3587 agros.
1017 3550 1034 3578 i.
1048 3558 1072 3577 e.
1096 3545 1178 3576 Velut
1187 3546 1277 3576 audax
1289 3546 1341 3575 mi-

227 3589 266 3618 les
277 3591 383 3632 adiutor
394 3590 537 3627 satyrarum
549 3594 673 3623 veniam,
697 3590 743 3618 riili
754 3591 812 3618 illas
823 3591 875 3619 mei
888 3589 975 3626 pudet
987 3586 1092 3615 auxilii.

227 3627 364 3663 Caligatiis
374 3628 450 3655 miles
463 3650 470 3661 ,
485 3634 538 3664 ‘pro
560 3628 724 3665 [Vlzinipulari
739 3630 763 3656 i&
774 3629 904 3663 gregario.
946 3623 1094 3654 Venuleius
1112 3623 1139 3650 in
1154 3621 1173 3650 l.
1193 3620 1233 3649 De
1244 3620 1339 3649 militi-

246 3664 304 3706 bus.
326 3664 358 3691 D.
371 3666 405 3691 de
417 3664 519 3693 custod.
540 3668 563 3694 ἃ
573 3666 665 3694 exhib.
679 3677 734 3694 reo.
778 3667 800 3694 ls
810 3675 900 3694 ¹iurem
914 3665 959 3700 qui
970 3662 1123 3691 exercitum
1131 3658 1241 3696 accipit.
1252 3659 1336 3687 etiam

244 3711 286 3737 Jus
298 3702 533 3743 animadvertendi
551 3704 577 3730 in
592 3703 692 3731 milites
713 3703 842 3735 caliuatos
866 3703 955 3731 habet.
999 3699 1148 3735 Ulpianus,
1172 3697 1211 3725 De
1230 3696 1271 3724 his
1289 3696 1336 3732 ‘issi

244 3746 375 3779 notantur
387 3740 513 3772 miamin,
535 3739 551 3768 l.
567 3750 591 3768 2.
615 3741 699 3775 Quod
711 3742 746 3768 uit
760 3741 857 3769 i'rzetor
868 3763 875 3773 ,
897 3741 943 3776 qul
953 3738 987 3767 ab
996 3737 1118 3766 exercitu
1131 3733 1254 3763 dimissus
1266 3734 1333 3762 erit:

242 3776 388 3805 Diiriillum
411 3777 535 3812 accipere
556 3778 689 3805 debemus
712 3778 830 3806 militem
852 3777 999 3815 caligarum
1016 3797 1024 3811 ,
1048 3773 1111 3808 vel,
1133 3774 1184 3802 δίε.
1207 3769 1332 3801 Budaeus.

242 3812 272 3841 V.
294 3813 368 3841 Suet.
388 3814 450 3847 Aug.
465 3823 524 3847 cap.
539 3823 581 3846 ας.
606 3818 629 3842 ἁ
642 3815 679 3842 ibi
692 3815 863 3849 interpretes.

185 3851 304 3893 CALic
315 3860 333 3877 A
344 3860 357 3877 i<
369 3860 377 3891 i
389 3860 442 3883 us,
467 3850 523 3883 Adj.
548 3857 576 3878 ut
595 3851 741 3884 (julium-ius
756 3852 858 3881 clavus.
897 3851 963 3880 Plin.
978 3850 1025 3878 lib.
1038 3858 1081 3884 34.
1109 3855 1168 3891 cap.
1187 3856 1228 3881 14.
1252 3845 1334 3875 Aliud

220 3886 418 3916 brevitatelola
430 3886 533 3923 placet,
553 3888 687 3922 clavisque
700 3889 833 3921 caligariis
847 3912 853 3920 ,
867 3890 917 3917 &c
954 3888 992 3916 De
1012 3886 1177 3916 differentiis
1187 3883 1260 3913 ferri.
1300 3878 1332 3912 V.

219 3925 353 3954 Harduin.
367 3931 423 3952 not.
443 3924 476 3952 ad
490 3924 556 3952 Plin.
571 3924 729 3952 &Brill‘onii
741 3927 870 3961 iliitiquit.
883 3927 951 3961 juris
961 3926 1051 3954 select.
1069 3935 1093 3952 2.
1108 3935 1131 3958 5.

180 3963 228 3992 CA
238 3974 254 3992 L
264 3973 274 3991 i
285 3972 331 3991 ΘΑ
341 3971 357 3990 a
366 3972 376 3989 i
388 3971 404 3990 υ
415 3970 427 3990 s
438 3982 446 3997 ,
467 3961 484 3989 i.
500 3971 536 3990 m.
558 3961 713 3997 Caligarum
720 3964 871 3992 confector.
886 3964 997 3993 Firmic.
1019 3962 1069 3991 lib.
1081 3972 1104 3997 3.
1119 3969 1180 3998 cap.
1200 3968 1243 3990 12.
1269 3957 1332 3987 Ful,-

919 2232 971 2262 Alii
983 2231 1199 2270 Operimentum
1210 2229 1307 2267 capitis
1321 2228 1351 2257 li-

1010 2270 1157 2307 Usurpatur
1171 2270 1196 2298 St
1212 2267 1245 2296 ab
1265 2269 1350 2296 Arno—

1389 3094 1671 3126 CAL1G1N68U8‚
1693 3102 1724 3126 a,
1747 3102 1802 3122 um.
1837 3090 1985 3129 [ζοφώὶὶςἹ
2013 3090 2156 3130 geroam]
2190 3093 2249 3128 Adj.
2279 3099 2326 3126 ut,
2357 3090 2534 3128 Caliginosum
2557 3091 2581 3131 ,²

1387 3544 1508 3574 CALic
1519 3555 1527 3572 1
1538 3554 1557 3572 N
1568 3546 1582 3572 i1:
1594 3554 1609 3572 u
1621 3553 1648 3576 s,
1670 3553 1703 3577 a,
1724 3553 1779 3572 um.
1801 3542 1879 3572 Aliud
1898 3543 1955 3577 Adi.
1983 3543 2125 3572 Gratiusin
2137 3543 2306 3581 Cyncgetico
2317 3564 2325 3578 ,
2346 3551 2371 3572 v.
2387 3545 2429 3578 56.

1387 3620 1557 3653 CALYuo,

1835 146 1863 179 C
1962 147 1988 180 A
2086 147 2112 181 L

1438 223 1531 267 lones,
1552 223 1596 252 seu
1612 223 1732 272 caligarii
1745 246 1752 257 ,
1775 224 1827 254 sive
1841 226 1945 255 lanai-ii.
1968 227 2045 255 idem
2058 227 2104 255 lib.
2117 237 2143 260 4.
2163 236 2222 263 cap.
2239 235 2263 261 7.
2286 226 2378 256 Faciet
2414 226 2517 258 ellarios
2574 256 2575 260 ,

1431 271 1575 308 coriarius,
1598 265 1816 307 c.iiigarius,&c.
1855 263 2091 303 Vetusinscriptio
2103 264 2215 294 Romre:
2238 265 2273 301 Q
2300 263 2385 293 LAEV
2402 264 2436 294 O.
2460 266 2492 302 Q.
2507 253 2534 298 Fi
2573 274 2576 282 ’

1431 298 1598 343 TrcijiCO
1619 299 1820 329 Crislssxllilt).
1861 302 1904 330 DF,
1938 303 2022 331 vico
2057 302 2156 332 CYlJR.
2181 302 2263 332 NAT.
2286 302 2424 331 THRAX.
2445 301 2527 335 DOM
2573 294 2575 300 λ

1435 337 1519 367 PAR}
1530 337 1614 366 HEN.
1627 337 1712 373 Spuri.
1727 336 1805 367 Misc.
1817 337 1897 368 Erud.
1912 340 1999 375 Antiq.
2023 341 2044 377 §.
2058 343 2082 368 6.
2104 350 2130 377 p.
2147 349 2210 369 220.
2529 328 2535 335 ’

1397 376 1603 405 CALicfiais
1617 396 1625 408 ,
1647 383 1671 402 e.
1695 374 1760 403 Pliii.
1775 376 1821 404 lib.
1839 387 1863 411 9.
1882 386 1942 414 cap.
1962 383 2002 410 13.
2045 377 2075 406 In
2093 376 2191 420 quibus
2210 376 2298 413 pisces
2315 376 2442 406 omnibus
2463 380 2536 411 annis

1434 412 1614 449 Vergiliarum
1632 418 1694 455 ortu
1714 413 1831 442 existunt
1845 414 1961 451 squamis
1976 414 2138 453 conspicui,
2161 415 2263 445 crebris
2283 421 2365 451 atque
2383 417 2521 452 praeacutis

1435 450 1575 479 clavorum
1587 449 1744 485 caligarium
1757 450 1854 487 effigie.
2528 439 2536 454 ³

1398 488 1619 519 CALiGiJLA.
1643 497 1673 515 ae.
1695 487 1713 515 f.
1738 487 1897 518 Diminutiv.
1920 488 1951 517 V.
1975 498 2131 518 CALiGA.

1435 525 1465 555 C.
1489 524 1574 554 Casas
1585 523 1708 568 Caligula
1733 524 1908 570 [ssff‘ffmss]
1929 526 2087 556 Germanici
2099 536 2134 555 ex
2149 526 2295 564 Agrippina
2305 525 2388 561 filius,
2400 527 2440 557 M.
2451 527 2539 573 Agrip.
2594 547 2600 552 ·=

1454 572 1541 606 pieex
1552 562 1702 605 ,Iulia-Aug.
1718 563 1773 606 fiiia
1787 573 1875 600 nepos
1884 586 1891 599 ,
1901 565 1926 593 δι
1938 574 1987 601 per
1999 564 2070 593 hanc
2079 564 2187 601 Augusti
2202 573 2351 602 pronepos,
2362 565 2504 602 pueritiam
2512 575 2541 598 in
2572 571 2573 574 ’
2597 583 2601 599 i

1454 602 1543 630 castris
1553 606 1663 643 exegit,
1686 607 1756 644 patri
1767 611 1795 629 in
1806 600 2123 639 Germanica&Syriaca
2143 601 2323 639 expeditione
2339 612 2439 632 comes.
2477 603 2541 636 Inde
2599 619 2601 623 ,

1453 637 1575 667 reversus
1588 647 1707 681 primum
1719 649 1748 666 in
1763 640 1875 674 matris,
1897 639 1999 668 deinde
2018 639 2136 676 relegata
2154 639 2206 669 hac
2219 640 2248 668 in
2259 639 2340 670 Liviae
2349 640 2464 678 proaviae
2482 640 2530 672 suae
2569 634 2571 672 ζ
2593 659 2597 669 i

1454 676 1641 718 nefandaque
1650 685 1681 704 ea
1693 686 1722 719 in
1740 677 1805 705 aviae
1826 678 1951 706 Antoniae
1969 676 2155 706 contubernio
2175 677 2289 712 mansit,
2311 678 2402 706 donec
2419 665 2541 715 vigesimii
2570 707 2571 710 ,
2589 670 2601 710 ,’

1453 720 1539 743 {etatis
1552 723 1626 756 anno¹
1637 724 1651 742 a
1665 712 1777 743 Tiberio
1788 724 1898 752 capreas
1909 714 2023 749 accitus,
2033 721 2063 743 ut
2074 715 2109 744 ad
2123 714 2197 752 spem
2205 714 2379 744 successionis
2388 715 2542 748 admovere.
2570 719 2573 748 ι’
2597 735 2600 738 -

1453 758 1495 780 tur
1505 750 1628 787 obsequii
1643 753 1667 780 Sc
1678 752 1788 795 pietatis
1797 752 1967 782 simulatione
1978 752 2179 789 obtinuit.Quo
2189 752 2356 786 mortuo,vel
2365 753 2457 790 potius
2465 754 2541 792 ipsius
2569 758 2573 786 l
2592 748 2600 785 i.

1454 799 1538 825 opera
1549 795 1647 817 necato
1660 790 1836 832 ,amperium
1854 789 1958 819 summa
1975 790 2101 820 omnium
2119 791 2251 820 ordinum
2271 790 2414 819 voluntate
2431 791 2542 829 adeptus
2569 799 2573 830 ῐ
2593 810 2600 824 i.

1455 827 1509 869 est..
1541 826 1595 855 Sed
1606 827 1681 854 brevi
1693 827 1903 864 erumpentibus
1915 837 1978 856 cum
1988 828 2159 865 principatus
2170 827 2282 857 licentia
2292 833 2396 857 naturae
2409 828 2479 858 vitiis
2488 830 2542 867 pla.
2587 843 2601 870 (Ἰ,

1456 874 1491 907 ne
1503 873 1531 892 iri
1541 863 1691 907 monstruni
1703 864 1897 902 degeneravit,
1919 874 1950 893 ac
1963 864 2109 902 tyrannide
2117 866 2247 895 omnibus
2259 866 2356 895 exosus
2367 875 2440 895 anno
2451 873 2541 904 quarto
2584 871 2601 903 ij>

1454 911 1565 948 imperii
1576 912 1632 945 non
1647 904 1760 945 exaCto,
1782 903 1899 932 duorum
1909 902 2082 932 tribunorum
2094 903 2323 941 praetorianorum
2336 903 2417 932 Cassii
2431 898 2542 937 Chaereae
2569 902 2601 947 μζ

1455 941 1480 983 §a
1495 939 1616 968 Cornelii
1628 939 1723 968 Sabini
1736 950 1818 969 manu
1835 941 1863 969 in
1880 941 1956 969 aditu
1970 941 2068 972 theatri
2083 940 2166 970 caesus
2187 941 2233 971 est.
2274 942 2340 971 Haec
2360 951 2394 970 ex
2407 941 2480 972 Suet.
2497 945 2541 981 qui
2569 960 2572 968 ι
2590 943 2599 974 il

1456 977 1547 1014 ipsum
1556 987 1613 1005 non
1625 976 1680 1006 alio
1694 987 1774 1013 quarn
1788 978 1847 1013 Caji
1861 977 1969 1007 Caesaris
1982 979 2097 1008 nomine
2107 978 2238 1016 appellat.
2259 980 2304 1009 Sic
2317 980 2344 1009 ὀὶ
2357 979 2540 1016 Seneca,Tac.
2568 969 2599 996 31⁴

1455 1025 1495 1052 pr.
1510 1014 1603 1044 Annal.
1617 1016 1643 1044 &
1654 1014 1749 1053 passim
1761 1025 1866 1046 omnes.
1891 1016 1920 1045 V.
1938 1016 2016 1045 Suid.
2029 1017 2056 1045 in
2067 1017 2150 1046 rabi&-
2164 1018 2190 1046 &
2203 1016 2369 1054 καλλιῃάλαι.
2570 1001 2572 1043 l
2595 1001 2599 1024 i

1400 1052 1563 1088 CALico,
1584 1054 1645 1081 inis.
1668 1053 1686 1082 f.
1708 1054 1847 1090 [W'PQn
1864 1054 1964 1091 <13oeva
1986 1054 2090 1083 Umbra
2101 1064 2135 1084 ex
2151 1054 2321 1092 spissitudine
2339 1054 2409 1083 aeris
2423 1064 2540 1092 procrea-
2567 1046 2571 1087 l
2586 1069 2599 1088 vi

1437 1097 1472 1119 ta.
1495 1090 1566 1127 Virg.
1579 1101 1603 1125 9.
1627 1090 1740 1126 lEn.36.
2597 1109 2599 1115 ·

1488 1166 1493 1171 ι
1515 1128 1585 1165 Qiis
1597 1128 1695 1165 globus
1709 1129 1725 1157 ὁ
1738 1129 1811 1158 cives
1822 1129 1943 1166 caligine
1955 1128 2075 1158 volvitur
2084 1135 2140 1159 atra
2150 1130 2164 1159 ἶ)
2587 1127 2592 1137 ’

1434 1165 1547 1203 Caligo,
1569 1176 1628 1209 quae
1648 1166 1732 1210 vulgo
1749 1166 1851 1196 dleitur
1871 1169 1976 1201 limine,
1998 1170 2089 1194 Broube
2101 1187 2109 1198 ,
2136 1168 2284 1197 Brouillard.
2312 1167 2446 1198 Columel.
2460 1168 2506 1199 lib.
2515 1179 2539 1207 ς.
2569 1190 2571 1202 .
2587 1174 2599 1207 ,ς’

1455 1213 1515 1240 cap.
1530 1214 1551 1232 1.
1577 1203 1650 1232 Vites
1663 1204 1733 1232 firmi
1744 1226 1751 1238 ,
1773 1204 1888 1241 durique
1899 1205 1972 1233 acini
1984 1227 1992 1239 ,
2014 1205 2210 1242 quaruminter
2221 1205 2352 1243 caligines
2363 1217 2421 1237 uvae
2433 1207 2541 1238 deflore-
2568 1222 2569 1235 i
2583 1217 2599 1239 ir.

1454 1241 1534 1270 scunt
1545 1243 1595 1271 ἃς.
1619 1242 1696 1284 Idem
1705 1252 1764 1279 cap.
1778 1252 1803 1271 2.
1818 1253 1856 1280 pr.
1882 1242 1960 1279 Quin
1971 1242 2056 1273 etiam
2070 1244 2184 1281 pruinas
2197 1264 2205 1279 ‚
2228 1244 2409 1282 &caliginem
2419 1266 2427 1280 ,
2453 1246 2478 1274 &
2491 1254 2541 1276 car-
2567 1265 2570 1276 .
2585 1255 2599 1278 a

1455 1278 1611 1323 bunculum
1622 1278 1702 1308 facile
1716 1279 1864 1317 propulsat.
2597 1288 2599 1314 .’

1433 1317 1570 1361 ΌειΙιξζοῃειε
1582 1317 1709 1346 tenebrae.
1732 1355 1737 1361 ·
1753 1317 1812 1347 Cic.
1828 1329 1851 1353 5.
1868 1318 1942 1347 Verr.
1961 1328 2020 1355 ¹77-
2042 1318 2093 1348 Illa
2110 1319 2202 1349 omnis
2220 1319 2341 1357 pecunia
2358 1318 2438 1349 latuit
2455 1320 2483 1349 in
2498 1321 2541 1354 illa
2567 1330 2570 1358 i
2584 1315 2604 1352 ii.

1455 1355 1574 1398 caligine
1588 1365 1619 1383 ac
1631 1355 1768 1390 tenebris⁷
1791 1366 1850 1392 quae
1865 1362 1951 1385 totam
1963 1366 2048 1394 remp.
2063 1363 2123 1386 tum
2135 1363 2347 1395 occupaverant.
2398 1357 2473 1387 ldem
2486 1356 2541 1397 post
2565 1354 2604 1392 lJ-ii'

1455 1394 1514 1422 red.
1527 1403 1557 1436 iri
1568 1393 1630 1422 Seu.
1650 1403 1673 1427 5.
1696 1393 1787 1436 Postea
1795 1403 1859 1422 vero
1891 1404 1954 1423 uam
1972 1396 2023 1424 Sic.
2046 1404 2081 1424 ex
2096 1394 2242 1433 superioris
2258 1396 2323 1424 anni
2344 1394 2542 1433 caligine&te-
2564 1395 2599 1427 ἐ-’τ

1453 1429 1547 1474 nebris
1559 1453 1565 1465 ,
1587 1430 1679 1459 lucem
1695 1440 1724 1459 in
1736 1441 1794 1467 rep.
1806 1429 1866 1461 Kal.
1877 1458 1882 1465 ‚
1895 1442 1938 1461 an.
1955 1431 2089 1470 dispicere
2101 1433 2231 1463 coenistis.
2568 1434 2569 1440 ¹
2603 1418 2604 1442 l

1434 1468 1526 1512 Terris
1545 1468 1665 1497 tenebris
1689 1470 1714 1498 ἃ
1731 1470 1849 1507 caligine
1868 1469 1895 1499 se
1910 1469 2106 1501 Alexandriam
2123 1465 2304 1509 perventuros
2323 1471 2445 1502 arbitrati
2460 1471 2538 1504 sunt?
2567 1458 2604 1506 l(l

1453 1506 1511 1536 Cic.
1524 1516 1549 1535 2.
1564 1507 1599 1535 de
1610 1505 1682 1543 Lege
1695 1508 1781 1543 Agrar.
1798 1516 1844 1543 43.
2566 1512 2569 1523 '¹
2593 1483 2599 1522 l

1434 1545 1497 1574 Atra
1507 1544 1605 1581 caligo.
1628 1544 1701 1581 Virg.
1714 1555 1724 1573 1
1734 1555 1755 1574 i.
1770 1545 1831 1575 AEn.
1844 1547 1907 1581 876.
2590 1533 2595 1543 ⁷

1529 1582 1650 1611 Volvitur
1659 1582 1694 1610 ad
1709 1592 1803 1612 muros
1813 1582 1932 1620 caligine
1944 1582 2071 1613 turbidus
2081 1588 2138 1613 atra

1432 1619 1521 1649 Caeca.
1544 1619 1616 1657 Virg.
1630 1629 1654 1655 3.
1674 1619 1734 1649 AEn.
1748 1630 1811 1657 203.

1525 1657 1594 1687 Tres
1603 1658 1673 1687 adeo
1683 1658 1803 1688 incertos
1816 1668 1888 1689 caeca
1899 1659 2017 1697 caligine
2028 1657 2097 1689 soles

1526 1694 1652 1725 Erramus
1665 1695 1772 1733 pelago.

1433 1732 1531 1762 Densa.
1555 1733 1628 1770 Virg.
1644 1743 1685 1762 12.
1700 1733 1762 1764 AEn.
1780 1738 1844 1771 466.

1433 1771 1559 1807 Nigrans.
1582 1772 1630 1801 Sil.
1641 1770 1690 1800 lib.
1699 1783 1725 1806 ⁴·

1432 1808 1564 1838 Obscura.
1584 1809 1657 1846 Virg.
1669 1810 1699 1837 in
1712 1809 1792 1840 AEtna
1803 1831 1812 1845 ‚

1526 1846 1606 1876 Illinc
1623 1846 1736 1876 obscura
1745 1847 1851 1886 semper
1864 1848 1982 1886 caligine
1993 1848 2091 1879 nubes.
2541 1860 2549 1874 ἰ
2572 1876 2583 1879 ,-

1822 1886 1906 1916 Ovid.
1922 1897 1964 1917 ιο.
1976 1887 2046 1917 Met.
2065 1897 2107 1923 54.
2132 1885 2174 1916 De
2193 1886 2322 1922 tramite,
2346 1885 2381 1918 ab
2394 1886 2490 1919 inferis
2507 1887 2540 1919 ad
2562 1897 2573 1915 ι’
2586 1899 2595 1905 ‘-

2229 1583 2329 1614 Pulvis.
2592 1611 2597 1636 ⁸,

2568 1642 2604 1681 sil

1432 1884 1531 1951 Ospaca
1542 1884 1642 1914 densus
1655 1884 1782 1923 caligine.

1432 1933 1615 1997 Piggff‘iiirg.
1630 1969 1656 1989 2.
1669 1959 1768 2004 Geprg.
1782 1969 1844 1998 309.
1930 1978 1967 1984 —
1977 1964 2003 1992 ἃ
2012 1963 2067 1992 ruit
2079 1967 2165 1992 atram

1474 2036 1479 2041 ι
1526 1998 1566 2027 Ad
1577 1997 1680 2041 coelum
1691 2008 1770 2034 picea
1780 1999 1879 2029 crassus
1892 2000 2008 2038 caligine
2018 2000 2132 2030 nubem.

1431 2035 1527 2073 Spissa.
1552 2035 1635 2065 Ovid.
1650 2045 1674 2072 7.
1689 2036 1758 2065 Met.
1771 2043 1831 2072 528.

1431 2073 1536 2102 Subita.
1559 2074 1625 2102 Stat.
1644 2083 1685 2102 10.
1700 2073 1790 2104 Theb.
1804 2085 1866 2111 140.

1431 2110 1585 2140 Terribilis.
1611 2110 1718 2140 Lucret.
1734 2111 1781 2142 lib.
1793 2116 1818 2143 6.
1831 2119 1895 2149 852.
2564 2109 2566 2115 ’
2594 2100 2604 2131 ‘l

1431 2148 1720 2192 metaphorice-Vide
1729 2159 1805 2180 nunc
1813 2151 1962 2188 caliginem
1974 2156 2134 2189 temporum
2143 2149 2264 2181 illorum.
2276 2150 2333 2180 Cic.
2345 2160 2396 2189 pro
2405 2150 2537 2188 Planc.96.
2563 2147 2565 2182 l
2579 2165 2582 2173 =
2595 2160 2596 2163 ’

1430 2187 1514 2223 Quasi
1533 2186 1755 2231 percaliginern..
1790 2189 1818 2218 h.
1831 2199 1855 2219 e.
1879 2189 1961 2225 Quasi
1982 2199 2030 2226 per
2047 2188 2178 2218 nebulam
2204 2191 2230 2219 δι
2248 2189 2390 2218 obscuram
2407 2190 2537 2226 quandam
2561 2193 2571 2219 i.
2585 2197 2597 2220 ’ἑ

1449 2234 1516 2268 reni.
1558 2224 1616 2254 Cic.
1631 2234 1671 2253 12.
1689 2225 1806 2268 Philipp.
1824 2236 1848 2262 3.
1872 2227 1956 2263 Quod
1972 2227 2104 2256 videbam
2118 2227 2267 2264 equidem,
2288 2227 2337 2257 sed
2352 2228 2423 2265 quasi
2442 2235 2541 2266 peren·
2558 2222 2593 2256 lu

1448 2262 1571 2299 liginem.
1612 2262 1806 2305 Perstrinxerat
1816 2265 1903 2294 aciem
1915 2265 2001 2294 animi
2013 2265 2045 2294 D.
2059 2265 2135 2295 Bruti
2147 2264 2226 2295 salus.
2577 2274 2580 2293 i

1431 2300 1578 2343 Abundare
1589 2299 1714 2336 caligine.
1738 2300 1821 2331 Ovid.
1834 2312 1859 2331 2.
1870 2302 1940 2332 Met.
1952 2307 2016 2338 7⁶⁴·

1431 2337 1551 2367 Disculsa
1562 2337 1653 2366 estilla
1663 2338 1752 2374 caligo
1763 2361 1770 2374 ,
1794 2350 1875 2377 quam
1885 2362 1893 2374 ,
1911 2342 1962 2369 ἃς.
1983 2339 2040 2370 Cic.
2055 2350 2097 2370 12.
2111 2339 2231 2378 Philipp.
2246 2351 2271 2376 5.

2594 2322 2597 2335 l

1429 2375 1546 2405 Inducta
1559 2375 1676 2418 caligine
1688 2383 1772 2406 terras
1782 2378 1905 2407 occuluit
1914 2377 1997 2407 Deus.
2020 2377 2104 2409 Ovid.
2120 2388 2142 2407 1.
2159 2378 2226 2407 Met.
2240 2387 2301 2413 599.
2590 2385 2597 2410 'l

1428 2413 1564 2456 Inducere
1585 2413 1733 2457 caliginem
1755 2414 1858 2450 alicui,
1878 2416 2077 2453 metaphorice.
2117 2416 2249 2445 Patercul.
2264 2416 2312 2444 lib.
2323 2424 2348 2444 2.
2363 2417 2406 2450 36.
2423 2424 2446 2444 1.
2473 2414 2540 2445 Con-
2562 2412 2599 2446 ΧΓ]

1447 2450 1545 2480 sulatui
1559 2450 1703 2480 Ciceronis
1714 2461 1770 2480 non
1783 2453 1925 2482 mediocre
1935 2454 2036 2489 adjecit
2051 2454 2136 2483 decus
2148 2461 2228 2483 natus
2237 2464 2270 2482 eo
2280 2463 2354 2482 anno
2364 2453 2444 2482 divus
2456 2452 2538 2490 Augu·
2557 2427 2569 2484 l
2578 2460 2597 2493 »q

1448 2490 1502 2532 stus
1512 2511 1519 2524 ,
1542 2488 1673 2532 omnibus
1685 2491 1811 2519 omnium
1821 2492 1947 2528 gentium
1956 2491 2020 2520 viris
2030 2491 2224 2529 magnitudine
2239 2491 2286 2521 sua
2303 2491 2465 2521 inducturus
2479 2489 2537 2521 cali-
2556 2489 2563 2526 l
2575 2511 2585 2527 η

1449 2534 1552 2563 ginem.
1594 2536 1610 2555 1.
1624 2536 1647 2555 e.
1671 2526 1774 2556 Eorum
1785 2527 1902 2564 gloriam
1912 2528 2116 2559 obscuraturus.
2584 2534 2592 2546 ¹

1429 2563 1536 2594 Mersus
1549 2563 1677 2600 caligine.
1701 2564 1771 2602 Virg.
1784 2570 1810 2594 6.
1826 2566 1887 2596 AEn.
1902 2571 1965 2603 267.

1521 2601 1644 2630 Pandere
1656 2611 1697 2631 res
1708 2602 1762 2632 alta
1771 2610 1841 2633 terra
1851 2626 1858 2639 ,
1884 2605 1909 2634 ἃ
1919 2604 2037 2642 caligine
2051 2604 2158 2634 mersas.

1433 2639 1541 2669 Oborta
1553 2639 1591 2669 est
1606 2640 1791 2683 tantancaligo.
1813 2641 1887 2671 Suet.
1901 2642 2004 2671 Neron.
2019 2652 2079 2680 cap.
2095 2652 2136 2677 19.
2515 2623 2517 2625 ι
2588 2634 2597 2667 'l

1428 2677 1535 2714 Tegere
1546 2683 1629 2706 terras
1640 2677 1757 2720 caligine
1772 2687 1829 2708 nox
1839 2679 1958 2709 dicitur:
1980 2686 2010 2709 ut
2018 2680 2093 2717 apud
2104 2679 2211 2709 Lucret.
2221 2678 2270 2708 lib.
2281 2681 2307 2709 6.
2318 2684 2382 2714 852.
2435 2691 2438 2694 ⁴

1429 2714 1585 2745 Oculorum
1603 2715 1699 2751 caligO.
1726 2714 1910 2753 [ἀμρένςωσις]
1933 2718 1998 2747 Plin.
2020 2718 2125 2753 lib.18.
2150 2727 2210 2754 cap.
2227 2726 2268 2751 η.
2303 2717 2409 2747 Oculos
2425 2721 2534 2756 purgat,
2558 2687 2598 2763 ἒ

1447 2753 1574 2796 medetur
1586 2752 1696 2790 caligini
1706 2754 1822 2783 admisto
1833 2755 1902 2784 lac'te
1914 2755 2073 2786 mulierum.
2113 2756 2158 2786 Sic
2169 2754 2311 2793 saepiffime
2321 2754 2397 2785 alias.

1429 2790 1523 2820 Maris.
1546 2791 1613 2819 Stat.
1624 2802 1649 2824 4.
1669 2790 1758 2820 Theb.
1768 2797 1814 2825 ²8·

1429 2828 1535 2858 Mentis
1548 2837 1619 2858 caeca
1631 2827 1728 2865 caligo.
1751 2828 1838 2858 Catul.
1851 2834 1895 2859 62.
1910 2839 1974 2867 207.

1428 2867 1527 2895 Noctis
1542 2875 1615 2894 caeca
1629 2865 1726 2903 caligo.
1750 2865 1856 2896 Lucret.
1868 2868 1915 2897 lib.
1926 2880 1952 2902 4·
1964 2872 2029 2904 458.

1429 2904 1529 2933 Plenus
1544 2903 1671 2940 caligine.
1693 2904 1760 2942 Stat.
1773 2914 1798 2934 2.
1820 2904 1910 2934 Theb.
1922 2910 1985 2941 685.
2558 2900 2559 2928 l
2583 2923 2591 2930 ·-

1426 2941 1487 2980 Ipse
1495 2940 1690 2984 vapor-erastus
1699 2941 1795 2978 Caligo
1806 2950 1928 2972 vocatur.
1949 2943 2057 2973 Lucret.
2073 2952 2097 2979 5.
2107 2951 2172 2978 294.
2558 2934 2560 2978 l
2582 2943 2593 2957 ”

1507 2979 1641 3021 Lumina,
1666 2980 1822 3022 pendentes
1833 2980 1927 3018 lychni
1938 3002 1945 3013 ,
1968 2980 2101 3018 claraeque
2115 2979 2233 3010 coruscis
2558 2983 2559 2990 ¹
2580 2957 2598 3013 ll

1506 3016 1670 3053 fulguribus
1680 3026 1796 3060 pingues
1808 3018 1894 3061 multa
1903 3018 2022 3055 caligine
2032 3019 2101 3047 tedae
2112 3041 2120 3053 ,
2134 3020 2184 3048 Sec.
2233 3015 2301 3046 Plin.
2311 3015 2359 3045 lib.
2369 3019 2394 3046 ⁶.
2404 3015 2529 3054 Epist.i6.
2556 2999 2560 3039 l
2578 2999 2598 3050 ἦ

1445 3055 1480 3084 de
1490 3062 1579 3083 morte
1589 3054 1718 3083 avunculi
1728 3055 1879 3085 suizStatim
1889 3056 2151 3092 concidit,cralsiore
2164 3055 2285 3091 caligine
2293 3054 2387 3092 spiritu
2395 3054 2534 3083 obstrusto.
2578 3052 2597 3115 ’.τι

1427 3131 1541 3161 coelum.
1582 3129 1641 3173 Cic.
1658 3139 1680 3158 1.
1694 3129 1776 3159 Tusc.
1787 3139 1830 3167 43.
1854 3131 1890 3159 Ut
1900 3138 2026 3168 penetret
2040 3133 2065 3160 ἃ
2076 3131 2181 3160 dividat
2196 3140 2279 3159 omne
2300 3129 2403 3159 coelum
2419 3129 2488 3163 hoc,
2506 3128 2533 3156 ia
2557 3140 2559 3163 l
2594 3136 2597 3159 l

1427 3179 1483 3207 quo
1495 3167 1601 3202 nubes,
1623 3167 1740 3202 imbres,
1762 3168 1891 3205 ventique
1903 3175 2058 3205 coguntur,
2080 3168 2155 3206 quod
2167 3171 2191 3198 ἅ
2208 3168 2356 3198 humidum
2374 3168 2400 3197 δι
2413 3166 2534 3204 caligino—
2556 3169 2559 3188 l

1426 3208 1484 3236 sum
1496 3206 1551 3238 est,
1574 3212 1688 3242 propter
1698 3205 1888 3235 exhalationes
1900 3213 1985 3236 terrae.
2556 3202 2558 3234 ἶ
2596 3223 2597 3227 =

1426 3246 1491 3275 Nox
1501 3243 1656 3279 caliginosa.
1679 3242 1743 3271 Hor.
1756 3252 1779 3279 3.
1791 3243 1879 3272 Carm.
1894 3254 1936 3278 29.
1953 3253 1995 3279 30.
2556 3240 2558 3262 l

1519 3280 1640 3309 Prudens
1650 3280 1734 3309 futuri
1745 3281 1877 3318 temporis
1889 3282 1996 3310 exitum
2556 3266 2558 3284 l

1516 3317 1669 3355 Caliginosa
1677 3319 1760 3347 nocie
1771 3319 1873 3355 premit
1885 3319 1962 3348 deus.

1444 3356 1503 3386 vult
1513 3356 1597 3384 futuri
1609 3356 1741 3392 temporis
1753 3357 1868 3385 exitum.
2555 3377 2557 3383 .

1425 3393 1511 3438 Stella
1520 3393 1674 3429 caliginosa.
1713 3393 1771 3422 Cic.
1788 3403 1810 3422 1.
1824 3393 1859 3422 de
1875 3392 1967 3422 Divin.
1984 3401 2044 3428 130.
2066 3393 2136 3423 Nam
2158 3393 2174 3422 si
2194 3392 2335 3422 obscurior
2352 3393 2377 3422 δι
2391 3391 2460 3428 quasi
2471 3386 2530 3420 call·
2594 3397 2597 3416 ι

1444 3431 1537 3468 ginosa
1550 3430 1623 3460 stella
1633 3431 1755 3459 extiterit
1763 3452 1771 3466 ,
1792 3431 1895 3469 pingue
1906 3432 1931 3460 &a
1942 3437 2104 3460 concretum
2112 3430 2165 3460 else
2180 3430 2294 3460 coelum.
2334 3426 2528 3467 Opponitibid.
2585 3428 2597 3451 ’τ

1446 3469 1543 3499 lllustri
1555 3470 1580 3498 &
1592 3468 1750 3505 perlucida).
2554 3460 2557 3473 ¹

1425 3507 1542 3536 Tractus
1555 3506 1719 3543 caliginosus
1730 3508 1756 3535 Sc
1767 3505 1887 3543 pluvius.
1918 3505 1938 3533 i.
1959 3514 1982 3534 e.
2004 3505 2120 3535 Nebulis
2132 3505 2279 3534 obnoxius.
2302 3502 2369 3533 Plin.
2385 3511 2478 3540 ¹7-22·

2057 3319 2076 3348 i.
2093 3328 2117 3349 e.
2139 3317 2218 3348 Celat
2226 3327 2279 3347 nos
2291 3318 2359 3347 deus
2374 3317 2529 3354 &ignorare
2554 3294 2558 3369 i
2594 3325 2597 3332 ⁴

1504 3581 1552 3611 Vel
1563 3581 1698 3617 caligineo
1707 3580 1823 3610 laxanda
1834 3580 1962 3616 reponito
1972 3580 2058 3610 sumo.

1580 3617 1765 3654 [obposs'moivilm
1786 3618 1962 3653 wessxss'm'm]
1983 3621 2039 3648 are.
2062 3617 2203 3647 Ccecutire.
2554 3637 2555 3652 i

1423 3657 1518 3687 Nubes
1534 3657 1642 3693 caligat.
1666 3655 1737 3692 Virg.
1748 3666 1772 3684 2.
1789 3654 1849 3685 AEn.
1860 3659 1924 3688 605.

1577 3710 1614 3714 —
1625 3703 1744 3730 namque
1755 3701 1866 3722 omnem
1877 3715 1883 3725 ,
1905 3702 1965 3729 quae
1977 3702 2053 3722 nunc
2063 3692 2183 3722 obdudta
2192 3691 2283 3721 tuenti

1502 3731 1635 3760 Mortales
1651 3730 1842 3760 hebr-tarvisus
1854 3730 1903 3759 tibi
1916 3751 1923 3763 ,
1945 3731 1971 3759 δι
1984 3730 2098 3759 humida
2111 3730 2218 3759 circum

1501 3769 1608 3805 Caligat
1619 3791 1627 3802 ,
1649 3769 1752 3797 nubem
1764 3769 1889 3806 eripiam.

1421 3805 1628 3841 Caligantoculi
1644 3806 1792 3835 exsomno.
1814 3805 1883 3834 Cels.
1897 3804 1944 3833 lib.
1959 3813 1985 3833 2.
1997 3814 2056 3842 cap.
2070 3814 2096 3841 7.

1421 3844 1543 3878 Caligare
1555 3845 1684 3872 <licuntur
1696 3853 1797 3872 amnes.
1821 3842 1956 3872 Columel.
1971 3842 2018 3871 lib.
2033 3853 2056 3871 1.
2067 3852 2126 3880 cap.
2145 3851 2168 3877 5.
2553 3863 2554 3867 ,

1420 3880 1544 3916 Caligare
1559 3881 1587 3909 in
1602 3881 1666 3910 sole.
1709 3882 1724 3910 i.
1738 3891 1763 3910 e.
1790 3880 1820 3910 ln
1839 3890 1868 3909 re
1891 3879 2034 3908 clarissima
2050 3879 2195 3909 caecutire:
2217 3879 2292 3917 apud
2309 3873 2426 3914 Quintil.
2445 3871 2490 3903 lib.
2501 3880 2523 3901 1.
2552 3878 2554 3927 ³
2603 3894 2604 3903 i

1439 3928 1498 3954 cap.
1514 3928 1539 3947 2.
1582 3918 1611 3947 V.
1635 3918 1773 3947 Chiliadas
1788 3917 1895 3946 Erasnii.

1419 3956 1525 3992 Caligat
1535 3955 1622 3985 adeas
1632 3966 1674 3986 res
1685 3957 1840 3986 humanum
1850 3964 1947 3993 genus.
1981 3953 2049 3983 Plin.
2060 3953 2109 3983 lib.
2122 3963 2165 3991 30.
2177 3963 2238 3991 cap.
2255 3963 2278 3983 1.
2310 3952 2345 3982 de
2362 3950 2526 4022 origineglrrgaae-
2552 3938 2553 3945 ἵ
