<?xml version="1.0" encoding="UTF-8"?>
<!DOCTYPE html PUBLIC "-//W3C//DTD XHTML 1.0 Transitional//EN"
    "http://www.w3.org/TR/xhtml1/DTD/xhtml1-transitional.dtd">
<html xmlns="http://www.w3.org/1999/xhtml" xml:lang="en" lang="en">
 <head>
  <title>
</title>
<meta http-equiv="Content-Type" content="text/html;charset=utf-8" />
  <meta name='ocr-system' content='tesseract 3.04.00' />
  <meta name='ocr-capabilities' content='ocr_page ocr_carea ocr_par ocr_line ocrx_word'/>
</head>
<body>
  <div class='ocr_page' id='page_1' title='image "./robertistephanil01esti_0534.png"; bbox 0 0 2604 4222; ppageno 0'>
   <div class='ocr_carea' id='block_1_1' title="bbox 182 90 887 132">
    <p class='ocr_par' dir='ltr' id='par_1_1' title="bbox 182 90 887 132">
     <span class='ocr_line' id='line_1_1' title="bbox 182 90 887 132; baseline 0 -8"><span class='ocrx_word' id='word_1_1' title='bbox 182 94 253 132; x_wconf 78' lang='lat'>460</span> <span class='ocrx_word' id='word_1_2' title='bbox 608 92 636 126; x_wconf 90' lang='lat' dir='ltr'>C</span> <span class='ocrx_word' id='word_1_3' title='bbox 732 93 760 126; x_wconf 82' lang='lat' dir='ltr'>A</span> <span class='ocrx_word' id='word_1_4' title='bbox 854 90 887 124; x_wconf 92' lang='lat' dir='ltr'>V</span> 
     </span>
    </p>
   </div>
   <div class='ocr_carea' id='block_1_2' title="bbox 168 162 1334 2055">
    <p class='ocr_par' dir='ltr' id='par_1_2' title="bbox 241 162 1334 357">
     <span class='ocr_line' id='line_1_2' title="bbox 242 162 1333 208; baseline -0.008 -8"><span class='ocrx_word' id='word_1_5' title='bbox 242 170 277 198; x_wconf 84' lang='lat' dir='ltr'>de</span> <span class='ocrx_word' id='word_1_6' title='bbox 292 169 493 208; x_wconf 67' lang='lat' dir='ltr'>magistratibus</span> <span class='ocrx_word' id='word_1_7' title='bbox 504 172 707 203; x_wconf 87' lang='lat' dir='ltr'>conveniendis</span> <span class='ocrx_word' id='word_1_8' title='bbox 720 193 728 206; x_wconf 92' lang='lat'>,</span> <span class='ocrx_word' id='word_1_9' title='bbox 749 170 821 201; x_wconf 88' lang='lat' dir='ltr'>Nam</span> <span class='ocrx_word' id='word_1_10' title='bbox 832 170 999 207; x_wconf 78' lang='lat' dir='ltr'>magistratus</span> <span class='ocrx_word' id='word_1_11' title='bbox 1011 167 1028 196; x_wconf 91' lang='lat' dir='ltr'>fi</span> <span class='ocrx_word' id='word_1_12' title='bbox 1040 171 1115 195; x_wconf 84' lang='lat' dir='ltr'>tanta</span> <span class='ocrx_word' id='word_1_13' title='bbox 1124 165 1180 194; x_wconf 88' lang='lat' dir='ltr'>fuit</span> <span class='ocrx_word' id='word_1_14' title='bbox 1191 162 1333 201; x_wconf 83' lang='lat' dir='ltr'>negligen-</span> 
     </span>
     <span class='ocr_line' id='line_1_3' title="bbox 241 201 1333 246; baseline -0.006 -10"><span class='ocrx_word' id='word_1_15' title='bbox 241 209 278 236; x_wconf 86' lang='lat' dir='ltr'>tia</span> <span class='ocrx_word' id='word_1_16' title='bbox 290 215 319 236; x_wconf 85' lang='lat' dir='ltr'>ut</span> <span class='ocrx_word' id='word_1_17' title='bbox 331 218 443 238; x_wconf 87' lang='lat' dir='ltr'>omnem</span> <span class='ocrx_word' id='word_1_18' title='bbox 461 211 620 240; x_wconf 77' lang='lat' dir='ltr'>cautionem</span> <span class='ocrx_word' id='word_1_19' title='bbox 634 211 794 244; x_wconf 81' lang='lat' dir='ltr'>omitteret,</span> <span class='ocrx_word' id='word_1_20' title='bbox 815 215 924 243; x_wconf 85' lang='lat' dir='ltr'>aequum</span> <span class='ocrx_word' id='word_1_21' title='bbox 944 206 982 234; x_wconf 85' lang='lat' dir='ltr'>est</span> <span class='ocrx_word' id='word_1_22' title='bbox 994 205 1089 233; x_wconf 85' lang='lat' dir='ltr'>haberi</span> <span class='ocrx_word' id='word_1_23' title='bbox 1108 213 1172 246; x_wconf 71' lang='lat' dir='ltr'>euni</span> <span class='ocrx_word' id='word_1_24' title='bbox 1187 201 1333 245; x_wconf 38' lang='lat' dir='ltr'>loco-hde-</span> 
     </span>
     <span class='ocr_line' id='line_1_4' title="bbox 242 238 1334 283; baseline -0.013 -3"><span class='ocrx_word' id='word_1_25' title='bbox 242 245 348 280; x_wconf 74' lang='lat' dir='ltr'>iuli&#39;oris</span> <span class='ocrx_word' id='word_1_26' title='bbox 359 268 367 279; x_wconf 84' lang='lat'>‚</span> <span class='ocrx_word' id='word_1_27' title='bbox 389 255 419 276; x_wconf 84' lang='lat' dir='ltr'>ut</span> <span class='ocrx_word' id='word_1_28' title='bbox 430 248 456 276; x_wconf 70' lang='grc' dir='ltr'><strong>ἃ</strong></span> <span class='ocrx_word' id='word_1_29' title='bbox 468 248 552 277; x_wconf 83' lang='lat' dir='ltr'>haeres</span> <span class='ocrx_word' id='word_1_30' title='bbox 563 249 621 283; x_wconf 88' lang='lat' dir='ltr'>ejus</span> <span class='ocrx_word' id='word_1_31' title='bbox 633 254 766 276; x_wconf 80' lang='lat' dir='ltr'>teneatur.</span> <span class='ocrx_word' id='word_1_32' title='bbox 809 245 836 274; x_wconf 91' lang='lat' dir='ltr'>Si</span> <span class='ocrx_word' id='word_1_33' title='bbox 848 254 914 274; x_wconf 87' lang='lat' dir='ltr'>vero</span> <span class='ocrx_word' id='word_1_34' title='bbox 933 243 1022 272; x_wconf 88' lang='lat' dir='ltr'>cavit:</span> <span class='ocrx_word' id='word_1_35' title='bbox 1045 243 1071 271; x_wconf 68' lang='lat' dir='ltr'>St</span> <span class='ocrx_word' id='word_1_36' title='bbox 1087 248 1154 270; x_wconf 91' lang='lat' dir='ltr'>tunc</span> <span class='ocrx_word' id='word_1_37' title='bbox 1166 241 1261 269; x_wconf 84' lang='lat' dir='ltr'>idonei</span> <span class='ocrx_word' id='word_1_38' title='bbox 1276 238 1334 268; x_wconf 85' lang='lat' dir='ltr'>fue-</span> 
     </span>
     <span class='ocr_line' id='line_1_5' title="bbox 243 277 1334 321; baseline -0.012 -3"><span class='ocrx_word' id='word_1_39' title='bbox 243 291 323 317; x_wconf 66' lang='grc' dir='ltr'>Γῑῐηῑ,</span> <span class='ocrx_word' id='word_1_40' title='bbox 344 285 369 313; x_wconf 71' lang='grc' dir='ltr'>ἃ</span> <span class='ocrx_word' id='word_1_41' title='bbox 381 284 474 321; x_wconf 84' lang='lat' dir='ltr'>postea</span> <span class='ocrx_word' id='word_1_42' title='bbox 485 285 620 314; x_wconf 86' lang='lat' dir='ltr'>desierunt</span> <span class='ocrx_word' id='word_1_43' title='bbox 631 307 637 319; x_wconf 84' lang='lat'>,</span> <span class='ocrx_word' id='word_1_44' title='bbox 659 284 726 313; x_wconf 83' lang='lat' dir='ltr'>sicut</span> <span class='ocrx_word' id='word_1_45' title='bbox 745 282 802 319; x_wconf 87' lang='lat' dir='ltr'>ipse</span> <span class='ocrx_word' id='word_1_46' title='bbox 815 282 987 319; x_wconf 82' lang='lat' dir='ltr'>magistratus</span> <span class='ocrx_word' id='word_1_47' title='bbox 1004 279 1093 317; x_wconf 82' lang='lat' dir='ltr'>probe</span> <span class='ocrx_word' id='word_1_48' title='bbox 1106 277 1243 307; x_wconf 84' lang='lat' dir='ltr'>recusaret</span> <span class='ocrx_word' id='word_1_49' title='bbox 1260 277 1334 305; x_wconf 86' lang='lat' dir='ltr'>hanc</span> 
     </span>
     <span class='ocr_line' id='line_1_6' title="bbox 242 321 1261 357; baseline -0.003 -8"><span class='ocrx_word' id='word_1_50' title='bbox 242 322 400 356; x_wconf 70' lang='lat' dir='ltr'>actionem,</span> <span class='ocrx_word' id='word_1_51' title='bbox 421 322 457 351; x_wconf 86' lang='lat' dir='ltr'>ita</span> <span class='ocrx_word' id='word_1_52' title='bbox 468 324 494 352; x_wconf 74' lang='grc' dir='ltr'>ἃ</span> <span class='ocrx_word' id='word_1_53' title='bbox 504 323 588 352; x_wconf 83' lang='lat' dir='ltr'>haeres</span> <span class='ocrx_word' id='word_1_54' title='bbox 600 321 686 351; x_wconf 85' lang='lat' dir='ltr'>multo</span> <span class='ocrx_word' id='word_1_55' title='bbox 701 321 806 357; x_wconf 87' lang='lat' dir='ltr'>justius.</span> <span class='ocrx_word' id='word_1_56' title='bbox 1256 352 1261 357; x_wconf 33' lang='grc' dir='ltr'>ι</span> 
     </span>
    </p>

    <p class='ocr_par' dir='ltr' id='par_1_3' title="bbox 225 350 1334 506">
     <span class='ocr_line' id='line_1_7' title="bbox 225 350 1334 395; baseline -0.006 -8"><span class='ocrx_word' id='word_1_57' title='bbox 225 358 329 387; x_wconf 66' lang='lat' dir='ltr'>Carere</span> <span class='ocrx_word' id='word_1_58' title='bbox 339 361 365 387; x_wconf 68' lang='grc' dir='ltr'><em>ὰ</em></span> <span class='ocrx_word' id='word_1_59' title='bbox 375 359 507 389; x_wconf 80' lang='lat' dir='ltr'>Satisdare</span> <span class='ocrx_word' id='word_1_60' title='bbox 519 382 526 395; x_wconf 85' lang='lat'>‚</span> <span class='ocrx_word' id='word_1_61' title='bbox 547 358 735 395; x_wconf 75' lang='lat' dir='ltr'>jurisconsulti</span> <span class='ocrx_word' id='word_1_62' title='bbox 748 357 783 386; x_wconf 88' lang='lat' dir='ltr'>fic</span> <span class='ocrx_word' id='word_1_63' title='bbox 795 355 965 392; x_wconf 87' lang='lat' dir='ltr'>distinguunt</span> <span class='ocrx_word' id='word_1_64' title='bbox 974 376 982 389; x_wconf 87' lang='lat'>,</span> <span class='ocrx_word' id='word_1_65' title='bbox 1001 360 1034 383; x_wconf 90' lang='lat' dir='ltr'>ut</span> <span class='ocrx_word' id='word_1_66' title='bbox 1045 353 1101 390; x_wconf 92' lang='lat' dir='ltr'>Qui</span> <span class='ocrx_word' id='word_1_67' title='bbox 1113 352 1184 382; x_wconf 88' lang='lat' dir='ltr'>datis</span> <span class='ocrx_word' id='word_1_68' title='bbox 1196 350 1334 387; x_wconf 72' lang='lat' dir='ltr'>fideiusso-</span> 
     </span>
     <span class='ocr_line' id='line_1_8' title="bbox 243 389 1334 435; baseline -0.005 -11"><span class='ocrx_word' id='word_1_69' title='bbox 243 395 320 424; x_wconf 81' lang='lat' dir='ltr'>ribus</span> <span class='ocrx_word' id='word_1_70' title='bbox 331 406 362 425; x_wconf 86' lang='lat' dir='ltr'>ac</span> <span class='ocrx_word' id='word_1_71' title='bbox 372 396 545 434; x_wconf 80' lang='lat' dir='ltr'>sponsoribus</span> <span class='ocrx_word' id='word_1_72' title='bbox 556 397 714 435; x_wconf 72' lang='lat' dir='ltr'>promittat,</span> <span class='ocrx_word' id='word_1_73' title='bbox 735 393 868 424; x_wconf 80' lang='lat' dir='ltr'>satisdare</span> <span class='ocrx_word' id='word_1_74' title='bbox 887 393 1012 421; x_wconf 79' lang='lat' dir='ltr'>dicatur:</span> <span class='ocrx_word' id='word_1_75' title='bbox 1035 392 1092 428; x_wconf 83' lang='lat' dir='ltr'>Qui</span> <span class='ocrx_word' id='word_1_76' title='bbox 1112 400 1178 420; x_wconf 92' lang='lat' dir='ltr'>vero</span> <span class='ocrx_word' id='word_1_77' title='bbox 1197 390 1253 419; x_wconf 85' lang='lat' dir='ltr'>sine</span> <span class='ocrx_word' id='word_1_78' title='bbox 1268 389 1334 418; x_wconf 78' lang='lat' dir='ltr'>fide.-</span> 
     </span>
     <span class='ocr_line' id='line_1_9' title="bbox 243 428 1334 471; baseline 0 -10"><span class='ocrx_word' id='word_1_79' title='bbox 243 433 390 469; x_wconf 66' lang='lat' dir='ltr'>juii&#39;oribus</span> <span class='ocrx_word' id='word_1_80' title='bbox 401 456 409 469; x_wconf 85' lang='lat'>‚</span> <span class='ocrx_word' id='word_1_81' title='bbox 431 434 542 464; x_wconf 72' lang='lat' dir='ltr'>Cavete.</span> <span class='ocrx_word' id='word_1_82' title='bbox 565 434 625 471; x_wconf 78' lang='lat' dir='ltr'>Uip.</span> <span class='ocrx_word' id='word_1_83' title='bbox 636 434 653 462; x_wconf 88' lang='lat'>1.</span> <span class='ocrx_word' id='word_1_84' title='bbox 667 442 692 462; x_wconf 93' lang='lat'>2.</span> <span class='ocrx_word' id='word_1_85' title='bbox 705 434 725 470; x_wconf 84' lang='lat'>§.</span> <span class='ocrx_word' id='word_1_86' title='bbox 737 436 762 461; x_wconf 85' lang='lat'>⁶.</span> <span class='ocrx_word' id='word_1_87' title='bbox 782 431 815 460; x_wconf 92' lang='lat' dir='ltr'>D.</span> <span class='ocrx_word' id='word_1_88' title='bbox 831 431 866 459; x_wconf 81' lang='lat' dir='ltr'>de</span> <span class='ocrx_word' id='word_1_89' title='bbox 882 430 966 464; x_wconf 84' lang='lat' dir='ltr'>judic·</span> <span class='ocrx_word' id='word_1_90' title='bbox 998 430 1053 458; x_wconf 85' lang='lat' dir='ltr'>Sed</span> <span class='ocrx_word' id='word_1_91' title='bbox 1065 435 1157 458; x_wconf 85' lang='lat' dir='ltr'>utrum</span> <span class='ocrx_word' id='word_1_92' title='bbox 1175 428 1250 471; x_wconf 61' lang='lat' dir='ltr'>nuda</span> <span class='ocrx_word' id='word_1_93' title='bbox 1271 437 1334 456; x_wconf 75' lang='lat' dir='ltr'>cau.</span> 
     </span>
     <span class='ocr_line' id='line_1_10' title="bbox 243 464 1332 506; baseline -0.005 -7"><span class='ocrx_word' id='word_1_94' title='bbox 243 471 340 506; x_wconf 77' lang='lat' dir='ltr'>tione,</span> <span class='ocrx_word' id='word_1_95' title='bbox 359 481 393 500; x_wconf 82' lang='lat' dir='ltr'>an</span> <span class='ocrx_word' id='word_1_96' title='bbox 403 471 546 506; x_wconf 83' lang='lat' dir='ltr'>satisdato,</span> <span class='ocrx_word' id='word_1_97' title='bbox 566 470 725 501; x_wconf 72' lang='lat' dir='ltr'>Mai-cellius</span> <span class='ocrx_word' id='word_1_98' title='bbox 733 469 850 498; x_wconf 86' lang='lat' dir='ltr'>dubitat.</span> <span class='ocrx_word' id='word_1_99' title='bbox 873 467 945 497; x_wconf 81' lang='lat' dir='ltr'>mihi</span> <span class='ocrx_word' id='word_1_100' title='bbox 954 467 1064 496; x_wconf 89' lang='lat' dir='ltr'>videtur</span> <span class='ocrx_word' id='word_1_101' title='bbox 1073 466 1129 495; x_wconf 87' lang='lat' dir='ltr'>sola</span> <span class='ocrx_word' id='word_1_102' title='bbox 1162 464 1332 494; x_wconf 84' lang='lat' dir='ltr'>romiffione.</span> 
     </span>
    </p>

    <p class='ocr_par' dir='ltr' id='par_1_4' title="bbox 226 502 1333 622">
     <span class='ocr_line' id='line_1_11' title="bbox 226 502 1333 546; baseline -0.006 -8"><span class='ocrx_word' id='word_1_103' title='bbox 226 508 298 538; x_wconf 90' lang='lat' dir='ltr'>Cave</span> <span class='ocrx_word' id='word_1_104' title='bbox 313 508 414 544; x_wconf 82' lang='lat' dir='ltr'>facias,</span> <span class='ocrx_word' id='word_1_105' title='bbox 437 510 506 538; x_wconf 79' lang='lat' dir='ltr'>faxis</span> <span class='ocrx_word' id='word_1_106' title='bbox 519 531 528 544; x_wconf 95' lang='lat'>,</span> <span class='ocrx_word' id='word_1_107' title='bbox 548 508 718 546; x_wconf 90' lang='lat' dir='ltr'>responderis</span> <span class='ocrx_word' id='word_1_108' title='bbox 729 529 737 542; x_wconf 94' lang='lat'>,</span> <span class='ocrx_word' id='word_1_109' title='bbox 758 508 783 536; x_wconf 70' lang='grc' dir='ltr'><strong>ἃ</strong></span> <span class='ocrx_word' id='word_1_110' title='bbox 795 504 891 535; x_wconf 80' lang='lat' dir='ltr'>similia</span> <span class='ocrx_word' id='word_1_111' title='bbox 902 526 910 540; x_wconf 85' lang='lat'><strong>‚</strong></span> <span class='ocrx_word' id='word_1_112' title='bbox 929 515 979 543; x_wconf 91' lang='lat' dir='ltr'>pro</span> <span class='ocrx_word' id='word_1_113' title='bbox 996 505 1071 534; x_wconf 85' lang='lat' dir='ltr'>Cave</span> <span class='ocrx_word' id='word_1_114' title='bbox 1087 514 1122 533; x_wconf 92' lang='lat' dir='ltr'>ne</span> <span class='ocrx_word' id='word_1_115' title='bbox 1151 504 1237 533; x_wconf 90' lang='lat' dir='ltr'>eceris</span> <span class='ocrx_word' id='word_1_116' title='bbox 1248 525 1257 536; x_wconf 84' lang='lat'>‚</span> <span class='ocrx_word' id='word_1_117' title='bbox 1279 502 1333 531; x_wconf 84' lang='lat' dir='ltr'>live</span> 
     </span>
     <span class='ocr_line' id='line_1_12' title="bbox 242 540 1331 584; baseline -0.006 -9"><span class='ocrx_word' id='word_1_118' title='bbox 242 546 344 581; x_wconf 85' lang='lat' dir='ltr'>facias,</span> <span class='ocrx_word' id='word_1_119' title='bbox 365 547 588 584; x_wconf 84' lang='lat' dir='ltr'>autrespondeas.</span> <span class='ocrx_word' id='word_1_120' title='bbox 629 546 694 575; x_wconf 88' lang='lat' dir='ltr'>Hor.</span> <span class='ocrx_word' id='word_1_121' title='bbox 704 554 731 574; x_wconf 86' lang='lat'>2.</span> <span class='ocrx_word' id='word_1_122' title='bbox 744 545 830 573; x_wconf 87' lang='lat' dir='ltr'>Serm.</span> <span class='ocrx_word' id='word_1_123' title='bbox 843 551 867 579; x_wconf 90' lang='lat'>3.</span> <span class='ocrx_word' id='word_1_124' title='bbox 882 548 925 578; x_wconf 88' lang='lat'>38.</span> <span class='ocrx_word' id='word_1_125' title='bbox 956 542 1030 572; x_wconf 85' lang='lat' dir='ltr'>Cave</span> <span class='ocrx_word' id='word_1_126' title='bbox 1048 542 1127 572; x_wconf 80' lang='lat' dir='ltr'>saxis.</span> <span class='ocrx_word' id='word_1_127' title='bbox 1147 541 1212 570; x_wconf 87' lang='lat' dir='ltr'>Ter.</span> <span class='ocrx_word' id='word_1_128' title='bbox 1229 540 1331 570; x_wconf 83' lang='lat' dir='ltr'>Heaut.</span> 
     </span>
     <span class='ocr_line' id='line_1_13' title="bbox 246 578 1331 622; baseline -0.005 -10"><span class='ocrx_word' id='word_1_129' title='bbox 246 594 269 618; x_wconf 83' lang='grc' dir='ltr'>ς.</span> <span class='ocrx_word' id='word_1_130' title='bbox 280 595 306 618; x_wconf 90' lang='lat'>4.</span> <span class='ocrx_word' id='word_1_131' title='bbox 318 589 343 617; x_wconf 84' lang='lat'>8.</span> <span class='ocrx_word' id='word_1_132' title='bbox 365 584 397 612; x_wconf 83' lang='lat' dir='ltr'>Et</span> <span class='ocrx_word' id='word_1_133' title='bbox 408 594 475 613; x_wconf 88' lang='lat' dir='ltr'>cave</span> <span class='ocrx_word' id='word_1_134' title='bbox 483 583 606 622; x_wconf 87' lang='lat' dir='ltr'>posthac,</span> <span class='ocrx_word' id='word_1_135' title='bbox 617 583 634 611; x_wconf 92' lang='lat' dir='ltr'>fi</span> <span class='ocrx_word' id='word_1_136' title='bbox 644 592 688 611; x_wconf 91' lang='lat' dir='ltr'>me</span> <span class='ocrx_word' id='word_1_137' title='bbox 699 591 783 615; x_wconf 78' lang='lat' dir='ltr'>amas,</span> <span class='ocrx_word' id='word_1_138' title='bbox 792 590 914 618; x_wconf 89' lang='lat' dir='ltr'>unquam</span> <span class='ocrx_word' id='word_1_139' title='bbox 924 580 994 609; x_wconf 86' lang='lat' dir='ltr'>istuc</span> <span class='ocrx_word' id='word_1_140' title='bbox 1003 580 1118 609; x_wconf 90' lang='lat' dir='ltr'>verbum</span> <span class='ocrx_word' id='word_1_141' title='bbox 1128 589 1162 609; x_wconf 85' lang='lat' dir='ltr'>ex</span> <span class='ocrx_word' id='word_1_142' title='bbox 1172 585 1200 608; x_wconf 92' lang='lat' dir='ltr'>te</span> <span class='ocrx_word' id='word_1_143' title='bbox 1209 578 1331 608; x_wconf 81' lang='lat' dir='ltr'>audiam.</span> 
     </span>
    </p>

    <p class='ocr_par' dir='ltr' id='par_1_5' title="bbox 224 616 1332 733">
     <span class='ocr_line' id='line_1_14' title="bbox 224 616 1331 651; baseline -0.005 -1"><span class='ocrx_word' id='word_1_144' title='bbox 224 620 327 650; x_wconf 79' lang='lat' dir='ltr'>cavere</span> <span class='ocrx_word' id='word_1_145' title='bbox 340 631 384 650; x_wconf 89' lang='lat' dir='ltr'>ne.</span> <span class='ocrx_word' id='word_1_146' title='bbox 424 621 488 651; x_wconf 84' lang='lat' dir='ltr'>Ter.</span> <span class='ocrx_word' id='word_1_147' title='bbox 501 621 602 650; x_wconf 88' lang='lat' dir='ltr'>Heaut.</span> <span class='ocrx_word' id='word_1_148' title='bbox 617 630 643 649; x_wconf 86' lang='lat'>2.</span> <span class='ocrx_word' id='word_1_149' title='bbox 656 628 683 649; x_wconf 86' lang='lat'>2.</span> <span class='ocrx_word' id='word_1_150' title='bbox 695 623 721 648; x_wconf 91' lang='lat'>6.</span> <span class='ocrx_word' id='word_1_151' title='bbox 742 619 832 648; x_wconf 88' lang='lat' dir='ltr'>Etiam</span> <span class='ocrx_word' id='word_1_152' title='bbox 851 628 933 647; x_wconf 76' lang='lat' dir='ltr'>caves</span> <span class='ocrx_word' id='word_1_153' title='bbox 952 628 989 647; x_wconf 90' lang='lat' dir='ltr'>nc</span> <span class='ocrx_word' id='word_1_154' title='bbox 1007 618 1101 647; x_wconf 78' lang='lat' dir='ltr'>videat</span> <span class='ocrx_word' id='word_1_155' title='bbox 1115 617 1196 646; x_wconf 87' lang='lat' dir='ltr'>forte.</span> <span class='ocrx_word' id='word_1_156' title='bbox 1234 616 1291 645; x_wconf 92' lang='lat' dir='ltr'>Cic.</span> <span class='ocrx_word' id='word_1_157' title='bbox 1304 626 1331 650; x_wconf 84' lang='lat'>4.</span> 
     </span>
     <span class='ocr_line' id='line_1_15' title="bbox 241 655 1332 692; baseline -0.005 -5"><span class='ocrx_word' id='word_1_158' title='bbox 241 658 325 687; x_wconf 78' lang='lat' dir='ltr'>Acad.</span> <span class='ocrx_word' id='word_1_159' title='bbox 349 659 449 688; x_wconf 82' lang='lat' dir='ltr'>Nonne</span> <span class='ocrx_word' id='word_1_160' title='bbox 461 668 571 687; x_wconf 85' lang='lat' dir='ltr'>caveam</span> <span class='ocrx_word' id='word_1_161' title='bbox 579 667 615 686; x_wconf 90' lang='lat' dir='ltr'>rie</span> <span class='ocrx_word' id='word_1_162' title='bbox 625 657 710 686; x_wconf 85' lang='lat' dir='ltr'>scelus</span> <span class='ocrx_word' id='word_1_163' title='bbox 724 656 846 686; x_wconf 78' lang='lat' dir='ltr'>faciam?</span> <span class='ocrx_word' id='word_1_164' title='bbox 867 655 944 686; x_wconf 85' lang='lat' dir='ltr'>[dem</span> <span class='ocrx_word' id='word_1_165' title='bbox 962 665 986 692; x_wconf 84' lang='lat'>3.</span> <span class='ocrx_word' id='word_1_166' title='bbox 1001 655 1074 685; x_wconf 85' lang='lat' dir='ltr'>Fam.</span> <span class='ocrx_word' id='word_1_167' title='bbox 1091 664 1134 685; x_wconf 86' lang='lat'>12.</span> <span class='ocrx_word' id='word_1_168' title='bbox 1157 655 1194 684; x_wconf 92' lang='lat' dir='ltr'>Ut</span> <span class='ocrx_word' id='word_1_169' title='bbox 1204 662 1332 684; x_wconf 85' lang='lat' dir='ltr'>caverem</span> 
     </span>
     <span class='ocr_line' id='line_1_16' title="bbox 241 694 1006 733; baseline -0.001 -10"><span class='ocrx_word' id='word_1_170' title='bbox 241 706 276 724; x_wconf 80' lang='lat' dir='ltr'>nc</span> <span class='ocrx_word' id='word_1_171' title='bbox 288 696 332 724; x_wconf 87' lang='lat' dir='ltr'>cui</span> <span class='ocrx_word' id='word_1_172' title='bbox 343 695 522 733; x_wconf 78' lang='lat' dir='ltr'>suspicionem</span> <span class='ocrx_word' id='word_1_173' title='bbox 532 695 594 724; x_wconf 52' lang='lat' dir='ltr'>ficte</span> <span class='ocrx_word' id='word_1_174' title='bbox 605 694 788 724; x_wconf 81' lang='lat' dir='ltr'>reconciliatae</span> <span class='ocrx_word' id='word_1_175' title='bbox 796 694 887 731; x_wconf 69' lang='lat' dir='ltr'>gratiae</span> <span class='ocrx_word' id='word_1_176' title='bbox 901 694 1006 723; x_wconf 85' lang='lat' dir='ltr'>darem.</span> 
     </span>
    </p>

    <p class='ocr_par' dir='ltr' id='par_1_6' title="bbox 221 729 1330 768">
     <span class='ocr_line' id='line_1_17' title="bbox 221 729 1330 768; baseline -0.005 -6"><span class='ocrx_word' id='word_1_177' title='bbox 221 733 322 762; x_wconf 88' lang='lat' dir='ltr'>Cavere</span> <span class='ocrx_word' id='word_1_178' title='bbox 336 740 374 762; x_wconf 88' lang='lat' dir='ltr'>ut.</span> <span class='ocrx_word' id='word_1_179' title='bbox 397 733 481 762; x_wconf 83' lang='lat' dir='ltr'>Plaut.</span> <span class='ocrx_word' id='word_1_180' title='bbox 494 731 594 762; x_wconf 83' lang='lat' dir='ltr'>Bacch.</span> <span class='ocrx_word' id='word_1_181' title='bbox 608 742 631 762; x_wconf 94' lang='lat'>1.</span> <span class='ocrx_word' id='word_1_182' title='bbox 645 742 667 762; x_wconf 89' lang='lat'>1.</span> <span class='ocrx_word' id='word_1_183' title='bbox 679 743 705 768; x_wconf 82' lang='lat'>9.</span> <span class='ocrx_word' id='word_1_184' title='bbox 720 732 798 767; x_wconf 84' lang='lat' dir='ltr'>Quid</span> <span class='ocrx_word' id='word_1_185' title='bbox 807 731 847 760; x_wconf 80' lang='lat' dir='ltr'>isti</span> <span class='ocrx_word' id='word_1_186' title='bbox 856 732 990 760; x_wconf 78' lang='lat' dir='ltr'>caveam?</span> <span class='ocrx_word' id='word_1_187' title='bbox 1002 741 1027 760; x_wconf 80' lang='lat' dir='ltr'>B.</span> <span class='ocrx_word' id='word_1_188' title='bbox 1041 736 1074 760; x_wconf 90' lang='lat' dir='ltr'>ut</span> <span class='ocrx_word' id='word_1_189' title='bbox 1081 730 1194 760; x_wconf 88' lang='lat' dir='ltr'>revehat</span> <span class='ocrx_word' id='word_1_190' title='bbox 1203 729 1330 758; x_wconf 89' lang='lat' dir='ltr'>domum.</span> 
     </span>
    </p>

    <p class='ocr_par' dir='ltr' id='par_1_7' title="bbox 218 767 1334 883">
     <span class='ocr_line' id='line_1_18' title="bbox 218 767 1332 807; baseline -0.004 -7"><span class='ocrx_word' id='word_1_191' title='bbox 218 770 367 806; x_wconf 76' lang='lat' dir='ltr'>Nunquam</span> <span class='ocrx_word' id='word_1_192' title='bbox 383 771 519 807; x_wconf 84' lang='lat' dir='ltr'>caviquid</span> <span class='ocrx_word' id='word_1_193' title='bbox 529 771 665 800; x_wconf 81' lang='lat' dir='ltr'>facerem:</span> <span class='ocrx_word' id='word_1_194' title='bbox 687 771 733 799; x_wconf 80' lang='lat' dir='ltr'>vix</span> <span class='ocrx_word' id='word_1_195' title='bbox 747 770 826 799; x_wconf 91' lang='lat' dir='ltr'>vivus</span> <span class='ocrx_word' id='word_1_196' title='bbox 837 768 896 798; x_wconf 92' lang='lat' dir='ltr'>sum</span> <span class='ocrx_word' id='word_1_197' title='bbox 906 769 996 798; x_wconf 87' lang='lat' dir='ltr'>miser.</span> <span class='ocrx_word' id='word_1_198' title='bbox 1019 768 1106 798; x_wconf 88' lang='lat' dir='ltr'>Plaut.</span> <span class='ocrx_word' id='word_1_199' title='bbox 1125 767 1214 797; x_wconf 86' lang='lat' dir='ltr'>Merc.</span> <span class='ocrx_word' id='word_1_200' title='bbox 1229 778 1253 801; x_wconf 80' lang='grc' dir='ltr'>ς.</span> <span class='ocrx_word' id='word_1_201' title='bbox 1267 776 1290 802; x_wconf 85' lang='lat'>3.</span> <span class='ocrx_word' id='word_1_202' title='bbox 1303 775 1332 796; x_wconf 86' lang='lat'>2.</span> 
     </span>
     <span class='ocr_line' id='line_1_19' title="bbox 239 806 1334 846; baseline -0.003 -10"><span class='ocrx_word' id='word_1_203' title='bbox 239 808 323 844; x_wconf 83' lang='lat' dir='ltr'>Qiod</span> <span class='ocrx_word' id='word_1_204' title='bbox 334 808 438 837; x_wconf 85' lang='lat' dir='ltr'>barbari</span> <span class='ocrx_word' id='word_1_205' title='bbox 451 809 548 837; x_wconf 91' lang='lat' dir='ltr'>dicunt</span> <span class='ocrx_word' id='word_1_206' title='bbox 562 808 717 846; x_wconf 80' lang='lat' dir='ltr'>Respicere.</span> <span class='ocrx_word' id='word_1_207' title='bbox 739 809 764 838; x_wconf 72' lang='grc' dir='ltr'><strong>ἃ</strong></span> <span class='ocrx_word' id='word_1_208' title='bbox 775 807 832 837; x_wconf 86' lang='lat' dir='ltr'>Cic.</span> <span class='ocrx_word' id='word_1_209' title='bbox 841 817 892 845; x_wconf 92' lang='lat' dir='ltr'>pro</span> <span class='ocrx_word' id='word_1_210' title='bbox 906 807 1046 844; x_wconf 59' lang='lat' dir='ltr'>Plane-253.</span> <span class='ocrx_word' id='word_1_211' title='bbox 1063 807 1217 837; x_wconf 84' lang='lat' dir='ltr'>Praecavere</span> <span class='ocrx_word' id='word_1_212' title='bbox 1229 806 1255 835; x_wconf 72' lang='grc' dir='ltr'>ἂ</span> <span class='ocrx_word' id='word_1_213' title='bbox 1266 814 1334 834; x_wconf 81' lang='lat' dir='ltr'>con-</span> 
     </span>
     <span class='ocr_line' id='line_1_20' title="bbox 237 845 701 883; baseline 0.002 -9"><span class='ocrx_word' id='word_1_214' title='bbox 237 845 351 874; x_wconf 82' lang='lat' dir='ltr'>siderare</span> <span class='ocrx_word' id='word_1_215' title='bbox 363 846 439 875; x_wconf 89' lang='lat' dir='ltr'>dicit.</span> <span class='ocrx_word' id='word_1_216' title='bbox 461 846 534 883; x_wconf 87' lang='lat' dir='ltr'>Virg.</span> <span class='ocrx_word' id='word_1_217' title='bbox 548 855 573 880; x_wconf 90' lang='lat'>9.</span> <span class='ocrx_word' id='word_1_218' title='bbox 587 845 644 875; x_wconf 88' lang='lat' dir='ltr'>Ecl.</span> <span class='ocrx_word' id='word_1_219' title='bbox 656 855 701 880; x_wconf 81' lang='lat'>²5·</span> 
     </span>
    </p>

    <p class='ocr_par' dir='ltr' id='par_1_8' title="bbox 308 883 960 958">
     <span class='ocr_line' id='line_1_21' title="bbox 409 883 719 921; baseline 0 -9"><span class='ocrx_word' id='word_1_220' title='bbox 409 899 446 904; x_wconf 84' lang='lat'><strong>—</strong></span> <span class='ocrx_word' id='word_1_221' title='bbox 457 884 568 913; x_wconf 80' lang='lat' dir='ltr'>&amp;inter</span> <span class='ocrx_word' id='word_1_222' title='bbox 579 883 719 921; x_wconf 81' lang='lat' dir='ltr'>agendum</span> 
     </span>
     <span class='ocr_line' id='line_1_22' title="bbox 308 920 960 958; baseline -0.002 -8"><span class='ocrx_word' id='word_1_223' title='bbox 308 920 457 950; x_wconf 85' lang='lat' dir='ltr'>Occursare</span> <span class='ocrx_word' id='word_1_224' title='bbox 467 931 549 958; x_wconf 80' lang='lat' dir='ltr'>capro</span> <span class='ocrx_word' id='word_1_225' title='bbox 570 921 677 956; x_wconf 87' lang='lat' dir='ltr'>(cornu</span> <span class='ocrx_word' id='word_1_226' title='bbox 687 921 751 951; x_wconf 88' lang='lat' dir='ltr'>ferit</span> <span class='ocrx_word' id='word_1_227' title='bbox 761 920 809 950; x_wconf 87' lang='lat' dir='ltr'>ille</span> <span class='ocrx_word' id='word_1_228' title='bbox 822 921 835 955; x_wconf 85' lang='lat'>)</span> <span class='ocrx_word' id='word_1_229' title='bbox 855 925 960 950; x_wconf 84' lang='lat' dir='ltr'>caveto.</span> 
     </span>
    </p>

    <p class='ocr_par' dir='ltr' id='par_1_9' title="bbox 218 955 1290 996">
     <span class='ocr_line' id='line_1_23' title="bbox 218 955 1290 996; baseline -0.001 -10"><span class='ocrx_word' id='word_1_230' title='bbox 218 958 385 987; x_wconf 71' lang='lat' dir='ltr'>Comnrifisl&#39;e</span> <span class='ocrx_word' id='word_1_231' title='bbox 396 964 488 993; x_wconf 78' lang='lat' dir='ltr'>cavet,</span> <span class='ocrx_word' id='word_1_232' title='bbox 510 959 585 996; x_wconf 86' lang='lat' dir='ltr'>quod</span> <span class='ocrx_word' id='word_1_233' title='bbox 597 969 664 988; x_wconf 78' lang='lat' dir='ltr'>mox</span> <span class='ocrx_word' id='word_1_234' title='bbox 675 966 780 988; x_wconf 81' lang='lat' dir='ltr'>inritare</span> <span class='ocrx_word' id='word_1_235' title='bbox 792 959 908 988; x_wconf 87' lang='lat' dir='ltr'>laboret.</span> <span class='ocrx_word' id='word_1_236' title='bbox 932 958 998 988; x_wconf 88' lang='lat' dir='ltr'>Hor.</span> <span class='ocrx_word' id='word_1_237' title='bbox 1018 957 1054 988; x_wconf 90' lang='lat' dir='ltr'>de</span> <span class='ocrx_word' id='word_1_238' title='bbox 1064 957 1126 986; x_wconf 83' lang='lat' dir='ltr'>Arte</span> <span class='ocrx_word' id='word_1_239' title='bbox 1136 955 1212 986; x_wconf 88' lang='lat' dir='ltr'>Poet.</span> <span class='ocrx_word' id='word_1_240' title='bbox 1230 958 1290 990; x_wconf 86' lang='lat'>168.</span> 
     </span>
    </p>

    <p class='ocr_par' dir='ltr' id='par_1_10' title="bbox 215 992 1331 1070">
     <span class='ocr_line' id='line_1_24' title="bbox 215 992 1331 1034; baseline -0.003 -10"><span class='ocrx_word' id='word_1_241' title='bbox 215 996 311 1024; x_wconf 78' lang='lat' dir='ltr'>Caveri</span> <span class='ocrx_word' id='word_1_242' title='bbox 324 996 435 1033; x_wconf 71' lang='lat' dir='ltr'>passive.</span> <span class='ocrx_word' id='word_1_243' title='bbox 476 997 533 1025; x_wconf 84' lang='lat' dir='ltr'>Cic.</span> <span class='ocrx_word' id='word_1_244' title='bbox 548 1005 590 1026; x_wconf 79' lang='lat' dir='ltr'>ro.</span> <span class='ocrx_word' id='word_1_245' title='bbox 603 998 658 1027; x_wconf 84' lang='lat' dir='ltr'>Att.</span> <span class='ocrx_word' id='word_1_246' title='bbox 674 1003 716 1032; x_wconf 84' lang='lat'>18.</span> <span class='ocrx_word' id='word_1_247' title='bbox 739 997 847 1032; x_wconf 85' lang='lat' dir='ltr'>Cetera,</span> <span class='ocrx_word' id='word_1_248' title='bbox 869 1005 929 1034; x_wconf 82' lang='lat' dir='ltr'>quae</span> <span class='ocrx_word' id='word_1_249' title='bbox 940 995 1054 1032; x_wconf 80' lang='lat' dir='ltr'>quidem</span> <span class='ocrx_word' id='word_1_250' title='bbox 1067 993 1182 1025; x_wconf 90' lang='lat' dir='ltr'>consilio</span> <span class='ocrx_word' id='word_1_251' title='bbox 1190 992 1331 1031; x_wconf 90' lang='lat' dir='ltr'>provideri</span> 
     </span>
     <span class='ocr_line' id='line_1_25' title="bbox 235 1033 587 1070; baseline 0.003 -8"><span class='ocrx_word' id='word_1_252' title='bbox 235 1038 366 1070; x_wconf 73' lang='lat' dir='ltr'>poterunt</span> <span class='ocrx_word' id='word_1_253' title='bbox 380 1056 387 1066; x_wconf 87' lang='lat'>,</span> <span class='ocrx_word' id='word_1_254' title='bbox 409 1033 587 1063; x_wconf 77' lang='lat' dir='ltr'>cavebuntur.</span> 
     </span>
    </p>

    <p class='ocr_par' dir='ltr' id='par_1_11' title="bbox 215 1068 1329 1147">
     <span class='ocr_line' id='line_1_26' title="bbox 215 1068 1329 1110; baseline -0.001 -10"><span class='ocrx_word' id='word_1_255' title='bbox 215 1071 335 1100; x_wconf 76' lang='lat' dir='ltr'>cavetur</span> <span class='ocrx_word' id='word_1_256' title='bbox 354 1071 461 1109; x_wconf 72' lang='lat' dir='ltr'>pagana</span> <span class='ocrx_word' id='word_1_257' title='bbox 480 1072 540 1109; x_wconf 84' lang='lat' dir='ltr'>lege</span> <span class='ocrx_word' id='word_1_258' title='bbox 557 1073 586 1101; x_wconf 94' lang='lat' dir='ltr'>in</span> <span class='ocrx_word' id='word_1_259' title='bbox 598 1071 735 1110; x_wconf 85' lang='lat' dir='ltr'>plerisque</span> <span class='ocrx_word' id='word_1_260' title='bbox 749 1071 834 1101; x_wconf 84' lang='lat' dir='ltr'>Italiae</span> <span class='ocrx_word' id='word_1_261' title='bbox 844 1070 954 1109; x_wconf 82' lang='lat' dir='ltr'>praediis</span> <span class='ocrx_word' id='word_1_262' title='bbox 966 1092 974 1105; x_wconf 93' lang='lat'>,</span> <span class='ocrx_word' id='word_1_263' title='bbox 995 1079 1032 1099; x_wconf 90' lang='lat' dir='ltr'>ne</span> <span class='ocrx_word' id='word_1_264' title='bbox 1043 1091 1051 1106; x_wconf 89' lang='lat'>‚</span> <span class='ocrx_word' id='word_1_265' title='bbox 1068 1071 1120 1100; x_wconf 66' lang='grc' dir='ltr'>ἃς.</span> <span class='ocrx_word' id='word_1_266' title='bbox 1141 1068 1210 1099; x_wconf 90' lang='lat' dir='ltr'>Plin.</span> <span class='ocrx_word' id='word_1_267' title='bbox 1223 1068 1271 1098; x_wconf 91' lang='lat' dir='ltr'>lib.</span> <span class='ocrx_word' id='word_1_268' title='bbox 1283 1073 1329 1102; x_wconf 85' lang='lat'>28-</span> 
     </span>
     <span class='ocr_line' id='line_1_27' title="bbox 235 1106 1329 1147; baseline -0.001 -10"><span class='ocrx_word' id='word_1_269' title='bbox 235 1118 324 1146; x_wconf 62' lang='lat' dir='ltr'>capa.</span> <span class='ocrx_word' id='word_1_270' title='bbox 336 1109 393 1138; x_wconf 84' lang='lat' dir='ltr'>Cic.</span> <span class='ocrx_word' id='word_1_271' title='bbox 402 1119 423 1138; x_wconf 85' lang='lat' dir='ltr'>i.</span> <span class='ocrx_word' id='word_1_272' title='bbox 435 1109 469 1138; x_wconf 88' lang='lat' dir='ltr'>de</span> <span class='ocrx_word' id='word_1_273' title='bbox 478 1109 549 1147; x_wconf 88' lang='lat' dir='ltr'>Lege</span> <span class='ocrx_word' id='word_1_274' title='bbox 562 1111 669 1147; x_wconf 83' lang='lat' dir='ltr'>Agr.73.</span> <span class='ocrx_word' id='word_1_275' title='bbox 681 1110 799 1139; x_wconf 85' lang='lat' dir='ltr'>Cavetur</span> <span class='ocrx_word' id='word_1_276' title='bbox 807 1108 978 1144; x_wconf 86' lang='lat' dir='ltr'>neJaniculo</span> <span class='ocrx_word' id='word_1_277' title='bbox 990 1108 1133 1138; x_wconf 87' lang='lat' dir='ltr'>coloniam</span> <span class='ocrx_word' id='word_1_278' title='bbox 1143 1106 1329 1137; x_wconf 82' lang='lat' dir='ltr'>constituatis.</span> 
     </span>
    </p>

    <p class='ocr_par' dir='ltr' id='par_1_12' title="bbox 214 1144 1331 1219">
     <span class='ocr_line' id='line_1_28' title="bbox 214 1144 1331 1214; baseline -0.002 -39"><span class='ocrx_word' id='word_1_279' title='bbox 214 1146 309 1175; x_wconf 80' lang='lat' dir='ltr'>Caveri</span> <span class='ocrx_word' id='word_1_280' title='bbox 319 1148 401 1214; x_wconf 66' lang='grc' dir='ltr'>εὲἰεικη</span> <span class='ocrx_word' id='word_1_281' title='bbox 413 1147 473 1214; x_wconf 50' lang='lat' dir='ltr'>vulf]</span> <span class='ocrx_word' id='word_1_282' title='bbox 488 1148 524 1214; x_wconf 71' lang='lat' dir='ltr'>liis</span> <span class='ocrx_word' id='word_1_283' title='bbox 537 1148 584 1184; x_wconf 86' lang='lat' dir='ltr'>qui</span> <span class='ocrx_word' id='word_1_284' title='bbox 603 1147 695 1178; x_wconf 87' lang='lat' dir='ltr'>secum</span> <span class='ocrx_word' id='word_1_285' title='bbox 708 1148 788 1183; x_wconf 84' lang='lat' dir='ltr'>sunt,</span> <span class='ocrx_word' id='word_1_286' title='bbox 809 1146 942 1185; x_wconf 86' lang='lat' dir='ltr'>quicquid</span> <span class='ocrx_word' id='word_1_287' title='bbox 959 1155 1057 1175; x_wconf 82' lang='lat' dir='ltr'>contra</span> <span class='ocrx_word' id='word_1_288' title='bbox 1076 1145 1169 1183; x_wconf 88' lang='lat' dir='ltr'>legem</span> <span class='ocrx_word' id='word_1_289' title='bbox 1186 1144 1331 1174; x_wconf 58' lang='lat' dir='ltr'>commise.</span> 
     </span>
     <span class='ocr_line' id='line_1_29' title="bbox 233 1185 612 1219; baseline 0.005 -6"><span class='ocrx_word' id='word_1_290' title='bbox 233 1190 305 1214; x_wconf 85' lang='lat' dir='ltr'>runt.</span> <span class='ocrx_word' id='word_1_291' title='bbox 345 1185 384 1214; x_wconf 70' lang='lat' dir='ltr'>ic.</span> <span class='ocrx_word' id='word_1_292' title='bbox 398 1190 422 1219; x_wconf 88' lang='lat'>8.</span> <span class='ocrx_word' id='word_1_293' title='bbox 457 1205 463 1214; x_wconf 84' lang='lat'>.</span> <span class='ocrx_word' id='word_1_294' title='bbox 476 1185 503 1214; x_wconf 91' lang='lat' dir='ltr'>ii</span> <span class='ocrx_word' id='word_1_295' title='bbox 528 1196 535 1205; x_wconf 68' lang='lat'>¹</span> <span class='ocrx_word' id='word_1_296' title='bbox 548 1208 554 1215; x_wconf 94' lang='lat'>.</span> <span class='ocrx_word' id='word_1_297' title='bbox 567 1189 612 1215; x_wconf 91' lang='lat'>26.</span> 
     </span>
    </p>

    <p class='ocr_par' dir='ltr' id='par_1_13' title="bbox 214 1195 1329 1297">
     <span class='ocr_line' id='line_1_30' title="bbox 214 1195 1329 1259; baseline -0.002 -9"><span class='ocrx_word' id='word_1_298' title='bbox 214 1222 387 1252; x_wconf 78' lang='lat' dir='ltr'>Cautumest.</span> <span class='ocrx_word' id='word_1_299' title='bbox 414 1195 599 1258; x_wconf 53' lang='lat' dir='ltr'>Cic-4.pi‘i)cad.</span> <span class='ocrx_word' id='word_1_300' title='bbox 615 1233 659 1259; x_wconf 88' lang='lat'>92.</span> <span class='ocrx_word' id='word_1_301' title='bbox 682 1223 714 1252; x_wconf 72' lang='lat' dir='ltr'>At</span> <span class='ocrx_word' id='word_1_302' title='bbox 723 1221 813 1252; x_wconf 85' lang='lat' dir='ltr'>vitiosi</span> <span class='ocrx_word' id='word_1_303' title='bbox 822 1221 996 1251; x_wconf 85' lang='lat' dir='ltr'>suntSoritae.</span> <span class='ocrx_word' id='word_1_304' title='bbox 1016 1221 1146 1258; x_wconf 85' lang='lat' dir='ltr'>Frangite</span> <span class='ocrx_word' id='word_1_305' title='bbox 1155 1220 1239 1258; x_wconf 88' lang='lat' dir='ltr'>igitur</span> <span class='ocrx_word' id='word_1_306' title='bbox 1248 1229 1298 1250; x_wconf 86' lang='lat' dir='ltr'>eos</span> <span class='ocrx_word' id='word_1_307' title='bbox 1310 1219 1329 1248; x_wconf 86' lang='lat' dir='ltr'>fi</span> 
     </span>
     <span class='ocr_line' id='line_1_31' title="bbox 234 1257 1328 1297; baseline -0.001 -9"><span class='ocrx_word' id='word_1_308' title='bbox 234 1260 345 1297; x_wconf 85' lang='lat' dir='ltr'>potestis</span> <span class='ocrx_word' id='word_1_309' title='bbox 358 1282 366 1294; x_wconf 76' lang='lat'>‚</span> <span class='ocrx_word' id='word_1_310' title='bbox 387 1259 535 1291; x_wconf 84' lang='lat' dir='ltr'>nemolesti</span> <span class='ocrx_word' id='word_1_311' title='bbox 549 1261 616 1291; x_wconf 78' lang='lat' dir='ltr'>sint:</span> <span class='ocrx_word' id='word_1_312' title='bbox 638 1261 813 1295; x_wconf 78' lang='lat' dir='ltr'>eruntenim,</span> <span class='ocrx_word' id='word_1_313' title='bbox 826 1259 876 1288; x_wconf 89' lang='lat' dir='ltr'>nifi</span> <span class='ocrx_word' id='word_1_314' title='bbox 887 1260 1016 1290; x_wconf 81' lang='lat' dir='ltr'>caveatis.</span> <span class='ocrx_word' id='word_1_315' title='bbox 1039 1258 1161 1288; x_wconf 85' lang='lat' dir='ltr'>Cautum</span> <span class='ocrx_word' id='word_1_316' title='bbox 1171 1257 1217 1293; x_wconf 85' lang='lat' dir='ltr'>est,</span> <span class='ocrx_word' id='word_1_317' title='bbox 1228 1258 1328 1295; x_wconf 91' lang='lat' dir='ltr'>inquit.</span> 
     </span>
    </p>

    <p class='ocr_par' dir='ltr' id='par_1_14' title="bbox 212 1296 1330 1403">
     <span class='ocr_line' id='line_1_32' title="bbox 212 1296 1330 1334; baseline -0.003 -6"><span class='ocrx_word' id='word_1_318' title='bbox 212 1298 371 1328; x_wconf 83' lang='lat' dir='ltr'>Utcautum</span> <span class='ocrx_word' id='word_1_319' title='bbox 383 1298 500 1328; x_wconf 85' lang='lat' dir='ltr'>sitmihi.</span> <span class='ocrx_word' id='word_1_320' title='bbox 540 1298 597 1328; x_wconf 85' lang='lat' dir='ltr'>Cic.</span> <span class='ocrx_word' id='word_1_321' title='bbox 609 1308 633 1328; x_wconf 87' lang='lat'>2.</span> <span class='ocrx_word' id='word_1_322' title='bbox 645 1299 719 1332; x_wconf 80' lang='lat' dir='ltr'>Fam.</span> <span class='ocrx_word' id='word_1_323' title='bbox 737 1308 779 1334; x_wconf 92' lang='lat'>17.</span> <span class='ocrx_word' id='word_1_324' title='bbox 816 1297 960 1327; x_wconf 68' lang='lat' dir='ltr'>Laodiceae</span> <span class='ocrx_word' id='word_1_325' title='bbox 974 1307 1020 1326; x_wconf 89' lang='lat' dir='ltr'>me</span> <span class='ocrx_word' id='word_1_326' title='bbox 1051 1296 1138 1326; x_wconf 84' lang='lat' dir='ltr'>raedes</span> <span class='ocrx_word' id='word_1_327' title='bbox 1148 1302 1330 1334; x_wconf 87' lang='lat' dir='ltr'>accepturum</span> 
     </span>
     <span class='ocr_line' id='line_1_33' title="bbox 230 1333 1329 1403; baseline -0.002 -39"><span class='ocrx_word' id='word_1_328' title='bbox 230 1336 345 1403; x_wconf 54' lang='lat' dir='ltr'><strong>mbjttms</strong></span> <span class='ocrx_word' id='word_1_329' title='bbox 356 1337 446 1380; x_wconf 77' lang='lat' dir='ltr'>omnis</span> <span class='ocrx_word' id='word_1_330' title='bbox 456 1336 588 1403; x_wconf 78' lang='lat' dir='ltr'>¹pecunia:</span> <span class='ocrx_word' id='word_1_331' title='bbox 596 1336 731 1375; x_wconf 84' lang='lat' dir='ltr'>publicae,</span> <span class='ocrx_word' id='word_1_332' title='bbox 753 1336 819 1366; x_wconf 85' lang='lat' dir='ltr'>ut&amp;</span> <span class='ocrx_word' id='word_1_333' title='bbox 828 1335 899 1364; x_wconf 90' lang='lat' dir='ltr'>mihi</span> <span class='ocrx_word' id='word_1_334' title='bbox 915 1337 941 1365; x_wconf 75' lang='grc' dir='ltr'>δι</span> <span class='ocrx_word' id='word_1_335' title='bbox 951 1345 1029 1373; x_wconf 88' lang='lat' dir='ltr'>popu</span> <span class='ocrx_word' id='word_1_336' title='bbox 1043 1345 1059 1364; x_wconf 91' lang='lat' dir='ltr'>o</span> <span class='ocrx_word' id='word_1_337' title='bbox 1072 1341 1185 1365; x_wconf 89' lang='lat' dir='ltr'>cautum</span> <span class='ocrx_word' id='word_1_338' title='bbox 1198 1334 1230 1363; x_wconf 89' lang='lat' dir='ltr'>sit</span> <span class='ocrx_word' id='word_1_339' title='bbox 1242 1356 1250 1370; x_wconf 88' lang='lat'>‚</span> <span class='ocrx_word' id='word_1_340' title='bbox 1272 1333 1329 1363; x_wconf 91' lang='lat' dir='ltr'>fine</span> 
     </span>
     <span class='ocr_line' id='line_1_34' title="bbox 231 1383 493 1403; baseline -0.004 0"><span class='ocrx_word' id='word_1_341' title='bbox 231 1383 280 1403; x_wconf 74' lang='lat' dir='ltr'>vet</span> <span class='ocrx_word' id='word_1_342' title='bbox 295 1383 349 1403; x_wconf 79' lang='lat' dir='ltr'>urae</span> <span class='ocrx_word' id='word_1_343' title='bbox 381 1383 453 1403; x_wconf 83' lang='lat' dir='ltr'>ericu</span> <span class='ocrx_word' id='word_1_344' title='bbox 467 1384 493 1402; x_wconf 87' lang='lat' dir='ltr'>o.</span> 
     </span>
    </p>

    <p class='ocr_par' dir='ltr' id='par_1_15' title="bbox 211 1383 1328 1525">
     <span class='ocr_line' id='line_1_35' title="bbox 211 1383 1328 1448; baseline -0.003 -7"><span class='ocrx_word' id='word_1_345' title='bbox 211 1410 330 1441; x_wconf 84' lang='lat' dir='ltr'>Cautum</span> <span class='ocrx_word' id='word_1_346' title='bbox 339 1383 377 1440; x_wconf 66' lang='lat' dir='ltr'>eii</span> <span class='ocrx_word' id='word_1_347' title='bbox 388 1411 433 1441; x_wconf 89' lang='lat' dir='ltr'>de.</span> <span class='ocrx_word' id='word_1_348' title='bbox 472 1411 532 1441; x_wconf 90' lang='lat' dir='ltr'>Cic.</span> <span class='ocrx_word' id='word_1_349' title='bbox 547 1421 570 1441; x_wconf 88' lang='grc'>1.</span> <span class='ocrx_word' id='word_1_350' title='bbox 582 1411 617 1440; x_wconf 86' lang='lat' dir='ltr'>de</span> <span class='ocrx_word' id='word_1_351' title='bbox 627 1410 698 1448; x_wconf 84' lang='lat' dir='ltr'>Lege</span> <span class='ocrx_word' id='word_1_352' title='bbox 709 1411 768 1448; x_wconf 84' lang='lat' dir='ltr'>Agr.</span> <span class='ocrx_word' id='word_1_353' title='bbox 785 1420 828 1441; x_wconf 88' lang='lat'>10.</span> <span class='ocrx_word' id='word_1_354' title='bbox 849 1409 964 1448; x_wconf 80' lang='lat' dir='ltr'>Excipit</span> <span class='ocrx_word' id='word_1_355' title='bbox 973 1409 1002 1438; x_wconf 90' lang='lat' dir='ltr'>in</span> <span class='ocrx_word' id='word_1_356' title='bbox 1011 1408 1141 1447; x_wconf 65' lang='lat' dir='ltr'>vestigali</span> <span class='ocrx_word' id='word_1_357' title='bbox 1151 1408 1328 1446; x_wconf 89' lang='lat' dir='ltr'>imponendo</span> 
     </span>
     <span class='ocr_line' id='line_1_36' title="bbox 230 1446 1328 1486; baseline -0.002 -8"><span class='ocrx_word' id='word_1_358' title='bbox 230 1459 325 1486; x_wconf 80' lang='lat' dir='ltr'>agrum</span> <span class='ocrx_word' id='word_1_359' title='bbox 343 1449 557 1479; x_wconf 77' lang='lat' dir='ltr'>Recentoricum</span> <span class='ocrx_word' id='word_1_360' title='bbox 579 1448 767 1479; x_wconf 75' lang='lat' dir='ltr'>Siciliensem:</span> <span class='ocrx_word' id='word_1_361' title='bbox 789 1449 820 1478; x_wconf 89' lang='lat' dir='ltr'>in</span> <span class='ocrx_word' id='word_1_362' title='bbox 836 1447 993 1478; x_wconf 87' lang='lat' dir='ltr'>vendendis</span> <span class='ocrx_word' id='word_1_363' title='bbox 1009 1448 1082 1486; x_wconf 86' lang='lat' dir='ltr'>agris</span> <span class='ocrx_word' id='word_1_364' title='bbox 1101 1456 1150 1477; x_wconf 82' lang='lat' dir='ltr'>eos</span> <span class='ocrx_word' id='word_1_365' title='bbox 1171 1456 1271 1486; x_wconf 82' lang='lat' dir='ltr'>agros,</span> <span class='ocrx_word' id='word_1_366' title='bbox 1292 1446 1328 1476; x_wconf 86' lang='lat' dir='ltr'>de</span> 
     </span>
     <span class='ocr_line' id='line_1_37' title="bbox 230 1487 620 1525; baseline 0 -9"><span class='ocrx_word' id='word_1_367' title='bbox 230 1487 329 1525; x_wconf 84' lang='lat' dir='ltr'>quibus</span> <span class='ocrx_word' id='word_1_368' title='bbox 339 1494 451 1517; x_wconf 87' lang='lat' dir='ltr'>cautum</span> <span class='ocrx_word' id='word_1_369' title='bbox 464 1487 495 1516; x_wconf 89' lang='lat' dir='ltr'>sit</span> <span class='ocrx_word' id='word_1_370' title='bbox 506 1487 620 1516; x_wconf 75' lang='lat' dir='ltr'>foedere.</span> 
     </span>
    </p>

    <p class='ocr_par' dir='ltr' id='par_1_16' title="bbox 210 1522 1050 1562">
     <span class='ocr_line' id='line_1_38' title="bbox 210 1522 1050 1562; baseline -0.002 -8"><span class='ocrx_word' id='word_1_371' title='bbox 210 1524 330 1555; x_wconf 89' lang='lat' dir='ltr'>Cautum</span> <span class='ocrx_word' id='word_1_372' title='bbox 346 1525 383 1554; x_wconf 88' lang='lat' dir='ltr'>est</span> <span class='ocrx_word' id='word_1_373' title='bbox 399 1524 460 1562; x_wconf 74' lang='lat' dir='ltr'>lege</span> <span class='ocrx_word' id='word_1_374' title='bbox 479 1535 497 1554; x_wconf 81' lang='lat' dir='ltr'>x</span> <span class='ocrx_word' id='word_1_375' title='bbox 508 1536 536 1554; x_wconf 88' lang='lat'>11</span> <span class='ocrx_word' id='word_1_376' title='bbox 552 1524 715 1554; x_wconf 87' lang='lat' dir='ltr'>tabularum.</span> <span class='ocrx_word' id='word_1_377' title='bbox 747 1522 816 1554; x_wconf 91' lang='lat' dir='ltr'>Plin.</span> <span class='ocrx_word' id='word_1_378' title='bbox 828 1523 877 1553; x_wconf 89' lang='lat' dir='ltr'>lib.</span> <span class='ocrx_word' id='word_1_379' title='bbox 889 1525 931 1553; x_wconf 89' lang='grc'>16.</span> <span class='ocrx_word' id='word_1_380' title='bbox 950 1533 1011 1561; x_wconf 85' lang='lat' dir='ltr'>cap.</span> <span class='ocrx_word' id='word_1_381' title='bbox 1026 1533 1050 1558; x_wconf 84' lang='grc' dir='ltr'>ς.</span> 
     </span>
    </p>

    <p class='ocr_par' dir='ltr' id='par_1_17' title="bbox 209 1561 1119 1600">
     <span class='ocr_line' id='line_1_39' title="bbox 209 1561 1119 1600; baseline -0.001 -9"><span class='ocrx_word' id='word_1_382' title='bbox 209 1562 307 1592; x_wconf 87' lang='lat' dir='ltr'>Verbis</span> <span class='ocrx_word' id='word_1_383' title='bbox 319 1561 379 1592; x_wconf 82' lang='lat' dir='ltr'>satis</span> <span class='ocrx_word' id='word_1_384' title='bbox 390 1563 444 1593; x_wconf 86' lang='lat' dir='ltr'>hoc</span> <span class='ocrx_word' id='word_1_385' title='bbox 453 1569 565 1593; x_wconf 83' lang='lat' dir='ltr'>cautum</span> <span class='ocrx_word' id='word_1_386' title='bbox 574 1562 653 1592; x_wconf 77' lang='lat' dir='ltr'>erat?</span> <span class='ocrx_word' id='word_1_387' title='bbox 673 1562 799 1593; x_wconf 89' lang='lat' dir='ltr'>minime.</span> <span class='ocrx_word' id='word_1_388' title='bbox 820 1561 879 1591; x_wconf 86' lang='lat' dir='ltr'>Cic.</span> <span class='ocrx_word' id='word_1_389' title='bbox 892 1571 944 1600; x_wconf 89' lang='lat' dir='ltr'>pro</span> <span class='ocrx_word' id='word_1_390' title='bbox 959 1561 1061 1591; x_wconf 85' lang='lat' dir='ltr'>Caecin.</span> <span class='ocrx_word' id='word_1_391' title='bbox 1075 1568 1119 1596; x_wconf 75' lang='lat'>53.</span> 
     </span>
    </p>

    <p class='ocr_par' dir='ltr' id='par_1_18' title="bbox 209 1596 1327 1677">
     <span class='ocr_line' id='line_1_40' title="bbox 209 1596 1327 1638; baseline -0.003 -8"><span class='ocrx_word' id='word_1_392' title='bbox 209 1600 329 1630; x_wconf 87' lang='lat' dir='ltr'>Cautum</span> <span class='ocrx_word' id='word_1_393' title='bbox 338 1601 376 1630; x_wconf 87' lang='lat' dir='ltr'>est</span> <span class='ocrx_word' id='word_1_394' title='bbox 385 1600 434 1631; x_wconf 91' lang='lat' dir='ltr'>illi.</span> <span class='ocrx_word' id='word_1_395' title='bbox 474 1600 533 1630; x_wconf 85' lang='lat' dir='ltr'>Cic.</span> <span class='ocrx_word' id='word_1_396' title='bbox 548 1612 571 1637; x_wconf 83' lang='lat'>5.</span> <span class='ocrx_word' id='word_1_397' title='bbox 585 1602 636 1630; x_wconf 88' lang='lat' dir='ltr'>Att.</span> <span class='ocrx_word' id='word_1_398' title='bbox 649 1605 675 1634; x_wconf 84' lang='lat'>8.</span> <span class='ocrx_word' id='word_1_399' title='bbox 697 1599 807 1638; x_wconf 85' lang='lat' dir='ltr'>Ulpian.</span> <span class='ocrx_word' id='word_1_400' title='bbox 819 1600 855 1630; x_wconf 90' lang='lat' dir='ltr'>de</span> <span class='ocrx_word' id='word_1_401' title='bbox 871 1598 951 1629; x_wconf 89' lang='lat' dir='ltr'>Verb.</span> <span class='ocrx_word' id='word_1_402' title='bbox 966 1598 1054 1638; x_wconf 75' lang='lat' dir='ltr'>signif.</span> <span class='ocrx_word' id='word_1_403' title='bbox 1082 1597 1204 1628; x_wconf 86' lang='lat' dir='ltr'>Cautum</span> <span class='ocrx_word' id='word_1_404' title='bbox 1223 1596 1327 1628; x_wconf 70' lang='lat' dir='ltr'>intelli.</span> 
     </span>
     <span class='ocr_line' id='line_1_41' title="bbox 229 1637 898 1677; baseline -0.003 -9"><span class='ocrx_word' id='word_1_405' title='bbox 229 1640 303 1675; x_wconf 88' lang='lat' dir='ltr'>gitur</span> <span class='ocrx_word' id='word_1_406' title='bbox 313 1659 321 1674; x_wconf 93' lang='lat'>,</span> <span class='ocrx_word' id='word_1_407' title='bbox 343 1639 395 1668; x_wconf 87' lang='lat' dir='ltr'>sive</span> <span class='ocrx_word' id='word_1_408' title='bbox 411 1638 550 1677; x_wconf 85' lang='lat' dir='ltr'>personis,</span> <span class='ocrx_word' id='word_1_409' title='bbox 570 1638 624 1668; x_wconf 91' lang='lat' dir='ltr'>five</span> <span class='ocrx_word' id='word_1_410' title='bbox 635 1637 718 1667; x_wconf 88' lang='lat' dir='ltr'>rebus</span> <span class='ocrx_word' id='word_1_411' title='bbox 731 1644 845 1668; x_wconf 88' lang='lat' dir='ltr'>cautum</span> <span class='ocrx_word' id='word_1_412' title='bbox 857 1637 898 1667; x_wconf 84' lang='lat' dir='ltr'>fit.</span> 
     </span>
    </p>

    <p class='ocr_par' dir='ltr' id='par_1_19' title="bbox 172 1672 1327 1752">
     <span class='ocr_line' id='line_1_42' title="bbox 172 1672 1327 1712; baseline -0.002 -6"><span class='ocrx_word' id='word_1_413' title='bbox 172 1677 245 1707; x_wconf 76' lang='lat' dir='ltr'>CAv</span> <span class='ocrx_word' id='word_1_414' title='bbox 255 1686 269 1705; x_wconf 78' lang='lat' dir='ltr'>a</span> <span class='ocrx_word' id='word_1_415' title='bbox 277 1686 299 1705; x_wconf 83' lang='lat' dir='ltr'>N</span> <span class='ocrx_word' id='word_1_416' title='bbox 307 1687 326 1705; x_wconf 86' lang='lat' dir='ltr'>D</span> <span class='ocrx_word' id='word_1_417' title='bbox 337 1686 354 1705; x_wconf 92' lang='grc' dir='ltr'>υ</span> <span class='ocrx_word' id='word_1_418' title='bbox 362 1686 375 1706; x_wconf 91' lang='lat' dir='ltr'>s</span> <span class='ocrx_word' id='word_1_419' title='bbox 386 1698 394 1712; x_wconf 95' lang='lat'>,</span> <span class='ocrx_word' id='word_1_420' title='bbox 414 1686 429 1705; x_wconf 89' lang='lat' dir='ltr'>a</span> <span class='ocrx_word' id='word_1_421' title='bbox 438 1698 446 1712; x_wconf 90' lang='lat'>‚</span> <span class='ocrx_word' id='word_1_422' title='bbox 468 1686 525 1706; x_wconf 91' lang='lat' dir='ltr'>um.</span> <span class='ocrx_word' id='word_1_423' title='bbox 547 1672 820 1712; x_wconf 51' lang='grc' dir='ltr'>[ὶυλαζηῖηο-έμῒυῶι]</span> <span class='ocrx_word' id='word_1_424' title='bbox 841 1675 940 1705; x_wconf 87' lang='lat' dir='ltr'>Partic.</span> <span class='ocrx_word' id='word_1_425' title='bbox 959 1673 1016 1703; x_wconf 85' lang='lat' dir='ltr'>Cic.</span> <span class='ocrx_word' id='word_1_426' title='bbox 1029 1683 1056 1709; x_wconf 84' lang='lat'>4.</span> <span class='ocrx_word' id='word_1_427' title='bbox 1073 1673 1149 1704; x_wconf 83' lang='lat' dir='ltr'>Fam.</span> <span class='ocrx_word' id='word_1_428' title='bbox 1159 1682 1185 1712; x_wconf 85' lang='lat'>3.</span> <span class='ocrx_word' id='word_1_429' title='bbox 1207 1673 1278 1712; x_wconf 82' lang='lat' dir='ltr'>Quae</span> <span class='ocrx_word' id='word_1_430' title='bbox 1288 1672 1327 1704; x_wconf 60' lang='lat' dir='ltr'>esa</span> 
     </span>
     <span class='ocr_line' id='line_1_43' title="bbox 207 1711 1144 1752; baseline -0.002 -9"><span class='ocrx_word' id='word_1_431' title='bbox 207 1714 247 1743; x_wconf 90' lang='lat' dir='ltr'>set</span> <span class='ocrx_word' id='word_1_432' title='bbox 255 1722 301 1743; x_wconf 85' lang='lat' dir='ltr'>tua</span> <span class='ocrx_word' id='word_1_433' title='bbox 310 1714 340 1742; x_wconf 89' lang='lat' dir='ltr'>in</span> <span class='ocrx_word' id='word_1_434' title='bbox 349 1714 403 1743; x_wconf 89' lang='lat' dir='ltr'>hoc</span> <span class='ocrx_word' id='word_1_435' title='bbox 414 1714 540 1752; x_wconf 84' lang='lat' dir='ltr'>pestifero</span> <span class='ocrx_word' id='word_1_436' title='bbox 550 1713 624 1745; x_wconf 88' lang='lat' dir='ltr'>bello</span> <span class='ocrx_word' id='word_1_437' title='bbox 638 1714 764 1743; x_wconf 89' lang='lat' dir='ltr'>cavendo</span> <span class='ocrx_word' id='word_1_438' title='bbox 776 1715 803 1743; x_wconf 72' lang='grc' dir='ltr'><strong>ἃ</strong></span> <span class='ocrx_word' id='word_1_439' title='bbox 811 1712 991 1752; x_wconf 73' lang='lat' dir='ltr'>praedicendo</span> <span class='ocrx_word' id='word_1_440' title='bbox 998 1711 1144 1742; x_wconf 87' lang='lat' dir='ltr'>sententia.</span> 
     </span>
    </p>

    <p class='ocr_par' dir='ltr' id='par_1_20' title="bbox 206 1751 798 1788">
     <span class='ocr_line' id='line_1_44' title="bbox 206 1751 798 1788; baseline 0 -7"><span class='ocrx_word' id='word_1_441' title='bbox 206 1751 292 1782; x_wconf 87' lang='lat' dir='ltr'>Poena</span> <span class='ocrx_word' id='word_1_442' title='bbox 301 1752 434 1782; x_wconf 86' lang='lat' dir='ltr'>cavenda.</span> <span class='ocrx_word' id='word_1_443' title='bbox 465 1752 514 1782; x_wconf 88' lang='lat' dir='ltr'>Pro</span> <span class='ocrx_word' id='word_1_444' title='bbox 537 1758 585 1782; x_wconf 89' lang='lat' dir='ltr'>ert.</span> <span class='ocrx_word' id='word_1_445' title='bbox 595 1751 644 1781; x_wconf 91' lang='lat' dir='ltr'>lib.</span> <span class='ocrx_word' id='word_1_446' title='bbox 655 1760 680 1788; x_wconf 60' lang='grc' dir='ltr'>ῃ.</span> <span class='ocrx_word' id='word_1_447' title='bbox 700 1761 741 1787; x_wconf 92' lang='grc'>14.</span> <span class='ocrx_word' id='word_1_448' title='bbox 752 1760 798 1788; x_wconf 85' lang='lat'>²4·</span> 
     </span>
    </p>

    <p class='ocr_par' dir='ltr' id='par_1_21' title="bbox 299 1788 869 1828">
     <span class='ocr_line' id='line_1_45' title="bbox 299 1788 869 1828; baseline -0.004 -8"><span class='ocrx_word' id='word_1_449' title='bbox 299 1790 360 1820; x_wconf 90' lang='lat' dir='ltr'>Nec</span> <span class='ocrx_word' id='word_1_450' title='bbox 368 1790 457 1827; x_wconf 88' lang='lat' dir='ltr'>gravis</span> <span class='ocrx_word' id='word_1_451' title='bbox 471 1800 505 1819; x_wconf 88' lang='lat' dir='ltr'>au</span> <span class='ocrx_word' id='word_1_452' title='bbox 530 1791 570 1820; x_wconf 88' lang='lat' dir='ltr'>eri</span> <span class='ocrx_word' id='word_1_453' title='bbox 580 1799 664 1828; x_wconf 88' lang='lat' dir='ltr'>poena</span> <span class='ocrx_word' id='word_1_454' title='bbox 673 1790 797 1819; x_wconf 86' lang='lat' dir='ltr'>cavenda</span> <span class='ocrx_word' id='word_1_455' title='bbox 807 1788 869 1820; x_wconf 84' lang='lat' dir='ltr'>viri.</span> 
     </span>
    </p>

    <p class='ocr_par' dir='ltr' id='par_1_22' title="bbox 206 1827 892 1863">
     <span class='ocr_line' id='line_1_46' title="bbox 206 1827 892 1863; baseline -0.001 -7"><span class='ocrx_word' id='word_1_456' title='bbox 206 1827 299 1857; x_wconf 80' lang='lat' dir='ltr'>Vitare</span> <span class='ocrx_word' id='word_1_457' title='bbox 310 1827 415 1857; x_wconf 86' lang='lat' dir='ltr'>malum</span> <span class='ocrx_word' id='word_1_458' title='bbox 424 1828 558 1858; x_wconf 87' lang='lat' dir='ltr'>cavendo.</span> <span class='ocrx_word' id='word_1_459' title='bbox 581 1827 666 1857; x_wconf 89' lang='lat' dir='ltr'>Ovid.</span> <span class='ocrx_word' id='word_1_460' title='bbox 679 1836 704 1862; x_wconf 64' lang='grc' dir='ltr'>ι.</span> <span class='ocrx_word' id='word_1_461' title='bbox 715 1827 796 1857; x_wconf 88' lang='lat' dir='ltr'>Trist.</span> <span class='ocrx_word' id='word_1_462' title='bbox 808 1830 834 1857; x_wconf 96' lang='grc'>6.</span> <span class='ocrx_word' id='word_1_463' title='bbox 849 1836 892 1863; x_wconf 88' lang='grc'>17.</span> 
     </span>
    </p>

    <p class='ocr_par' dir='ltr' id='par_1_23' title="bbox 205 1861 1323 1942">
     <span class='ocr_line' id='line_1_47' title="bbox 205 1861 1323 1903; baseline -0.004 -7"><span class='ocrx_word' id='word_1_464' title='bbox 205 1865 370 1896; x_wconf 89' lang='lat' dir='ltr'>Cavendum</span> <span class='ocrx_word' id='word_1_465' title='bbox 385 1866 411 1895; x_wconf 72' lang='grc' dir='ltr'><strong>ἃ</strong></span> <span class='ocrx_word' id='word_1_466' title='bbox 421 1865 634 1903; x_wconf 85' lang='lat' dir='ltr'>providendum.</span> <span class='ocrx_word' id='word_1_467' title='bbox 675 1865 733 1895; x_wconf 88' lang='lat' dir='ltr'>Cic.</span> <span class='ocrx_word' id='word_1_468' title='bbox 745 1875 772 1895; x_wconf 86' lang='lat'>2.</span> <span class='ocrx_word' id='word_1_469' title='bbox 785 1865 821 1895; x_wconf 85' lang='lat' dir='ltr'>de</span> <span class='ocrx_word' id='word_1_470' title='bbox 833 1864 912 1895; x_wconf 84' lang='lat' dir='ltr'>Orat.</span> <span class='ocrx_word' id='word_1_471' title='bbox 924 1872 989 1900; x_wconf 86' lang='lat'>295.</span> <span class='ocrx_word' id='word_1_472' title='bbox 1019 1861 1107 1900; x_wconf 82' lang='lat' dir='ltr'>Quod</span> <span class='ocrx_word' id='word_1_473' title='bbox 1127 1866 1180 1901; x_wconf 78' lang='lat' dir='ltr'>e&#39;go</span> <span class='ocrx_word' id='word_1_474' title='bbox 1198 1861 1323 1893; x_wconf 73' lang='lat' dir='ltr'>maxime</span> 
     </span>
     <span class='ocr_line' id='line_1_48' title="bbox 225 1903 829 1942; baseline -0.002 -9"><span class='ocrx_word' id='word_1_475' title='bbox 225 1904 325 1933; x_wconf 86' lang='lat' dir='ltr'>oratori</span> <span class='ocrx_word' id='word_1_476' title='bbox 333 1903 491 1933; x_wconf 87' lang='lat' dir='ltr'>cavendum</span> <span class='ocrx_word' id='word_1_477' title='bbox 500 1905 526 1934; x_wconf 85' lang='lat'>&amp;</span> <span class='ocrx_word' id='word_1_478' title='bbox 535 1903 742 1942; x_wconf 87' lang='lat' dir='ltr'>providendum</span> <span class='ocrx_word' id='word_1_479' title='bbox 751 1909 829 1941; x_wconf 90' lang='lat' dir='ltr'>puto.</span> 
     </span>
    </p>

    <p class='ocr_par' dir='ltr' id='par_1_24' title="bbox 168 1940 1048 2055">
     <span class='ocr_line' id='line_1_49' title="bbox 168 1940 931 1978; baseline -0.004 -6"><span class='ocrx_word' id='word_1_480' title='bbox 168 1941 282 1977; x_wconf 56' lang='lat' dir='ltr'>Cfivo,</span> <span class='ocrx_word' id='word_1_481' title='bbox 303 1942 358 1971; x_wconf 70' lang='lat' dir='ltr'>ere.</span> <span class='ocrx_word' id='word_1_482' title='bbox 384 1940 489 1971; x_wconf 91' lang='lat' dir='ltr'>Tibull.</span> <span class='ocrx_word' id='word_1_483' title='bbox 505 1951 528 1971; x_wconf 86' lang='lat'>1.</span> <span class='ocrx_word' id='word_1_484' title='bbox 543 1952 571 1978; x_wconf 90' lang='lat'>4.</span> <span class='ocrx_word' id='word_1_485' title='bbox 581 1945 626 1976; x_wconf 87' lang='lat'>68.</span> <span class='ocrx_word' id='word_1_486' title='bbox 649 1940 748 1977; x_wconf 87' lang='lat' dir='ltr'>Idem,</span> <span class='ocrx_word' id='word_1_487' title='bbox 769 1940 931 1977; x_wconf 84' lang='lat' dir='ltr'>Antiquum.</span> 
     </span>
     <span class='ocr_line' id='line_1_50' title="bbox 284 1978 1000 2016; baseline -0.003 -8"><span class='ocrx_word' id='word_1_488' title='bbox 284 1979 350 2009; x_wconf 86' lang='lat' dir='ltr'>Haec</span> <span class='ocrx_word' id='word_1_489' title='bbox 358 1979 428 2008; x_wconf 90' lang='lat' dir='ltr'>mihi</span> <span class='ocrx_word' id='word_1_490' title='bbox 436 1989 495 2016; x_wconf 85' lang='lat' dir='ltr'>quae</span> <span class='ocrx_word' id='word_1_491' title='bbox 507 1989 632 2009; x_wconf 83' lang='lat' dir='ltr'>caverem</span> <span class='ocrx_word' id='word_1_492' title='bbox 641 1978 719 2008; x_wconf 91' lang='lat' dir='ltr'>Titio</span> <span class='ocrx_word' id='word_1_493' title='bbox 728 2000 736 2014; x_wconf 92' lang='lat'><strong>‚</strong></span> <span class='ocrx_word' id='word_1_494' title='bbox 757 1978 826 2008; x_wconf 88' lang='lat' dir='ltr'>deus</span> <span class='ocrx_word' id='word_1_495' title='bbox 836 1978 926 2008; x_wconf 86' lang='lat' dir='ltr'>edidit</span> <span class='ocrx_word' id='word_1_496' title='bbox 943 1986 1000 2006; x_wconf 92' lang='lat' dir='ltr'>ore.</span> 
     </span>
     <span class='ocr_line' id='line_1_51' title="bbox 203 2015 1048 2055; baseline -0.004 -9"><span class='ocrx_word' id='word_1_497' title='bbox 203 2016 290 2047; x_wconf 90' lang='lat' dir='ltr'>modo</span> <span class='ocrx_word' id='word_1_498' title='bbox 301 2017 460 2055; x_wconf 87' lang='lat' dir='ltr'>imperandi</span> <span class='ocrx_word' id='word_1_499' title='bbox 468 2017 601 2055; x_wconf 89' lang='lat' dir='ltr'>posterior</span> <span class='ocrx_word' id='word_1_500' title='bbox 615 2017 770 2054; x_wconf 89' lang='lat' dir='ltr'>corripitur.</span> <span class='ocrx_word' id='word_1_501' title='bbox 791 2015 912 2053; x_wconf 86' lang='lat' dir='ltr'>Propert.</span> <span class='ocrx_word' id='word_1_502' title='bbox 925 2026 948 2046; x_wconf 90' lang='lat'>1.</span> <span class='ocrx_word' id='word_1_503' title='bbox 962 2023 988 2052; x_wconf 97' lang='lat'>7.</span> <span class='ocrx_word' id='word_1_504' title='bbox 1002 2023 1048 2050; x_wconf 81' lang='lat'>²5-</span> 
     </span>
    </p>
   </div>
   <div class='ocr_carea' id='block_1_3' title="bbox 247 2050 1321 2121">
    <p class='ocr_par' dir='ltr' id='par_1_25' title="bbox 247 2050 1321 2121">
     <span class='ocr_line' id='line_1_52' title="bbox 247 2050 1319 2088; baseline -0.003 -4"><span class='ocrx_word' id='word_1_505' title='bbox 247 2054 292 2084; x_wconf 94' lang='lat' dir='ltr'>Tu</span> <span class='ocrx_word' id='word_1_506' title='bbox 301 2064 367 2084; x_wconf 85' lang='lat' dir='ltr'>cave</span> <span class='ocrx_word' id='word_1_507' title='bbox 377 2054 467 2084; x_wconf 88' lang='lat' dir='ltr'>nostra</span> <span class='ocrx_word' id='word_1_508' title='bbox 473 2061 523 2084; x_wconf 89' lang='lat' dir='ltr'>tuo</span> <span class='ocrx_word' id='word_1_509' title='bbox 534 2061 697 2084; x_wconf 81' lang='lat' dir='ltr'>contemnas</span> <span class='ocrx_word' id='word_1_510' title='bbox 705 2053 827 2084; x_wconf 86' lang='lat' dir='ltr'>carmina</span> <span class='ocrx_word' id='word_1_511' title='bbox 835 2053 913 2084; x_wconf 77' lang='lat' dir='ltr'>fastu.</span> <span class='ocrx_word' id='word_1_512' title='bbox 948 2053 983 2083; x_wconf 86' lang='lat' dir='ltr'>Et</span> <span class='ocrx_word' id='word_1_513' title='bbox 994 2052 1092 2082; x_wconf 86' lang='lat' dir='ltr'>Horat.</span> <span class='ocrx_word' id='word_1_514' title='bbox 1102 2050 1319 2088; x_wconf 81' lang='lat' dir='ltr'>2.Serm.3.177.</span> 
     </span>
     <span class='ocr_line' id='line_1_53' title="bbox 980 2089 1321 2121; baseline -0.009 0"><span class='ocrx_word' id='word_1_515' title='bbox 980 2090 1013 2121; x_wconf 94' lang='lat' dir='ltr'>V.</span> <span class='ocrx_word' id='word_1_516' title='bbox 1034 2090 1120 2119; x_wconf 83' lang='lat' dir='ltr'>etiam</span> <span class='ocrx_word' id='word_1_517' title='bbox 1138 2089 1265 2119; x_wconf 88' lang='lat' dir='ltr'>Servium</span> <span class='ocrx_word' id='word_1_518' title='bbox 1285 2089 1321 2118; x_wconf 85' lang='lat' dir='ltr'>ad</span> 
     </span>
    </p>
   </div>
   <div class='ocr_carea' id='block_1_4' title="bbox 1095 1975 1321 2006">
    <p class='ocr_par' dir='ltr' id='par_1_26' title="bbox 1095 1975 1321 2006">
     <span class='ocr_line' id='line_1_54' title="bbox 1095 1975 1321 2006; baseline -0.004 0"><span class='ocrx_word' id='word_1_519' title='bbox 1095 1975 1172 2006; x_wconf 90' lang='lat' dir='ltr'>Hinc</span> <span class='ocrx_word' id='word_1_520' title='bbox 1188 1975 1273 2006; x_wconf 83' lang='lat' dir='ltr'>etiam</span> <span class='ocrx_word' id='word_1_521' title='bbox 1290 1975 1321 2005; x_wconf 82' lang='lat' dir='ltr'>in</span> 
     </span>
    </p>
   </div>
   <div class='ocr_carea' id='block_1_5' title="bbox 166 2091 1320 3969">
    <p class='ocr_par' dir='ltr' id='par_1_27' title="bbox 245 2091 898 2128">
     <span class='ocr_line' id='line_1_55' title="bbox 245 2091 898 2128; baseline 0 -6"><span class='ocrx_word' id='word_1_522' title='bbox 245 2092 291 2122; x_wconf 92' lang='lat' dir='ltr'>Tu</span> <span class='ocrx_word' id='word_1_523' title='bbox 302 2102 369 2122; x_wconf 89' lang='lat' dir='ltr'>cave</span> <span class='ocrx_word' id='word_1_524' title='bbox 381 2102 417 2122; x_wconf 89' lang='lat' dir='ltr'>ne</span> <span class='ocrx_word' id='word_1_525' title='bbox 427 2093 537 2123; x_wconf 88' lang='lat' dir='ltr'>minuas</span> <span class='ocrx_word' id='word_1_526' title='bbox 549 2114 558 2128; x_wconf 90' lang='lat'>,</span> <span class='ocrx_word' id='word_1_527' title='bbox 578 2099 607 2123; x_wconf 88' lang='lat' dir='ltr'>tu</span> <span class='ocrx_word' id='word_1_528' title='bbox 619 2102 654 2122; x_wconf 90' lang='lat' dir='ltr'>ne</span> <span class='ocrx_word' id='word_1_529' title='bbox 665 2092 754 2128; x_wconf 87' lang='lat' dir='ltr'>majus</span> <span class='ocrx_word' id='word_1_530' title='bbox 763 2092 848 2122; x_wconf 83' lang='lat' dir='ltr'>facias</span> <span class='ocrx_word' id='word_1_531' title='bbox 859 2091 898 2122; x_wconf 85' lang='lat' dir='ltr'>id.</span> 
     </span>
    </p>

    <p class='ocr_par' dir='ltr' id='par_1_28' title="bbox 203 2130 463 2168">
     <span class='ocr_line' id='line_1_56' title="bbox 203 2130 463 2168; baseline 0.004 -9"><span class='ocrx_word' id='word_1_532' title='bbox 203 2130 277 2168; x_wconf 85' lang='lat' dir='ltr'>Virg.</span> <span class='ocrx_word' id='word_1_533' title='bbox 288 2141 315 2166; x_wconf 84' lang='lat'>4.</span> <span class='ocrx_word' id='word_1_534' title='bbox 326 2130 387 2160; x_wconf 83' lang='lat' dir='ltr'>AEn.</span> <span class='ocrx_word' id='word_1_535' title='bbox 398 2140 463 2166; x_wconf 84' lang='lat'>409.</span> 
     </span>
    </p>

    <p class='ocr_par' dir='ltr' id='par_1_29' title="bbox 166 2163 1320 2357">
     <span class='ocr_line' id='line_1_57' title="bbox 166 2163 1320 2204; baseline -0.004 -6"><span class='ocrx_word' id='word_1_536' title='bbox 166 2169 190 2200; x_wconf 89' lang='lat' dir='ltr'>C</span> <span class='ocrx_word' id='word_1_537' title='bbox 199 2178 220 2198; x_wconf 77' lang='lat' dir='ltr'>A</span> <span class='ocrx_word' id='word_1_538' title='bbox 230 2178 276 2197; x_wconf 77' lang='lat' dir='ltr'>ur</span> <span class='ocrx_word' id='word_1_539' title='bbox 285 2179 294 2197; x_wconf 85' lang='lat'>1</span> <span class='ocrx_word' id='word_1_540' title='bbox 304 2177 321 2197; x_wconf 93' lang='lat'>0</span> <span class='ocrx_word' id='word_1_541' title='bbox 331 2189 339 2204; x_wconf 94' lang='lat'>‚</span> <span class='ocrx_word' id='word_1_542' title='bbox 361 2169 432 2197; x_wconf 73' lang='lat' dir='ltr'>onis.</span> <span class='ocrx_word' id='word_1_543' title='bbox 453 2168 472 2198; x_wconf 89' lang='lat' dir='ltr'>f.</span> <span class='ocrx_word' id='word_1_544' title='bbox 494 2166 627 2204; x_wconf 64' lang='grc' dir='ltr'>[ἐυλάζηι</span> <span class='ocrx_word' id='word_1_545' title='bbox 637 2189 646 2203; x_wconf 83' lang='lat'>,</span> <span class='ocrx_word' id='word_1_546' title='bbox 667 2163 797 2203; x_wconf 58' lang='grc' dir='ltr'>ῥκδδεςρέα</span> <span class='ocrx_word' id='word_1_547' title='bbox 807 2187 815 2202; x_wconf 90' lang='grc'>,</span> <span class='ocrx_word' id='word_1_548' title='bbox 840 2165 976 2202; x_wconf 51' lang='lat' dir='ltr'>xoium]</span> <span class='ocrx_word' id='word_1_549' title='bbox 997 2164 1147 2195; x_wconf 86' lang='lat' dir='ltr'>Praecautio</span> <span class='ocrx_word' id='word_1_550' title='bbox 1156 2186 1165 2200; x_wconf 89' lang='lat'>,</span> <span class='ocrx_word' id='word_1_551' title='bbox 1185 2163 1240 2194; x_wconf 87' lang='lat' dir='ltr'>five</span> <span class='ocrx_word' id='word_1_552' title='bbox 1256 2163 1320 2193; x_wconf 88' lang='lat' dir='ltr'>Pro-</span> 
     </span>
     <span class='ocr_line' id='line_1_58' title="bbox 203 2201 1317 2242; baseline -0.002 -7"><span class='ocrx_word' id='word_1_553' title='bbox 203 2206 327 2235; x_wconf 86' lang='lat' dir='ltr'>videntia</span> <span class='ocrx_word' id='word_1_554' title='bbox 337 2205 478 2242; x_wconf 82' lang='lat' dir='ltr'>quaedam,</span> <span class='ocrx_word' id='word_1_555' title='bbox 497 2215 551 2242; x_wconf 84' lang='lat' dir='ltr'>qua</span> <span class='ocrx_word' id='word_1_556' title='bbox 569 2206 718 2235; x_wconf 86' lang='lat' dir='ltr'>avertimus</span> <span class='ocrx_word' id='word_1_557' title='bbox 731 2206 758 2235; x_wconf 89' lang='lat'>&amp;</span> <span class='ocrx_word' id='word_1_558' title='bbox 773 2205 892 2234; x_wconf 85' lang='lat' dir='ltr'>vitamus</span> <span class='ocrx_word' id='word_1_559' title='bbox 912 2203 1017 2241; x_wconf 85' lang='lat' dir='ltr'>aliquid</span> <span class='ocrx_word' id='word_1_560' title='bbox 1039 2212 1075 2232; x_wconf 89' lang='lat' dir='ltr'>ne</span> <span class='ocrx_word' id='word_1_561' title='bbox 1093 2201 1177 2231; x_wconf 80' lang='lat' dir='ltr'>nobis</span> <span class='ocrx_word' id='word_1_562' title='bbox 1198 2202 1317 2233; x_wconf 84' lang='lat' dir='ltr'>accidat.</span> 
     </span>
     <span class='ocr_line' id='line_1_59' title="bbox 202 2239 1319 2280; baseline -0.005 -7"><span class='ocrx_word' id='word_1_563' title='bbox 202 2243 262 2273; x_wconf 88' lang='lat' dir='ltr'>Cic.</span> <span class='ocrx_word' id='word_1_564' title='bbox 273 2254 300 2278; x_wconf 79' lang='lat'>4.</span> <span class='ocrx_word' id='word_1_565' title='bbox 312 2243 392 2273; x_wconf 89' lang='lat' dir='ltr'>Tusc.</span> <span class='ocrx_word' id='word_1_566' title='bbox 410 2252 451 2280; x_wconf 83' lang='lat'>13.</span> <span class='ocrx_word' id='word_1_567' title='bbox 473 2242 670 2280; x_wconf 85' lang='lat' dir='ltr'>Quoniamque</span> <span class='ocrx_word' id='word_1_568' title='bbox 681 2249 712 2272; x_wconf 90' lang='lat' dir='ltr'>ut</span> <span class='ocrx_word' id='word_1_569' title='bbox 724 2242 796 2272; x_wconf 88' lang='lat' dir='ltr'>bona</span> <span class='ocrx_word' id='word_1_570' title='bbox 807 2250 904 2271; x_wconf 86' lang='lat' dir='ltr'>natura</span> <span class='ocrx_word' id='word_1_571' title='bbox 912 2242 1085 2280; x_wconf 81' lang='lat' dir='ltr'>appetimus,</span> <span class='ocrx_word' id='word_1_572' title='bbox 1106 2239 1143 2269; x_wconf 90' lang='lat' dir='ltr'>fic</span> <span class='ocrx_word' id='word_1_573' title='bbox 1152 2249 1167 2269; x_wconf 89' lang='lat' dir='ltr'>a</span> <span class='ocrx_word' id='word_1_574' title='bbox 1179 2239 1258 2269; x_wconf 89' lang='lat' dir='ltr'>malis</span> <span class='ocrx_word' id='word_1_575' title='bbox 1271 2250 1319 2270; x_wconf 89' lang='lat' dir='ltr'>na.</span> 
     </span>
     <span class='ocr_line' id='line_1_60' title="bbox 201 2278 1317 2317; baseline -0.003 -7"><span class='ocrx_word' id='word_1_576' title='bbox 201 2286 263 2311; x_wconf 87' lang='lat' dir='ltr'>tura</span> <span class='ocrx_word' id='word_1_577' title='bbox 274 2281 447 2310; x_wconf 82' lang='lat' dir='ltr'>declinamus</span> <span class='ocrx_word' id='word_1_578' title='bbox 459 2290 466 2310; x_wconf 90' lang='lat'>:</span> <span class='ocrx_word' id='word_1_579' title='bbox 488 2291 548 2317; x_wconf 81' lang='lat' dir='ltr'>quae</span> <span class='ocrx_word' id='word_1_580' title='bbox 556 2280 707 2310; x_wconf 87' lang='lat' dir='ltr'>declinatio</span> <span class='ocrx_word' id='word_1_581' title='bbox 715 2302 724 2316; x_wconf 90' lang='lat'>,</span> <span class='ocrx_word' id='word_1_582' title='bbox 745 2280 764 2309; x_wconf 86' lang='lat' dir='ltr'>si</span> <span class='ocrx_word' id='word_1_583' title='bbox 776 2289 840 2310; x_wconf 91' lang='lat' dir='ltr'>cum</span> <span class='ocrx_word' id='word_1_584' title='bbox 848 2280 955 2309; x_wconf 88' lang='lat' dir='ltr'>ratione</span> <span class='ocrx_word' id='word_1_585' title='bbox 966 2279 1024 2314; x_wconf 86' lang='lat' dir='ltr'>fiet,</span> <span class='ocrx_word' id='word_1_586' title='bbox 1045 2278 1138 2308; x_wconf 80' lang='lat' dir='ltr'>cautio</span> <span class='ocrx_word' id='word_1_587' title='bbox 1149 2278 1317 2316; x_wconf 74' lang='lat' dir='ltr'>appelletur,</span> 
     </span>
     <span class='ocr_line' id='line_1_61' title="bbox 201 2317 780 2357; baseline -0.002 -9"><span class='ocrx_word' id='word_1_588' title='bbox 201 2329 290 2357; x_wconf 85' lang='lat' dir='ltr'>eaque</span> <span class='ocrx_word' id='word_1_589' title='bbox 302 2318 471 2355; x_wconf 76' lang='lat' dir='ltr'>intelligatur</span> <span class='ocrx_word' id='word_1_590' title='bbox 480 2319 509 2347; x_wconf 91' lang='lat' dir='ltr'>in</span> <span class='ocrx_word' id='word_1_591' title='bbox 518 2317 575 2347; x_wconf 91' lang='lat' dir='ltr'>solo</span> <span class='ocrx_word' id='word_1_592' title='bbox 586 2317 639 2347; x_wconf 76' lang='lat' dir='ltr'>esse</span> <span class='ocrx_word' id='word_1_593' title='bbox 648 2318 780 2355; x_wconf 84' lang='lat' dir='ltr'>sapiente.</span> 
     </span>
    </p>

    <p class='ocr_par' dir='ltr' id='par_1_30' title="bbox 200 2353 1313 2394">
     <span class='ocr_line' id='line_1_62' title="bbox 200 2353 1313 2394; baseline -0.002 -8"><span class='ocrx_word' id='word_1_594' title='bbox 200 2356 375 2387; x_wconf 79' lang='lat' dir='ltr'>Cavitionem</span> <span class='ocrx_word' id='word_1_595' title='bbox 387 2356 518 2386; x_wconf 83' lang='lat' dir='ltr'>dicebant</span> <span class='ocrx_word' id='word_1_596' title='bbox 527 2356 643 2393; x_wconf 75' lang='lat' dir='ltr'>antiqui,</span> <span class='ocrx_word' id='word_1_597' title='bbox 652 2365 702 2394; x_wconf 88' lang='lat' dir='ltr'>pro</span> <span class='ocrx_word' id='word_1_598' title='bbox 712 2364 747 2385; x_wconf 91' lang='lat' dir='ltr'>eo</span> <span class='ocrx_word' id='word_1_599' title='bbox 757 2355 832 2393; x_wconf 91' lang='lat' dir='ltr'>quod</span> <span class='ocrx_word' id='word_1_600' title='bbox 841 2364 917 2384; x_wconf 91' lang='lat' dir='ltr'>nunc</span> <span class='ocrx_word' id='word_1_601' title='bbox 928 2354 1047 2384; x_wconf 89' lang='lat' dir='ltr'>dicimus</span> <span class='ocrx_word' id='word_1_602' title='bbox 1055 2353 1230 2384; x_wconf 87' lang='lat' dir='ltr'>Cautionem.</span> <span class='ocrx_word' id='word_1_603' title='bbox 1244 2353 1313 2384; x_wconf 89' lang='lat' dir='ltr'>Fest.</span> 
     </span>
    </p>

    <p class='ocr_par' dir='ltr' id='par_1_31' title="bbox 200 2392 1317 2508">
     <span class='ocr_line' id='line_1_63' title="bbox 200 2392 1316 2432; baseline -0.004 -8"><span class='ocrx_word' id='word_1_604' title='bbox 200 2394 335 2424; x_wconf 86' lang='lat' dir='ltr'>Cautio&amp;</span> <span class='ocrx_word' id='word_1_605' title='bbox 346 2394 473 2432; x_wconf 73' lang='lat' dir='ltr'>provisio.</span> <span class='ocrx_word' id='word_1_606' title='bbox 495 2394 552 2423; x_wconf 91' lang='lat' dir='ltr'>Cic.</span> <span class='ocrx_word' id='word_1_607' title='bbox 560 2393 596 2423; x_wconf 91' lang='lat' dir='ltr'>de</span> <span class='ocrx_word' id='word_1_608' title='bbox 607 2393 717 2423; x_wconf 82' lang='lat' dir='ltr'>Amicit.</span> <span class='ocrx_word' id='word_1_609' title='bbox 728 2399 772 2428; x_wconf 86' lang='lat'>30.</span> <span class='ocrx_word' id='word_1_610' title='bbox 794 2393 921 2423; x_wconf 91' lang='lat' dir='ltr'>Omnino</span> <span class='ocrx_word' id='word_1_611' title='bbox 933 2393 1060 2421; x_wconf 85' lang='lat' dir='ltr'>oninium</span> <span class='ocrx_word' id='word_1_612' title='bbox 1073 2392 1172 2420; x_wconf 89' lang='lat' dir='ltr'>horum</span> <span class='ocrx_word' id='word_1_613' title='bbox 1184 2392 1316 2421; x_wconf 87' lang='lat' dir='ltr'>vitiorum</span> 
     </span>
     <span class='ocr_line' id='line_1_64' title="bbox 217 2429 1317 2470; baseline -0.003 -9"><span class='ocrx_word' id='word_1_614' title='bbox 217 2440 299 2470; x_wconf 90' lang='lat' dir='ltr'>atque</span> <span class='ocrx_word' id='word_1_615' title='bbox 310 2432 554 2461; x_wconf 88' lang='lat' dir='ltr'>incommodorum</span> <span class='ocrx_word' id='word_1_616' title='bbox 563 2439 617 2461; x_wconf 88' lang='lat' dir='ltr'>una</span> <span class='ocrx_word' id='word_1_617' title='bbox 625 2431 717 2461; x_wconf 86' lang='lat' dir='ltr'>cautio</span> <span class='ocrx_word' id='word_1_618' title='bbox 727 2431 766 2460; x_wconf 88' lang='lat' dir='ltr'>est</span> <span class='ocrx_word' id='word_1_619' title='bbox 777 2453 785 2466; x_wconf 91' lang='lat'>,</span> <span class='ocrx_word' id='word_1_620' title='bbox 805 2437 888 2468; x_wconf 91' lang='lat' dir='ltr'>atque</span> <span class='ocrx_word' id='word_1_621' title='bbox 900 2440 955 2460; x_wconf 89' lang='lat' dir='ltr'>una</span> <span class='ocrx_word' id='word_1_622' title='bbox 968 2430 1087 2468; x_wconf 77' lang='lat' dir='ltr'>provisio</span> <span class='ocrx_word' id='word_1_623' title='bbox 1097 2451 1105 2466; x_wconf 89' lang='lat'>,</span> <span class='ocrx_word' id='word_1_624' title='bbox 1126 2436 1158 2459; x_wconf 89' lang='lat' dir='ltr'>ut</span> <span class='ocrx_word' id='word_1_625' title='bbox 1174 2438 1210 2458; x_wconf 89' lang='lat' dir='ltr'>ne</span> <span class='ocrx_word' id='word_1_626' title='bbox 1231 2429 1317 2459; x_wconf 88' lang='lat' dir='ltr'>nimis</span> 
     </span>
     <span class='ocr_line' id='line_1_65' title="bbox 218 2469 888 2508; baseline -0.003 -8"><span class='ocrx_word' id='word_1_627' title='bbox 218 2471 275 2500; x_wconf 89' lang='lat' dir='ltr'>cito</span> <span class='ocrx_word' id='word_1_628' title='bbox 289 2469 582 2508; x_wconf 76' lang='lat' dir='ltr'>diligereincipiamus</span> <span class='ocrx_word' id='word_1_629' title='bbox 593 2491 602 2505; x_wconf 90' lang='lat'>,</span> <span class='ocrx_word' id='word_1_630' title='bbox 622 2479 693 2498; x_wconf 87' lang='lat' dir='ltr'>neve</span> <span class='ocrx_word' id='word_1_631' title='bbox 704 2478 763 2499; x_wconf 88' lang='lat' dir='ltr'>non</span> <span class='ocrx_word' id='word_1_632' title='bbox 779 2469 888 2506; x_wconf 87' lang='lat' dir='ltr'>dignos.</span> 
     </span>
    </p>

    <p class='ocr_par' dir='ltr' id='par_1_32' title="bbox 199 2504 1316 2612">
     <span class='ocr_line' id='line_1_66' title="bbox 199 2504 1315 2545; baseline -0.004 -8"><span class='ocrx_word' id='word_1_633' title='bbox 199 2507 364 2538; x_wconf 81' lang='lat' dir='ltr'>cautionem</span> <span class='ocrx_word' id='word_1_634' title='bbox 374 2509 398 2536; x_wconf 75' lang='lat' dir='ltr'>Sc</span> <span class='ocrx_word' id='word_1_635' title='bbox 410 2507 583 2545; x_wconf 87' lang='lat' dir='ltr'>diligentiam</span> <span class='ocrx_word' id='word_1_636' title='bbox 592 2506 732 2536; x_wconf 88' lang='lat' dir='ltr'>adhibere.</span> <span class='ocrx_word' id='word_1_637' title='bbox 774 2506 832 2536; x_wconf 88' lang='lat' dir='ltr'>Cic.</span> <span class='ocrx_word' id='word_1_638' title='bbox 846 2516 869 2535; x_wconf 91' lang='lat' dir='ltr'>r.</span> <span class='ocrx_word' id='word_1_639' title='bbox 883 2506 937 2535; x_wconf 88' lang='lat' dir='ltr'>Att.</span> <span class='ocrx_word' id='word_1_640' title='bbox 952 2508 995 2535; x_wconf 85' lang='grc'>16.</span> <span class='ocrx_word' id='word_1_641' title='bbox 1016 2504 1131 2534; x_wconf 89' lang='lat' dir='ltr'>Privatis</span> <span class='ocrx_word' id='word_1_642' title='bbox 1147 2504 1229 2534; x_wconf 82' lang='lat' dir='ltr'>rebus</span> <span class='ocrx_word' id='word_1_643' title='bbox 1245 2504 1315 2534; x_wconf 80' lang='lat' dir='ltr'>meis</span> 
     </span>
     <span class='ocr_line' id='line_1_67' title="bbox 217 2543 1316 2612; baseline -0.003 -38"><span class='ocrx_word' id='word_1_644' title='bbox 217 2544 676 2612; x_wconf 49' lang='lat' dir='ltr'>prlopterinfirmitatembonorum</span> <span class='ocrx_word' id='word_1_645' title='bbox 688 2566 696 2580; x_wconf 95' lang='lat'>,</span> <span class='ocrx_word' id='word_1_646' title='bbox 710 2546 763 2574; x_wconf 85' lang='lat' dir='ltr'>&amp;c.</span> <span class='ocrx_word' id='word_1_647' title='bbox 784 2543 932 2574; x_wconf 85' lang='lat' dir='ltr'>adhibeam</span> <span class='ocrx_word' id='word_1_648' title='bbox 948 2544 1088 2581; x_wconf 89' lang='lat' dir='ltr'>quandam</span> <span class='ocrx_word' id='word_1_649' title='bbox 1107 2543 1268 2572; x_wconf 85' lang='lat' dir='ltr'>cautionem</span> <span class='ocrx_word' id='word_1_650' title='bbox 1288 2543 1316 2572; x_wconf 72' lang='lat' dir='ltr'>Se</span> 
     </span>
    </p>

    <p class='ocr_par' dir='ltr' id='par_1_33' title="bbox 238 2583 400 2612">
     <span class='ocr_line' id='line_1_68' title="bbox 238 2583 400 2612; baseline 0 0"><span class='ocrx_word' id='word_1_651' title='bbox 238 2585 244 2612; x_wconf 92' lang='lat' dir='ltr'>i</span> <span class='ocrx_word' id='word_1_652' title='bbox 258 2583 266 2612; x_wconf 92' lang='lat' dir='ltr'>i</span> <span class='ocrx_word' id='word_1_653' title='bbox 288 2583 400 2612; x_wconf 87' lang='lat' dir='ltr'>entiam.</span> 
     </span>
    </p>

    <p class='ocr_par' dir='ltr' id='par_1_34' title="bbox 197 2593 1315 2696">
     <span class='ocr_line' id='line_1_69' title="bbox 197 2593 1315 2658; baseline -0.004 -7"><span class='ocrx_word' id='word_1_654' title='bbox 197 2593 354 2658; x_wconf 56' lang='lat' dir='ltr'>Adjuiigere</span> <span class='ocrx_word' id='word_1_655' title='bbox 365 2620 533 2650; x_wconf 84' lang='lat' dir='ltr'>cautionem.</span> <span class='ocrx_word' id='word_1_656' title='bbox 572 2619 632 2650; x_wconf 90' lang='lat' dir='ltr'>Cic.</span> <span class='ocrx_word' id='word_1_657' title='bbox 648 2629 674 2650; x_wconf 83' lang='lat'>2.</span> <span class='ocrx_word' id='word_1_658' title='bbox 683 2619 719 2649; x_wconf 90' lang='lat' dir='ltr'>de</span> <span class='ocrx_word' id='word_1_659' title='bbox 730 2618 822 2649; x_wconf 89' lang='lat' dir='ltr'>Divin.</span> <span class='ocrx_word' id='word_1_660' title='bbox 835 2629 879 2655; x_wconf 83' lang='lat'>54.</span> <span class='ocrx_word' id='word_1_661' title='bbox 902 2618 1003 2648; x_wconf 88' lang='lat' dir='ltr'>Omnis</span> <span class='ocrx_word' id='word_1_662' title='bbox 1014 2619 1089 2648; x_wconf 91' lang='lat' dir='ltr'>enim</span> <span class='ocrx_word' id='word_1_663' title='bbox 1102 2617 1248 2657; x_wconf 67' lang='lat' dir='ltr'>praedictio</span> <span class='ocrx_word' id='word_1_664' title='bbox 1258 2627 1315 2648; x_wconf 74' lang='lat' dir='ltr'>ma·</span> 
     </span>
     <span class='ocr_line' id='line_1_70' title="bbox 215 2656 1130 2696; baseline -0.003 -8"><span class='ocrx_word' id='word_1_665' title='bbox 215 2658 307 2689; x_wconf 90' lang='lat' dir='ltr'>litum</span> <span class='ocrx_word' id='word_1_666' title='bbox 320 2658 467 2696; x_wconf 85' lang='lat' dir='ltr'>probatur,</span> <span class='ocrx_word' id='word_1_667' title='bbox 489 2667 574 2695; x_wconf 89' lang='lat' dir='ltr'>quum</span> <span class='ocrx_word' id='word_1_668' title='bbox 588 2658 622 2687; x_wconf 88' lang='lat' dir='ltr'>ad</span> <span class='ocrx_word' id='word_1_669' title='bbox 636 2657 847 2696; x_wconf 61' lang='lat' dir='ltr'>praedictionem</span> <span class='ocrx_word' id='word_1_670' title='bbox 859 2657 950 2686; x_wconf 88' lang='lat' dir='ltr'>cautio</span> <span class='ocrx_word' id='word_1_671' title='bbox 961 2656 1130 2693; x_wconf 83' lang='lat' dir='ltr'>adjungitur.</span> 
     </span>
    </p>

    <p class='ocr_par' dir='ltr' id='par_1_35' title="bbox 195 2692 1316 2801">
     <span class='ocr_line' id='line_1_71' title="bbox 195 2692 1312 2733; baseline -0.003 -6"><span class='ocrx_word' id='word_1_672' title='bbox 195 2695 345 2727; x_wconf 90' lang='lat' dir='ltr'>Discedere</span> <span class='ocrx_word' id='word_1_673' title='bbox 355 2706 371 2725; x_wconf 88' lang='lat' dir='ltr'>a</span> <span class='ocrx_word' id='word_1_674' title='bbox 386 2696 525 2725; x_wconf 84' lang='lat' dir='ltr'>cautione.</span> <span class='ocrx_word' id='word_1_675' title='bbox 547 2695 605 2725; x_wconf 91' lang='lat' dir='ltr'>Cic.</span> <span class='ocrx_word' id='word_1_676' title='bbox 616 2706 667 2733; x_wconf 88' lang='lat' dir='ltr'>pro</span> <span class='ocrx_word' id='word_1_677' title='bbox 681 2695 759 2725; x_wconf 85' lang='lat' dir='ltr'>Font.</span> <span class='ocrx_word' id='word_1_678' title='bbox 772 2703 798 2724; x_wconf 84' lang='lat'>2.</span> <span class='ocrx_word' id='word_1_679' title='bbox 820 2694 919 2723; x_wconf 88' lang='lat' dir='ltr'>Videte</span> <span class='ocrx_word' id='word_1_680' title='bbox 929 2703 984 2730; x_wconf 90' lang='lat' dir='ltr'>quo</span> <span class='ocrx_word' id='word_1_681' title='bbox 994 2694 1170 2728; x_wconf 85' lang='lat' dir='ltr'>descendam,</span> <span class='ocrx_word' id='word_1_682' title='bbox 1181 2692 1312 2729; x_wconf 83' lang='lat' dir='ltr'>Judices,</span> 
     </span>
     <span class='ocr_line' id='line_1_72' title="bbox 214 2731 1316 2801; baseline -0.004 -37"><span class='ocrx_word' id='word_1_683' title='bbox 214 2744 296 2801; x_wconf 54' lang='lat' dir='ltr'>guam</span> <span class='ocrx_word' id='word_1_684' title='bbox 306 2734 389 2772; x_wconf 89' lang='lat' dir='ltr'>longe</span> <span class='ocrx_word' id='word_1_685' title='bbox 398 2733 494 2763; x_wconf 89' lang='lat' dir='ltr'>videar</span> <span class='ocrx_word' id='word_1_686' title='bbox 504 2743 519 2763; x_wconf 92' lang='lat' dir='ltr'>a</span> <span class='ocrx_word' id='word_1_687' title='bbox 531 2733 732 2763; x_wconf 88' lang='lat' dir='ltr'>consuetudine</span> <span class='ocrx_word' id='word_1_688' title='bbox 748 2741 809 2761; x_wconf 89' lang='lat' dir='ltr'>mea</span> <span class='ocrx_word' id='word_1_689' title='bbox 827 2733 854 2762; x_wconf 72' lang='grc' dir='ltr'>ἃ</span> <span class='ocrx_word' id='word_1_690' title='bbox 865 2732 994 2761; x_wconf 77' lang='lat' dir='ltr'>cautione</span> <span class='ocrx_word' id='word_1_691' title='bbox 1012 2742 1044 2761; x_wconf 88' lang='lat' dir='ltr'>ac</span> <span class='ocrx_word' id='word_1_692' title='bbox 1060 2732 1205 2770; x_wconf 86' lang='lat' dir='ltr'>diligentia</span> <span class='ocrx_word' id='word_1_693' title='bbox 1227 2731 1316 2761; x_wconf 89' lang='lat' dir='ltr'>disce-</span> 
     </span>
    </p>

    <p class='ocr_par' dir='ltr' id='par_1_36' title="bbox 238 2782 294 2802">
     <span class='ocr_line' id='line_1_73' title="bbox 238 2782 294 2802; baseline 0.018 -1"><span class='ocrx_word' id='word_1_694' title='bbox 238 2782 294 2802; x_wconf 89' lang='lat' dir='ltr'>ere.</span> 
     </span>
    </p>

    <p class='ocr_par' dir='ltr' id='par_1_37' title="bbox 193 2805 1312 2878">
     <span class='ocr_line' id='line_1_74' title="bbox 193 2805 1312 2844; baseline -0.003 -5"><span class='ocrx_word' id='word_1_695' title='bbox 193 2810 303 2840; x_wconf 84' lang='lat' dir='ltr'>Habere</span> <span class='ocrx_word' id='word_1_696' title='bbox 312 2809 482 2839; x_wconf 87' lang='lat' dir='ltr'>cautionem.</span> <span class='ocrx_word' id='word_1_697' title='bbox 523 2807 580 2838; x_wconf 86' lang='lat' dir='ltr'>Cic.</span> <span class='ocrx_word' id='word_1_698' title='bbox 593 2817 605 2837; x_wconf 87' lang='lat' dir='ltr'>r</span> <span class='ocrx_word' id='word_1_699' title='bbox 613 2817 636 2838; x_wconf 86' lang='lat' dir='ltr'>r.</span> <span class='ocrx_word' id='word_1_700' title='bbox 650 2806 725 2838; x_wconf 84' lang='lat' dir='ltr'>Fam.</span> <span class='ocrx_word' id='word_1_701' title='bbox 735 2815 782 2836; x_wconf 82' lang='lat'>21.</span> <span class='ocrx_word' id='word_1_702' title='bbox 818 2805 889 2843; x_wconf 84' lang='lat' dir='ltr'>Quae</span> <span class='ocrx_word' id='word_1_703' title='bbox 900 2807 1062 2837; x_wconf 86' lang='lat' dir='ltr'>cautionem</span> <span class='ocrx_word' id='word_1_704' title='bbox 1080 2814 1139 2837; x_wconf 84' lang='lat' dir='ltr'>nun</span> <span class='ocrx_word' id='word_1_705' title='bbox 1150 2806 1312 2844; x_wconf 81' lang='lat' dir='ltr'>habebunt,</span> 
     </span>
     <span class='ocr_line' id='line_1_75' title="bbox 214 2845 623 2878; baseline -0.005 -1"><span class='ocrx_word' id='word_1_706' title='bbox 214 2848 250 2877; x_wconf 90' lang='lat' dir='ltr'>de</span> <span class='ocrx_word' id='word_1_707' title='bbox 261 2848 302 2878; x_wconf 91' lang='lat' dir='ltr'>his</span> <span class='ocrx_word' id='word_1_708' title='bbox 313 2857 370 2876; x_wconf 92' lang='lat' dir='ltr'>non</span> <span class='ocrx_word' id='word_1_709' title='bbox 381 2847 417 2876; x_wconf 91' lang='lat' dir='ltr'>ita</span> <span class='ocrx_word' id='word_1_710' title='bbox 427 2845 507 2875; x_wconf 86' lang='lat' dir='ltr'>valde</span> <span class='ocrx_word' id='word_1_711' title='bbox 520 2845 623 2875; x_wconf 87' lang='lat' dir='ltr'>laboro.</span> 
     </span>
    </p>

    <p class='ocr_par' dir='ltr' id='par_1_38' title="bbox 193 2881 886 2920">
     <span class='ocr_line' id='line_1_76' title="bbox 193 2881 886 2920; baseline -0.003 -6"><span class='ocrx_word' id='word_1_712' title='bbox 193 2884 372 2915; x_wconf 88' lang='lat' dir='ltr'>Defendendi</span> <span class='ocrx_word' id='word_1_713' title='bbox 385 2884 479 2914; x_wconf 85' lang='lat' dir='ltr'>cautio</span> <span class='ocrx_word' id='word_1_714' title='bbox 490 2883 588 2914; x_wconf 82' lang='lat' dir='ltr'>facilis.</span> <span class='ocrx_word' id='word_1_715' title='bbox 609 2882 667 2913; x_wconf 89' lang='lat' dir='ltr'>Cic.</span> <span class='ocrx_word' id='word_1_716' title='bbox 677 2891 728 2920; x_wconf 90' lang='lat' dir='ltr'>pro</span> <span class='ocrx_word' id='word_1_717' title='bbox 738 2881 828 2912; x_wconf 87' lang='lat' dir='ltr'>Flacc.</span> <span class='ocrx_word' id='word_1_718' title='bbox 844 2890 886 2918; x_wconf 85' lang='lat'>31.</span> 
     </span>
    </p>

    <p class='ocr_par' dir='ltr' id='par_1_39' title="bbox 193 2918 1309 2993">
     <span class='ocr_line' id='line_1_77' title="bbox 193 2918 1309 2958; baseline -0.003 -5"><span class='ocrx_word' id='word_1_719' title='bbox 193 2923 295 2953; x_wconf 85' lang='lat' dir='ltr'>Cautio</span> <span class='ocrx_word' id='word_1_720' title='bbox 305 2923 344 2952; x_wconf 89' lang='lat' dir='ltr'>est</span> <span class='ocrx_word' id='word_1_721' title='bbox 353 2944 361 2958; x_wconf 87' lang='lat'>‚</span> <span class='ocrx_word' id='word_1_722' title='bbox 381 2922 398 2951; x_wconf 92' lang='lat' dir='ltr'>i.</span> <span class='ocrx_word' id='word_1_723' title='bbox 414 2931 438 2951; x_wconf 90' lang='lat' dir='ltr'>e.</span> <span class='ocrx_word' id='word_1_724' title='bbox 461 2921 598 2951; x_wconf 89' lang='lat' dir='ltr'>Cautione</span> <span class='ocrx_word' id='word_1_725' title='bbox 620 2920 658 2950; x_wconf 89' lang='lat' dir='ltr'>est</span> <span class='ocrx_word' id='word_1_726' title='bbox 673 2930 745 2958; x_wconf 89' lang='lat' dir='ltr'>opus</span> <span class='ocrx_word' id='word_1_727' title='bbox 754 2942 762 2955; x_wconf 88' lang='lat'>‚</span> <span class='ocrx_word' id='word_1_728' title='bbox 783 2921 896 2954; x_wconf 75' lang='lat' dir='ltr'>auc‘tore</span> <span class='ocrx_word' id='word_1_729' title='bbox 916 2919 1036 2949; x_wconf 88' lang='lat' dir='ltr'>Donato.</span> <span class='ocrx_word' id='word_1_730' title='bbox 1069 2918 1134 2950; x_wconf 89' lang='lat' dir='ltr'>Ter.</span> <span class='ocrx_word' id='word_1_731' title='bbox 1146 2919 1228 2951; x_wconf 81' lang='lat' dir='ltr'>Andr.</span> <span class='ocrx_word' id='word_1_732' title='bbox 1241 2928 1268 2951; x_wconf 92' lang='lat'>2.</span> <span class='ocrx_word' id='word_1_733' title='bbox 1283 2926 1309 2958; x_wconf 72' lang='lat'>3.</span> 
     </span>
     <span class='ocr_line' id='line_1_78' title="bbox 213 2956 1108 2993; baseline -0.003 -2"><span class='ocrx_word' id='word_1_734' title='bbox 213 2964 258 2991; x_wconf 89' lang='lat'>26.</span> <span class='ocrx_word' id='word_1_735' title='bbox 281 2960 400 2990; x_wconf 89' lang='lat' dir='ltr'>Puerum</span> <span class='ocrx_word' id='word_1_736' title='bbox 413 2965 506 2989; x_wconf 90' lang='lat' dir='ltr'>autem</span> <span class='ocrx_word' id='word_1_737' title='bbox 519 2969 555 2989; x_wconf 91' lang='lat' dir='ltr'>ne</span> <span class='ocrx_word' id='word_1_738' title='bbox 564 2958 672 2989; x_wconf 90' lang='lat' dir='ltr'>rescisat</span> <span class='ocrx_word' id='word_1_739' title='bbox 682 2958 752 2987; x_wconf 85' lang='lat' dir='ltr'>milii</span> <span class='ocrx_word' id='word_1_740' title='bbox 762 2956 816 2987; x_wconf 79' lang='lat' dir='ltr'>esse</span> <span class='ocrx_word' id='word_1_741' title='bbox 826 2957 860 2987; x_wconf 89' lang='lat' dir='ltr'>ab</span> <span class='ocrx_word' id='word_1_742' title='bbox 872 2956 919 2986; x_wconf 89' lang='lat' dir='ltr'>illa</span> <span class='ocrx_word' id='word_1_743' title='bbox 928 2979 936 2993; x_wconf 88' lang='lat'>,</span> <span class='ocrx_word' id='word_1_744' title='bbox 957 2958 1048 2987; x_wconf 87' lang='lat' dir='ltr'>cautio</span> <span class='ocrx_word' id='word_1_745' title='bbox 1062 2958 1108 2988; x_wconf 90' lang='lat' dir='ltr'>est.</span> 
     </span>
    </p>

    <p class='ocr_par' dir='ltr' id='par_1_40' title="bbox 192 2994 1253 3034">
     <span class='ocr_line' id='line_1_79' title="bbox 192 2994 1253 3034; baseline -0.002 -6"><span class='ocrx_word' id='word_1_746' title='bbox 192 2998 259 3028; x_wconf 80' lang='lat' dir='ltr'>Mea</span> <span class='ocrx_word' id='word_1_747' title='bbox 269 2999 360 3028; x_wconf 89' lang='lat' dir='ltr'>cautio</span> <span class='ocrx_word' id='word_1_748' title='bbox 371 2998 409 3027; x_wconf 83' lang='lat' dir='ltr'>est</span> <span class='ocrx_word' id='word_1_749' title='bbox 420 3019 428 3032; x_wconf 84' lang='lat'>,</span> <span class='ocrx_word' id='word_1_750' title='bbox 449 2997 572 3027; x_wconf 88' lang='lat' dir='ltr'>chartam</span> <span class='ocrx_word' id='word_1_751' title='bbox 583 2995 635 3026; x_wconf 91' lang='lat' dir='ltr'>tibi</span> <span class='ocrx_word' id='word_1_752' title='bbox 648 2995 748 3026; x_wconf 80' lang='lat' dir='ltr'>deesse.</span> <span class='ocrx_word' id='word_1_753' title='bbox 769 2995 827 3024; x_wconf 91' lang='lat' dir='ltr'>Cic.</span> <span class='ocrx_word' id='word_1_754' title='bbox 841 3005 865 3031; x_wconf 82' lang='grc' dir='ltr'>ς.</span> <span class='ocrx_word' id='word_1_755' title='bbox 878 2997 929 3024; x_wconf 88' lang='lat' dir='ltr'>Att.</span> <span class='ocrx_word' id='word_1_756' title='bbox 943 3006 968 3030; x_wconf 82' lang='lat'>4·</span> <span class='ocrx_word' id='word_1_757' title='bbox 992 2995 1030 3025; x_wconf 90' lang='lat' dir='ltr'>Al.</span> <span class='ocrx_word' id='word_1_758' title='bbox 1049 2994 1157 3034; x_wconf 87' lang='lat' dir='ltr'>Captio.</span> <span class='ocrx_word' id='word_1_759' title='bbox 1183 3005 1208 3034; x_wconf 90' lang='lat' dir='ltr'>q.</span> <span class='ocrx_word' id='word_1_760' title='bbox 1221 2996 1253 3026; x_wconf 81' lang='lat' dir='ltr'>V.</span> 
     </span>
    </p>

    <p class='ocr_par' dir='ltr' id='par_1_41' title="bbox 192 3032 1082 3070">
     <span class='ocr_line' id='line_1_80' title="bbox 192 3032 1082 3070; baseline -0.006 -5"><span class='ocrx_word' id='word_1_761' title='bbox 192 3036 254 3066; x_wconf 87' lang='lat' dir='ltr'>Tua</span> <span class='ocrx_word' id='word_1_762' title='bbox 263 3037 338 3065; x_wconf 90' lang='lat' dir='ltr'>enim</span> <span class='ocrx_word' id='word_1_763' title='bbox 350 3035 442 3065; x_wconf 85' lang='lat' dir='ltr'>cautio</span> <span class='ocrx_word' id='word_1_764' title='bbox 451 3057 459 3070; x_wconf 94' lang='lat'>‚</span> <span class='ocrx_word' id='word_1_765' title='bbox 480 3035 570 3064; x_wconf 89' lang='lat' dir='ltr'>nostra</span> <span class='ocrx_word' id='word_1_766' title='bbox 582 3033 675 3064; x_wconf 84' lang='lat' dir='ltr'>cautio</span> <span class='ocrx_word' id='word_1_767' title='bbox 687 3033 733 3063; x_wconf 92' lang='lat' dir='ltr'>est.</span> <span class='ocrx_word' id='word_1_768' title='bbox 764 3033 822 3062; x_wconf 90' lang='lat' dir='ltr'>Cic.</span> <span class='ocrx_word' id='word_1_769' title='bbox 834 3042 885 3070; x_wconf 92' lang='lat' dir='ltr'>pro</span> <span class='ocrx_word' id='word_1_770' title='bbox 899 3032 1023 3062; x_wconf 85' lang='lat' dir='ltr'>Marcell.</span> <span class='ocrx_word' id='word_1_771' title='bbox 1038 3043 1082 3063; x_wconf 84' lang='lat'>21.</span> 
     </span>
    </p>

    <p class='ocr_par' dir='ltr' id='par_1_42' title="bbox 192 3070 1310 3222">
     <span class='ocr_line' id='line_1_81' title="bbox 192 3070 1310 3111; baseline -0.002 -9"><span class='ocrx_word' id='word_1_772' title='bbox 192 3073 374 3111; x_wconf 79' lang='lat' dir='ltr'>chirographi</span> <span class='ocrx_word' id='word_1_773' title='bbox 393 3073 496 3104; x_wconf 83' lang='lat' dir='ltr'>cautio.</span> <span class='ocrx_word' id='word_1_774' title='bbox 537 3071 595 3102; x_wconf 90' lang='lat' dir='ltr'>Cic.</span> <span class='ocrx_word' id='word_1_775' title='bbox 607 3081 633 3108; x_wconf 89' lang='lat'>7.</span> <span class='ocrx_word' id='word_1_776' title='bbox 649 3071 724 3101; x_wconf 88' lang='lat' dir='ltr'>Fam.</span> <span class='ocrx_word' id='word_1_777' title='bbox 740 3075 782 3105; x_wconf 82' lang='lat'>18.</span> <span class='ocrx_word' id='word_1_778' title='bbox 809 3070 904 3107; x_wconf 85' lang='lat' dir='ltr'>Itaque</span> <span class='ocrx_word' id='word_1_779' title='bbox 924 3070 1036 3106; x_wconf 86' lang='lat' dir='ltr'>quando</span> <span class='ocrx_word' id='word_1_780' title='bbox 1053 3070 1144 3100; x_wconf 88' lang='lat' dir='ltr'>vestrae</span> <span class='ocrx_word' id='word_1_781' title='bbox 1163 3071 1310 3101; x_wconf 79' lang='lat' dir='ltr'>cautiones</span> 
     </span>
     <span class='ocr_line' id='line_1_82' title="bbox 211 3108 1310 3146; baseline -0.002 -6"><span class='ocrx_word' id='word_1_782' title='bbox 211 3112 324 3140; x_wconf 82' lang='lat' dir='ltr'>infirniae</span> <span class='ocrx_word' id='word_1_783' title='bbox 340 3110 418 3146; x_wconf 89' lang='lat' dir='ltr'>sunt,</span> <span class='ocrx_word' id='word_1_784' title='bbox 440 3109 594 3140; x_wconf 75' lang='lat' dir='ltr'>Graeculam</span> <span class='ocrx_word' id='word_1_785' title='bbox 606 3109 656 3139; x_wconf 90' lang='lat' dir='ltr'>tibi</span> <span class='ocrx_word' id='word_1_786' title='bbox 669 3108 727 3138; x_wconf 79' lang='lat' dir='ltr'>misi</span> <span class='ocrx_word' id='word_1_787' title='bbox 739 3108 899 3138; x_wconf 86' lang='lat' dir='ltr'>cautionem</span> <span class='ocrx_word' id='word_1_788' title='bbox 913 3108 1088 3145; x_wconf 83' lang='lat' dir='ltr'>chirographi</span> <span class='ocrx_word' id='word_1_789' title='bbox 1104 3109 1170 3137; x_wconf 88' lang='lat' dir='ltr'>mei.</span> <span class='ocrx_word' id='word_1_790' title='bbox 1200 3109 1218 3138; x_wconf 92' lang='lat' dir='ltr'>i.</span> <span class='ocrx_word' id='word_1_791' title='bbox 1231 3119 1254 3138; x_wconf 87' lang='lat' dir='ltr'>e.</span> <span class='ocrx_word' id='word_1_792' title='bbox 1279 3114 1310 3138; x_wconf 81' lang='lat' dir='ltr'>ut</span> 
     </span>
     <span class='ocr_line' id='line_1_83' title="bbox 210 3145 1309 3184; baseline -0.002 -6"><span class='ocrx_word' id='word_1_793' title='bbox 210 3149 354 3184; x_wconf 78' lang='lat' dir='ltr'>existimo,</span> <span class='ocrx_word' id='word_1_794' title='bbox 375 3148 578 3178; x_wconf 85' lang='lat' dir='ltr'>Commendavi</span> <span class='ocrx_word' id='word_1_795' title='bbox 590 3154 618 3177; x_wconf 91' lang='lat' dir='ltr'>te</span> <span class='ocrx_word' id='word_1_796' title='bbox 637 3146 733 3176; x_wconf 83' lang='lat' dir='ltr'>Caesari</span> <span class='ocrx_word' id='word_1_797' title='bbox 744 3145 841 3176; x_wconf 87' lang='lat' dir='ltr'>litteris</span> <span class='ocrx_word' id='word_1_798' title='bbox 851 3145 945 3175; x_wconf 79' lang='lat' dir='ltr'>Graece</span> <span class='ocrx_word' id='word_1_799' title='bbox 955 3145 1069 3183; x_wconf 89' lang='lat' dir='ltr'>scriptis.</span> <span class='ocrx_word' id='word_1_800' title='bbox 1099 3145 1206 3175; x_wconf 82' lang='lat' dir='ltr'>Alludit</span> <span class='ocrx_word' id='word_1_801' title='bbox 1216 3153 1309 3176; x_wconf 87' lang='lat' dir='ltr'>autem</span> 
     </span>
     <span class='ocr_line' id='line_1_84' title="bbox 211 3183 948 3222; baseline -0.004 -7"><span class='ocrx_word' id='word_1_802' title='bbox 211 3186 245 3215; x_wconf 88' lang='lat' dir='ltr'>ad</span> <span class='ocrx_word' id='word_1_803' title='bbox 255 3186 403 3216; x_wconf 78' lang='lat' dir='ltr'>Cautiones</span> <span class='ocrx_word' id='word_1_804' title='bbox 411 3185 670 3222; x_wconf 86' lang='lat' dir='ltr'>Jurisconsultorum</span> <span class='ocrx_word' id='word_1_805' title='bbox 681 3185 795 3222; x_wconf 88' lang='lat' dir='ltr'>proprie</span> <span class='ocrx_word' id='word_1_806' title='bbox 805 3183 841 3213; x_wconf 87' lang='lat' dir='ltr'>fic</span> <span class='ocrx_word' id='word_1_807' title='bbox 852 3183 948 3212; x_wconf 69' lang='lat' dir='ltr'>dictas.</span> 
     </span>
    </p>

    <p class='ocr_par' dir='ltr' id='par_1_43' title="bbox 191 3220 1309 3298">
     <span class='ocr_line' id='line_1_85' title="bbox 191 3220 1309 3260; baseline -0.001 -7"><span class='ocrx_word' id='word_1_808' title='bbox 191 3222 369 3253; x_wconf 77' lang='lat' dir='ltr'>Pecuninrum</span> <span class='ocrx_word' id='word_1_809' title='bbox 382 3224 533 3253; x_wconf 85' lang='lat' dir='ltr'>cautiones.</span> <span class='ocrx_word' id='word_1_810' title='bbox 575 3222 633 3253; x_wconf 89' lang='lat' dir='ltr'>Cic.</span> <span class='ocrx_word' id='word_1_811' title='bbox 643 3229 695 3260; x_wconf 86' lang='lat' dir='ltr'>pro</span> <span class='ocrx_word' id='word_1_812' title='bbox 706 3222 799 3252; x_wconf 91' lang='lat' dir='ltr'>Domo</span> <span class='ocrx_word' id='word_1_813' title='bbox 811 3230 872 3257; x_wconf 84' lang='lat'>129.</span> <span class='ocrx_word' id='word_1_814' title='bbox 893 3220 948 3251; x_wconf 90' lang='lat' dir='ltr'>Sed</span> <span class='ocrx_word' id='word_1_815' title='bbox 959 3229 1015 3250; x_wconf 89' lang='lat' dir='ltr'>uno</span> <span class='ocrx_word' id='word_1_816' title='bbox 1026 3226 1154 3258; x_wconf 89' lang='lat' dir='ltr'>tempore</span> <span class='ocrx_word' id='word_1_817' title='bbox 1163 3221 1309 3252; x_wconf 87' lang='lat' dir='ltr'>cautiones</span> 
     </span>
     <span class='ocr_line' id='line_1_86' title="bbox 210 3260 598 3298; baseline 0.008 -10"><span class='ocrx_word' id='word_1_818' title='bbox 210 3260 313 3290; x_wconf 85' lang='lat' dir='ltr'>fiebant</span> <span class='ocrx_word' id='word_1_819' title='bbox 325 3262 506 3298; x_wconf 83' lang='lat' dir='ltr'>pecuniarum</span> <span class='ocrx_word' id='word_1_820' title='bbox 518 3283 526 3296; x_wconf 85' lang='lat'>‚</span> <span class='ocrx_word' id='word_1_821' title='bbox 545 3262 598 3291; x_wconf 69' lang='lat' dir='ltr'>dcc.</span> 
     </span>
    </p>

    <p class='ocr_par' dir='ltr' id='par_1_44' title="bbox 193 3296 1307 3412">
     <span class='ocr_line' id='line_1_87' title="bbox 193 3296 1307 3335; baseline -0.002 -7"><span class='ocrx_word' id='word_1_822' title='bbox 193 3296 290 3327; x_wconf 85' lang='lat' dir='ltr'>Cautio</span> <span class='ocrx_word' id='word_1_823' title='bbox 300 3320 308 3333; x_wconf 82' lang='lat'>,</span> <span class='ocrx_word' id='word_1_824' title='bbox 330 3308 380 3335; x_wconf 86' lang='lat' dir='ltr'>pro</span> <span class='ocrx_word' id='word_1_825' title='bbox 391 3298 517 3328; x_wconf 85' lang='lat' dir='ltr'>Formula</span> <span class='ocrx_word' id='word_1_826' title='bbox 526 3300 753 3328; x_wconf 88' lang='lat' dir='ltr'>testamentorum</span> <span class='ocrx_word' id='word_1_827' title='bbox 766 3319 774 3333; x_wconf 86' lang='lat'>,</span> <span class='ocrx_word' id='word_1_828' title='bbox 795 3302 843 3327; x_wconf 85' lang='lat' dir='ltr'>aut</span> <span class='ocrx_word' id='word_1_829' title='bbox 853 3296 967 3326; x_wconf 89' lang='lat' dir='ltr'>aliarum</span> <span class='ocrx_word' id='word_1_830' title='bbox 977 3305 1068 3325; x_wconf 90' lang='lat' dir='ltr'>rerum</span> <span class='ocrx_word' id='word_1_831' title='bbox 1079 3317 1088 3330; x_wconf 76' lang='grc'>.</span> <span class='ocrx_word' id='word_1_832' title='bbox 1109 3297 1135 3325; x_wconf 88' lang='lat'>&amp;</span> <span class='ocrx_word' id='word_1_833' title='bbox 1147 3297 1307 3333; x_wconf 85' lang='lat' dir='ltr'>conceptio-</span> 
     </span>
     <span class='ocr_line' id='line_1_88' title="bbox 211 3333 1306 3374; baseline 0.001 -11"><span class='ocrx_word' id='word_1_834' title='bbox 211 3335 292 3366; x_wconf 87' lang='lat' dir='ltr'>nibus</span> <span class='ocrx_word' id='word_1_835' title='bbox 302 3336 455 3365; x_wconf 85' lang='lat' dir='ltr'>verborum.</span> <span class='ocrx_word' id='word_1_836' title='bbox 469 3336 600 3374; x_wconf 86' lang='lat' dir='ltr'>Ulpianus</span> <span class='ocrx_word' id='word_1_837' title='bbox 611 3337 639 3365; x_wconf 91' lang='lat' dir='ltr'>in</span> <span class='ocrx_word' id='word_1_838' title='bbox 655 3337 673 3366; x_wconf 92' lang='lat' dir='ltr'>l.</span> <span class='ocrx_word' id='word_1_839' title='bbox 685 3336 725 3366; x_wconf 84' lang='lat' dir='ltr'>lta</span> <span class='ocrx_word' id='word_1_840' title='bbox 737 3341 840 3365; x_wconf 84' lang='lat' dir='ltr'>autem.</span> <span class='ocrx_word' id='word_1_841' title='bbox 853 3333 1012 3372; x_wconf 64' lang='lat' dir='ltr'>§.Julianus</span> <span class='ocrx_word' id='word_1_842' title='bbox 1026 3333 1059 3362; x_wconf 93' lang='lat' dir='ltr'>D.</span> <span class='ocrx_word' id='word_1_843' title='bbox 1073 3333 1109 3362; x_wconf 86' lang='lat' dir='ltr'>de</span> <span class='ocrx_word' id='word_1_844' title='bbox 1121 3334 1306 3364; x_wconf 77' lang='lat' dir='ltr'>Administrat.</span> 
     </span>
     <span class='ocr_line' id='line_1_89' title="bbox 213 3371 1305 3412; baseline 0.001 -12"><span class='ocrx_word' id='word_1_845' title='bbox 213 3377 294 3401; x_wconf 86' lang='lat' dir='ltr'>tutor.</span> <span class='ocrx_word' id='word_1_846' title='bbox 308 3373 396 3402; x_wconf 88' lang='lat' dir='ltr'>Nemo</span> <span class='ocrx_word' id='word_1_847' title='bbox 408 3374 482 3403; x_wconf 89' lang='lat' dir='ltr'>enim</span> <span class='ocrx_word' id='word_1_848' title='bbox 493 3374 537 3409; x_wconf 86' lang='lat' dir='ltr'>jus</span> <span class='ocrx_word' id='word_1_849' title='bbox 545 3373 692 3412; x_wconf 86' lang='lat' dir='ltr'>publicum</span> <span class='ocrx_word' id='word_1_850' title='bbox 704 3374 845 3403; x_wconf 88' lang='lat' dir='ltr'>remittere</span> <span class='ocrx_word' id='word_1_851' title='bbox 854 3372 943 3409; x_wconf 88' lang='lat' dir='ltr'>potest</span> <span class='ocrx_word' id='word_1_852' title='bbox 954 3371 1111 3407; x_wconf 91' lang='lat' dir='ltr'>hujusmodi</span> <span class='ocrx_word' id='word_1_853' title='bbox 1121 3372 1305 3401; x_wconf 90' lang='lat' dir='ltr'>cautionibus.</span> 
     </span>
    </p>

    <p class='ocr_par' dir='ltr' id='par_1_45' title="bbox 193 3409 1307 3523">
     <span class='ocr_line' id='line_1_90' title="bbox 193 3409 1307 3448; baseline 0 -9"><span class='ocrx_word' id='word_1_854' title='bbox 193 3409 291 3439; x_wconf 88' lang='lat' dir='ltr'>Cautio</span> <span class='ocrx_word' id='word_1_855' title='bbox 304 3410 358 3445; x_wconf 89' lang='lat' dir='ltr'>est,</span> <span class='ocrx_word' id='word_1_856' title='bbox 383 3417 442 3440; x_wconf 89' lang='lat' dir='ltr'>tum</span> <span class='ocrx_word' id='word_1_857' title='bbox 459 3411 540 3440; x_wconf 87' lang='lat' dir='ltr'>Ratio</span> <span class='ocrx_word' id='word_1_858' title='bbox 555 3412 680 3448; x_wconf 69' lang='lat' dir='ltr'>quaedam</span> <span class='ocrx_word' id='word_1_859' title='bbox 693 3434 701 3447; x_wconf 88' lang='lat'>‚</span> <span class='ocrx_word' id='word_1_860' title='bbox 725 3421 778 3448; x_wconf 90' lang='lat' dir='ltr'>qua</span> <span class='ocrx_word' id='word_1_861' title='bbox 800 3410 944 3440; x_wconf 89' lang='lat' dir='ltr'>declinant</span> <span class='ocrx_word' id='word_1_862' title='bbox 961 3410 1095 3438; x_wconf 84' lang='lat' dir='ltr'>damnum</span> <span class='ocrx_word' id='word_1_863' title='bbox 1111 3409 1307 3439; x_wconf 86' lang='lat' dir='ltr'>contrahentes</span> 
     </span>
     <span class='ocr_line' id='line_1_91' title="bbox 213 3446 1306 3486; baseline 0.001 -11"><span class='ocrx_word' id='word_1_864' title='bbox 213 3447 284 3475; x_wconf 85' lang='lat' dir='ltr'>inter</span> <span class='ocrx_word' id='word_1_865' title='bbox 296 3447 340 3476; x_wconf 86' lang='lat' dir='ltr'>se:</span> <span class='ocrx_word' id='word_1_866' title='bbox 362 3454 419 3477; x_wconf 90' lang='lat' dir='ltr'>tum</span> <span class='ocrx_word' id='word_1_867' title='bbox 432 3448 575 3485; x_wconf 76' lang='lat' dir='ltr'>Formula,</span> <span class='ocrx_word' id='word_1_868' title='bbox 596 3449 642 3478; x_wconf 87' lang='lat' dir='ltr'>scu</span> <span class='ocrx_word' id='word_1_869' title='bbox 653 3450 696 3478; x_wconf 88' lang='lat' dir='ltr'>via</span> <span class='ocrx_word' id='word_1_870' title='bbox 712 3447 792 3484; x_wconf 82' lang='lat' dir='ltr'>talis,</span> <span class='ocrx_word' id='word_1_871' title='bbox 814 3458 868 3486; x_wconf 87' lang='lat' dir='ltr'>qua</span> <span class='ocrx_word' id='word_1_872' title='bbox 881 3457 897 3477; x_wconf 90' lang='lat' dir='ltr'>a</span> <span class='ocrx_word' id='word_1_873' title='bbox 909 3448 970 3484; x_wconf 84' lang='lat' dir='ltr'>jure</span> <span class='ocrx_word' id='word_1_874' title='bbox 985 3447 1062 3476; x_wconf 90' lang='lat' dir='ltr'>civili</span> <span class='ocrx_word' id='word_1_875' title='bbox 1079 3446 1242 3484; x_wconf 86' lang='lat' dir='ltr'>stipulaturo</span> <span class='ocrx_word' id='word_1_876' title='bbox 1259 3454 1306 3476; x_wconf 82' lang='lat' dir='ltr'>aut</span> 
     </span>
     <span class='ocr_line' id='line_1_92' title="bbox 209 3483 674 3523; baseline 0.009 -11"><span class='ocrx_word' id='word_1_877' title='bbox 209 3483 371 3521; x_wconf 80' lang='lat' dir='ltr'>promiffuro</span> <span class='ocrx_word' id='word_1_878' title='bbox 386 3485 491 3523; x_wconf 84' lang='lat' dir='ltr'>aliquid</span> <span class='ocrx_word' id='word_1_879' title='bbox 503 3486 674 3516; x_wconf 87' lang='lat' dir='ltr'>monstratur.</span> 
     </span>
    </p>

    <p class='ocr_par' dir='ltr' id='par_1_46' title="bbox 191 3519 1306 3673">
     <span class='ocr_line' id='line_1_93' title="bbox 191 3519 1305 3560; baseline -0.004 -9"><span class='ocrx_word' id='word_1_880' title='bbox 191 3521 289 3551; x_wconf 86' lang='lat' dir='ltr'>Cautio</span> <span class='ocrx_word' id='word_1_881' title='bbox 299 3522 444 3557; x_wconf 81' lang='lat' dir='ltr'>juratoria,</span> <span class='ocrx_word' id='word_1_882' title='bbox 464 3523 501 3552; x_wconf 88' lang='lat' dir='ltr'>est</span> <span class='ocrx_word' id='word_1_883' title='bbox 516 3524 657 3553; x_wconf 85' lang='lat' dir='ltr'>Promissio</span> <span class='ocrx_word' id='word_1_884' title='bbox 667 3524 721 3553; x_wconf 88' lang='lat' dir='ltr'>fine</span> <span class='ocrx_word' id='word_1_885' title='bbox 734 3522 954 3560; x_wconf 70' lang='lat' dir='ltr'>fidejussoribus,</span> <span class='ocrx_word' id='word_1_886' title='bbox 975 3520 1033 3551; x_wconf 91' lang='lat' dir='ltr'>solo</span> <span class='ocrx_word' id='word_1_887' title='bbox 1054 3519 1216 3559; x_wconf 87' lang='lat' dir='ltr'>interposito</span> <span class='ocrx_word' id='word_1_888' title='bbox 1235 3522 1305 3557; x_wconf 85' lang='lat' dir='ltr'>jure.</span> 
     </span>
     <span class='ocr_line' id='line_1_94' title="bbox 210 3558 1304 3601; baseline 0.001 -13"><span class='ocrx_word' id='word_1_889' title='bbox 210 3560 329 3595; x_wconf 78' lang='lat' dir='ltr'>iurando</span> <span class='ocrx_word' id='word_1_890' title='bbox 338 3560 451 3597; x_wconf 78' lang='lat' dir='ltr'>praestita</span> <span class='ocrx_word' id='word_1_891' title='bbox 460 3582 468 3595; x_wconf 89' lang='lat'>,</span> <span class='ocrx_word' id='word_1_892' title='bbox 488 3561 546 3590; x_wconf 87' lang='lat' dir='ltr'>fore</span> <span class='ocrx_word' id='word_1_893' title='bbox 557 3569 587 3590; x_wconf 87' lang='lat' dir='ltr'>ut</span> <span class='ocrx_word' id='word_1_894' title='bbox 596 3572 656 3591; x_wconf 85' lang='lat' dir='ltr'>rcus</span> <span class='ocrx_word' id='word_1_895' title='bbox 666 3563 694 3590; x_wconf 92' lang='lat' dir='ltr'>in</span> <span class='ocrx_word' id='word_1_896' title='bbox 704 3562 810 3597; x_wconf 85' lang='lat' dir='ltr'>judicio</span> <span class='ocrx_word' id='word_1_897' title='bbox 821 3561 942 3598; x_wconf 84' lang='lat' dir='ltr'>adusque</span> <span class='ocrx_word' id='word_1_898' title='bbox 952 3559 1007 3589; x_wconf 86' lang='lat' dir='ltr'>litis</span> <span class='ocrx_word' id='word_1_899' title='bbox 1016 3558 1122 3601; x_wconf 74' lang='lat' dir='ltr'>exitum</span> <span class='ocrx_word' id='word_1_900' title='bbox 1133 3566 1304 3596; x_wconf 77' lang='lat' dir='ltr'>permaneat,</span> 
     </span>
     <span class='ocr_line' id='line_1_95' title="bbox 210 3596 1306 3636; baseline 0 -11"><span class='ocrx_word' id='word_1_901' title='bbox 210 3597 250 3625; x_wconf 88' lang='lat' dir='ltr'>uti</span> <span class='ocrx_word' id='word_1_902' title='bbox 262 3596 345 3625; x_wconf 88' lang='lat' dir='ltr'>docet</span> <span class='ocrx_word' id='word_1_903' title='bbox 358 3597 481 3634; x_wconf 85' lang='lat' dir='ltr'>Imperat.</span> <span class='ocrx_word' id='word_1_904' title='bbox 503 3600 524 3636; x_wconf 85' lang='lat'>§.</span> <span class='ocrx_word' id='word_1_905' title='bbox 540 3609 562 3628; x_wconf 86' lang='lat'>1.</span> <span class='ocrx_word' id='word_1_906' title='bbox 575 3599 656 3628; x_wconf 88' lang='lat' dir='ltr'>instit.</span> <span class='ocrx_word' id='word_1_907' title='bbox 669 3599 704 3629; x_wconf 91' lang='lat' dir='ltr'>de</span> <span class='ocrx_word' id='word_1_908' title='bbox 713 3600 835 3629; x_wconf 85' lang='lat' dir='ltr'>satisdat.</span> <span class='ocrx_word' id='word_1_909' title='bbox 856 3598 891 3628; x_wconf 87' lang='lat' dir='ltr'>Et</span> <span class='ocrx_word' id='word_1_910' title='bbox 898 3599 934 3627; x_wconf 86' lang='lat' dir='ltr'>de</span> <span class='ocrx_word' id='word_1_911' title='bbox 942 3597 1078 3627; x_wconf 83' lang='lat' dir='ltr'>Cautione</span> <span class='ocrx_word' id='word_1_912' title='bbox 1088 3596 1219 3632; x_wconf 72' lang='lat' dir='ltr'>juratoria</span> <span class='ocrx_word' id='word_1_913' title='bbox 1228 3606 1306 3626; x_wconf 85' lang='lat' dir='ltr'>men-</span> 
     </span>
     <span class='ocr_line' id='line_1_96' title="bbox 213 3633 646 3673; baseline 0.005 -10"><span class='ocrx_word' id='word_1_914' title='bbox 213 3634 252 3663; x_wconf 91' lang='lat' dir='ltr'>tio</span> <span class='ocrx_word' id='word_1_915' title='bbox 264 3633 293 3662; x_wconf 80' lang='lat' dir='ltr'>iit</span> <span class='ocrx_word' id='word_1_916' title='bbox 303 3634 330 3661; x_wconf 90' lang='lat' dir='ltr'>in</span> <span class='ocrx_word' id='word_1_917' title='bbox 342 3633 358 3662; x_wconf 94' lang='lat' dir='ltr'>l.</span> <span class='ocrx_word' id='word_1_918' title='bbox 379 3643 418 3669; x_wconf 89' lang='lat'>17.</span> <span class='ocrx_word' id='word_1_919' title='bbox 434 3633 464 3663; x_wconf 92' lang='lat' dir='ltr'>C.</span> <span class='ocrx_word' id='word_1_920' title='bbox 476 3635 511 3664; x_wconf 89' lang='lat' dir='ltr'>de</span> <span class='ocrx_word' id='word_1_921' title='bbox 522 3636 646 3673; x_wconf 83' lang='lat' dir='ltr'>dignitat.</span> 
     </span>
    </p>

    <p class='ocr_par' dir='ltr' id='par_1_47' title="bbox 191 3670 1304 3813">
     <span class='ocr_line' id='line_1_97' title="bbox 191 3670 1304 3711; baseline -0.004 -8"><span class='ocrx_word' id='word_1_922' title='bbox 191 3670 290 3701; x_wconf 87' lang='lat' dir='ltr'>Cautio</span> <span class='ocrx_word' id='word_1_923' title='bbox 299 3670 429 3700; x_wconf 76' lang='lat' dir='ltr'>Muciana</span> <span class='ocrx_word' id='word_1_924' title='bbox 438 3672 491 3706; x_wconf 77' lang='lat' dir='ltr'>est3</span> <span class='ocrx_word' id='word_1_925' title='bbox 514 3673 608 3709; x_wconf 80' lang='lat' dir='ltr'>Quum</span> <span class='ocrx_word' id='word_1_926' title='bbox 624 3674 646 3703; x_wconf 90' lang='lat' dir='ltr'>is</span> <span class='ocrx_word' id='word_1_927' title='bbox 655 3695 663 3708; x_wconf 82' lang='lat'>,</span> <span class='ocrx_word' id='word_1_928' title='bbox 683 3674 727 3703; x_wconf 90' lang='lat' dir='ltr'>cui</span> <span class='ocrx_word' id='word_1_929' title='bbox 739 3673 805 3711; x_wconf 89' lang='lat' dir='ltr'>quid</span> <span class='ocrx_word' id='word_1_930' title='bbox 816 3673 865 3704; x_wconf 92' lang='lat' dir='ltr'>sub</span> <span class='ocrx_word' id='word_1_931' title='bbox 875 3681 933 3702; x_wconf 91' lang='lat' dir='ltr'>non</span> <span class='ocrx_word' id='word_1_932' title='bbox 943 3671 1066 3702; x_wconf 88' lang='lat' dir='ltr'>faciendi</span> <span class='ocrx_word' id='word_1_933' title='bbox 1083 3670 1248 3700; x_wconf 87' lang='lat' dir='ltr'>conditione</span> <span class='ocrx_word' id='word_1_934' title='bbox 1257 3671 1304 3700; x_wconf 85' lang='lat' dir='ltr'>de-</span> 
     </span>
     <span class='ocr_line' id='line_1_98' title="bbox 211 3707 1304 3750; baseline -0.005 -8"><span class='ocrx_word' id='word_1_935' title='bbox 211 3709 306 3742; x_wconf 85' lang='lat' dir='ltr'>betur,</span> <span class='ocrx_word' id='word_1_936' title='bbox 327 3707 389 3750; x_wconf 78' lang='lat' dir='ltr'>seid</span> <span class='ocrx_word' id='word_1_937' title='bbox 400 3717 456 3736; x_wconf 89' lang='lat' dir='ltr'>non</span> <span class='ocrx_word' id='word_1_938' title='bbox 468 3710 601 3739; x_wconf 74' lang='lat' dir='ltr'>facturum</span> <span class='ocrx_word' id='word_1_939' title='bbox 611 3718 709 3740; x_wconf 88' lang='lat' dir='ltr'>cavet:</span> <span class='ocrx_word' id='word_1_940' title='bbox 732 3712 823 3749; x_wconf 81' lang='lat' dir='ltr'>itaque</span> <span class='ocrx_word' id='word_1_941' title='bbox 844 3712 873 3740; x_wconf 89' lang='lat' dir='ltr'>id</span> <span class='ocrx_word' id='word_1_942' title='bbox 885 3710 960 3748; x_wconf 88' lang='lat' dir='ltr'>quod</span> <span class='ocrx_word' id='word_1_943' title='bbox 978 3710 1026 3739; x_wconf 88' lang='lat' dir='ltr'>fibi</span> <span class='ocrx_word' id='word_1_944' title='bbox 1038 3708 1191 3738; x_wconf 86' lang='lat' dir='ltr'>debebatur</span> <span class='ocrx_word' id='word_1_945' title='bbox 1209 3708 1304 3738; x_wconf 89' lang='lat' dir='ltr'>conse-</span> 
     </span>
     <span class='ocr_line' id='line_1_99' title="bbox 209 3745 1302 3813; baseline 0.001 -38"><span class='ocrx_word' id='word_1_946' title='bbox 209 3746 319 3813; x_wconf 54' lang='lat' dir='ltr'>ssuitur,</span> <span class='ocrx_word' id='word_1_947' title='bbox 341 3745 389 3788; x_wconf 71' lang='lat' dir='ltr'>nili</span> <span class='ocrx_word' id='word_1_948' title='bbox 406 3746 475 3774; x_wconf 84' lang='lat' dir='ltr'>forte</span> <span class='ocrx_word' id='word_1_949' title='bbox 491 3756 540 3783; x_wconf 85' lang='lat' dir='ltr'>per</span> <span class='ocrx_word' id='word_1_950' title='bbox 556 3748 637 3777; x_wconf 85' lang='lat' dir='ltr'>aliam</span> <span class='ocrx_word' id='word_1_951' title='bbox 655 3749 848 3778; x_wconf 86' lang='lat' dir='ltr'>conditionem</span> <span class='ocrx_word' id='word_1_952' title='bbox 859 3748 931 3778; x_wconf 75' lang='lat' dir='ltr'>aetio</span> <span class='ocrx_word' id='word_1_953' title='bbox 947 3747 1051 3776; x_wconf 80' lang='lat' dir='ltr'>differri</span> <span class='ocrx_word' id='word_1_954' title='bbox 1062 3747 1152 3784; x_wconf 81' lang='lat' dir='ltr'>possit.</span> <span class='ocrx_word' id='word_1_955' title='bbox 1166 3745 1229 3783; x_wconf 90' lang='lat' dir='ltr'>Ulp.</span> <span class='ocrx_word' id='word_1_956' title='bbox 1242 3746 1261 3774; x_wconf 91' lang='lat' dir='ltr'>l.</span> <span class='ocrx_word' id='word_1_957' title='bbox 1276 3755 1302 3783; x_wconf 92' lang='lat'>7.</span> 
     </span>
    </p>

    <p class='ocr_par' dir='ltr' id='par_1_48' title="bbox 209 3782 1304 3895">
     <span class='ocr_line' id='line_1_100' title="bbox 239 3782 1304 3815; baseline 0 -3"><span class='ocrx_word' id='word_1_958' title='bbox 239 3806 245 3812; x_wconf 92' lang='lat'>.</span> <span class='ocrx_word' id='word_1_959' title='bbox 261 3782 296 3811; x_wconf 87' lang='lat' dir='ltr'>de</span> <span class='ocrx_word' id='word_1_960' title='bbox 307 3782 410 3810; x_wconf 90' lang='lat' dir='ltr'>condit.</span> <span class='ocrx_word' id='word_1_961' title='bbox 425 3784 450 3811; x_wconf 70' lang='lat' dir='ltr'>St</span> <span class='ocrx_word' id='word_1_962' title='bbox 460 3783 633 3813; x_wconf 78' lang='lat' dir='ltr'>demonstrat.</span> <span class='ocrx_word' id='word_1_963' title='bbox 652 3784 791 3814; x_wconf 71' lang='lat' dir='ltr'>Mucianae</span> <span class='ocrx_word' id='word_1_964' title='bbox 799 3786 935 3815; x_wconf 84' lang='lat' dir='ltr'>cautionis</span> <span class='ocrx_word' id='word_1_965' title='bbox 946 3785 1052 3814; x_wconf 81' lang='lat' dir='ltr'>utilitas</span> <span class='ocrx_word' id='word_1_966' title='bbox 1066 3784 1187 3814; x_wconf 85' lang='lat' dir='ltr'>consistit</span> <span class='ocrx_word' id='word_1_967' title='bbox 1199 3785 1227 3813; x_wconf 92' lang='lat' dir='ltr'>in</span> <span class='ocrx_word' id='word_1_968' title='bbox 1237 3793 1304 3813; x_wconf 83' lang='lat' dir='ltr'>con-</span> 
     </span>
     <span class='ocr_line' id='line_1_101' title="bbox 209 3819 1304 3863; baseline 0 -13"><span class='ocrx_word' id='word_1_969' title='bbox 209 3819 377 3863; x_wconf 79' lang='lat' dir='ltr'>ditionibus,</span> <span class='ocrx_word' id='word_1_970' title='bbox 419 3829 458 3848; x_wconf 80' lang='lat' dir='ltr'>uae</span> <span class='ocrx_word' id='word_1_971' title='bbox 470 3820 561 3862; x_wconf 76' lang='lat' dir='ltr'>innon</span> <span class='ocrx_word' id='word_1_972' title='bbox 572 3822 699 3851; x_wconf 78' lang='lat' dir='ltr'>faciendo</span> <span class='ocrx_word' id='word_1_973' title='bbox 714 3822 774 3852; x_wconf 87' lang='lat' dir='ltr'>sunt</span> <span class='ocrx_word' id='word_1_974' title='bbox 783 3829 926 3861; x_wconf 86' lang='lat' dir='ltr'>coneeptae</span> <span class='ocrx_word' id='word_1_975' title='bbox 938 3844 946 3856; x_wconf 89' lang='lat'>,</span> <span class='ocrx_word' id='word_1_976' title='bbox 968 3830 998 3852; x_wconf 89' lang='lat' dir='ltr'>ut</span> <span class='ocrx_word' id='word_1_977' title='bbox 1010 3829 1077 3860; x_wconf 88' lang='lat' dir='ltr'>puta</span> <span class='ocrx_word' id='word_1_978' title='bbox 1088 3844 1096 3856; x_wconf 85' lang='lat'><strong>‚</strong></span> <span class='ocrx_word' id='word_1_979' title='bbox 1118 3822 1148 3851; x_wconf 87' lang='lat' dir='ltr'>Si</span> <span class='ocrx_word' id='word_1_980' title='bbox 1171 3822 1200 3850; x_wconf 88' lang='lat' dir='ltr'>in</span> <span class='ocrx_word' id='word_1_981' title='bbox 1222 3821 1304 3859; x_wconf 86' lang='lat' dir='ltr'>Capi-</span> 
     </span>
     <span class='ocr_line' id='line_1_102' title="bbox 210 3857 1232 3895; baseline 0.001 -8"><span class='ocrx_word' id='word_1_982' title='bbox 210 3858 310 3887; x_wconf 88' lang='lat' dir='ltr'>tolium</span> <span class='ocrx_word' id='word_1_983' title='bbox 319 3865 375 3885; x_wconf 88' lang='lat' dir='ltr'>non</span> <span class='ocrx_word' id='word_1_984' title='bbox 386 3866 401 3885; x_wconf 84' lang='lat' dir='ltr'>a</span> <span class='ocrx_word' id='word_1_985' title='bbox 414 3857 539 3885; x_wconf 88' lang='lat' dir='ltr'>cenderit</span> <span class='ocrx_word' id='word_1_986' title='bbox 549 3879 557 3891; x_wconf 83' lang='lat'>‚</span> <span class='ocrx_word' id='word_1_987' title='bbox 582 3859 609 3887; x_wconf 87' lang='lat' dir='ltr'>Si</span> <span class='ocrx_word' id='word_1_988' title='bbox 620 3859 744 3888; x_wconf 86' lang='lat' dir='ltr'>Stichum</span> <span class='ocrx_word' id='word_1_989' title='bbox 756 3869 813 3888; x_wconf 87' lang='lat' dir='ltr'>non</span> <span class='ocrx_word' id='word_1_990' title='bbox 822 3860 1013 3890; x_wconf 83' lang='lat' dir='ltr'>manumiserit</span> <span class='ocrx_word' id='word_1_991' title='bbox 1026 3882 1034 3895; x_wconf 89' lang='lat'>,</span> <span class='ocrx_word' id='word_1_992' title='bbox 1056 3858 1232 3889; x_wconf 76' lang='lat' dir='ltr'>&amp;srmssibus.</span> 
     </span>
    </p>

    <p class='ocr_par' dir='ltr' id='par_1_49' title="bbox 193 3893 1302 3969">
     <span class='ocr_line' id='line_1_103' title="bbox 193 3893 1302 3934; baseline 0.002 -9"><span class='ocrx_word' id='word_1_993' title='bbox 193 3895 302 3927; x_wconf 75' lang='lat' dir='ltr'>Cautio.</span> <span class='ocrx_word' id='word_1_994' title='bbox 315 3903 364 3931; x_wconf 88' lang='lat' dir='ltr'>pro</span> <span class='ocrx_word' id='word_1_995' title='bbox 377 3893 557 3922; x_wconf 85' lang='lat' dir='ltr'>instrumento</span> <span class='ocrx_word' id='word_1_996' title='bbox 568 3895 752 3932; x_wconf 78' lang='lat' dir='ltr'>obligationis.</span> <span class='ocrx_word' id='word_1_997' title='bbox 765 3898 828 3926; x_wconf 84' lang='lat' dir='ltr'>Seri.</span> <span class='ocrx_word' id='word_1_998' title='bbox 841 3899 876 3927; x_wconf 91' lang='lat' dir='ltr'>de</span> <span class='ocrx_word' id='word_1_999' title='bbox 885 3898 979 3927; x_wconf 86' lang='lat' dir='ltr'>Benef.</span> <span class='ocrx_word' id='word_1_1000' title='bbox 991 3897 1038 3926; x_wconf 90' lang='lat' dir='ltr'>lib.</span> <span class='ocrx_word' id='word_1_1001' title='bbox 1047 3905 1072 3932; x_wconf 88' lang='lat'>7.</span> <span class='ocrx_word' id='word_1_1002' title='bbox 1084 3906 1144 3934; x_wconf 86' lang='lat' dir='ltr'>cap.</span> <span class='ocrx_word' id='word_1_1003' title='bbox 1157 3907 1198 3926; x_wconf 86' lang='lat'>10.</span> <span class='ocrx_word' id='word_1_1004' title='bbox 1214 3896 1302 3927; x_wconf 87' lang='lat' dir='ltr'>Video</span> 
     </span>
     <span class='ocr_line' id='line_1_104' title="bbox 210 3930 1283 3969; baseline 0.002 -7"><span class='ocrx_word' id='word_1_1005' title='bbox 210 3933 269 3962; x_wconf 88' lang='lat' dir='ltr'>istic</span> <span class='ocrx_word' id='word_1_1006' title='bbox 276 3930 462 3968; x_wconf 83' lang='lat' dir='ltr'>diplomata&amp;</span> <span class='ocrx_word' id='word_1_1007' title='bbox 475 3930 636 3969; x_wconf 80' lang='lat' dir='ltr'>syngraphas</span> <span class='ocrx_word' id='word_1_1008' title='bbox 648 3955 656 3967; x_wconf 87' lang='lat'>,</span> <span class='ocrx_word' id='word_1_1009' title='bbox 677 3936 702 3962; x_wconf 72' lang='grc' dir='ltr'>δε</span> <span class='ocrx_word' id='word_1_1010' title='bbox 720 3935 861 3964; x_wconf 80' lang='lat' dir='ltr'>cautiones</span> <span class='ocrx_word' id='word_1_1011' title='bbox 872 3957 880 3969; x_wconf 92' lang='lat'>,</span> <span class='ocrx_word' id='word_1_1012' title='bbox 901 3944 987 3965; x_wconf 81' lang='lat' dir='ltr'>vacua</span> <span class='ocrx_word' id='word_1_1013' title='bbox 1002 3934 1122 3963; x_wconf 88' lang='lat' dir='ltr'>habendi</span> <span class='ocrx_word' id='word_1_1014' title='bbox 1132 3933 1283 3964; x_wconf 82' lang='lat' dir='ltr'>simulacra.</span> 
     </span>
    </p>
   </div>
   <div class='ocr_carea' id='block_1_6' title="bbox 1368 2882 2601 3056">
    <p class='ocr_par' dir='ltr' id='par_1_50' title="bbox 1368 2872 2604 3056">
     <span class='ocr_line' id='line_1_105' title="bbox 1369 2882 2556 2936; baseline 0.005 -23"><span class='ocrx_word' id='word_1_1015' title='bbox 1369 2882 1525 2921; x_wconf 71' lang='lat' dir='ltr'>CAUTA,</span> <span class='ocrx_word' id='word_1_1016' title='bbox 1547 2896 1636 2916; x_wconf 88' lang='lat' dir='ltr'>orum.</span> <span class='ocrx_word' id='word_1_1017' title='bbox 1658 2897 1686 2917; x_wconf 91' lang='lat' dir='ltr'>n.</span> <span class='ocrx_word' id='word_1_1018' title='bbox 1708 2887 1747 2926; x_wconf 93' lang='lat' dir='ltr'>pl.</span> <span class='ocrx_word' id='word_1_1019' title='bbox 1770 2888 1919 2917; x_wconf 87' lang='lat' dir='ltr'>Cautiones</span> <span class='ocrx_word' id='word_1_1020' title='bbox 1933 2884 2103 2924; x_wconf 81' lang='lat' dir='ltr'>syngraphae.</span> <span class='ocrx_word' id='word_1_1021' title='bbox 2134 2884 2167 2916; x_wconf 92' lang='lat' dir='ltr'>V.</span> <span class='ocrx_word' id='word_1_1022' title='bbox 2190 2885 2282 2916; x_wconf 86' lang='lat' dir='ltr'>Barth.</span> <span class='ocrx_word' id='word_1_1023' title='bbox 2302 2884 2411 2916; x_wconf 81' lang='lat' dir='ltr'>Advers.</span> <span class='ocrx_word' id='word_1_1024' title='bbox 2422 2895 2468 2923; x_wconf 78' lang='lat'>44.</span> <span class='ocrx_word' id='word_1_1025' title='bbox 2481 2892 2522 2923; x_wconf 69' lang='grc' dir='ltr'>ῖς.</span> <span class='ocrx_word' id='word_1_1026' title='bbox 2550 2897 2556 2936; x_wconf 59' lang='lat' dir='ltr'>g</span> 
     </span>
     <span class='ocr_line' id='line_1_106' title="bbox 1368 2996 2601 3056; baseline 0.005 -29"><span class='ocrx_word' id='word_1_1027' title='bbox 1368 2997 1545 3035; x_wconf 52' lang='lat' dir='ltr'>Caurus,</span> <span class='ocrx_word' id='word_1_1028' title='bbox 1566 3001 1606 3030; x_wconf 74' lang='lat' dir='ltr'>iis.</span> <span class='ocrx_word' id='word_1_1029' title='bbox 1629 3010 1665 3031; x_wconf 91' lang='lat' dir='ltr'>m.</span> <span class='ocrx_word' id='word_1_1030' title='bbox 1690 3001 1783 3030; x_wconf 87' lang='lat' dir='ltr'>Omne</span> <span class='ocrx_word' id='word_1_1031' title='bbox 1793 3000 1843 3034; x_wconf 85' lang='lat' dir='ltr'>id,</span> <span class='ocrx_word' id='word_1_1032' title='bbox 1865 2999 1979 3036; x_wconf 88' lang='lat' dir='ltr'>quodin</span> <span class='ocrx_word' id='word_1_1033' title='bbox 1989 2996 2068 3028; x_wconf 84' lang='lat' dir='ltr'>sacris</span> <span class='ocrx_word' id='word_1_1034' title='bbox 2085 2997 2258 3034; x_wconf 78' lang='lat' dir='ltr'>cavendum,</span> <span class='ocrx_word' id='word_1_1035' title='bbox 2279 2998 2306 3028; x_wconf 84' lang='lat'>&amp;</span> <span class='ocrx_word' id='word_1_1036' title='bbox 2319 2997 2522 3038; x_wconf 71' lang='lat' dir='ltr'>religionisgin-</span> <span class='ocrx_word' id='word_1_1037' title='bbox 2574 3004 2575 3014; x_wconf 64' lang='lat'>³</span> <span class='ocrx_word' id='word_1_1038' title='bbox 2596 3041 2601 3056; x_wconf 34' lang='lat' dir='ltr'>v</span> 
     </span>
    </p>
   </div>
   <div class='ocr_carea' id='block_1_7' title="bbox 1367 3110 2519 3150">
    <p class='ocr_par' dir='ltr' id='par_1_51' title="bbox 1367 3110 2519 3150">
     <span class='ocr_line' id='line_1_107' title="bbox 1367 3110 2519 3150; baseline -0.004 -4"><span class='ocrx_word' id='word_1_1039' title='bbox 1367 3110 1389 3143; x_wconf 81' lang='lat' dir='ltr'>C</span> <span class='ocrx_word' id='word_1_1040' title='bbox 1400 3122 1418 3141; x_wconf 74' lang='grc' dir='ltr'>Α</span> <span class='ocrx_word' id='word_1_1041' title='bbox 1429 3123 1446 3141; x_wconf 85' lang='grc' dir='ltr'>υ</span> <span class='ocrx_word' id='word_1_1042' title='bbox 1455 3122 1497 3142; x_wconf 70' lang='lat' dir='ltr'>TE</span> <span class='ocrx_word' id='word_1_1043' title='bbox 1509 3135 1516 3148; x_wconf 87' lang='lat'><strong>‚</strong></span> <span class='ocrx_word' id='word_1_1044' title='bbox 1538 3115 1554 3150; x_wconf 94' lang='lat'>[</span> <span class='ocrx_word' id='word_1_1045' title='bbox 1562 3114 1673 3141; x_wconf 58' lang='lat' dir='ltr'>AEmss‘fii</span> <span class='ocrx_word' id='word_1_1046' title='bbox 1681 3115 1697 3150; x_wconf 94' lang='lat'>]</span> <span class='ocrx_word' id='word_1_1047' title='bbox 1718 3115 1787 3145; x_wconf 85' lang='lat' dir='ltr'>Adv.</span> <span class='ocrx_word' id='word_1_1048' title='bbox 1806 3113 1968 3148; x_wconf 86' lang='lat' dir='ltr'>Prudenter,</span> <span class='ocrx_word' id='word_1_1049' title='bbox 1990 3111 2102 3142; x_wconf 88' lang='lat' dir='ltr'>callide.</span> <span class='ocrx_word' id='word_1_1050' title='bbox 2125 3111 2211 3141; x_wconf 87' lang='lat' dir='ltr'>Plaut.</span> <span class='ocrx_word' id='word_1_1051' title='bbox 2225 3111 2307 3142; x_wconf 85' lang='lat' dir='ltr'>Cure.</span> <span class='ocrx_word' id='word_1_1052' title='bbox 2320 3121 2345 3141; x_wconf 87' lang='lat'>1.</span> <span class='ocrx_word' id='word_1_1053' title='bbox 2358 3121 2383 3142; x_wconf 89' lang='lat'>1.</span> <span class='ocrx_word' id='word_1_1054' title='bbox 2397 3120 2440 3149; x_wconf 82' lang='lat'>3²·</span> <span class='ocrx_word' id='word_1_1055' title='bbox 2454 3110 2519 3141; x_wconf 75' lang='lat' dir='ltr'>Can-</span> 
     </span>
    </p>
   </div>
   <div class='ocr_carea' id='block_1_8' title="bbox 1865 81 2146 118">
    <p class='ocr_par' dir='ltr' id='par_1_52' title="bbox 1865 81 2146 118">
     <span class='ocr_line' id='line_1_108' title="bbox 1865 81 2146 118; baseline 0.011 -3"><span class='ocrx_word' id='word_1_1056' title='bbox 1865 81 1894 115; x_wconf 89' lang='lat' dir='ltr'>C</span> <span class='ocrx_word' id='word_1_1057' title='bbox 1995 83 2022 117; x_wconf 84' lang='lat' dir='ltr'>A</span> <span class='ocrx_word' id='word_1_1058' title='bbox 2113 83 2146 118; x_wconf 83' lang='lat' dir='ltr'>V</span> 
     </span>
    </p>
   </div>
   <div class='ocr_carea' id='block_1_9' title="bbox 1390 160 2604 2470">
    <p class='ocr_par' dir='ltr' id='par_1_53' title="bbox 1426 160 2595 266">
     <span class='ocr_line' id='line_1_109' title="bbox 1426 160 2594 203; baseline 0.006 -12"><span class='ocrx_word' id='word_1_1059' title='bbox 1426 161 1543 198; x_wconf 86' lang='lat' dir='ltr'>Exigere</span> <span class='ocrx_word' id='word_1_1060' title='bbox 1553 160 1723 203; x_wconf 78' lang='lat' dir='ltr'>cautionem.</span> <span class='ocrx_word' id='word_1_1061' title='bbox 1764 160 1839 190; x_wconf 87' lang='lat' dir='ltr'>Suet.</span> <span class='ocrx_word' id='word_1_1062' title='bbox 1854 161 1918 199; x_wconf 86' lang='lat' dir='ltr'>Aug.</span> <span class='ocrx_word' id='word_1_1063' title='bbox 1931 168 1975 196; x_wconf 72' lang='lat' dir='ltr'>og.</span> <span class='ocrx_word' id='word_1_1064' title='bbox 1999 163 2263 201; x_wconf 72' lang='lat' dir='ltr'>jusquejurandum.</span> <span class='ocrx_word' id='word_1_1065' title='bbox 2283 166 2479 197; x_wconf 77' lang='lat' dir='ltr'>&amp;cautionem</span> <span class='ocrx_word' id='word_1_1066' title='bbox 2488 175 2550 203; x_wconf 70' lang='lat' dir='ltr'>exe·</span> <span class='ocrx_word' id='word_1_1067' title='bbox 2592 182 2594 192; x_wconf 64' lang='lat'><strong>⁴</strong></span> 
     </span>
     <span class='ocr_line' id='line_1_110' title="bbox 1446 197 2595 241; baseline 0.008 -13"><span class='ocrx_word' id='word_1_1068' title='bbox 1446 199 1487 237; x_wconf 80' lang='lat' dir='ltr'>git</span> <span class='ocrx_word' id='word_1_1069' title='bbox 1496 209 1510 228; x_wconf 91' lang='lat' dir='ltr'>a</span> <span class='ocrx_word' id='word_1_1070' title='bbox 1520 197 1651 241; x_wconf 40' lang='lat' dir='ltr'>singulis..</span> <span class='ocrx_word' id='word_1_1071' title='bbox 1672 208 1729 227; x_wconf 89' lang='lat' dir='ltr'>non</span> <span class='ocrx_word' id='word_1_1072' title='bbox 1744 198 1799 227; x_wconf 85' lang='lat' dir='ltr'>alio</span> <span class='ocrx_word' id='word_1_1073' title='bbox 1810 199 1902 229; x_wconf 86' lang='lat' dir='ltr'>datam</span> <span class='ocrx_word' id='word_1_1074' title='bbox 1912 199 2047 230; x_wconf 83' lang='lat' dir='ltr'>summam</span> <span class='ocrx_word' id='word_1_1075' title='bbox 2059 223 2068 237; x_wconf 91' lang='lat'>‚</span> <span class='ocrx_word' id='word_1_1076' title='bbox 2090 202 2213 238; x_wconf 85' lang='lat' dir='ltr'>quamin</span> <span class='ocrx_word' id='word_1_1077' title='bbox 2223 204 2378 233; x_wconf 87' lang='lat' dir='ltr'>emtionem</span> <span class='ocrx_word' id='word_1_1078' title='bbox 2390 203 2549 238; x_wconf 80' lang='lat' dir='ltr'>Alexandri·</span> <span class='ocrx_word' id='word_1_1079' title='bbox 2592 204 2595 221; x_wconf 48' lang='lat' dir='ltr'>l</span> 
     </span>
     <span class='ocr_line' id='line_1_111' title="bbox 1447 235 2593 266; baseline 0.002 0"><span class='ocrx_word' id='word_1_1080' title='bbox 1447 247 1545 266; x_wconf 65' lang='lat' dir='ltr'>narum</span> <span class='ocrx_word' id='word_1_1081' title='bbox 1560 245 1694 265; x_wconf 81' lang='lat' dir='ltr'>mereium</span> <span class='ocrx_word' id='word_1_1082' title='bbox 1705 235 1889 266; x_wconf 83' lang='lat' dir='ltr'>absumturos.</span> <span class='ocrx_word' id='word_1_1083' title='bbox 2592 247 2593 264; x_wconf 73' lang='lat'>1</span> 
     </span>
    </p>

    <p class='ocr_par' dir='ltr' id='par_1_54' title="bbox 1427 273 2250 314">
     <span class='ocr_line' id='line_1_112' title="bbox 1427 273 2250 314; baseline 0.002 -10"><span class='ocrx_word' id='word_1_1084' title='bbox 1427 274 1551 304; x_wconf 84' lang='lat' dir='ltr'>Proferre</span> <span class='ocrx_word' id='word_1_1085' title='bbox 1562 274 1715 303; x_wconf 82' lang='lat' dir='ltr'>cautiones.</span> <span class='ocrx_word' id='word_1_1086' title='bbox 1736 273 1799 303; x_wconf 89' lang='lat' dir='ltr'>Sen.</span> <span class='ocrx_word' id='word_1_1087' title='bbox 1811 275 1846 304; x_wconf 89' lang='lat' dir='ltr'>de</span> <span class='ocrx_word' id='word_1_1088' title='bbox 1857 274 1950 304; x_wconf 81' lang='lat' dir='ltr'>Renes.</span> <span class='ocrx_word' id='word_1_1089' title='bbox 1964 274 2011 304; x_wconf 89' lang='lat' dir='ltr'>lib.</span> <span class='ocrx_word' id='word_1_1090' title='bbox 2027 284 2051 311; x_wconf 83' lang='lat'>3.</span> <span class='ocrx_word' id='word_1_1091' title='bbox 2068 285 2129 314; x_wconf 88' lang='lat' dir='ltr'>cap.</span> <span class='ocrx_word' id='word_1_1092' title='bbox 2141 285 2167 313; x_wconf 88' lang='lat'>7.</span> <span class='ocrx_word' id='word_1_1093' title='bbox 2180 283 2250 306; x_wconf 84' lang='lat' dir='ltr'>extr.</span> 
     </span>
    </p>

    <p class='ocr_par' dir='ltr' id='par_1_55' title="bbox 1392 309 2593 497">
     <span class='ocr_line' id='line_1_113' title="bbox 1392 309 2551 354; baseline 0.007 -13"><span class='ocrx_word' id='word_1_1094' title='bbox 1392 313 1415 343; x_wconf 91' lang='lat' dir='ltr'>C</span> <span class='ocrx_word' id='word_1_1095' title='bbox 1425 323 1445 341; x_wconf 80' lang='lat' dir='ltr'>A</span> <span class='ocrx_word' id='word_1_1096' title='bbox 1455 323 1472 341; x_wconf 89' lang='lat' dir='ltr'>u</span> <span class='ocrx_word' id='word_1_1097' title='bbox 1481 322 1500 340; x_wconf 70' lang='lat' dir='ltr'>rr</span> <span class='ocrx_word' id='word_1_1098' title='bbox 1512 321 1545 340; x_wconf 85' lang='lat' dir='ltr'>ro</span> <span class='ocrx_word' id='word_1_1099' title='bbox 1555 321 1574 340; x_wconf 78' lang='lat' dir='ltr'>N</span> <span class='ocrx_word' id='word_1_1100' title='bbox 1584 315 1599 340; x_wconf 74' lang='grc' dir='ltr'><strong>Ᾰ</strong></span> <span class='ocrx_word' id='word_1_1101' title='bbox 1611 322 1626 338; x_wconf 71' lang='lat' dir='ltr'>t</span> <span class='ocrx_word' id='word_1_1102' title='bbox 1636 321 1644 338; x_wconf 93' lang='lat' dir='ltr'>i</span> <span class='ocrx_word' id='word_1_1103' title='bbox 1653 320 1682 354; x_wconf 67' lang='lat' dir='ltr'>s,</span> <span class='ocrx_word' id='word_1_1104' title='bbox 1705 321 1729 340; x_wconf 90' lang='lat' dir='ltr'>e.</span> <span class='ocrx_word' id='word_1_1105' title='bbox 1752 309 1955 354; x_wconf 57' lang='grc' dir='ltr'>[ρϋλαέηπκές]</span> <span class='ocrx_word' id='word_1_1106' title='bbox 1976 318 2009 342; x_wconf 91' lang='lat' dir='ltr'>ut</span> <span class='ocrx_word' id='word_1_1107' title='bbox 2019 335 2027 348; x_wconf 86' lang='lat'>,</span> <span class='ocrx_word' id='word_1_1108' title='bbox 2049 313 2227 344; x_wconf 84' lang='lat' dir='ltr'>Cautionales</span> <span class='ocrx_word' id='word_1_1109' title='bbox 2248 315 2439 353; x_wconf 86' lang='lat' dir='ltr'>stipulationes</span> <span class='ocrx_word' id='word_1_1110' title='bbox 2452 315 2551 349; x_wconf 81' lang='lat' dir='ltr'>Praeto-</span> 
     </span>
     <span class='ocr_line' id='line_1_114' title="bbox 1429 346 2592 390; baseline 0.005 -12"><span class='ocrx_word' id='word_1_1111' title='bbox 1429 351 1475 379; x_wconf 83' lang='lat' dir='ltr'>riae</span> <span class='ocrx_word' id='word_1_1112' title='bbox 1486 372 1494 385; x_wconf 87' lang='lat'>,</span> <span class='ocrx_word' id='word_1_1113' title='bbox 1516 350 1591 386; x_wconf 88' lang='lat' dir='ltr'>apud</span> <span class='ocrx_word' id='word_1_1114' title='bbox 1606 348 1757 385; x_wconf 86' lang='lat' dir='ltr'>Ulpianum</span> <span class='ocrx_word' id='word_1_1115' title='bbox 1771 349 1829 379; x_wconf 90' lang='lat' dir='ltr'>ml.</span> <span class='ocrx_word' id='word_1_1116' title='bbox 1846 349 1942 387; x_wconf 87' lang='lat' dir='ltr'>prima.</span> <span class='ocrx_word' id='word_1_1117' title='bbox 1964 350 1998 379; x_wconf 93' lang='lat' dir='ltr'>D.</span> <span class='ocrx_word' id='word_1_1118' title='bbox 2021 351 2056 381; x_wconf 92' lang='lat' dir='ltr'>de</span> <span class='ocrx_word' id='word_1_1119' title='bbox 2067 351 2202 381; x_wconf 86' lang='lat' dir='ltr'>Praetoriis</span> <span class='ocrx_word' id='word_1_1120' title='bbox 2218 351 2337 390; x_wconf 89' lang='lat' dir='ltr'>stipulat.</span> <span class='ocrx_word' id='word_1_1121' title='bbox 2359 353 2550 388; x_wconf 87' lang='lat' dir='ltr'>Praetoriarum</span> <span class='ocrx_word' id='word_1_1122' title='bbox 2590 346 2592 357; x_wconf 74' lang='grc'>’</span> 
     </span>
     <span class='ocr_line' id='line_1_115' title="bbox 1427 387 2591 430; baseline 0.005 -14"><span class='ocrx_word' id='word_1_1123' title='bbox 1427 387 1637 430; x_wconf 61' lang='lat' dir='ltr'>stipulationum</span> <span class='ocrx_word' id='word_1_1124' title='bbox 1649 394 1701 415; x_wconf 87' lang='lat' dir='ltr'>tres</span> <span class='ocrx_word' id='word_1_1125' title='bbox 1713 387 1844 416; x_wconf 85' lang='lat' dir='ltr'>videntur</span> <span class='ocrx_word' id='word_1_1126' title='bbox 1855 387 1909 416; x_wconf 80' lang='lat' dir='ltr'>effe</span> <span class='ocrx_word' id='word_1_1127' title='bbox 1921 387 2026 425; x_wconf 90' lang='lat' dir='ltr'>species</span> <span class='ocrx_word' id='word_1_1128' title='bbox 2037 411 2046 424; x_wconf 90' lang='lat'>,</span> <span class='ocrx_word' id='word_1_1129' title='bbox 2067 389 2218 425; x_wconf 72' lang='lat' dir='ltr'>judiciales</span> <span class='ocrx_word' id='word_1_1130' title='bbox 2229 411 2237 425; x_wconf 90' lang='lat'>‚</span> <span class='ocrx_word' id='word_1_1131' title='bbox 2262 390 2450 426; x_wconf 83' lang='lat' dir='ltr'>Cautionales‚</span> <span class='ocrx_word' id='word_1_1132' title='bbox 2470 391 2550 424; x_wconf 88' lang='lat' dir='ltr'>Com.</span> <span class='ocrx_word' id='word_1_1133' title='bbox 2590 388 2591 393; x_wconf 45' lang='lat'>¹</span> 
     </span>
     <span class='ocr_line' id='line_1_116' title="bbox 1428 423 2590 466; baseline 0.003 -12"><span class='ocrx_word' id='word_1_1134' title='bbox 1428 434 1535 454; x_wconf 89' lang='lat' dir='ltr'>munes.</span> <span class='ocrx_word' id='word_1_1135' title='bbox 1578 424 1610 453; x_wconf 75' lang='lat' dir='ltr'>ht</span> <span class='ocrx_word' id='word_1_1136' title='bbox 1624 423 1707 466; x_wconf 84' lang='lat' dir='ltr'>paulo</span> <span class='ocrx_word' id='word_1_1137' title='bbox 1717 425 1777 461; x_wconf 91' lang='lat' dir='ltr'>post</span> <span class='ocrx_word' id='word_1_1138' title='bbox 1787 446 1795 458; x_wconf 84' lang='lat'>,</span> <span class='ocrx_word' id='word_1_1139' title='bbox 1816 424 1994 455; x_wconf 85' lang='lat' dir='ltr'>Cautionales</span> <span class='ocrx_word' id='word_1_1140' title='bbox 2006 433 2101 456; x_wconf 87' lang='lat' dir='ltr'>autem</span> <span class='ocrx_word' id='word_1_1141' title='bbox 2114 427 2178 457; x_wconf 88' lang='lat' dir='ltr'>sunt</span> <span class='ocrx_word' id='word_1_1142' title='bbox 2194 437 2255 464; x_wconf 85' lang='lat' dir='ltr'>quae</span> <span class='ocrx_word' id='word_1_1143' title='bbox 2273 428 2357 458; x_wconf 85' lang='lat' dir='ltr'>instar</span> <span class='ocrx_word' id='word_1_1144' title='bbox 2372 429 2489 459; x_wconf 63' lang='lat' dir='ltr'>aelionis</span> <span class='ocrx_word' id='word_1_1145' title='bbox 2505 431 2552 462; x_wconf 83' lang='lat' dir='ltr'>ha.</span> <span class='ocrx_word' id='word_1_1146' title='bbox 2589 432 2590 458; x_wconf 60' lang='grc' dir='ltr'>ζ</span> 
     </span>
     <span class='ocr_line' id='line_1_117' title="bbox 1429 462 2593 497; baseline 0.002 -5"><span class='ocrx_word' id='word_1_1147' title='bbox 1429 464 1496 492; x_wconf 86' lang='lat' dir='ltr'>bent</span> <span class='ocrx_word' id='word_1_1148' title='bbox 1507 485 1515 497; x_wconf 91' lang='lat'>,</span> <span class='ocrx_word' id='word_1_1149' title='bbox 1538 463 1564 492; x_wconf 88' lang='lat'>&amp;</span> <span class='ocrx_word' id='word_1_1150' title='bbox 1574 468 1604 491; x_wconf 92' lang='lat' dir='ltr'>ut</span> <span class='ocrx_word' id='word_1_1151' title='bbox 1614 463 1725 491; x_wconf 81' lang='lat' dir='ltr'>litnova</span> <span class='ocrx_word' id='word_1_1152' title='bbox 1732 463 1805 491; x_wconf 61' lang='lat' dir='ltr'>aritio</span> <span class='ocrx_word' id='word_1_1153' title='bbox 1817 462 2005 493; x_wconf 90' lang='lat' dir='ltr'>intercedunt.</span> <span class='ocrx_word' id='word_1_1154' title='bbox 2588 467 2593 494; x_wconf 59' lang='grc' dir='ltr'>ς’</span> 
     </span>
    </p>

    <p class='ocr_par' dir='ltr' id='par_1_56' title="bbox 1390 500 2590 679">
     <span class='ocr_line' id='line_1_118' title="bbox 1390 500 2590 542; baseline 0.006 -13"><span class='ocrx_word' id='word_1_1155' title='bbox 1390 500 1413 531; x_wconf 92' lang='lat' dir='ltr'>C</span> <span class='ocrx_word' id='word_1_1156' title='bbox 1423 511 1441 529; x_wconf 78' lang='lat' dir='ltr'>A</span> <span class='ocrx_word' id='word_1_1157' title='bbox 1452 511 1470 529; x_wconf 90' lang='lat' dir='ltr'>u</span> <span class='ocrx_word' id='word_1_1158' title='bbox 1480 510 1499 529; x_wconf 59' lang='lat' dir='ltr'>*r</span> <span class='ocrx_word' id='word_1_1159' title='bbox 1511 510 1528 528; x_wconf 83' lang='grc' dir='ltr'>υ</span> <span class='ocrx_word' id='word_1_1160' title='bbox 1539 509 1567 533; x_wconf 84' lang='lat' dir='ltr'>s,</span> <span class='ocrx_word' id='word_1_1161' title='bbox 1589 509 1604 528; x_wconf 85' lang='lat' dir='ltr'>a</span> <span class='ocrx_word' id='word_1_1162' title='bbox 1615 521 1623 533; x_wconf 83' lang='lat'>,</span> <span class='ocrx_word' id='word_1_1163' title='bbox 1645 509 1703 542; x_wconf 81' lang='lat' dir='ltr'>um.</span> <span class='ocrx_word' id='word_1_1164' title='bbox 1726 500 1788 536; x_wconf 76' lang='lat' dir='ltr'>Adj.</span> <span class='ocrx_word' id='word_1_1165' title='bbox 1809 500 1938 536; x_wconf 64' lang='grc' dir='ltr'>[αι’λοιζὸς</span> <span class='ocrx_word' id='word_1_1166' title='bbox 1948 522 1956 537; x_wconf 85' lang='grc'><em>,</em></span> <span class='ocrx_word' id='word_1_1167' title='bbox 1979 502 2200 537; x_wconf 58' lang='grc' dir='ltr'>ἀπαρφλένςῷι]</span> <span class='ocrx_word' id='word_1_1168' title='bbox 2222 502 2347 533; x_wconf 86' lang='lat' dir='ltr'>Prudens</span> <span class='ocrx_word' id='word_1_1169' title='bbox 2358 525 2367 539; x_wconf 94' lang='lat'>‚</span> <span class='ocrx_word' id='word_1_1170' title='bbox 2389 504 2416 533; x_wconf 75' lang='grc' dir='ltr'>δι</span> <span class='ocrx_word' id='word_1_1171' title='bbox 2438 504 2486 541; x_wconf 88' lang='lat' dir='ltr'>qui</span> <span class='ocrx_word' id='word_1_1172' title='bbox 2503 504 2550 537; x_wconf 83' lang='lat' dir='ltr'>fibi</span> <span class='ocrx_word' id='word_1_1173' title='bbox 2588 531 2590 536; x_wconf 79' lang='grc'>,</span> 
     </span>
     <span class='ocr_line' id='line_1_119' title="bbox 1426 537 2551 604; baseline 0.006 -38"><span class='ocrx_word' id='word_1_1174' title='bbox 1426 538 1514 604; x_wconf 56' lang='lat' dir='ltr'>prloble</span> <span class='ocrx_word' id='word_1_1175' title='bbox 1526 539 1551 567; x_wconf 69' lang='lat'>8&lt;</span> <span class='ocrx_word' id='word_1_1176' title='bbox 1561 538 1680 603; x_wconf 52' lang='grc' dir='ltr'>ηεὲἓῑιίε</span> <span class='ocrx_word' id='word_1_1177' title='bbox 1691 537 1745 567; x_wconf 88' lang='lat' dir='ltr'>suis</span> <span class='ocrx_word' id='word_1_1178' title='bbox 1754 537 1806 568; x_wconf 91' lang='lat' dir='ltr'>scit</span> <span class='ocrx_word' id='word_1_1179' title='bbox 1814 548 1920 569; x_wconf 87' lang='lat' dir='ltr'>cavere.</span> <span class='ocrx_word' id='word_1_1180' title='bbox 1959 538 2024 569; x_wconf 91' lang='lat' dir='ltr'>Ter.</span> <span class='ocrx_word' id='word_1_1181' title='bbox 2035 539 2144 569; x_wconf 89' lang='lat' dir='ltr'>Phorm.</span> <span class='ocrx_word' id='word_1_1182' title='bbox 2158 549 2184 576; x_wconf 84' lang='lat'>4.</span> <span class='ocrx_word' id='word_1_1183' title='bbox 2201 550 2225 576; x_wconf 84' lang='lat'>5.</span> <span class='ocrx_word' id='word_1_1184' title='bbox 2239 549 2264 577; x_wconf 89' lang='lat'>3.</span> <span class='ocrx_word' id='word_1_1185' title='bbox 2289 540 2325 570; x_wconf 91' lang='lat' dir='ltr'>Ut</span> <span class='ocrx_word' id='word_1_1186' title='bbox 2335 546 2432 571; x_wconf 83' lang='lat' dir='ltr'>cautus</span> <span class='ocrx_word' id='word_1_1187' title='bbox 2445 542 2493 578; x_wconf 85' lang='lat' dir='ltr'>est,</span> <span class='ocrx_word' id='word_1_1188' title='bbox 2505 540 2551 574; x_wconf 79' lang='lat' dir='ltr'>ubi</span> 
     </span>
     <span class='ocr_line' id='line_1_120' title="bbox 1426 581 2590 605; baseline 0.001 0"><span class='ocrx_word' id='word_1_1189' title='bbox 1426 586 1455 605; x_wconf 88' lang='lat' dir='ltr'>ni</span> <span class='ocrx_word' id='word_1_1190' title='bbox 1479 586 1487 604; x_wconf 83' lang='lat'>1</span> <span class='ocrx_word' id='word_1_1191' title='bbox 1510 586 1527 604; x_wconf 94' lang='lat' dir='ltr'>o</span> <span class='ocrx_word' id='word_1_1192' title='bbox 1551 585 1582 603; x_wconf 93' lang='lat' dir='ltr'>us</span> <span class='ocrx_word' id='word_1_1193' title='bbox 1636 597 1641 603; x_wconf 91' lang='lat'>.</span> <span class='ocrx_word' id='word_1_1194' title='bbox 2587 581 2590 587; x_wconf 85' lang='lat'>&#39;</span> 
     </span>
     <span class='ocr_line' id='line_1_121' title="bbox 1427 585 2588 679; baseline 0.006 -38"><span class='ocrx_word' id='word_1_1195' title='bbox 1427 585 1566 679; x_wconf 43' lang='lat' dir='ltr'>Cautcpsp&amp;</span> <span class='ocrx_word' id='word_1_1196' title='bbox 1575 612 1692 679; x_wconf 52' lang='lat' dir='ltr'>Tatrdus.</span> <span class='ocrx_word' id='word_1_1197' title='bbox 1733 612 1791 643; x_wconf 90' lang='lat' dir='ltr'>Cic.</span> <span class='ocrx_word' id='word_1_1198' title='bbox 1800 623 1826 650; x_wconf 86' lang='lat'>4.</span> <span class='ocrx_word' id='word_1_1199' title='bbox 1839 613 1922 644; x_wconf 86' lang='lat' dir='ltr'>Acad.</span> <span class='ocrx_word' id='word_1_1200' title='bbox 1934 622 1979 651; x_wconf 84' lang='lat'>97.</span> <span class='ocrx_word' id='word_1_1201' title='bbox 2001 612 2074 644; x_wconf 88' lang='lat' dir='ltr'>Vide</span> <span class='ocrx_word' id='word_1_1202' title='bbox 2088 623 2172 652; x_wconf 87' lang='lat' dir='ltr'>quam</span> <span class='ocrx_word' id='word_1_1203' title='bbox 2182 614 2215 644; x_wconf 84' lang='lat' dir='ltr'>fit</span> <span class='ocrx_word' id='word_1_1204' title='bbox 2233 620 2330 645; x_wconf 83' lang='lat' dir='ltr'>cautus</span> <span class='ocrx_word' id='word_1_1205' title='bbox 2345 616 2388 652; x_wconf 88' lang='lat' dir='ltr'>is,</span> <span class='ocrx_word' id='word_1_1206' title='bbox 2408 625 2492 654; x_wconf 89' lang='lat' dir='ltr'>quem</span> <span class='ocrx_word' id='word_1_1207' title='bbox 2506 617 2548 651; x_wconf 76' lang='lat' dir='ltr'>isti</span> <span class='ocrx_word' id='word_1_1208' title='bbox 2585 593 2588 655; x_wconf 73' lang='lat' dir='ltr'>i</span> 
     </span>
    </p>

    <p class='ocr_par' dir='ltr' id='par_1_57' title="bbox 1447 656 2591 680">
     <span class='ocr_line' id='line_1_122' title="bbox 1447 656 2591 680; baseline 0.002 0"><span class='ocrx_word' id='word_1_1209' title='bbox 1447 658 1489 680; x_wconf 89' lang='lat' dir='ltr'>tar</span> <span class='ocrx_word' id='word_1_1210' title='bbox 1512 660 1558 679; x_wconf 90' lang='lat' dir='ltr'>um</span> <span class='ocrx_word' id='word_1_1211' title='bbox 1591 661 1607 679; x_wconf 88' lang='lat' dir='ltr'>u</span> <span class='ocrx_word' id='word_1_1212' title='bbox 1623 660 1656 679; x_wconf 89' lang='lat' dir='ltr'>an</span> <span class='ocrx_word' id='word_1_1213' title='bbox 1672 673 1678 679; x_wconf 95' lang='lat'>.</span> <span class='ocrx_word' id='word_1_1214' title='bbox 2443 677 2446 679; x_wconf 65' lang='lat'>.</span> <span class='ocrx_word' id='word_1_1215' title='bbox 2586 656 2591 677; x_wconf 69' lang='lat' dir='ltr'>i</span> 
     </span>
    </p>

    <p class='ocr_par' dir='ltr' id='par_1_58' title="bbox 1425 660 2589 767">
     <span class='ocr_line' id='line_1_123' title="bbox 1425 660 2589 730; baseline 0.003 -12"><span class='ocrx_word' id='word_1_1216' title='bbox 1425 689 1552 726; x_wconf 84' lang='lat' dir='ltr'>Diligens</span> <span class='ocrx_word' id='word_1_1217' title='bbox 1567 660 1709 718; x_wconf 55' lang='lat' dir='ltr'>gicautus.</span> <span class='ocrx_word' id='word_1_1218' title='bbox 1751 688 1808 719; x_wconf 88' lang='lat' dir='ltr'>Cic.</span> <span class='ocrx_word' id='word_1_1219' title='bbox 1823 698 1845 719; x_wconf 83' lang='lat'>1.</span> <span class='ocrx_word' id='word_1_1220' title='bbox 1859 690 1895 726; x_wconf 81' lang='lat' dir='ltr'>Q.</span> <span class='ocrx_word' id='word_1_1221' title='bbox 1907 689 1968 719; x_wconf 88' lang='lat' dir='ltr'>frat.</span> <span class='ocrx_word' id='word_1_1222' title='bbox 1983 698 2007 718; x_wconf 87' lang='grc'>1.</span> <span class='ocrx_word' id='word_1_1223' title='bbox 2027 689 2089 725; x_wconf 85' lang='lat' dir='ltr'>Jam</span> <span class='ocrx_word' id='word_1_1224' title='bbox 2099 689 2183 726; x_wconf 90' lang='lat' dir='ltr'>quiin</span> <span class='ocrx_word' id='word_1_1225' title='bbox 2192 689 2328 727; x_wconf 86' lang='lat' dir='ltr'>ejusmodi</span> <span class='ocrx_word' id='word_1_1226' title='bbox 2337 690 2432 729; x_wconf 87' lang='lat' dir='ltr'>rebus,</span> <span class='ocrx_word' id='word_1_1227' title='bbox 2450 691 2481 721; x_wconf 89' lang='lat' dir='ltr'>in</span> <span class='ocrx_word' id='word_1_1228' title='bbox 2490 693 2548 730; x_wconf 79' lang='lat' dir='ltr'>qui·</span> <span class='ocrx_word' id='word_1_1229' title='bbox 2586 679 2589 710; x_wconf 60' lang='lat'><strong><em>4</em></strong></span> 
     </span>
     <span class='ocr_line' id='line_1_124' title="bbox 1445 726 2587 767; baseline 0.005 -13"><span class='ocrx_word' id='word_1_1230' title='bbox 1445 727 1495 755; x_wconf 86' lang='lat' dir='ltr'>bus</span> <span class='ocrx_word' id='word_1_1231' title='bbox 1510 735 1606 755; x_wconf 90' lang='lat' dir='ltr'>vereor</span> <span class='ocrx_word' id='word_1_1232' title='bbox 1617 726 1738 756; x_wconf 87' lang='lat' dir='ltr'>etiamne</span> <span class='ocrx_word' id='word_1_1233' title='bbox 1749 727 1845 756; x_wconf 91' lang='lat' dir='ltr'>durior</span> <span class='ocrx_word' id='word_1_1234' title='bbox 1854 727 1902 756; x_wconf 89' lang='lat' dir='ltr'>fim</span> <span class='ocrx_word' id='word_1_1235' title='bbox 1910 748 1919 762; x_wconf 84' lang='lat'>,</span> <span class='ocrx_word' id='word_1_1236' title='bbox 1940 732 2037 757; x_wconf 90' lang='lat' dir='ltr'>cautus</span> <span class='ocrx_word' id='word_1_1237' title='bbox 2050 726 2105 756; x_wconf 87' lang='lat' dir='ltr'>effe</span> <span class='ocrx_word' id='word_1_1238' title='bbox 2114 726 2200 757; x_wconf 89' lang='lat' dir='ltr'>velim</span> <span class='ocrx_word' id='word_1_1239' title='bbox 2210 737 2243 758; x_wconf 88' lang='lat' dir='ltr'>ac</span> <span class='ocrx_word' id='word_1_1240' title='bbox 2254 728 2381 767; x_wconf 85' lang='lat' dir='ltr'>diligens.</span> <span class='ocrx_word' id='word_1_1241' title='bbox 2584 726 2587 754; x_wconf 69' lang='lat' dir='ltr'>l</span> 
     </span>
    </p>

    <p class='ocr_par' dir='ltr' id='par_1_59' title="bbox 1426 763 2589 802">
     <span class='ocr_line' id='line_1_125' title="bbox 1426 763 2589 802; baseline 0.003 -8"><span class='ocrx_word' id='word_1_1242' title='bbox 1426 764 1508 794; x_wconf 88' lang='lat' dir='ltr'>Cauti</span> <span class='ocrx_word' id='word_1_1243' title='bbox 1519 773 1552 793; x_wconf 83' lang='lat' dir='ltr'>ac</span> <span class='ocrx_word' id='word_1_1244' title='bbox 1562 763 1710 800; x_wconf 87' lang='lat' dir='ltr'>diligentes</span> <span class='ocrx_word' id='word_1_1245' title='bbox 1718 765 1878 802; x_wconf 89' lang='lat' dir='ltr'>prohibent.</span> <span class='ocrx_word' id='word_1_1246' title='bbox 1901 764 2022 801; x_wconf 83' lang='lat' dir='ltr'>Quintil.</span> <span class='ocrx_word' id='word_1_1247' title='bbox 2036 764 2085 795; x_wconf 90' lang='lat' dir='ltr'>lib.</span> <span class='ocrx_word' id='word_1_1248' title='bbox 2099 775 2126 801; x_wconf 89' lang='lat'>4.</span> <span class='ocrx_word' id='word_1_1249' title='bbox 2141 775 2174 795; x_wconf 91' lang='lat' dir='ltr'>ca</span> <span class='ocrx_word' id='word_1_1250' title='bbox 2198 787 2204 795; x_wconf 91' lang='lat'>.</span> <span class='ocrx_word' id='word_1_1251' title='bbox 2217 775 2240 796; x_wconf 86' lang='lat'>1.</span> <span class='ocrx_word' id='word_1_1252' title='bbox 2514 791 2515 794; x_wconf 54' lang='lat'>.</span> <span class='ocrx_word' id='word_1_1253' title='bbox 2588 770 2589 774; x_wconf 76' lang='grc'>’</span> 
     </span>
    </p>

    <p class='ocr_par' dir='ltr' id='par_1_60' title="bbox 1426 775 2549 880">
     <span class='ocr_line' id='line_1_126' title="bbox 1426 775 2549 845; baseline 0.003 -14"><span class='ocrx_word' id='word_1_1254' title='bbox 1426 802 1530 831; x_wconf 86' lang='lat' dir='ltr'>Cautus</span> <span class='ocrx_word' id='word_1_1255' title='bbox 1541 803 1566 845; x_wconf 68' lang='grc' dir='ltr'>ᾃι</span> <span class='ocrx_word' id='word_1_1256' title='bbox 1573 802 1715 845; x_wconf 80' lang='lat' dir='ltr'>providus.</span> <span class='ocrx_word' id='word_1_1257' title='bbox 1756 802 1814 833; x_wconf 87' lang='lat' dir='ltr'>Cic.</span> <span class='ocrx_word' id='word_1_1258' title='bbox 1827 813 1878 841; x_wconf 84' lang='lat' dir='ltr'>pro</span> <span class='ocrx_word' id='word_1_1259' title='bbox 1889 802 1970 832; x_wconf 86' lang='lat' dir='ltr'>Rosc.</span> <span class='ocrx_word' id='word_1_1260' title='bbox 1983 803 2072 832; x_wconf 85' lang='lat' dir='ltr'>Amet.</span> <span class='ocrx_word' id='word_1_1261' title='bbox 2087 812 2099 831; x_wconf 86' lang='lat'>1</span> <span class='ocrx_word' id='word_1_1262' title='bbox 2107 810 2150 840; x_wconf 84' lang='lat'>17.</span> <span class='ocrx_word' id='word_1_1263' title='bbox 2169 775 2265 841; x_wconf 68' lang='lat' dir='ltr'>lptaque</span> <span class='ocrx_word' id='word_1_1264' title='bbox 2277 813 2354 834; x_wconf 88' lang='lat' dir='ltr'>nunc</span> <span class='ocrx_word' id='word_1_1265' title='bbox 2364 803 2407 834; x_wconf 90' lang='lat' dir='ltr'>illi</span> <span class='ocrx_word' id='word_1_1266' title='bbox 2419 803 2549 842; x_wconf 61' lang='lat' dir='ltr'>hominen</span> 
     </span>
     <span class='ocr_line' id='line_1_127' title="bbox 1444 839 2546 880; baseline 0.005 -12"><span class='ocrx_word' id='word_1_1267' title='bbox 1444 839 1581 868; x_wconf 84' lang='lat' dir='ltr'>honestissi</span> <span class='ocrx_word' id='word_1_1268' title='bbox 1587 839 1624 868; x_wconf 85' lang='lat' dir='ltr'>mi</span> <span class='ocrx_word' id='word_1_1269' title='bbox 1632 845 1745 877; x_wconf 90' lang='lat' dir='ltr'>propter</span> <span class='ocrx_word' id='word_1_1270' title='bbox 1752 840 1827 870; x_wconf 87' lang='lat' dir='ltr'>istius</span> <span class='ocrx_word' id='word_1_1271' title='bbox 1835 841 1946 870; x_wconf 86' lang='lat' dir='ltr'>infidias</span> <span class='ocrx_word' id='word_1_1272' title='bbox 1956 850 2055 878; x_wconf 87' lang='lat' dir='ltr'>parum</span> <span class='ocrx_word' id='word_1_1273' title='bbox 2062 846 2195 879; x_wconf 86' lang='lat' dir='ltr'>putantur</span> <span class='ocrx_word' id='word_1_1274' title='bbox 2201 841 2452 880; x_wconf 82' lang='lat' dir='ltr'>cauti‚providique</span> <span class='ocrx_word' id='word_1_1275' title='bbox 2459 842 2546 877; x_wconf 74' lang='lat' dir='ltr'>fuiffe.</span> 
     </span>
    </p>

    <p class='ocr_par' dir='ltr' id='par_1_61' title="bbox 1424 877 2550 913">
     <span class='ocr_line' id='line_1_128' title="bbox 1424 877 2550 913; baseline 0.001 -5"><span class='ocrx_word' id='word_1_1276' title='bbox 1424 877 1457 908; x_wconf 87' lang='lat' dir='ltr'>In</span> <span class='ocrx_word' id='word_1_1277' title='bbox 1468 877 1557 907; x_wconf 88' lang='lat' dir='ltr'>verbis</span> <span class='ocrx_word' id='word_1_1278' title='bbox 1570 877 1692 907; x_wconf 87' lang='lat' dir='ltr'>serendis</span> <span class='ocrx_word' id='word_1_1279' title='bbox 1704 884 1810 908; x_wconf 89' lang='lat' dir='ltr'>cautus.</span> <span class='ocrx_word' id='word_1_1280' title='bbox 1832 878 1900 909; x_wconf 86' lang='lat' dir='ltr'>Hor.</span> <span class='ocrx_word' id='word_1_1281' title='bbox 1913 879 1949 908; x_wconf 89' lang='lat' dir='ltr'>de</span> <span class='ocrx_word' id='word_1_1282' title='bbox 1959 879 2020 908; x_wconf 87' lang='lat' dir='ltr'>Arte</span> <span class='ocrx_word' id='word_1_1283' title='bbox 2030 878 2106 908; x_wconf 83' lang='lat' dir='ltr'>Poet.</span> <span class='ocrx_word' id='word_1_1284' title='bbox 2118 881 2166 913; x_wconf 83' lang='lat'>46.</span> <span class='ocrx_word' id='word_1_1285' title='bbox 2548 906 2550 909; x_wconf 91' lang='lat'>.</span> 
     </span>
    </p>

    <p class='ocr_par' dir='ltr' id='par_1_62' title="bbox 1505 914 2162 954">
     <span class='ocr_line' id='line_1_129' title="bbox 1505 914 2162 954; baseline 0.005 -11"><span class='ocrx_word' id='word_1_1286' title='bbox 1505 915 1536 944; x_wconf 92' lang='lat' dir='ltr'>In</span> <span class='ocrx_word' id='word_1_1287' title='bbox 1544 914 1634 944; x_wconf 88' lang='lat' dir='ltr'>verbis</span> <span class='ocrx_word' id='word_1_1288' title='bbox 1643 916 1727 945; x_wconf 88' lang='lat' dir='ltr'>etiam</span> <span class='ocrx_word' id='word_1_1289' title='bbox 1739 915 1833 946; x_wconf 89' lang='lat' dir='ltr'>tenuis</span> <span class='ocrx_word' id='word_1_1290' title='bbox 1843 938 1851 952; x_wconf 93' lang='lat'>,</span> <span class='ocrx_word' id='word_1_1291' title='bbox 1871 915 2021 954; x_wconf 88' lang='lat' dir='ltr'>cautusque</span> <span class='ocrx_word' id='word_1_1292' title='bbox 2029 915 2162 946; x_wconf 84' lang='lat' dir='ltr'>serendis.</span> 
     </span>
    </p>

    <p class='ocr_par' dir='ltr' id='par_1_63' title="bbox 1424 952 2604 1022">
     <span class='ocr_line' id='line_1_130' title="bbox 1424 952 2604 991; baseline 0.004 -8"><span class='ocrx_word' id='word_1_1293' title='bbox 1424 952 1584 983; x_wconf 80' lang='lat' dir='ltr'>Abincursu</span> <span class='ocrx_word' id='word_1_1294' title='bbox 1594 952 1661 982; x_wconf 92' lang='lat' dir='ltr'>belli</span> <span class='ocrx_word' id='word_1_1295' title='bbox 1672 961 1778 984; x_wconf 88' lang='lat' dir='ltr'>cautus.</span> <span class='ocrx_word' id='word_1_1296' title='bbox 1816 953 1920 984; x_wconf 92' lang='lat' dir='ltr'>Lucan.</span> <span class='ocrx_word' id='word_1_1297' title='bbox 1930 965 1957 990; x_wconf 89' lang='lat'>4.</span> <span class='ocrx_word' id='word_1_1298' title='bbox 1969 964 2034 991; x_wconf 84' lang='lat'>409.</span> <span class='ocrx_word' id='word_1_1299' title='bbox 2058 954 2077 984; x_wconf 93' lang='lat' dir='ltr'>i.</span> <span class='ocrx_word' id='word_1_1300' title='bbox 2087 963 2112 984; x_wconf 87' lang='lat' dir='ltr'>e.</span> <span class='ocrx_word' id='word_1_1301' title='bbox 2135 954 2228 984; x_wconf 76' lang='lat' dir='ltr'>Tutus</span> <span class='ocrx_word' id='word_1_1302' title='bbox 2242 955 2268 985; x_wconf 73' lang='grc' dir='ltr'>δι</span> <span class='ocrx_word' id='word_1_1303' title='bbox 2278 954 2351 985; x_wconf 87' lang='lat' dir='ltr'>bene</span> <span class='ocrx_word' id='word_1_1304' title='bbox 2367 955 2546 989; x_wconf 75' lang='lat' dir='ltr'>munitusad..</span> <span class='ocrx_word' id='word_1_1305' title='bbox 2595 957 2604 965; x_wconf 77' lang='lat'>&#39;¹</span> 
     </span>
     <span class='ocr_line' id='line_1_131' title="bbox 1442 988 2541 1022; baseline 0.005 -2"><span class='ocrx_word' id='word_1_1306' title='bbox 1442 990 1533 1020; x_wconf 88' lang='lat' dir='ltr'>versus</span> <span class='ocrx_word' id='word_1_1307' title='bbox 1543 990 1598 1019; x_wconf 91' lang='lat' dir='ltr'>vim</span> <span class='ocrx_word' id='word_1_1308' title='bbox 1608 991 1748 1022; x_wconf 87' lang='lat' dir='ltr'>bellicam.</span> <span class='ocrx_word' id='word_1_1309' title='bbox 2537 988 2541 1005; x_wconf 77' lang='grc'>”·</span> 
     </span>
    </p>

    <p class='ocr_par' dir='ltr' id='par_1_64' title="bbox 1423 1012 2553 1101">
     <span class='ocr_line' id='line_1_132' title="bbox 1423 1012 2553 1068; baseline 0.004 -11"><span class='ocrx_word' id='word_1_1310' title='bbox 1423 1029 1564 1058; x_wconf 87' lang='lat' dir='ltr'>Cautusin</span> <span class='ocrx_word' id='word_1_1311' title='bbox 1575 1030 1726 1060; x_wconf 89' lang='lat' dir='ltr'>credendo.</span> <span class='ocrx_word' id='word_1_1312' title='bbox 1766 1029 1826 1060; x_wconf 88' lang='lat' dir='ltr'>Cic.</span> <span class='ocrx_word' id='word_1_1313' title='bbox 1840 1039 1883 1060; x_wconf 86' lang='lat'>10.</span> <span class='ocrx_word' id='word_1_1314' title='bbox 1896 1029 1952 1060; x_wconf 86' lang='lat' dir='ltr'>Att.</span> <span class='ocrx_word' id='word_1_1315' title='bbox 1963 1035 2005 1065; x_wconf 85' lang='lat'>18.</span> <span class='ocrx_word' id='word_1_1316' title='bbox 2026 1028 2081 1059; x_wconf 86' lang='lat' dir='ltr'>Ero</span> <span class='ocrx_word' id='word_1_1317' title='bbox 2090 1034 2186 1060; x_wconf 89' lang='lat' dir='ltr'>tamen</span> <span class='ocrx_word' id='word_1_1318' title='bbox 2206 1029 2237 1059; x_wconf 85' lang='lat' dir='ltr'>in</span> <span class='ocrx_word' id='word_1_1319' title='bbox 2253 1029 2416 1068; x_wconf 89' lang='lat' dir='ltr'>credendo,</span> <span class='ocrx_word' id='word_1_1320' title='bbox 2436 1036 2469 1061; x_wconf 85' lang='lat' dir='ltr'>ut</span> <span class='ocrx_word' id='word_1_1321' title='bbox 2487 1041 2516 1064; x_wconf 86' lang='lat' dir='ltr'>m</span> <span class='ocrx_word' id='word_1_1322' title='bbox 2539 1012 2553 1045; x_wconf 54' lang='grc' dir='ltr'>ἃ</span> 
     </span>
     <span class='ocr_line' id='line_1_133' title="bbox 1443 1073 1639 1101; baseline 0.003 -6"><span class='ocrx_word' id='word_1_1323' title='bbox 1443 1076 1492 1095; x_wconf 88' lang='lat' dir='ltr'>nes</span> <span class='ocrx_word' id='word_1_1324' title='bbox 1503 1088 1510 1101; x_wconf 87' lang='lat'>,</span> <span class='ocrx_word' id='word_1_1325' title='bbox 1532 1073 1639 1097; x_wconf 88' lang='lat' dir='ltr'>cautus.</span> 
     </span>
    </p>

    <p class='ocr_par' dir='ltr' id='par_1_65' title="bbox 1421 1090 2594 1179">
     <span class='ocr_line' id='line_1_134' title="bbox 1421 1090 2594 1143; baseline 0.003 -10"><span class='ocrx_word' id='word_1_1326' title='bbox 1421 1104 1454 1134; x_wconf 91' lang='lat' dir='ltr'>In</span> <span class='ocrx_word' id='word_1_1327' title='bbox 1467 1102 1622 1134; x_wconf 88' lang='lat' dir='ltr'>scribendo.</span> <span class='ocrx_word' id='word_1_1328' title='bbox 1659 1103 1719 1133; x_wconf 90' lang='lat' dir='ltr'>Cic.</span> <span class='ocrx_word' id='word_1_1329' title='bbox 1733 1113 1755 1141; x_wconf 89' lang='lat'>3.</span> <span class='ocrx_word' id='word_1_1330' title='bbox 1769 1104 1874 1142; x_wconf 77' lang='lat' dir='ltr'>Q-frat.</span> <span class='ocrx_word' id='word_1_1331' title='bbox 1885 1115 1911 1142; x_wconf 86' lang='grc'>9.</span> <span class='ocrx_word' id='word_1_1332' title='bbox 1939 1105 2034 1143; x_wconf 83' lang='lat' dir='ltr'>Quam</span> <span class='ocrx_word' id='word_1_1333' title='bbox 2046 1110 2142 1135; x_wconf 88' lang='lat' dir='ltr'>autem</span> <span class='ocrx_word' id='word_1_1334' title='bbox 2158 1111 2187 1136; x_wconf 87' lang='lat' dir='ltr'>te</span> <span class='ocrx_word' id='word_1_1335' title='bbox 2204 1103 2291 1136; x_wconf 84' lang='lat' dir='ltr'>velim</span> <span class='ocrx_word' id='word_1_1336' title='bbox 2307 1110 2420 1136; x_wconf 86' lang='lat' dir='ltr'>cautum</span> <span class='ocrx_word' id='word_1_1337' title='bbox 2441 1105 2497 1137; x_wconf 78' lang='lat' dir='ltr'>effe</span> <span class='ocrx_word' id='word_1_1338' title='bbox 2514 1090 2567 1142; x_wconf 56' lang='lat' dir='ltr'>im*</span> <span class='ocrx_word' id='word_1_1339' title='bbox 2592 1130 2594 1138; x_wconf 77' lang='grc'>,</span> 
     </span>
     <span class='ocr_line' id='line_1_135' title="bbox 1443 1142 2591 1179; baseline 0.004 -7"><span class='ocrx_word' id='word_1_1340' title='bbox 1443 1142 1593 1172; x_wconf 87' lang='lat' dir='ltr'>scribendo</span> <span class='ocrx_word' id='word_1_1341' title='bbox 1604 1164 1612 1178; x_wconf 94' lang='lat'>,</span> <span class='ocrx_word' id='word_1_1342' title='bbox 1633 1151 1668 1171; x_wconf 87' lang='lat' dir='ltr'>ex</span> <span class='ocrx_word' id='word_1_1343' title='bbox 1679 1142 1734 1172; x_wconf 92' lang='lat' dir='ltr'>hoc</span> <span class='ocrx_word' id='word_1_1344' title='bbox 1746 1144 1892 1179; x_wconf 87' lang='lat' dir='ltr'>conjicito.</span> <span class='ocrx_word' id='word_1_1345' title='bbox 2590 1155 2591 1158; x_wconf 76' lang='grc'>’</span> 
     </span>
    </p>

    <p class='ocr_par' dir='ltr' id='par_1_66' title="bbox 1421 1178 2597 1285">
     <span class='ocr_line' id='line_1_136' title="bbox 1421 1178 2597 1219; baseline 0.003 -9"><span class='ocrx_word' id='word_1_1346' title='bbox 1421 1180 1454 1210; x_wconf 88' lang='lat' dir='ltr'>In</span> <span class='ocrx_word' id='word_1_1347' title='bbox 1464 1180 1605 1218; x_wconf 85' lang='lat' dir='ltr'>periculis.</span> <span class='ocrx_word' id='word_1_1348' title='bbox 1646 1179 1704 1209; x_wconf 89' lang='lat' dir='ltr'>Cic.</span> <span class='ocrx_word' id='word_1_1349' title='bbox 1719 1190 1742 1210; x_wconf 87' lang='lat'>1.</span> <span class='ocrx_word' id='word_1_1350' title='bbox 1755 1181 1791 1210; x_wconf 88' lang='lat' dir='ltr'>de</span> <span class='ocrx_word' id='word_1_1351' title='bbox 1801 1181 1875 1219; x_wconf 85' lang='lat' dir='ltr'>Lege</span> <span class='ocrx_word' id='word_1_1352' title='bbox 1884 1182 1945 1219; x_wconf 88' lang='lat' dir='ltr'>Agr.</span> <span class='ocrx_word' id='word_1_1353' title='bbox 1957 1189 2003 1217; x_wconf 83' lang='lat'>27·</span> <span class='ocrx_word' id='word_1_1354' title='bbox 2031 1180 2190 1219; x_wconf 89' lang='lat' dir='ltr'>Sequentur</span> <span class='ocrx_word' id='word_1_1355' title='bbox 2210 1181 2404 1211; x_wconf 69' lang='lat' dir='ltr'>auctoritatem</span> <span class='ocrx_word' id='word_1_1356' title='bbox 2420 1180 2510 1213; x_wconf 88' lang='lat' dir='ltr'>Consu</span> <span class='ocrx_word' id='word_1_1357' title='bbox 2523 1183 2531 1191; x_wconf 80' lang='lat'>⁸</span> <span class='ocrx_word' id='word_1_1358' title='bbox 2591 1178 2597 1214; x_wconf 67' lang='grc' dir='ltr'>ζ’</span> 
     </span>
     <span class='ocr_line' id='line_1_137' title="bbox 1441 1217 2591 1258; baseline 0.004 -11"><span class='ocrx_word' id='word_1_1359' title='bbox 1441 1217 1523 1248; x_wconf 88' lang='lat' dir='ltr'>soluti</span> <span class='ocrx_word' id='word_1_1360' title='bbox 1535 1228 1550 1247; x_wconf 85' lang='lat' dir='ltr'>a</span> <span class='ocrx_word' id='word_1_1361' title='bbox 1561 1217 1778 1255; x_wconf 78' lang='lat' dir='ltr'>cupiditatibus,</span> <span class='ocrx_word' id='word_1_1362' title='bbox 1799 1219 1880 1249; x_wconf 88' lang='lat' dir='ltr'>liberi</span> <span class='ocrx_word' id='word_1_1363' title='bbox 1893 1229 1909 1249; x_wconf 87' lang='lat' dir='ltr'>a</span> <span class='ocrx_word' id='word_1_1364' title='bbox 1921 1218 2030 1249; x_wconf 71' lang='lat' dir='ltr'>delit‘iis</span> <span class='ocrx_word' id='word_1_1365' title='bbox 2041 1239 2051 1255; x_wconf 77' lang='lat'>‚</span> <span class='ocrx_word' id='word_1_1366' title='bbox 2072 1219 2147 1249; x_wconf 91' lang='lat' dir='ltr'>cauti</span> <span class='ocrx_word' id='word_1_1367' title='bbox 2163 1219 2193 1249; x_wconf 89' lang='lat' dir='ltr'>in</span> <span class='ocrx_word' id='word_1_1368' title='bbox 2203 1219 2335 1258; x_wconf 88' lang='lat' dir='ltr'>periculis</span> <span class='ocrx_word' id='word_1_1369' title='bbox 2345 1241 2354 1256; x_wconf 88' lang='lat'>,</span> <span class='ocrx_word' id='word_1_1370' title='bbox 2376 1228 2436 1249; x_wconf 88' lang='lat' dir='ltr'>non</span> <span class='ocrx_word' id='word_1_1371' title='bbox 2454 1218 2516 1252; x_wconf 84' lang='lat' dir='ltr'>timi</span> <span class='ocrx_word' id='word_1_1372' title='bbox 2589 1227 2591 1232; x_wconf 64' lang='lat'><strong>¹</strong></span> 
     </span>
     <span class='ocr_line' id='line_1_138' title="bbox 1444 1255 1726 1285; baseline 0 0"><span class='ocrx_word' id='word_1_1373' title='bbox 1444 1257 1474 1285; x_wconf 90' lang='lat' dir='ltr'>in</span> <span class='ocrx_word' id='word_1_1374' title='bbox 1485 1255 1726 1285; x_wconf 88' lang='lat' dir='ltr'>contentionibus.</span> 
     </span>
    </p>

    <p class='ocr_par' dir='ltr' id='par_1_67' title="bbox 1421 1293 2597 1341">
     <span class='ocr_line' id='line_1_139' title="bbox 1421 1293 2597 1341; baseline 0.003 -17"><span class='ocrx_word' id='word_1_1375' title='bbox 1421 1293 1496 1324; x_wconf 87' lang='lat' dir='ltr'>Intra</span> <span class='ocrx_word' id='word_1_1376' title='bbox 1504 1293 1580 1331; x_wconf 90' lang='lat' dir='ltr'>spem</span> <span class='ocrx_word' id='word_1_1377' title='bbox 1589 1293 1685 1324; x_wconf 85' lang='lat' dir='ltr'>veniae.</span> <span class='ocrx_word' id='word_1_1378' title='bbox 1707 1293 1774 1324; x_wconf 92' lang='lat' dir='ltr'>Hor.</span> <span class='ocrx_word' id='word_1_1379' title='bbox 1786 1294 1817 1323; x_wconf 88' lang='lat' dir='ltr'>in</span> <span class='ocrx_word' id='word_1_1380' title='bbox 1829 1294 1892 1324; x_wconf 82' lang='lat' dir='ltr'>Arte</span> <span class='ocrx_word' id='word_1_1381' title='bbox 1899 1294 1975 1325; x_wconf 91' lang='lat' dir='ltr'>Poet.</span> <span class='ocrx_word' id='word_1_1382' title='bbox 1990 1296 2056 1325; x_wconf 85' lang='lat'>2⁶6.</span> <span class='ocrx_word' id='word_1_1383' title='bbox 2534 1319 2550 1341; x_wconf 37' lang='grc' dir='ltr'>ἢ,</span> <span class='ocrx_word' id='word_1_1384' title='bbox 2596 1316 2597 1319; x_wconf 62' lang='lat'><em>=</em></span> 
     </span>
    </p>

    <p class='ocr_par' dir='ltr' id='par_1_68' title="bbox 1421 1331 2549 1367">
     <span class='ocr_line' id='line_1_140' title="bbox 1421 1331 2549 1367; baseline 0.001 -5"><span class='ocrx_word' id='word_1_1385' title='bbox 1421 1333 1479 1362; x_wconf 74' lang='lat' dir='ltr'>Ars.</span> <span class='ocrx_word' id='word_1_1386' title='bbox 1501 1331 1585 1361; x_wconf 88' lang='lat' dir='ltr'>Ovid.</span> <span class='ocrx_word' id='word_1_1387' title='bbox 1599 1341 1624 1361; x_wconf 86' lang='lat'>2.</span> <span class='ocrx_word' id='word_1_1388' title='bbox 1636 1331 1671 1361; x_wconf 91' lang='lat' dir='ltr'>de</span> <span class='ocrx_word' id='word_1_1389' title='bbox 1682 1334 1744 1361; x_wconf 85' lang='lat' dir='ltr'>Arte</span> <span class='ocrx_word' id='word_1_1390' title='bbox 1754 1332 1813 1361; x_wconf 89' lang='lat' dir='ltr'>Am.</span> <span class='ocrx_word' id='word_1_1391' title='bbox 1826 1342 1887 1367; x_wconf 78' lang='lat'>159·</span> <span class='ocrx_word' id='word_1_1392' title='bbox 2546 1352 2549 1355; x_wconf 29' lang='grc' dir='ltr'><strong>Δ</strong></span> 
     </span>
    </p>

    <p class='ocr_par' dir='ltr' id='par_1_69' title="bbox 1503 1368 2514 1407">
     <span class='ocr_line' id='line_1_141' title="bbox 1503 1368 2514 1407; baseline 0.004 -9"><span class='ocrx_word' id='word_1_1393' title='bbox 1503 1370 1574 1399; x_wconf 87' lang='lat' dir='ltr'>Artis</span> <span class='ocrx_word' id='word_1_1394' title='bbox 1585 1376 1667 1399; x_wconf 89' lang='lat' dir='ltr'>erunt</span> <span class='ocrx_word' id='word_1_1395' title='bbox 1675 1376 1762 1399; x_wconf 85' lang='lat' dir='ltr'>cautae</span> <span class='ocrx_word' id='word_1_1396' title='bbox 1772 1369 1868 1400; x_wconf 90' lang='lat' dir='ltr'>mollia</span> <span class='ocrx_word' id='word_1_1397' title='bbox 1879 1369 1948 1407; x_wconf 78' lang='lat' dir='ltr'>jussa</span> <span class='ocrx_word' id='word_1_1398' title='bbox 1955 1379 2034 1401; x_wconf 84' lang='lat' dir='ltr'>meae.</span> <span class='ocrx_word' id='word_1_1399' title='bbox 2082 1368 2172 1400; x_wconf 86' lang='lat' dir='ltr'>Cauto</span> <span class='ocrx_word' id='word_1_1400' title='bbox 2180 1369 2274 1401; x_wconf 81' lang='lat' dir='ltr'>Heins</span> <span class='ocrx_word' id='word_1_1401' title='bbox 2283 1369 2339 1401; x_wconf 87' lang='lat' dir='ltr'>Sed</span> <span class='ocrx_word' id='word_1_1402' title='bbox 2347 1370 2454 1401; x_wconf 86' lang='lat' dir='ltr'>variant</span> <span class='ocrx_word' id='word_1_1403' title='bbox 2461 1371 2514 1402; x_wconf 91' lang='lat' dir='ltr'>cod</span> 
     </span>
    </p>

    <p class='ocr_par' dir='ltr' id='par_1_70' title="bbox 1422 1407 2457 1445">
     <span class='ocr_line' id='line_1_142' title="bbox 1422 1407 2457 1445; baseline 0.001 -8"><span class='ocrx_word' id='word_1_1404' title='bbox 1422 1407 1541 1438; x_wconf 88' lang='lat' dir='ltr'>Bellum.</span> <span class='ocrx_word' id='word_1_1405' title='bbox 1560 1407 1608 1437; x_wconf 90' lang='lat' dir='ltr'>Sil.</span> <span class='ocrx_word' id='word_1_1406' title='bbox 1620 1407 1668 1437; x_wconf 90' lang='lat' dir='ltr'>lib.</span> <span class='ocrx_word' id='word_1_1407' title='bbox 1680 1413 1706 1443; x_wconf 85' lang='lat'>8.</span> <span class='ocrx_word' id='word_1_1408' title='bbox 1722 1411 1785 1445; x_wconf 84' lang='lat'>326.</span> <span class='ocrx_word' id='word_1_1409' title='bbox 2018 1422 2056 1429; x_wconf 90' lang='lat'>—-</span> <span class='ocrx_word' id='word_1_1410' title='bbox 2066 1409 2093 1438; x_wconf 72' lang='grc' dir='ltr'>ἃ</span> <span class='ocrx_word' id='word_1_1411' title='bbox 2104 1407 2180 1438; x_wconf 83' lang='lat' dir='ltr'>cauti</span> <span class='ocrx_word' id='word_1_1412' title='bbox 2189 1409 2378 1438; x_wconf 87' lang='lat' dir='ltr'>medicamina</span> <span class='ocrx_word' id='word_1_1413' title='bbox 2388 1408 2457 1438; x_wconf 91' lang='lat' dir='ltr'>belli</span> 
     </span>
    </p>

    <p class='ocr_par' dir='ltr' id='par_1_71' title="bbox 1500 1444 1693 1475">
     <span class='ocr_line' id='line_1_143' title="bbox 1500 1444 1693 1475; baseline 0.005 -1"><span class='ocrx_word' id='word_1_1414' title='bbox 1500 1444 1606 1475; x_wconf 88' lang='lat' dir='ltr'>Lentus</span> <span class='ocrx_word' id='word_1_1415' title='bbox 1621 1455 1693 1475; x_wconf 89' lang='lat' dir='ltr'>ama.</span> 
     </span>
    </p>

    <p class='ocr_par' dir='ltr' id='par_1_72' title="bbox 1420 1482 2555 1552">
     <span class='ocr_line' id='line_1_144' title="bbox 1420 1482 2555 1523; baseline 0.001 -11"><span class='ocrx_word' id='word_1_1416' title='bbox 1420 1482 1543 1513; x_wconf 82' lang='lat' dir='ltr'>Consilia</span> <span class='ocrx_word' id='word_1_1417' title='bbox 1552 1489 1641 1513; x_wconf 87' lang='lat' dir='ltr'>cauta.</span> <span class='ocrx_word' id='word_1_1418' title='bbox 1681 1483 1772 1513; x_wconf 85' lang='lat' dir='ltr'>Tacit.</span> <span class='ocrx_word' id='word_1_1419' title='bbox 1786 1493 1798 1513; x_wconf 94' lang='lat'>1</span> <span class='ocrx_word' id='word_1_1420' title='bbox 1806 1495 1829 1514; x_wconf 87' lang='lat'>1.</span> <span class='ocrx_word' id='word_1_1421' title='bbox 1839 1483 1908 1514; x_wconf 85' lang='lat' dir='ltr'>Ann.</span> <span class='ocrx_word' id='word_1_1422' title='bbox 1921 1492 1968 1520; x_wconf 84' lang='lat'>29.</span> <span class='ocrx_word' id='word_1_1423' title='bbox 1989 1482 2024 1514; x_wconf 90' lang='lat' dir='ltr'>Et</span> <span class='ocrx_word' id='word_1_1424' title='bbox 2031 1482 2191 1523; x_wconf 85' lang='lat' dir='ltr'>potentiam</span> <span class='ocrx_word' id='word_1_1425' title='bbox 2200 1483 2290 1515; x_wconf 84' lang='lat' dir='ltr'>cautis</span> <span class='ocrx_word' id='word_1_1426' title='bbox 2299 1492 2384 1522; x_wconf 84' lang='lat' dir='ltr'>quam</span> <span class='ocrx_word' id='word_1_1427' title='bbox 2394 1483 2555 1521; x_wconf 57' lang='lat' dir='ltr'>acrioribus,</span> 
     </span>
     <span class='ocr_line' id='line_1_145' title="bbox 1439 1521 1775 1552; baseline 0.003 -2"><span class='ocrx_word' id='word_1_1428' title='bbox 1439 1521 1560 1551; x_wconf 85' lang='lat' dir='ltr'>consiliis</span> <span class='ocrx_word' id='word_1_1429' title='bbox 1571 1522 1658 1551; x_wconf 88' lang='lat' dir='ltr'>tutius</span> <span class='ocrx_word' id='word_1_1430' title='bbox 1668 1521 1775 1552; x_wconf 86' lang='lat' dir='ltr'>haberi.</span> 
     </span>
    </p>

    <p class='ocr_par' dir='ltr' id='par_1_73' title="bbox 1418 1556 2097 1597">
     <span class='ocr_line' id='line_1_146' title="bbox 1418 1556 2097 1597; baseline 0 -8"><span class='ocrx_word' id='word_1_1431' title='bbox 1418 1556 1525 1589; x_wconf 84' lang='lat' dir='ltr'>Dextra</span> <span class='ocrx_word' id='word_1_1432' title='bbox 1532 1569 1632 1597; x_wconf 88' lang='lat' dir='ltr'>parum</span> <span class='ocrx_word' id='word_1_1433' title='bbox 1641 1566 1732 1590; x_wconf 83' lang='lat' dir='ltr'>cauta.</span> <span class='ocrx_word' id='word_1_1434' title='bbox 1755 1559 1839 1590; x_wconf 90' lang='lat' dir='ltr'>Ovid.</span> <span class='ocrx_word' id='word_1_1435' title='bbox 1853 1568 1879 1596; x_wconf 79' lang='lat'>3.</span> <span class='ocrx_word' id='word_1_1436' title='bbox 1892 1559 1928 1589; x_wconf 90' lang='lat' dir='ltr'>de</span> <span class='ocrx_word' id='word_1_1437' title='bbox 1938 1558 2019 1589; x_wconf 92' lang='lat' dir='ltr'>Pont.</span> <span class='ocrx_word' id='word_1_1438' title='bbox 2030 1562 2057 1589; x_wconf 91' lang='grc'><strong>6.</strong></span> <span class='ocrx_word' id='word_1_1439' title='bbox 2071 1568 2097 1596; x_wconf 80' lang='lat'>3.</span> 
     </span>
    </p>

    <p class='ocr_par' dir='ltr' id='par_1_74' title="bbox 1418 1596 2181 1635">
     <span class='ocr_line' id='line_1_147' title="bbox 1418 1596 2181 1635; baseline 0 -8"><span class='ocrx_word' id='word_1_1440' title='bbox 1418 1597 1517 1627; x_wconf 91' lang='lat' dir='ltr'>Dolus.</span> <span class='ocrx_word' id='word_1_1441' title='bbox 1538 1598 1602 1628; x_wconf 89' lang='lat' dir='ltr'>Sen.</span> <span class='ocrx_word' id='word_1_1442' title='bbox 1614 1597 1705 1627; x_wconf 88' lang='lat' dir='ltr'>OEth.</span> <span class='ocrx_word' id='word_1_1443' title='bbox 1723 1597 1831 1628; x_wconf 89' lang='lat' dir='ltr'>Intrant</span> <span class='ocrx_word' id='word_1_1444' title='bbox 1838 1597 1951 1628; x_wconf 88' lang='lat' dir='ltr'>fraudes</span> <span class='ocrx_word' id='word_1_1445' title='bbox 1968 1597 2099 1635; x_wconf 88' lang='lat' dir='ltr'>cautique</span> <span class='ocrx_word' id='word_1_1446' title='bbox 2110 1596 2181 1628; x_wconf 86' lang='lat' dir='ltr'>doli.</span> 
     </span>
    </p>

    <p class='ocr_par' dir='ltr' id='par_1_75' title="bbox 1417 1634 1750 1666">
     <span class='ocr_line' id='line_1_148' title="bbox 1417 1634 1750 1666; baseline 0.006 -2"><span class='ocrx_word' id='word_1_1447' title='bbox 1417 1634 1559 1665; x_wconf 81' lang='lat' dir='ltr'>Formido.</span> <span class='ocrx_word' id='word_1_1448' title='bbox 1582 1635 1629 1665; x_wconf 93' lang='lat' dir='ltr'>Sil.</span> <span class='ocrx_word' id='word_1_1449' title='bbox 1641 1634 1689 1665; x_wconf 93' lang='lat' dir='ltr'>lib.</span> <span class='ocrx_word' id='word_1_1450' title='bbox 1708 1640 1750 1666; x_wconf 85' lang='grc'>16.</span> 
     </span>
    </p>

    <p class='ocr_par' dir='ltr' id='par_1_76' title="bbox 1417 1671 2589 1741">
     <span class='ocr_line' id='line_1_149' title="bbox 1417 1671 2589 1712; baseline 0.004 -10"><span class='ocrx_word' id='word_1_1451' title='bbox 1417 1673 1522 1703; x_wconf 84' lang='lat' dir='ltr'>Manus</span> <span class='ocrx_word' id='word_1_1452' title='bbox 1540 1679 1635 1703; x_wconf 87' lang='lat' dir='ltr'>cautas</span> <span class='ocrx_word' id='word_1_1453' title='bbox 1648 1673 1784 1711; x_wconf 88' lang='lat' dir='ltr'>praeferre.</span> <span class='ocrx_word' id='word_1_1454' title='bbox 1824 1672 1910 1703; x_wconf 88' lang='lat' dir='ltr'>Ovid.</span> <span class='ocrx_word' id='word_1_1455' title='bbox 1927 1682 1955 1704; x_wconf 84' lang='lat'>2.</span> <span class='ocrx_word' id='word_1_1456' title='bbox 1976 1671 2044 1704; x_wconf 83' lang='lat' dir='ltr'>Fast.</span> <span class='ocrx_word' id='word_1_1457' title='bbox 2056 1675 2120 1711; x_wconf 80' lang='lat'>336.</span> <span class='ocrx_word' id='word_1_1458' title='bbox 2142 1672 2179 1703; x_wconf 84' lang='lat' dir='ltr'>de</span> <span class='ocrx_word' id='word_1_1459' title='bbox 2204 1673 2322 1711; x_wconf 85' lang='lat' dir='ltr'>Fauno,</span> <span class='ocrx_word' id='word_1_1460' title='bbox 2342 1673 2391 1712; x_wconf 89' lang='lat' dir='ltr'>qui</span> <span class='ocrx_word' id='word_1_1461' title='bbox 2407 1673 2543 1708; x_wconf 64' lang='lat' dir='ltr'>nocuae</span> <span class='ocrx_word' id='word_1_1462' title='bbox 2587 1696 2589 1698; x_wconf 90' lang='lat'><em>-</em></span> 
     </span>
     <span class='ocr_line' id='line_1_150' title="bbox 1438 1710 2542 1741; baseline 0.001 0"><span class='ocrx_word' id='word_1_1463' title='bbox 1438 1711 1566 1741; x_wconf 88' lang='lat' dir='ltr'>Herculis</span> <span class='ocrx_word' id='word_1_1464' title='bbox 1578 1711 1740 1741; x_wconf 90' lang='lat' dir='ltr'>cubiculum</span> <span class='ocrx_word' id='word_1_1465' title='bbox 1751 1710 1912 1741; x_wconf 88' lang='lat' dir='ltr'>accedebat.</span> <span class='ocrx_word' id='word_1_1466' title='bbox 2537 1711 2542 1717; x_wconf 74' lang='grc'>’</span> 
     </span>
    </p>

    <p class='ocr_par' dir='ltr' id='par_1_77' title="bbox 1417 1745 1958 1787">
     <span class='ocr_line' id='line_1_151' title="bbox 1417 1745 1958 1787; baseline 0.004 -9"><span class='ocrx_word' id='word_1_1467' title='bbox 1417 1745 1527 1779; x_wconf 83' lang='lat' dir='ltr'>Navita.</span> <span class='ocrx_word' id='word_1_1468' title='bbox 1551 1749 1635 1779; x_wconf 92' lang='lat' dir='ltr'>Ovid.</span> <span class='ocrx_word' id='word_1_1469' title='bbox 1648 1750 1684 1779; x_wconf 90' lang='lat' dir='ltr'>de</span> <span class='ocrx_word' id='word_1_1470' title='bbox 1695 1750 1774 1779; x_wconf 89' lang='lat' dir='ltr'>Rem.</span> <span class='ocrx_word' id='word_1_1471' title='bbox 1785 1750 1877 1779; x_wconf 79' lang='lat' dir='ltr'>Amor.</span> <span class='ocrx_word' id='word_1_1472' title='bbox 1892 1757 1958 1787; x_wconf 82' lang='lat'>737.</span> 
     </span>
    </p>

    <p class='ocr_par' dir='ltr' id='par_1_78' title="bbox 1415 1786 1929 1826">
     <span class='ocr_line' id='line_1_152' title="bbox 1415 1786 1929 1826; baseline -0.004 -8"><span class='ocrx_word' id='word_1_1473' title='bbox 1415 1786 1567 1818; x_wconf 87' lang='lat' dir='ltr'>Nummos.</span> <span class='ocrx_word' id='word_1_1474' title='bbox 1605 1787 1674 1818; x_wconf 89' lang='lat' dir='ltr'>Hor.</span> <span class='ocrx_word' id='word_1_1475' title='bbox 1685 1796 1712 1818; x_wconf 89' lang='lat'>2.</span> <span class='ocrx_word' id='word_1_1476' title='bbox 1728 1787 1811 1826; x_wconf 85' lang='lat' dir='ltr'>Epist.</span> <span class='ocrx_word' id='word_1_1477' title='bbox 1826 1796 1850 1817; x_wconf 85' lang='lat'>1.</span> <span class='ocrx_word' id='word_1_1478' title='bbox 1866 1797 1929 1824; x_wconf 85' lang='lat'>105.</span> 
     </span>
    </p>

    <p class='ocr_par' dir='ltr' id='par_1_79' title="bbox 1434 1824 2197 1893">
     <span class='ocr_line' id='line_1_153' title="bbox 1498 1824 2197 1864; baseline 0.001 -9"><span class='ocrx_word' id='word_1_1479' title='bbox 1498 1825 1601 1855; x_wconf 68' lang='lat' dir='ltr'>Cauros</span> <span class='ocrx_word' id='word_1_1480' title='bbox 1611 1825 1772 1855; x_wconf 86' lang='lat' dir='ltr'>nominibus</span> <span class='ocrx_word' id='word_1_1481' title='bbox 1783 1825 1864 1855; x_wconf 89' lang='lat' dir='ltr'>certis</span> <span class='ocrx_word' id='word_1_1482' title='bbox 1874 1824 2037 1864; x_wconf 86' lang='lat' dir='ltr'>expendere</span> <span class='ocrx_word' id='word_1_1483' title='bbox 2054 1833 2197 1856; x_wconf 68' lang='lat' dir='ltr'>nummos.</span> 
     </span>
     <span class='ocr_line' id='line_1_154' title="bbox 1434 1862 1956 1893; baseline 0.002 -1"><span class='ocrx_word' id='word_1_1484' title='bbox 1434 1862 1548 1893; x_wconf 88' lang='lat' dir='ltr'>Idoneis</span> <span class='ocrx_word' id='word_1_1485' title='bbox 1558 1862 1732 1893; x_wconf 87' lang='lat' dir='ltr'>debitoribus</span> <span class='ocrx_word' id='word_1_1486' title='bbox 1742 1869 1822 1893; x_wconf 88' lang='lat' dir='ltr'>caute</span> <span class='ocrx_word' id='word_1_1487' title='bbox 1832 1863 1956 1893; x_wconf 87' lang='lat' dir='ltr'>credere.</span> 
     </span>
    </p>

    <p class='ocr_par' dir='ltr' id='par_1_80' title="bbox 1415 1898 2081 1939">
     <span class='ocr_line' id='line_1_155' title="bbox 1415 1898 2081 1939; baseline 0 -9"><span class='ocrx_word' id='word_1_1488' title='bbox 1415 1898 1514 1930; x_wconf 65' lang='lat' dir='ltr'>Pectus</span> <span class='ocrx_word' id='word_1_1489' title='bbox 1524 1911 1622 1939; x_wconf 88' lang='lat' dir='ltr'>parum</span> <span class='ocrx_word' id='word_1_1490' title='bbox 1631 1907 1754 1932; x_wconf 89' lang='lat' dir='ltr'>cautum.</span> <span class='ocrx_word' id='word_1_1491' title='bbox 1775 1902 1826 1931; x_wconf 87' lang='lat' dir='ltr'>Pro</span> <span class='ocrx_word' id='word_1_1492' title='bbox 1848 1908 1898 1931; x_wconf 90' lang='lat' dir='ltr'>ert.</span> <span class='ocrx_word' id='word_1_1493' title='bbox 1914 1900 1964 1931; x_wconf 93' lang='lat' dir='ltr'>lib.</span> <span class='ocrx_word' id='word_1_1494' title='bbox 1978 1909 2003 1938; x_wconf 86' lang='lat'>3.</span> <span class='ocrx_word' id='word_1_1495' title='bbox 2016 1911 2041 1936; x_wconf 87' lang='grc' dir='ltr'>ς.</span> <span class='ocrx_word' id='word_1_1496' title='bbox 2054 1905 2081 1935; x_wconf 87' lang='lat'>8.</span> 
     </span>
    </p>

    <p class='ocr_par' dir='ltr' id='par_1_81' title="bbox 1415 1937 1951 1976">
     <span class='ocr_line' id='line_1_156' title="bbox 1415 1937 1951 1976; baseline 0 -8"><span class='ocrx_word' id='word_1_1497' title='bbox 1415 1937 1507 1976; x_wconf 86' lang='lat' dir='ltr'>Terga</span> <span class='ocrx_word' id='word_1_1498' title='bbox 1521 1946 1611 1969; x_wconf 89' lang='lat' dir='ltr'>cauta.</span> <span class='ocrx_word' id='word_1_1499' title='bbox 1631 1940 1718 1970; x_wconf 90' lang='lat' dir='ltr'>Ovid.</span> <span class='ocrx_word' id='word_1_1500' title='bbox 1736 1949 1760 1970; x_wconf 91' lang='lat'>1.</span> <span class='ocrx_word' id='word_1_1501' title='bbox 1774 1939 1822 1969; x_wconf 85' lang='lat' dir='ltr'>Tri</span> <span class='ocrx_word' id='word_1_1502' title='bbox 1849 1961 1855 1968; x_wconf 95' lang='lat'>.</span> <span class='ocrx_word' id='word_1_1503' title='bbox 1868 1949 1894 1975; x_wconf 89' lang='lat'>9.</span> <span class='ocrx_word' id='word_1_1504' title='bbox 1905 1949 1951 1968; x_wconf 62' lang='grc' dir='ltr'>ιο.</span> 
     </span>
    </p>

    <p class='ocr_par' dir='ltr' id='par_1_82' title="bbox 1509 1975 2104 2016">
     <span class='ocr_line' id='line_1_157' title="bbox 1509 1975 2104 2016; baseline -0.002 -9"><span class='ocrx_word' id='word_1_1505' title='bbox 1509 1976 1651 2014; x_wconf 88' lang='lat' dir='ltr'>Cautaque</span> <span class='ocrx_word' id='word_1_1506' title='bbox 1663 1977 1809 2007; x_wconf 88' lang='lat' dir='ltr'>communi</span> <span class='ocrx_word' id='word_1_1507' title='bbox 1821 1983 1899 2016; x_wconf 87' lang='lat' dir='ltr'>terga</span> <span class='ocrx_word' id='word_1_1508' title='bbox 1908 1976 2011 2007; x_wconf 87' lang='lat' dir='ltr'>dedere</span> <span class='ocrx_word' id='word_1_1509' title='bbox 2020 1975 2104 2014; x_wconf 83' lang='lat' dir='ltr'>fugae.</span> 
     </span>
    </p>

    <p class='ocr_par' dir='ltr' id='par_1_83' title="bbox 1415 2013 1865 2053">
     <span class='ocr_line' id='line_1_158' title="bbox 1415 2013 1865 2053; baseline 0.007 -10"><span class='ocrx_word' id='word_1_1510' title='bbox 1415 2013 1522 2045; x_wconf 92' lang='lat' dir='ltr'>Timor.</span> <span class='ocrx_word' id='word_1_1511' title='bbox 1545 2015 1629 2046; x_wconf 87' lang='lat' dir='ltr'>Ovid.</span> <span class='ocrx_word' id='word_1_1512' title='bbox 1645 2025 1670 2053; x_wconf 88' lang='lat'>3.</span> <span class='ocrx_word' id='word_1_1513' title='bbox 1685 2015 1768 2045; x_wconf 88' lang='lat' dir='ltr'>Trist.</span> <span class='ocrx_word' id='word_1_1514' title='bbox 1780 2018 1865 2052; x_wconf 70' lang='lat'>4⁶5·</span> 
     </span>
    </p>

    <p class='ocr_par' dir='ltr' id='par_1_84' title="bbox 1415 2048 2604 2091">
     <span class='ocr_line' id='line_1_159' title="bbox 1415 2048 2604 2091; baseline 0.008 -10"><span class='ocrx_word' id='word_1_1515' title='bbox 1415 2048 1519 2082; x_wconf 86' lang='lat' dir='ltr'>Viator.</span> <span class='ocrx_word' id='word_1_1516' title='bbox 1543 2053 1626 2084; x_wconf 91' lang='lat' dir='ltr'>Ovid.</span> <span class='ocrx_word' id='word_1_1517' title='bbox 1637 2063 1664 2085; x_wconf 83' lang='lat'>2.</span> <span class='ocrx_word' id='word_1_1518' title='bbox 1678 2053 1760 2084; x_wconf 92' lang='lat' dir='ltr'>Trist.</span> <span class='ocrx_word' id='word_1_1519' title='bbox 1772 2062 1838 2091; x_wconf 83' lang='lat'>271.</span> <span class='ocrx_word' id='word_1_1520' title='bbox 2566 2063 2571 2090; x_wconf 60' lang='grc' dir='ltr'><strong><em>ἐ</em></strong></span> <span class='ocrx_word' id='word_1_1521' title='bbox 2588 2062 2604 2089; x_wconf 55' lang='lat' dir='ltr'>‘J</span> 
     </span>
    </p>

    <p class='ocr_par' dir='ltr' id='par_1_85' title="bbox 1415 2089 2568 2127">
     <span class='ocr_line' id='line_1_160' title="bbox 1415 2089 2568 2127; baseline 0.006 -8"><span class='ocrx_word' id='word_1_1522' title='bbox 1415 2089 1509 2120; x_wconf 82' lang='lat' dir='ltr'>Virtus</span> <span class='ocrx_word' id='word_1_1523' title='bbox 1517 2097 1605 2121; x_wconf 89' lang='lat' dir='ltr'>cauta.</span> <span class='ocrx_word' id='word_1_1524' title='bbox 1625 2091 1672 2122; x_wconf 89' lang='lat' dir='ltr'>Sil.</span> <span class='ocrx_word' id='word_1_1525' title='bbox 1688 2102 1730 2127; x_wconf 84' lang='grc' dir='ltr'>ις.</span> <span class='ocrx_word' id='word_1_1526' title='bbox 1746 2095 1808 2126; x_wconf 81' lang='lat'>186.</span> <span class='ocrx_word' id='word_1_1527' title='bbox 2564 2091 2568 2126; x_wconf 65' lang='lat'>,‘</span> 
     </span>
    </p>

    <p class='ocr_par' dir='ltr' id='par_1_86' title="bbox 1415 2114 2571 2166">
     <span class='ocr_line' id='line_1_161' title="bbox 1415 2114 2571 2166; baseline 0.005 -9"><span class='ocrx_word' id='word_1_1528' title='bbox 1415 2123 1530 2165; x_wconf 80' lang='lat' dir='ltr'>Vulpes.</span> <span class='ocrx_word' id='word_1_1529' title='bbox 1550 2128 1618 2159; x_wconf 91' lang='lat' dir='ltr'>Hor.</span> <span class='ocrx_word' id='word_1_1530' title='bbox 1635 2140 1657 2159; x_wconf 94' lang='lat'>1.</span> <span class='ocrx_word' id='word_1_1531' title='bbox 1669 2130 1752 2166; x_wconf 89' lang='lat' dir='ltr'>Epist.</span> <span class='ocrx_word' id='word_1_1532' title='bbox 1766 2139 1790 2159; x_wconf 88' lang='grc'>1.</span> <span class='ocrx_word' id='word_1_1533' title='bbox 1803 2136 1849 2166; x_wconf 78' lang='lat'>73.</span> <span class='ocrx_word' id='word_1_1534' title='bbox 2564 2114 2571 2163; x_wconf 54' lang='lat' dir='ltr'>i</span> 
     </span>
    </p>

    <p class='ocr_par' dir='ltr' id='par_1_87' title="bbox 1415 2164 2569 2207">
     <span class='ocr_line' id='line_1_162' title="bbox 1415 2164 2569 2207; baseline 0.003 -12"><span class='ocrx_word' id='word_1_1535' title='bbox 1415 2164 1520 2196; x_wconf 84' lang='lat' dir='ltr'>Cautus</span> <span class='ocrx_word' id='word_1_1536' title='bbox 1529 2168 1556 2196; x_wconf 70' lang='grc' dir='ltr'>ἃ</span> <span class='ocrx_word' id='word_1_1537' title='bbox 1565 2167 1673 2197; x_wconf 85' lang='lat' dir='ltr'>Tantus</span> <span class='ocrx_word' id='word_1_1538' title='bbox 1681 2168 1752 2206; x_wconf 75' lang='lat' dir='ltr'>saepe</span> <span class='ocrx_word' id='word_1_1539' title='bbox 1761 2178 1777 2197; x_wconf 83' lang='lat' dir='ltr'>a</span> <span class='ocrx_word' id='word_1_1540' title='bbox 1785 2164 1904 2197; x_wconf 86' lang='lat' dir='ltr'>librariis</span> <span class='ocrx_word' id='word_1_1541' title='bbox 1914 2164 2080 2197; x_wconf 87' lang='lat' dir='ltr'>commutari</span> <span class='ocrx_word' id='word_1_1542' title='bbox 2090 2165 2359 2197; x_wconf 81' lang='lat' dir='ltr'>notatDralrenb.ad</span> <span class='ocrx_word' id='word_1_1543' title='bbox 2370 2165 2534 2207; x_wconf 62' lang='lat' dir='ltr'>ffilsoau.</span> <span class='ocrx_word' id='word_1_1544' title='bbox 2562 2166 2569 2206; x_wconf 64' lang='grc' dir='ltr'>ζ’</span> 
     </span>
    </p>

    <p class='ocr_par' dir='ltr' id='par_1_88' title="bbox 1413 2202 2569 2279">
     <span class='ocr_line' id='line_1_163' title="bbox 1413 2202 2569 2259; baseline 0.003 -26"><span class='ocrx_word' id='word_1_1545' title='bbox 1413 2202 1545 2248; x_wconf 81' lang='lat' dir='ltr'>Compar.</span> <span class='ocrx_word' id='word_1_1546' title='bbox 1567 2203 1625 2234; x_wconf 91' lang='lat' dir='ltr'>Cic.</span> <span class='ocrx_word' id='word_1_1547' title='bbox 1637 2206 1672 2234; x_wconf 89' lang='lat' dir='ltr'>ad</span> <span class='ocrx_word' id='word_1_1548' title='bbox 1682 2205 1756 2235; x_wconf 87' lang='lat' dir='ltr'>Brut.</span> <span class='ocrx_word' id='word_1_1549' title='bbox 1770 2216 1798 2242; x_wconf 86' lang='lat'>4.</span> <span class='ocrx_word' id='word_1_1550' title='bbox 1818 2205 1910 2235; x_wconf 90' lang='lat' dir='ltr'>Unum</span> <span class='ocrx_word' id='word_1_1551' title='bbox 1922 2205 1978 2234; x_wconf 91' lang='lat' dir='ltr'>hoc</span> <span class='ocrx_word' id='word_1_1552' title='bbox 1987 2211 2064 2242; x_wconf 80' lang='lat' dir='ltr'>grato</span> <span class='ocrx_word' id='word_1_1553' title='bbox 2073 2204 2178 2240; x_wconf 88' lang='lat' dir='ltr'>animo,</span> <span class='ocrx_word' id='word_1_1554' title='bbox 2196 2203 2359 2243; x_wconf 88' lang='lat' dir='ltr'>liberalique</span> <span class='ocrx_word' id='word_1_1555' title='bbox 2370 2205 2534 2244; x_wconf 63' lang='lat' dir='ltr'>profectum,</span> <span class='ocrx_word' id='word_1_1556' title='bbox 2562 2208 2569 2259; x_wconf 49' lang='lat' dir='ltr'>Q*</span> 
     </span>
     <span class='ocr_line' id='line_1_164' title="bbox 1432 2241 2535 2279; baseline 0.002 -9"><span class='ocrx_word' id='word_1_1557' title='bbox 1432 2248 1585 2272; x_wconf 83' lang='lat' dir='ltr'>cautiorem</span> <span class='ocrx_word' id='word_1_1558' title='bbox 1595 2253 1627 2272; x_wconf 87' lang='lat' dir='ltr'>ac</span> <span class='ocrx_word' id='word_1_1559' title='bbox 1637 2243 1853 2273; x_wconf 87' lang='lat' dir='ltr'>moderatiorem</span> <span class='ocrx_word' id='word_1_1560' title='bbox 1862 2242 2057 2272; x_wconf 74' lang='lat' dir='ltr'>liberalitatem</span> <span class='ocrx_word' id='word_1_1561' title='bbox 2066 2241 2210 2272; x_wconf 75' lang='lat' dir='ltr'>desiderat.</span> <span class='ocrx_word' id='word_1_1562' title='bbox 2514 2255 2515 2259; x_wconf 51' lang='lat'>¹</span> <span class='ocrx_word' id='word_1_1563' title='bbox 2532 2274 2535 2279; x_wconf 49' lang='grc'><strong><em>,</em></strong></span> 
     </span>
    </p>

    <p class='ocr_par' dir='ltr' id='par_1_89' title="bbox 1411 2278 2533 2349">
     <span class='ocr_line' id='line_1_165' title="bbox 1411 2278 2533 2347; baseline 0.004 -39"><span class='ocrx_word' id='word_1_1564' title='bbox 1411 2278 1505 2323; x_wconf 74' lang='lat' dir='ltr'>Nemo</span> <span class='ocrx_word' id='word_1_1565' title='bbox 1515 2280 1636 2347; x_wconf 53' lang='lat' dir='ltr'>cautcilor.l</span> <span class='ocrx_word' id='word_1_1566' title='bbox 1671 2281 1730 2311; x_wconf 78' lang='lat' dir='ltr'>Cle.</span> <span class='ocrx_word' id='word_1_1567' title='bbox 1745 2291 1788 2313; x_wconf 83' lang='lat'>12.</span> <span class='ocrx_word' id='word_1_1568' title='bbox 1803 2280 1924 2319; x_wconf 90' lang='lat' dir='ltr'>Philipp.</span> <span class='ocrx_word' id='word_1_1569' title='bbox 1936 2290 1983 2317; x_wconf 82' lang='lat'>²4·</span> <span class='ocrx_word' id='word_1_1570' title='bbox 2012 2280 2105 2310; x_wconf 88' lang='lat' dir='ltr'>Nemo</span> <span class='ocrx_word' id='word_1_1571' title='bbox 2113 2280 2208 2311; x_wconf 86' lang='lat' dir='ltr'>minus</span> <span class='ocrx_word' id='word_1_1572' title='bbox 2219 2280 2350 2317; x_wconf 86' lang='lat' dir='ltr'>timidus,</span> <span class='ocrx_word' id='word_1_1573' title='bbox 2373 2290 2457 2311; x_wconf 90' lang='lat' dir='ltr'>nemo</span> <span class='ocrx_word' id='word_1_1574' title='bbox 2472 2290 2533 2312; x_wconf 76' lang='lat' dir='ltr'>cau·</span> 
     </span>
     <span class='ocr_line' id='line_1_166' title="bbox 1431 2323 2121 2349; baseline 0.006 -3"><span class='ocrx_word' id='word_1_1575' title='bbox 1431 2323 1498 2346; x_wconf 82' lang='lat' dir='ltr'>tior:</span> <span class='ocrx_word' id='word_1_1576' title='bbox 1521 2328 1563 2347; x_wconf 87' lang='lat' dir='ltr'>res</span> <span class='ocrx_word' id='word_1_1577' title='bbox 1595 2328 1626 2348; x_wconf 88' lang='lat' dir='ltr'>ec</span> <span class='ocrx_word' id='word_1_1578' title='bbox 1639 2326 1704 2349; x_wconf 86' lang='lat' dir='ltr'>arat.</span> <span class='ocrx_word' id='word_1_1579' title='bbox 2119 2325 2121 2327; x_wconf 79' lang='grc'><strong>’</strong></span> 
     </span>
    </p>

    <p class='ocr_par' dir='ltr' id='par_1_90' title="bbox 1412 2352 2539 2469">
     <span class='ocr_line' id='line_1_167' title="bbox 1412 2352 2539 2394; baseline 0.002 -9"><span class='ocrx_word' id='word_1_1580' title='bbox 1412 2354 1538 2385; x_wconf 80' lang='lat' dir='ltr'>Consiliis</span> <span class='ocrx_word' id='word_1_1581' title='bbox 1549 2357 1719 2387; x_wconf 86' lang='lat' dir='ltr'>cautioribus</span> <span class='ocrx_word' id='word_1_1582' title='bbox 1727 2357 1776 2387; x_wconf 91' lang='lat' dir='ltr'>uti.</span> <span class='ocrx_word' id='word_1_1583' title='bbox 1817 2356 1877 2387; x_wconf 92' lang='lat' dir='ltr'>Cic.</span> <span class='ocrx_word' id='word_1_1584' title='bbox 1889 2365 1932 2393; x_wconf 84' lang='lat'>13.</span> <span class='ocrx_word' id='word_1_1585' title='bbox 1957 2355 2078 2394; x_wconf 87' lang='lat' dir='ltr'>Philipp.</span> <span class='ocrx_word' id='word_1_1586' title='bbox 2092 2358 2117 2385; x_wconf 90' lang='lat'>6.</span> <span class='ocrx_word' id='word_1_1587' title='bbox 2140 2355 2218 2392; x_wconf 82' lang='lat' dir='ltr'>Quid</span> <span class='ocrx_word' id='word_1_1588' title='bbox 2229 2354 2386 2393; x_wconf 76' lang='lat' dir='ltr'>sapientia?</span> <span class='ocrx_word' id='word_1_1589' title='bbox 2407 2357 2481 2387; x_wconf 89' lang='lat' dir='ltr'>cauti</span> <span class='ocrx_word' id='word_1_1590' title='bbox 2514 2352 2539 2383; x_wconf 50' lang='grc' dir='ltr'>’ἒ</span> 
     </span>
     <span class='ocr_line' id='line_1_168' title="bbox 1434 2366 2530 2469; baseline 0.005 -48"><span class='ocrx_word' id='word_1_1591' title='bbox 1434 2393 1486 2422; x_wconf 88' lang='lat' dir='ltr'>bus</span> <span class='ocrx_word' id='word_1_1592' title='bbox 1496 2394 1583 2423; x_wconf 89' lang='lat' dir='ltr'>utitur</span> <span class='ocrx_word' id='word_1_1593' title='bbox 1590 2395 1711 2425; x_wconf 79' lang='lat' dir='ltr'>consiliis</span> <span class='ocrx_word' id='word_1_1594' title='bbox 1722 2417 1730 2430; x_wconf 86' lang='lat'>,</span> <span class='ocrx_word' id='word_1_1595' title='bbox 1749 2395 1779 2425; x_wconf 87' lang='lat' dir='ltr'>in</span> <span class='ocrx_word' id='word_1_1596' title='bbox 1793 2394 2076 2469; x_wconf 52' lang='lat' dir='ltr'>&amp;lterulnrlp&#39;rogidet</span> <span class='ocrx_word' id='word_1_1597' title='bbox 2085 2415 2094 2429; x_wconf 89' lang='lat'>,</span> <span class='ocrx_word' id='word_1_1598' title='bbox 2115 2393 2154 2423; x_wconf 90' lang='lat' dir='ltr'>est</span> <span class='ocrx_word' id='word_1_1599' title='bbox 2165 2395 2243 2423; x_wconf 90' lang='lat' dir='ltr'>omni</span> <span class='ocrx_word' id='word_1_1600' title='bbox 2252 2394 2362 2424; x_wconf 82' lang='lat' dir='ltr'>ratione</span> <span class='ocrx_word' id='word_1_1601' title='bbox 2372 2366 2530 2433; x_wconf 50' lang='lat' dir='ltr'>protetfliixt</span> 
     </span>
    </p>

    <p class='ocr_par' dir='ltr' id='par_1_91' title="bbox 1826 2440 2134 2470">
     <span class='ocr_line' id='line_1_169' title="bbox 1826 2440 2134 2470; baseline -0.003 -8"><span class='ocrx_word' id='word_1_1602' title='bbox 1826 2440 1898 2462; x_wconf 84' lang='lat' dir='ltr'>uinti</span> <span class='ocrx_word' id='word_1_1603' title='bbox 1912 2455 1918 2461; x_wconf 92' lang='lat'>.</span> <span class='ocrx_word' id='word_1_1604' title='bbox 1941 2443 1947 2461; x_wconf 93' lang='lat' dir='ltr'>i</span> <span class='ocrx_word' id='word_1_1605' title='bbox 1970 2455 1976 2461; x_wconf 94' lang='lat'>.</span> <span class='ocrx_word' id='word_1_1606' title='bbox 2012 2455 2018 2462; x_wconf 94' lang='lat'>.</span> <span class='ocrx_word' id='word_1_1607' title='bbox 2031 2441 2094 2470; x_wconf 87' lang='lat' dir='ltr'>cap.</span> <span class='ocrx_word' id='word_1_1608' title='bbox 2109 2441 2134 2461; x_wconf 91' lang='lat'>1.</span> 
     </span>
    </p>
   </div>
   <div class='ocr_carea' id='block_1_10' title="bbox 2581 757 2587 870">
    <p class='ocr_par' dir='ltr' id='par_1_92' title="bbox 2581 757 2587 870">
     <span class='ocr_line' id='line_1_170' title="bbox 2581 757 2587 870; baseline 0 3352"><span class='ocrx_word' id='word_1_1609' title='bbox 2581 757 2587 870; x_wconf 95' lang='lat' dir='ltr'> </span> 
     </span>
    </p>
   </div>
   <div class='ocr_carea' id='block_1_11' title="bbox 2598 816 2604 879">
    <p class='ocr_par' dir='ltr' id='par_1_93' title="bbox 2598 816 2604 879">
     <span class='ocr_line' id='line_1_171' title="bbox 2598 816 2604 879; baseline 0 -42"><span class='ocrx_word' id='word_1_1610' title='bbox 2598 816 2604 879; x_wconf 54' lang='lat'>,³</span> 
     </span>
    </p>
   </div>
   <div class='ocr_carea' id='block_1_12' title="bbox 2567 874 2604 3143">
    <p class='ocr_par' dir='ltr' id='par_1_94' title="bbox 2567 874 2604 3143">
     <span class='ocr_line' id='line_1_172' title="bbox 2568 874 2604 1179; baseline 0 -284"><span class='ocrx_word' id='word_1_1611' title='bbox 2568 874 2604 1179; x_wconf 95' lang='lat' dir='ltr'>   </span> 
     </span>
     <span class='ocr_line' id='line_1_173' title="bbox 2567 1179 2604 2779; baseline 0 -747"><span class='ocrx_word' id='word_1_1612' title='bbox 2567 1179 2604 2779; x_wconf 95' lang='lat' dir='ltr'>   </span> 
     </span>
     <span class='ocr_line' id='line_1_174' title="bbox 2576 2779 2604 3143; baseline 0 -289"><span class='ocrx_word' id='word_1_1613' title='bbox 2576 2779 2604 3143; x_wconf 95' lang='lat' dir='ltr'>    </span> 
     </span>
    </p>
   </div>
   <div class='ocr_carea' id='block_1_13' title="bbox 2299 1824 2572 1875">
    <p class='ocr_par' dir='ltr' id='par_1_95' title="bbox 2299 1824 2572 1875">
     <span class='ocr_line' id='line_1_175' title="bbox 2299 1824 2572 1875; baseline 0.007 -19"><span class='ocrx_word' id='word_1_1614' title='bbox 2299 1825 2341 1856; x_wconf 75' lang='lat' dir='ltr'>al.</span> <span class='ocrx_word' id='word_1_1615' title='bbox 2362 1824 2466 1857; x_wconf 68' lang='lat' dir='ltr'>Rectis.</span> <span class='ocrx_word' id='word_1_1616' title='bbox 2483 1824 2538 1867; x_wconf 64' lang='lat' dir='ltr'>Le.</span> <span class='ocrx_word' id='word_1_1617' title='bbox 2569 1867 2572 1875; x_wconf 74' lang='lat'>.</span> 
     </span>
    </p>
   </div>
   <div class='ocr_carea' id='block_1_14' title="bbox 2562 2270 2567 2286">
    <p class='ocr_par' dir='ltr' id='par_1_96' title="bbox 2562 2270 2567 2286">
     <span class='ocr_line' id='line_1_176' title="bbox 2562 2270 2567 2286; baseline 0 0"><span class='ocrx_word' id='word_1_1618' title='bbox 2562 2270 2567 2286; x_wconf 72' lang='lat' dir='ltr'>&#39;l</span> 
     </span>
    </p>
   </div>
   <div class='ocr_carea' id='block_1_15' title="bbox 2559 2334 2604 2461">
    <p class='ocr_par' dir='ltr' id='par_1_97' title="bbox 2559 2334 2604 2461">
     <span class='ocr_line' id='line_1_177' title="bbox 2559 2334 2604 2461; baseline 0 -86"><span class='ocrx_word' id='word_1_1619' title='bbox 2559 2393 2566 2461; x_wconf 41' lang='lat' dir='ltr'>E</span> <span class='ocrx_word' id='word_1_1620' title='bbox 2602 2334 2604 2375; x_wconf 86' lang='lat'><em>3</em></span> 
     </span>
    </p>
   </div>
   <div class='ocr_carea' id='block_1_16' title="bbox 2559 2280 2567 2399">
    <p class='ocr_par' dir='ltr' id='par_1_98' title="bbox 2559 2280 2567 2399">
     <span class='ocr_line' id='line_1_178' title="bbox 2559 2280 2567 2399; baseline 0 1823"><span class='ocrx_word' id='word_1_1621' title='bbox 2559 2280 2567 2399; x_wconf 95' lang='lat' dir='ltr'> </span> 
     </span>
    </p>
   </div>
   <div class='ocr_carea' id='block_1_17' title="bbox 1406 2429 2604 2896">
    <p class='ocr_par' dir='ltr' id='par_1_99' title="bbox 1406 2429 2604 2896">
     <span class='ocr_line' id='line_1_179' title="bbox 1410 2429 1775 2466; baseline 0.008 -6"><span class='ocrx_word' id='word_1_1622' title='bbox 1410 2429 1524 2466; x_wconf 63' lang='lat' dir='ltr'>,ludices</span> <span class='ocrx_word' id='word_1_1623' title='bbox 1532 2433 1667 2463; x_wconf 84' lang='lat' dir='ltr'>cautiores</span> <span class='ocrx_word' id='word_1_1624' title='bbox 1675 2433 1775 2463; x_wconf 87' lang='lat' dir='ltr'>facere.</span> 
     </span>
     <span class='ocr_line' id='line_1_180' title="bbox 1411 2468 2565 2524; baseline 0.002 -26"><span class='ocrx_word' id='word_1_1625' title='bbox 1411 2468 1500 2498; x_wconf 82' lang='lat' dir='ltr'>Labor</span> <span class='ocrx_word' id='word_1_1626' title='bbox 1512 2471 1626 2500; x_wconf 86' lang='lat' dir='ltr'>cautior.</span> <span class='ocrx_word' id='word_1_1627' title='bbox 1649 2471 1745 2501; x_wconf 89' lang='lat' dir='ltr'>Claud.</span> <span class='ocrx_word' id='word_1_1628' title='bbox 1761 2471 1797 2500; x_wconf 90' lang='lat' dir='ltr'>de</span> <span class='ocrx_word' id='word_1_1629' title='bbox 1808 2470 1862 2501; x_wconf 89' lang='lat' dir='ltr'>Piis</span> <span class='ocrx_word' id='word_1_1630' title='bbox 1873 2470 1944 2501; x_wconf 85' lang='lat' dir='ltr'>Frat.</span> <span class='ocrx_word' id='word_1_1631' title='bbox 1959 2475 2003 2504; x_wconf 85' lang='lat'>18.</span> <span class='ocrx_word' id='word_1_1632' title='bbox 2558 2475 2565 2524; x_wconf 56' lang='lat' dir='ltr'><strong>f</strong></span> 
     </span>
     <span class='ocr_line' id='line_1_181' title="bbox 1492 2507 2533 2539; baseline 0.004 -3"><span class='ocrx_word' id='word_1_1633' title='bbox 1492 2507 1606 2537; x_wconf 88' lang='lat' dir='ltr'>Cautior</span> <span class='ocrx_word' id='word_1_1634' title='bbox 1615 2510 1644 2537; x_wconf 92' lang='lat' dir='ltr'>in</span> <span class='ocrx_word' id='word_1_1635' title='bbox 1653 2509 1719 2539; x_wconf 85' lang='lat' dir='ltr'>sexu</span> <span class='ocrx_word' id='word_1_1636' title='bbox 1729 2508 1865 2538; x_wconf 91' lang='lat' dir='ltr'>debiliore</span> <span class='ocrx_word' id='word_1_1637' title='bbox 1872 2508 1960 2538; x_wconf 89' lang='lat' dir='ltr'>labor.</span> <span class='ocrx_word' id='word_1_1638' title='bbox 2529 2531 2533 2537; x_wconf 82' lang='lat'>.</span> 
     </span>
     <span class='ocr_line' id='line_1_182' title="bbox 1410 2527 2563 2591; baseline 0.003 -18"><span class='ocrx_word' id='word_1_1639' title='bbox 1410 2541 1473 2574; x_wconf 84' lang='lat' dir='ltr'>Pars</span> <span class='ocrx_word' id='word_1_1640' title='bbox 1483 2546 1599 2576; x_wconf 84' lang='lat' dir='ltr'>cautior.</span> <span class='ocrx_word' id='word_1_1641' title='bbox 1638 2546 1697 2576; x_wconf 88' lang='lat' dir='ltr'>Cic.</span> <span class='ocrx_word' id='word_1_1642' title='bbox 1711 2557 1762 2584; x_wconf 89' lang='lat' dir='ltr'>pro</span> <span class='ocrx_word' id='word_1_1643' title='bbox 1771 2545 1852 2591; x_wconf 68' lang='lat' dir='ltr'>Rosc.</span> <span class='ocrx_word' id='word_1_1644' title='bbox 1866 2548 1956 2577; x_wconf 82' lang='lat' dir='ltr'>Amet.</span> <span class='ocrx_word' id='word_1_1645' title='bbox 1970 2548 2015 2582; x_wconf 84' lang='lat'>56.</span> <span class='ocrx_word' id='word_1_1646' title='bbox 2046 2543 2158 2576; x_wconf 86' lang='lat' dir='ltr'>Tamen</span> <span class='ocrx_word' id='word_1_1647' title='bbox 2179 2544 2210 2575; x_wconf 87' lang='lat' dir='ltr'>in</span> <span class='ocrx_word' id='word_1_1648' title='bbox 2229 2554 2290 2576; x_wconf 91' lang='lat' dir='ltr'>earn</span> <span class='ocrx_word' id='word_1_1649' title='bbox 2312 2551 2421 2585; x_wconf 82' lang='lat' dir='ltr'>partem</span> <span class='ocrx_word' id='word_1_1650' title='bbox 2438 2543 2534 2586; x_wconf 64' lang='lat' dir='ltr'>potin*</span> <span class='ocrx_word' id='word_1_1651' title='bbox 2550 2527 2563 2588; x_wconf 51' lang='lat' dir='ltr'>i</span> 
     </span>
     <span class='ocr_line' id='line_1_183' title="bbox 1409 2585 2603 2664; baseline 0.003 -15"><span class='ocrx_word' id='word_1_1652' title='bbox 1409 2585 1862 2664; x_wconf 39' lang='lat' dir='ltr'>Rld‘ssstdiiiitdrfluCiffpzsdlCgertiin.</span> <span class='ocrx_word' id='word_1_1653' title='bbox 1875 2630 1920 2658; x_wconf 81' lang='lat'>53.</span> <span class='ocrx_word' id='word_1_1654' title='bbox 1938 2621 2003 2658; x_wconf 85' lang='lat' dir='ltr'>Quo</span> <span class='ocrx_word' id='word_1_1655' title='bbox 2015 2620 2128 2651; x_wconf 88' lang='lat' dir='ltr'>mulieri</span> <span class='ocrx_word' id='word_1_1656' title='bbox 2144 2619 2212 2651; x_wconf 76' lang='lat' dir='ltr'>esset</span> <span class='ocrx_word' id='word_1_1657' title='bbox 2224 2630 2268 2651; x_wconf 87' lang='lat' dir='ltr'>res</span> <span class='ocrx_word' id='word_1_1658' title='bbox 2277 2622 2403 2659; x_wconf 85' lang='lat' dir='ltr'>cautior,</span> <span class='ocrx_word' id='word_1_1659' title='bbox 2423 2621 2531 2653; x_wconf 69' lang='lat' dir='ltr'>curavit</span> <span class='ocrx_word' id='word_1_1660' title='bbox 2554 2609 2573 2652; x_wconf 68' lang='lat' dir='ltr'>i</span> <span class='ocrx_word' id='word_1_1661' title='bbox 2602 2615 2603 2618; x_wconf 30' lang='lat'>¹</span> 
     </span>
     <span class='ocr_line' id='line_1_184' title="bbox 1429 2660 2577 2690; baseline 0.002 -3"><span class='ocrx_word' id='word_1_1662' title='bbox 1429 2665 1498 2688; x_wconf 85' lang='lat' dir='ltr'>utin</span> <span class='ocrx_word' id='word_1_1663' title='bbox 1508 2669 1542 2688; x_wconf 88' lang='lat' dir='ltr'>eo</span> <span class='ocrx_word' id='word_1_1664' title='bbox 1553 2660 1642 2689; x_wconf 89' lang='lat' dir='ltr'>fundo</span> <span class='ocrx_word' id='word_1_1665' title='bbox 1653 2661 1704 2690; x_wconf 88' lang='lat' dir='ltr'>dos</span> <span class='ocrx_word' id='word_1_1666' title='bbox 1716 2660 1910 2690; x_wconf 89' lang='lat' dir='ltr'>collocaretur.</span> <span class='ocrx_word' id='word_1_1667' title='bbox 2527 2662 2530 2667; x_wconf 68' lang='lat'><em>⁴</em></span> <span class='ocrx_word' id='word_1_1668' title='bbox 2559 2672 2561 2678; x_wconf 89' lang='lat'>·</span> <span class='ocrx_word' id='word_1_1669' title='bbox 2575 2664 2577 2671; x_wconf 75' lang='lat'><strong>⁴</strong></span> 
     </span>
     <span class='ocr_line' id='line_1_185' title="bbox 1408 2689 2604 2736; baseline 0.003 -11"><span class='ocrx_word' id='word_1_1670' title='bbox 1408 2696 1450 2726; x_wconf 86' lang='lat' dir='ltr'>Ad</span> <span class='ocrx_word' id='word_1_1671' title='bbox 1460 2696 1573 2734; x_wconf 87' lang='lat' dir='ltr'>laqueos</span> <span class='ocrx_word' id='word_1_1672' title='bbox 1583 2697 1699 2734; x_wconf 86' lang='lat' dir='ltr'>alicujus</span> <span class='ocrx_word' id='word_1_1673' title='bbox 1710 2699 1823 2728; x_wconf 88' lang='lat' dir='ltr'>cautior.</span> <span class='ocrx_word' id='word_1_1674' title='bbox 1844 2698 1862 2728; x_wconf 93' lang='lat' dir='ltr'>i.</span> <span class='ocrx_word' id='word_1_1675' title='bbox 1876 2707 1900 2726; x_wconf 91' lang='lat' dir='ltr'>e.</span> <span class='ocrx_word' id='word_1_1676' title='bbox 1922 2696 2036 2726; x_wconf 85' lang='lat' dir='ltr'>Insidias</span> <span class='ocrx_word' id='word_1_1677' title='bbox 2052 2705 2221 2734; x_wconf 68' lang='lat' dir='ltr'>praecavens.</span> <span class='ocrx_word' id='word_1_1678' title='bbox 2244 2695 2339 2727; x_wconf 90' lang='lat' dir='ltr'>Tibul.</span> <span class='ocrx_word' id='word_1_1679' title='bbox 2351 2696 2400 2727; x_wconf 91' lang='lat' dir='ltr'>lib.</span> <span class='ocrx_word' id='word_1_1680' title='bbox 2411 2708 2436 2728; x_wconf 89' lang='lat'>1.</span> <span class='ocrx_word' id='word_1_1681' title='bbox 2447 2698 2526 2735; x_wconf 53' lang='lat'>946.</span> <span class='ocrx_word' id='word_1_1682' title='bbox 2554 2689 2561 2736; x_wconf 60' lang='lat' dir='ltr'>f</span> <span class='ocrx_word' id='word_1_1683' title='bbox 2601 2699 2604 2703; x_wconf 86' lang='grc'><strong>’</strong></span> 
     </span>
     <span class='ocr_line' id='line_1_186' title="bbox 1488 2733 2604 2774; baseline -0.002 -10"><span class='ocrx_word' id='word_1_1684' title='bbox 1488 2735 1554 2764; x_wconf 87' lang='grc' dir='ltr'>Νοη</span> <span class='ocrx_word' id='word_1_1685' title='bbox 1565 2742 1690 2773; x_wconf 86' lang='lat' dir='ltr'>poteram</span> <span class='ocrx_word' id='word_1_1686' title='bbox 1704 2737 1738 2765; x_wconf 91' lang='lat' dir='ltr'>ad</span> <span class='ocrx_word' id='word_1_1687' title='bbox 1749 2736 1862 2774; x_wconf 81' lang='lat' dir='ltr'>laqueos</span> <span class='ocrx_word' id='word_1_1688' title='bbox 1874 2735 1981 2764; x_wconf 88' lang='lat' dir='ltr'>cautior</span> <span class='ocrx_word' id='word_1_1689' title='bbox 1993 2733 2047 2764; x_wconf 82' lang='lat' dir='ltr'>effe</span> <span class='ocrx_word' id='word_1_1690' title='bbox 2057 2741 2119 2763; x_wconf 87' lang='lat' dir='ltr'>tuos</span> <span class='ocrx_word' id='word_1_1691' title='bbox 2128 2735 2142 2764; x_wconf 76' lang='lat'>‘2</span> <span class='ocrx_word' id='word_1_1692' title='bbox 2554 2736 2560 2771; x_wconf 61' lang='lat' dir='ltr'>i</span> <span class='ocrx_word' id='word_1_1693' title='bbox 2576 2738 2578 2742; x_wconf 89' lang='lat'>&#39;</span> <span class='ocrx_word' id='word_1_1694' title='bbox 2599 2737 2604 2757; x_wconf 68' lang='grc' dir='ltr'><strong>Ξ</strong></span> 
     </span>
     <span class='ocr_line' id='line_1_187' title="bbox 1406 2762 2604 2812; baseline 0 -10"><span class='ocrx_word' id='word_1_1695' title='bbox 1406 2771 1516 2809; x_wconf 84' lang='lat' dir='ltr'>Superi.</span> <span class='ocrx_word' id='word_1_1696' title='bbox 1542 2773 1600 2802; x_wconf 91' lang='lat' dir='ltr'>Vet.</span> <span class='ocrx_word' id='word_1_1697' title='bbox 1618 2773 1741 2812; x_wconf 82' lang='lat' dir='ltr'>inscript.</span> <span class='ocrx_word' id='word_1_1698' title='bbox 1764 2774 1800 2810; x_wconf 78' lang='lat' dir='ltr'>Q·</span> <span class='ocrx_word' id='word_1_1699' title='bbox 1811 2773 1894 2803; x_wconf 85' lang='lat' dir='ltr'>Fabio</span> <span class='ocrx_word' id='word_1_1700' title='bbox 1904 2773 2030 2802; x_wconf 84' lang='lat' dir='ltr'>Maximo</span> <span class='ocrx_word' id='word_1_1701' title='bbox 2041 2771 2148 2801; x_wconf 89' lang='lat' dir='ltr'>dicata:</span> <span class='ocrx_word' id='word_1_1702' title='bbox 2170 2770 2251 2802; x_wconf 88' lang='lat' dir='ltr'>DVX</span> <span class='ocrx_word' id='word_1_1703' title='bbox 2271 2771 2425 2803; x_wconf 82' lang='lat' dir='ltr'>AETATIS</span> <span class='ocrx_word' id='word_1_1704' title='bbox 2442 2771 2527 2804; x_wconf 72' lang='lat' dir='ltr'>SVAE</span> <span class='ocrx_word' id='word_1_1705' title='bbox 2548 2762 2559 2806; x_wconf 61' lang='lat' dir='ltr'>i</span> <span class='ocrx_word' id='word_1_1706' title='bbox 2598 2775 2604 2795; x_wconf 65' lang='grc' dir='ltr'>ἲ</span> 
     </span>
     <span class='ocr_line' id='line_1_188' title="bbox 1426 2809 2604 2848; baseline 0 -10"><span class='ocrx_word' id='word_1_1707' title='bbox 1426 2809 1664 2841; x_wconf 79' lang='lat' dir='ltr'>CAVTlSSlNlVS</span> <span class='ocrx_word' id='word_1_1708' title='bbox 1685 2812 1847 2842; x_wconf 85' lang='lat' dir='ltr'>HABITVS.</span> <span class='ocrx_word' id='word_1_1709' title='bbox 1868 2810 1944 2848; x_wconf 88' lang='lat' dir='ltr'>apud</span> <span class='ocrx_word' id='word_1_1710' title='bbox 1956 2810 2033 2840; x_wconf 88' lang='lat' dir='ltr'>Grut.</span> <span class='ocrx_word' id='word_1_1711' title='bbox 2045 2809 2064 2838; x_wconf 87' lang='lat' dir='ltr'>f.</span> <span class='ocrx_word' id='word_1_1712' title='bbox 2075 2813 2140 2843; x_wconf 78' lang='lat'>406.</span> <span class='ocrx_word' id='word_1_1713' title='bbox 2154 2819 2182 2838; x_wconf 90' lang='lat' dir='ltr'>n.</span> <span class='ocrx_word' id='word_1_1714' title='bbox 2193 2818 2220 2847; x_wconf 90' lang='lat'>7.</span> <span class='ocrx_word' id='word_1_1715' title='bbox 2552 2809 2559 2838; x_wconf 47' lang='lat'>..¹</span> <span class='ocrx_word' id='word_1_1716' title='bbox 2593 2816 2604 2835; x_wconf 61' lang='grc' dir='ltr'>ι’</span> 
     </span>
     <span class='ocr_line' id='line_1_189' title="bbox 1407 2840 2558 2896; baseline 0.002 -20"><span class='ocrx_word' id='word_1_1717' title='bbox 1407 2847 1608 2878; x_wconf 82' lang='lat' dir='ltr'>observatione</span> <span class='ocrx_word' id='word_1_1718' title='bbox 1619 2849 1772 2879; x_wconf 79' lang='lat' dir='ltr'>cautissima</span> <span class='ocrx_word' id='word_1_1719' title='bbox 1781 2858 1934 2878; x_wconf 89' lang='lat' dir='ltr'>numerare.</span> <span class='ocrx_word' id='word_1_1720' title='bbox 1957 2847 2065 2885; x_wconf 82' lang='lat' dir='ltr'>August.</span> <span class='ocrx_word' id='word_1_1721' title='bbox 2075 2846 2194 2876; x_wconf 75' lang='lat' dir='ltr'>Confell‘.</span> <span class='ocrx_word' id='word_1_1722' title='bbox 2208 2856 2234 2884; x_wconf 87' lang='lat'>7.</span> <span class='ocrx_word' id='word_1_1723' title='bbox 2247 2850 2274 2878; x_wconf 90' lang='lat'>6.</span> <span class='ocrx_word' id='word_1_1724' title='bbox 2551 2840 2558 2896; x_wconf 55' lang='lat' dir='ltr'>f</span> 
     </span>
    </p>
   </div>
   <div class='ocr_carea' id='block_1_18' title="bbox 1407 2923 2121 3001">
    <p class='ocr_par' dir='ltr' id='par_1_100' title="bbox 1407 2923 2121 3001">
     <span class='ocr_line' id='line_1_190' title="bbox 1407 2923 2099 2991; baseline 0.004 -38"><span class='ocrx_word' id='word_1_1725' title='bbox 1407 2923 1520 2991; x_wconf 68' lang='lat' dir='ltr'>Coripp).</span> <span class='ocrx_word' id='word_1_1726' title='bbox 1533 2933 1603 2968; x_wconf 66' lang='lat'>²21³·</span> <span class='ocrx_word' id='word_1_1727' title='bbox 1618 2934 1655 2954; x_wconf 92' lang='lat' dir='ltr'>m.</span> <span class='ocrx_word' id='word_1_1728' title='bbox 1667 2932 1710 2960; x_wconf 79' lang='lat'>39.</span> <span class='ocrx_word' id='word_1_1729' title='bbox 1858 2961 1864 2968; x_wconf 91' lang='lat'>.</span> <span class='ocrx_word' id='word_1_1730' title='bbox 2092 2960 2099 2967; x_wconf 88' lang='lat'>.</span> 
     </span>
     <span class='ocr_line' id='line_1_191' title="bbox 1522 2962 2121 3001; baseline -0.002 -10"><span class='ocrx_word' id='word_1_1731' title='bbox 1522 2962 1595 2991; x_wconf 85' lang='lat' dir='ltr'>ebita</span> <span class='ocrx_word' id='word_1_1732' title='bbox 1605 2963 1738 3000; x_wconf 82' lang='lat' dir='ltr'>persolvit</span> <span class='ocrx_word' id='word_1_1733' title='bbox 1745 2962 1879 3001; x_wconf 85' lang='lat' dir='ltr'>genitoris</span> <span class='ocrx_word' id='word_1_1734' title='bbox 1887 2983 1895 2996; x_wconf 93' lang='lat'>‚</span> <span class='ocrx_word' id='word_1_1735' title='bbox 1917 2967 1998 2990; x_wconf 88' lang='lat' dir='ltr'>cauta</span> <span class='ocrx_word' id='word_1_1736' title='bbox 2006 2965 2121 2998; x_wconf 86' lang='lat' dir='ltr'>recepit.</span> 
     </span>
    </p>
   </div>
   <div class='ocr_carea' id='block_1_19' title="bbox 1404 3036 2518 3113">
    <p class='ocr_par' dir='ltr' id='par_1_101' title="bbox 1404 3036 2518 3113">
     <span class='ocr_line' id='line_1_192' title="bbox 1405 3036 2253 3073; baseline 0 -8"><span class='ocrx_word' id='word_1_1737' title='bbox 1405 3037 1444 3066; x_wconf 86' lang='lat' dir='ltr'>tia</span> <span class='ocrx_word' id='word_1_1738' title='bbox 1454 3037 1598 3067; x_wconf 87' lang='lat' dir='ltr'>vitandum</span> <span class='ocrx_word' id='word_1_1739' title='bbox 1610 3047 1657 3067; x_wconf 82' lang='lat' dir='ltr'>aut</span> <span class='ocrx_word' id='word_1_1740' title='bbox 1666 3039 1854 3068; x_wconf 85' lang='lat' dir='ltr'>omittendum</span> <span class='ocrx_word' id='word_1_1741' title='bbox 1865 3037 1911 3066; x_wconf 85' lang='lat' dir='ltr'>est.</span> <span class='ocrx_word' id='word_1_1742' title='bbox 1936 3037 1964 3066; x_wconf 93' lang='lat' dir='ltr'>V.</span> <span class='ocrx_word' id='word_1_1743' title='bbox 1988 3036 2057 3073; x_wconf 88' lang='lat' dir='ltr'>Lips.</span> <span class='ocrx_word' id='word_1_1744' title='bbox 2070 3036 2156 3065; x_wconf 69' lang='lat' dir='ltr'>Eleet.</span> <span class='ocrx_word' id='word_1_1745' title='bbox 2170 3045 2193 3066; x_wconf 90' lang='grc'>1.</span> <span class='ocrx_word' id='word_1_1746' title='bbox 2208 3045 2253 3066; x_wconf 82' lang='lat'>21.</span> 
     </span>
     <span class='ocr_line' id='line_1_193' title="bbox 1404 3072 2518 3113; baseline 0 -9"><span class='ocrx_word' id='word_1_1747' title='bbox 1404 3073 1578 3113; x_wconf 81' lang='lat' dir='ltr'>Multiplices</span> <span class='ocrx_word' id='word_1_1748' title='bbox 1591 3085 1697 3106; x_wconf 84' lang='lat' dir='ltr'>cautus.</span> <span class='ocrx_word' id='word_1_1749' title='bbox 1714 3076 1785 3106; x_wconf 86' lang='lat' dir='ltr'>Geli.</span> <span class='ocrx_word' id='word_1_1750' title='bbox 1801 3086 1844 3105; x_wconf 75' lang='grc' dir='ltr'>ιο.</span> <span class='ocrx_word' id='word_1_1751' title='bbox 1858 3085 1900 3109; x_wconf 79' lang='grc' dir='ltr'>ις.</span> <span class='ocrx_word' id='word_1_1752' title='bbox 1911 3084 1952 3112; x_wconf 93' lang='lat' dir='ltr'>pr.</span> <span class='ocrx_word' id='word_1_1753' title='bbox 1966 3074 2012 3104; x_wconf 89' lang='lat' dir='ltr'>alii</span> <span class='ocrx_word' id='word_1_1754' title='bbox 2024 3073 2116 3103; x_wconf 85' lang='lat' dir='ltr'>Castus</span> <span class='ocrx_word' id='word_1_1755' title='bbox 2124 3074 2229 3111; x_wconf 87' lang='lat' dir='ltr'>legunt.</span> <span class='ocrx_word' id='word_1_1756' title='bbox 2254 3072 2518 3112; x_wconf 80' lang='lat' dir='ltr'>v.1nterpp.adloc.</span> 
     </span>
    </p>
   </div>
   <div class='ocr_carea' id='block_1_20' title="bbox 2542 3186 2599 3381">
    <p class='ocr_par' dir='ltr' id='par_1_102' title="bbox 2542 3186 2599 3399">
     <span class='ocr_line' id='line_1_194' title="bbox 2542 3186 2599 3381; baseline 0.193 2"><span class='ocrx_word' id='word_1_1757' title='bbox 2542 3186 2599 3381; x_wconf 63' lang='lat' dir='ltr'>i.</span> 
     </span>
    </p>
   </div>
   <div class='ocr_carea' id='block_1_21' title="bbox 2589 3346 2593 3363">
    <p class='ocr_par' dir='ltr' id='par_1_103' title="bbox 2589 3346 2593 3363">
     <span class='ocr_line' id='line_1_195' title="bbox 2589 3346 2593 3363; baseline 0 0"><span class='ocrx_word' id='word_1_1758' title='bbox 2589 3346 2593 3363; x_wconf 87' lang='lat' dir='ltr'>l</span> 
     </span>
    </p>
   </div>
   <div class='ocr_carea' id='block_1_22' title="bbox 1400 3151 2516 3377">
    <p class='ocr_par' dir='ltr' id='par_1_104' title="bbox 1403 3151 1660 3182">
     <span class='ocr_line' id='line_1_196' title="bbox 1403 3151 1660 3182; baseline 0.004 -3"><span class='ocrx_word' id='word_1_1759' title='bbox 1403 3156 1430 3179; x_wconf 90' lang='lat' dir='ltr'>te</span> <span class='ocrx_word' id='word_1_1760' title='bbox 1440 3156 1471 3179; x_wconf 92' lang='lat' dir='ltr'>ut</span> <span class='ocrx_word' id='word_1_1761' title='bbox 1483 3151 1597 3181; x_wconf 88' lang='lat' dir='ltr'>incedas</span> <span class='ocrx_word' id='word_1_1762' title='bbox 1609 3152 1660 3182; x_wconf 90' lang='lat' dir='ltr'>via.</span> 
     </span>
    </p>

    <p class='ocr_par' dir='ltr' id='par_1_105' title="bbox 1403 3185 2276 3225">
     <span class='ocr_line' id='line_1_197' title="bbox 1403 3185 2276 3225; baseline -0.001 -9"><span class='ocrx_word' id='word_1_1763' title='bbox 1403 3189 1490 3217; x_wconf 83' lang='lat' dir='ltr'>Caute</span> <span class='ocrx_word' id='word_1_1764' title='bbox 1501 3190 1526 3218; x_wconf 72' lang='grc' dir='ltr'>ἃ</span> <span class='ocrx_word' id='word_1_1765' title='bbox 1538 3190 1659 3225; x_wconf 77' lang='lat' dir='ltr'>cogitate</span> <span class='ocrx_word' id='word_1_1766' title='bbox 1668 3189 1743 3219; x_wconf 86' lang='lat' dir='ltr'>suam</span> <span class='ocrx_word' id='word_1_1767' title='bbox 1753 3199 1812 3220; x_wconf 88' lang='lat' dir='ltr'>rem</span> <span class='ocrx_word' id='word_1_1768' title='bbox 1821 3189 1946 3219; x_wconf 61' lang='lat' dir='ltr'>tranare.</span> <span class='ocrx_word' id='word_1_1769' title='bbox 1966 3185 2055 3216; x_wconf 83' lang='lat' dir='ltr'>Plaut.</span> <span class='ocrx_word' id='word_1_1770' title='bbox 2065 3186 2144 3217; x_wconf 89' lang='lat' dir='ltr'>Trin.</span> <span class='ocrx_word' id='word_1_1771' title='bbox 2157 3195 2183 3216; x_wconf 86' lang='lat'>2.</span> <span class='ocrx_word' id='word_1_1772' title='bbox 2193 3195 2220 3217; x_wconf 87' lang='lat'>2.</span> <span class='ocrx_word' id='word_1_1773' title='bbox 2231 3189 2276 3223; x_wconf 82' lang='lat'>4⁶·</span> 
     </span>
    </p>

    <p class='ocr_par' dir='ltr' id='par_1_106' title="bbox 1401 3224 2367 3264">
     <span class='ocr_line' id='line_1_198' title="bbox 1401 3224 2367 3264; baseline 0 -10"><span class='ocrx_word' id='word_1_1774' title='bbox 1401 3224 1557 3263; x_wconf 88' lang='lat' dir='ltr'>Diligenter</span> <span class='ocrx_word' id='word_1_1775' title='bbox 1571 3228 1596 3256; x_wconf 69' lang='grc' dir='ltr'>ἃ</span> <span class='ocrx_word' id='word_1_1776' title='bbox 1607 3234 1689 3257; x_wconf 88' lang='lat' dir='ltr'>caute</span> <span class='ocrx_word' id='word_1_1777' title='bbox 1701 3228 1859 3264; x_wconf 83' lang='lat' dir='ltr'>excogitare</span> <span class='ocrx_word' id='word_1_1778' title='bbox 1870 3226 1936 3264; x_wconf 91' lang='lat' dir='ltr'>quid</span> <span class='ocrx_word' id='word_1_1779' title='bbox 1950 3225 2083 3254; x_wconf 88' lang='lat' dir='ltr'>dicamus.</span> <span class='ocrx_word' id='word_1_1780' title='bbox 2108 3225 2166 3255; x_wconf 87' lang='lat' dir='ltr'>Cic.</span> <span class='ocrx_word' id='word_1_1781' title='bbox 2177 3228 2203 3255; x_wconf 92' lang='lat'>6.</span> <span class='ocrx_word' id='word_1_1782' title='bbox 2217 3225 2291 3255; x_wconf 91' lang='lat' dir='ltr'>Verr.</span> <span class='ocrx_word' id='word_1_1783' title='bbox 2306 3232 2367 3262; x_wconf 85' lang='lat'>147.</span> 
     </span>
    </p>

    <p class='ocr_par' dir='ltr' id='par_1_107' title="bbox 1401 3261 2214 3302">
     <span class='ocr_line' id='line_1_199' title="bbox 1401 3261 2214 3302; baseline 0 -9"><span class='ocrx_word' id='word_1_1784' title='bbox 1401 3263 1490 3293; x_wconf 86' lang='lat' dir='ltr'>Caute</span> <span class='ocrx_word' id='word_1_1785' title='bbox 1505 3266 1530 3294; x_wconf 73' lang='grc' dir='ltr'>ἃ</span> <span class='ocrx_word' id='word_1_1786' title='bbox 1542 3265 1690 3302; x_wconf 78' lang='lat' dir='ltr'>diligenter</span> <span class='ocrx_word' id='word_1_1787' title='bbox 1700 3266 1790 3295; x_wconf 78' lang='lat' dir='ltr'>facere</span> <span class='ocrx_word' id='word_1_1788' title='bbox 1800 3266 1860 3294; x_wconf 88' lang='lat' dir='ltr'>iter.</span> <span class='ocrx_word' id='word_1_1789' title='bbox 1886 3262 1951 3293; x_wconf 86' lang='lat' dir='ltr'>Caes.</span> <span class='ocrx_word' id='word_1_1790' title='bbox 1968 3273 1991 3298; x_wconf 83' lang='lat'>5.</span> <span class='ocrx_word' id='word_1_1791' title='bbox 2006 3261 2074 3292; x_wconf 87' lang='lat' dir='ltr'>Bell.</span> <span class='ocrx_word' id='word_1_1792' title='bbox 2085 3261 2157 3292; x_wconf 86' lang='lat' dir='ltr'>Gall.</span> <span class='ocrx_word' id='word_1_1793' title='bbox 2168 3271 2214 3300; x_wconf 80' lang='lat'>47.</span> 
     </span>
    </p>

    <p class='ocr_par' dir='ltr' id='par_1_108' title="bbox 1400 3295 2516 3377">
     <span class='ocr_line' id='line_1_200' title="bbox 1400 3295 2516 3338; baseline -0.002 -8"><span class='ocrx_word' id='word_1_1794' title='bbox 1400 3300 1549 3331; x_wconf 83' lang='lat' dir='ltr'>Occultius</span> <span class='ocrx_word' id='word_1_1795' title='bbox 1557 3303 1667 3338; x_wconf 82' lang='lat' dir='ltr'>conari,</span> <span class='ocrx_word' id='word_1_1796' title='bbox 1691 3305 1716 3333; x_wconf 73' lang='lat' dir='ltr'>Sc</span> <span class='ocrx_word' id='word_1_1797' title='bbox 1729 3303 1836 3333; x_wconf 85' lang='lat' dir='ltr'>cautius</span> <span class='ocrx_word' id='word_1_1798' title='bbox 1847 3300 1955 3332; x_wconf 88' lang='lat' dir='ltr'>efficere</span> <span class='ocrx_word' id='word_1_1799' title='bbox 1967 3299 2081 3337; x_wconf 84' lang='lat' dir='ltr'>aliquid.</span> <span class='ocrx_word' id='word_1_1800' title='bbox 2122 3299 2181 3330; x_wconf 91' lang='lat' dir='ltr'>Cic.</span> <span class='ocrx_word' id='word_1_1801' title='bbox 2193 3309 2245 3338; x_wconf 91' lang='lat' dir='ltr'>pro</span> <span class='ocrx_word' id='word_1_1802' title='bbox 2255 3299 2347 3329; x_wconf 86' lang='lat' dir='ltr'>Deiot.</span> <span class='ocrx_word' id='word_1_1803' title='bbox 2361 3303 2405 3333; x_wconf 80' lang='lat'>18.</span> <span class='ocrx_word' id='word_1_1804' title='bbox 2435 3295 2516 3337; x_wconf 72' lang='lat' dir='ltr'>Quod</span> 
     </span>
     <span class='ocr_line' id='line_1_201' title="bbox 1419 3336 2419 3377; baseline 0 -10"><span class='ocrx_word' id='word_1_1805' title='bbox 1419 3339 1502 3375; x_wconf 82' lang='lat' dir='ltr'>igitur</span> <span class='ocrx_word' id='word_1_1806' title='bbox 1512 3341 1537 3369; x_wconf 73' lang='grc' dir='ltr'><strong>ἃ</strong></span> <span class='ocrx_word' id='word_1_1807' title='bbox 1546 3341 1682 3370; x_wconf 89' lang='lat' dir='ltr'>occultius</span> <span class='ocrx_word' id='word_1_1808' title='bbox 1694 3342 1788 3370; x_wconf 88' lang='lat' dir='ltr'>conari</span> <span class='ocrx_word' id='word_1_1809' title='bbox 1803 3363 1811 3377; x_wconf 91' lang='lat'>,</span> <span class='ocrx_word' id='word_1_1810' title='bbox 1834 3342 1860 3370; x_wconf 70' lang='grc' dir='ltr'>δι</span> <span class='ocrx_word' id='word_1_1811' title='bbox 1873 3336 1983 3368; x_wconf 83' lang='lat' dir='ltr'>efficere</span> <span class='ocrx_word' id='word_1_1812' title='bbox 1995 3338 2102 3366; x_wconf 88' lang='lat' dir='ltr'>cautius</span> <span class='ocrx_word' id='word_1_1813' title='bbox 2115 3339 2209 3375; x_wconf 87' lang='lat' dir='ltr'>potuit</span> <span class='ocrx_word' id='word_1_1814' title='bbox 2218 3360 2226 3372; x_wconf 86' lang='lat'>‚</span> <span class='ocrx_word' id='word_1_1815' title='bbox 2247 3338 2276 3367; x_wconf 87' lang='lat' dir='ltr'>id</span> <span class='ocrx_word' id='word_1_1816' title='bbox 2286 3336 2336 3366; x_wconf 89' lang='lat' dir='ltr'>tibi</span> <span class='ocrx_word' id='word_1_1817' title='bbox 2346 3358 2354 3373; x_wconf 91' lang='lat'><strong>‚</strong></span> <span class='ocrx_word' id='word_1_1818' title='bbox 2367 3338 2419 3367; x_wconf 74' lang='grc' dir='ltr'><strong>διο.</strong></span> 
     </span>
    </p>
   </div>
   <div class='ocr_carea' id='block_1_23' title="bbox 2600 3236 2604 3254">
    <p class='ocr_par' dir='ltr' id='par_1_109' title="bbox 2600 3236 2604 3254">
     <span class='ocr_line' id='line_1_202' title="bbox 2600 3236 2604 3254; baseline 0 0"><span class='ocrx_word' id='word_1_1819' title='bbox 2600 3236 2604 3254; x_wconf 72' lang='lat' dir='ltr'>l</span> 
     </span>
    </p>
   </div>
   <div class='ocr_carea' id='block_1_24' title="bbox 2598 3206 2604 3443">
    <p class='ocr_par' dir='ltr' id='par_1_110' title="bbox 2598 3206 2604 3443">
     <span class='ocr_line' id='line_1_203' title="bbox 2600 3206 2604 3215; baseline 0 0"><span class='ocrx_word' id='word_1_1820' title='bbox 2600 3206 2604 3215; x_wconf 75' lang='lat' dir='ltr'>r</span> 
     </span>
     <span class='ocr_line' id='line_1_204' title="bbox 2599 3252 2601 3259; baseline 0 0"><span class='ocrx_word' id='word_1_1821' title='bbox 2599 3252 2601 3259; x_wconf 84' lang='grc'>1</span> 
     </span>
     <span class='ocr_line' id='line_1_205' title="bbox 2598 3311 2601 3319; baseline 0 0"><span class='ocrx_word' id='word_1_1822' title='bbox 2598 3311 2601 3319; x_wconf 80' lang='grc'>1</span> 
     </span>
     <span class='ocr_line' id='line_1_206' title="bbox 2599 3433 2602 3443; baseline 0 0"><span class='ocrx_word' id='word_1_1823' title='bbox 2599 3433 2602 3443; x_wconf 82' lang='lat' dir='ltr'>l</span> 
     </span>
    </p>
   </div>
   <div class='ocr_carea' id='block_1_25' title="bbox 1358 3375 2604 3942">
    <p class='ocr_par' dir='ltr' id='par_1_111' title="bbox 1358 3375 2604 3942">
     <span class='ocr_line' id='line_1_207' title="bbox 1399 3375 2588 3416; baseline 0.001 -11"><span class='ocrx_word' id='word_1_1824' title='bbox 1399 3376 1560 3406; x_wconf 83' lang='lat' dir='ltr'>Cautilsime</span> <span class='ocrx_word' id='word_1_1825' title='bbox 1569 3378 1674 3416; x_wconf 83' lang='lat' dir='ltr'>aliquid</span> <span class='ocrx_word' id='word_1_1826' title='bbox 1685 3380 1810 3408; x_wconf 67' lang='lat' dir='ltr'>tractare.</span> <span class='ocrx_word' id='word_1_1827' title='bbox 1832 3378 1889 3407; x_wconf 88' lang='lat' dir='ltr'>Cic.</span> <span class='ocrx_word' id='word_1_1828' title='bbox 1903 3385 1928 3405; x_wconf 87' lang='lat'>2.</span> <span class='ocrx_word' id='word_1_1829' title='bbox 1942 3376 1977 3405; x_wconf 86' lang='lat' dir='ltr'>de</span> <span class='ocrx_word' id='word_1_1830' title='bbox 1988 3375 2064 3404; x_wconf 89' lang='lat' dir='ltr'>Orat.</span> <span class='ocrx_word' id='word_1_1831' title='bbox 2078 3384 2141 3410; x_wconf 85' lang='lat'>242.</span> <span class='ocrx_word' id='word_1_1832' title='bbox 2585 3384 2588 3394; x_wconf 76' lang='lat'>²</span> 
     </span>
     <span class='ocr_line' id='line_1_208' title="bbox 1399 3402 2597 3453; baseline -0.002 -10"><span class='ocrx_word' id='word_1_1833' title='bbox 1399 3414 1486 3444; x_wconf 86' lang='lat' dir='ltr'>Caute</span> <span class='ocrx_word' id='word_1_1834' title='bbox 1496 3417 1522 3444; x_wconf 73' lang='grc' dir='ltr'>δι</span> <span class='ocrx_word' id='word_1_1835' title='bbox 1532 3415 1706 3453; x_wconf 84' lang='lat' dir='ltr'>pedetentim</span> <span class='ocrx_word' id='word_1_1836' title='bbox 1717 3417 1818 3446; x_wconf 80' lang='lat' dir='ltr'>dicei-e.</span> <span class='ocrx_word' id='word_1_1837' title='bbox 1842 3415 1899 3445; x_wconf 91' lang='lat' dir='ltr'>Cic.</span> <span class='ocrx_word' id='word_1_1838' title='bbox 1912 3423 1962 3452; x_wconf 90' lang='lat' dir='ltr'>pro</span> <span class='ocrx_word' id='word_1_1839' title='bbox 1974 3412 2085 3442; x_wconf 87' lang='lat' dir='ltr'>Cluent.</span> <span class='ocrx_word' id='word_1_1840' title='bbox 2098 3422 2109 3441; x_wconf 89' lang='grc'>1</span> <span class='ocrx_word' id='word_1_1841' title='bbox 2118 3417 2159 3447; x_wconf 84' lang='grc'>13.</span> <span class='ocrx_word' id='word_1_1842' title='bbox 2181 3412 2202 3442; x_wconf 80' lang='grc' dir='ltr'><strong>Α</strong></span> <span class='ocrx_word' id='word_1_1843' title='bbox 2211 3421 2255 3441; x_wconf 87' lang='lat' dir='ltr'>me</span> <span class='ocrx_word' id='word_1_1844' title='bbox 2266 3418 2359 3442; x_wconf 86' lang='lat' dir='ltr'>tamen</span> <span class='ocrx_word' id='word_1_1845' title='bbox 2369 3419 2400 3443; x_wconf 89' lang='lat' dir='ltr'>ut</span> <span class='ocrx_word' id='word_1_1846' title='bbox 2410 3417 2514 3450; x_wconf 76' lang='lat' dir='ltr'>aequum</span> <span class='ocrx_word' id='word_1_1847' title='bbox 2575 3402 2597 3450; x_wconf 52' lang='grc' dir='ltr'>ἦν,</span> 
     </span>
     <span class='ocr_line' id='line_1_209' title="bbox 1418 3452 2603 3492; baseline 0.001 -12"><span class='ocrx_word' id='word_1_1848' title='bbox 1418 3452 1456 3481; x_wconf 88' lang='lat' dir='ltr'>est</span> <span class='ocrx_word' id='word_1_1849' title='bbox 1466 3474 1473 3486; x_wconf 88' lang='lat'>,</span> <span class='ocrx_word' id='word_1_1850' title='bbox 1496 3454 1590 3482; x_wconf 87' lang='lat' dir='ltr'>omnia</span> <span class='ocrx_word' id='word_1_1851' title='bbox 1600 3462 1679 3483; x_wconf 81' lang='lat' dir='ltr'>caute</span> <span class='ocrx_word' id='word_1_1852' title='bbox 1692 3476 1700 3486; x_wconf 81' lang='grc'>.</span> <span class='ocrx_word' id='word_1_1853' title='bbox 1723 3454 1952 3492; x_wconf 88' lang='lat' dir='ltr'>pedetentimque</span> <span class='ocrx_word' id='word_1_1854' title='bbox 1964 3452 2102 3480; x_wconf 85' lang='lat' dir='ltr'>dicentur.</span> <span class='ocrx_word' id='word_1_1855' title='bbox 2570 3476 2573 3482; x_wconf 83' lang='lat'>.</span> <span class='ocrx_word' id='word_1_1856' title='bbox 2587 3452 2603 3481; x_wconf 67' lang='lat'>113.</span> 
     </span>
     <span class='ocr_line' id='line_1_210' title="bbox 1397 3473 2604 3526; baseline -0.002 -8"><span class='ocrx_word' id='word_1_1857' title='bbox 1397 3489 1543 3519; x_wconf 85' lang='lat' dir='ltr'>Abducere</span> <span class='ocrx_word' id='word_1_1858' title='bbox 1550 3498 1638 3521; x_wconf 82' lang='lat' dir='ltr'>caute.</span> <span class='ocrx_word' id='word_1_1859' title='bbox 1677 3492 1772 3526; x_wconf 69' lang='lat' dir='ltr'>Cic.22.</span> <span class='ocrx_word' id='word_1_1860' title='bbox 1786 3491 1821 3521; x_wconf 85' lang='lat' dir='ltr'>de</span> <span class='ocrx_word' id='word_1_1861' title='bbox 1833 3491 1923 3520; x_wconf 88' lang='lat' dir='ltr'>Divin.</span> <span class='ocrx_word' id='word_1_1862' title='bbox 1938 3498 1979 3524; x_wconf 82' lang='lat'>33.</span> <span class='ocrx_word' id='word_1_1863' title='bbox 2002 3488 2059 3518; x_wconf 85' lang='lat' dir='ltr'>Sed</span> <span class='ocrx_word' id='word_1_1864' title='bbox 2070 3485 2262 3521; x_wconf 83' lang='lat' dir='ltr'>animadverti,</span> <span class='ocrx_word' id='word_1_1865' title='bbox 2279 3486 2394 3523; x_wconf 81' lang='lat' dir='ltr'>Quinte,</span> <span class='ocrx_word' id='word_1_1866' title='bbox 2416 3492 2444 3516; x_wconf 88' lang='lat' dir='ltr'>te</span> <span class='ocrx_word' id='word_1_1867' title='bbox 2451 3493 2510 3515; x_wconf 80' lang='lat' dir='ltr'>cau·</span> <span class='ocrx_word' id='word_1_1868' title='bbox 2541 3473 2544 3520; x_wconf 85' lang='grc' dir='ltr'>Ι</span> <span class='ocrx_word' id='word_1_1869' title='bbox 2576 3483 2604 3520; x_wconf 50' lang='grc' dir='ltr'><strong>ἆυ..</strong></span> 
     </span>
     <span class='ocr_line' id='line_1_211' title="bbox 1417 3518 2604 3571; baseline 0.002 -15"><span class='ocrx_word' id='word_1_1870' title='bbox 1417 3534 1463 3562; x_wconf 88' lang='lat' dir='ltr'>te,</span> <span class='ocrx_word' id='word_1_1871' title='bbox 1487 3530 1512 3557; x_wconf 70' lang='grc' dir='ltr'>ἃ</span> <span class='ocrx_word' id='word_1_1872' title='bbox 1527 3527 1561 3556; x_wconf 87' lang='lat' dir='ltr'>ab</span> <span class='ocrx_word' id='word_1_1873' title='bbox 1581 3528 1613 3558; x_wconf 87' lang='lat' dir='ltr'>iis</span> <span class='ocrx_word' id='word_1_1874' title='bbox 1627 3530 1795 3563; x_wconf 71' lang='lat' dir='ltr'>conjecturis</span> <span class='ocrx_word' id='word_1_1875' title='bbox 1814 3538 1875 3566; x_wconf 87' lang='lat' dir='ltr'>quae</span> <span class='ocrx_word' id='word_1_1876' title='bbox 1887 3527 2024 3557; x_wconf 86' lang='lat' dir='ltr'>haberent</span> <span class='ocrx_word' id='word_1_1877' title='bbox 2037 3532 2125 3556; x_wconf 84' lang='lat' dir='ltr'>artem</span> <span class='ocrx_word' id='word_1_1878' title='bbox 2141 3531 2224 3563; x_wconf 89' lang='lat' dir='ltr'>atque</span> <span class='ocrx_word' id='word_1_1879' title='bbox 2244 3525 2443 3563; x_wconf 83' lang='lat' dir='ltr'>prudentiam,</span> <span class='ocrx_word' id='word_1_1880' title='bbox 2461 3523 2511 3554; x_wconf 58' lang='lat' dir='ltr'>&amp;co</span> <span class='ocrx_word' id='word_1_1881' title='bbox 2578 3518 2604 3571; x_wconf 47' lang='lat' dir='ltr'>idi</span> 
     </span>
     <span class='ocr_line' id='line_1_212' title="bbox 1416 3564 2604 3598; baseline 0.003 -4"><span class='ocrx_word' id='word_1_1882' title='bbox 1416 3564 1554 3595; x_wconf 85' lang='lat' dir='ltr'>abducere</span> <span class='ocrx_word' id='word_1_1883' title='bbox 1568 3566 1781 3596; x_wconf 88' lang='lat' dir='ltr'>divinationem.</span> <span class='ocrx_word' id='word_1_1884' title='bbox 2540 3591 2541 3598; x_wconf 67' lang='grc'>,</span> <span class='ocrx_word' id='word_1_1885' title='bbox 2585 3573 2604 3597; x_wconf 57' lang='lat' dir='ltr'>Sil</span> 
     </span>
     <span class='ocr_line' id='line_1_213' title="bbox 1397 3599 2604 3641; baseline 0.004 -10"><span class='ocrx_word' id='word_1_1886' title='bbox 1397 3602 1502 3632; x_wconf 75' lang='lat' dir='ltr'>Amare.</span> <span class='ocrx_word' id='word_1_1887' title='bbox 1525 3603 1610 3633; x_wconf 77' lang='lat' dir='ltr'>ovid.</span> <span class='ocrx_word' id='word_1_1888' title='bbox 1621 3613 1646 3634; x_wconf 88' lang='lat'>2.</span> <span class='ocrx_word' id='word_1_1889' title='bbox 1664 3605 1700 3634; x_wconf 85' lang='lat' dir='ltr'>de</span> <span class='ocrx_word' id='word_1_1890' title='bbox 1711 3605 1774 3634; x_wconf 72' lang='lat' dir='ltr'>Arte</span> <span class='ocrx_word' id='word_1_1891' title='bbox 1786 3606 1845 3634; x_wconf 81' lang='lat' dir='ltr'>Am.</span> <span class='ocrx_word' id='word_1_1892' title='bbox 1862 3606 1927 3641; x_wconf 84' lang='lat'>167..</span> <span class='ocrx_word' id='word_1_1893' title='bbox 2539 3609 2541 3636; x_wconf 70' lang='lat' dir='ltr'>i</span> <span class='ocrx_word' id='word_1_1894' title='bbox 2582 3599 2604 3635; x_wconf 77' lang='lat' dir='ltr'>&#39;i</span> 
     </span>
     <span class='ocr_line' id='line_1_214' title="bbox 1398 3638 2604 3683; baseline 0.006 -15"><span class='ocrx_word' id='word_1_1895' title='bbox 1398 3638 1530 3678; x_wconf 88' lang='lat' dir='ltr'>Pugnare.</span> <span class='ocrx_word' id='word_1_1896' title='bbox 1553 3641 1636 3671; x_wconf 90' lang='lat' dir='ltr'>Ovid.</span> <span class='ocrx_word' id='word_1_1897' title='bbox 1652 3651 1696 3678; x_wconf 86' lang='lat'>13.</span> <span class='ocrx_word' id='word_1_1898' title='bbox 1709 3642 1790 3679; x_wconf 84' lang='lat' dir='ltr'>Epist.</span> <span class='ocrx_word' id='word_1_1899' title='bbox 1806 3641 1866 3677; x_wconf 75' lang='lat'>¹45·</span> <span class='ocrx_word' id='word_1_1900' title='bbox 2240 3663 2246 3670; x_wconf 90' lang='lat'>·</span> <span class='ocrx_word' id='word_1_1901' title='bbox 2582 3644 2604 3683; x_wconf 59' lang='lat' dir='ltr'>ii</span> 
     </span>
     <span class='ocr_line' id='line_1_215' title="bbox 1397 3676 2604 3720; baseline 0.005 -15"><span class='ocrx_word' id='word_1_1902' title='bbox 1397 3676 1620 3720; x_wconf 69' lang='lat' dir='ltr'>Tranfirelimen</span> <span class='ocrx_word' id='word_1_1903' title='bbox 1629 3681 1746 3710; x_wconf 90' lang='lat' dir='ltr'>cautius.</span> <span class='ocrx_word' id='word_1_1904' title='bbox 1770 3679 1855 3710; x_wconf 89' lang='lat' dir='ltr'>Ovid.</span> <span class='ocrx_word' id='word_1_1905' title='bbox 1871 3688 1895 3709; x_wconf 91' lang='grc'>1.</span> <span class='ocrx_word' id='word_1_1906' title='bbox 1910 3678 2000 3709; x_wconf 86' lang='lat' dir='ltr'>Amor.</span> <span class='ocrx_word' id='word_1_1907' title='bbox 2013 3686 2057 3708; x_wconf 79' lang='lat'>12.</span> <span class='ocrx_word' id='word_1_1908' title='bbox 2070 3679 2096 3708; x_wconf 90' lang='grc'>6.</span> <span class='ocrx_word' id='word_1_1909' title='bbox 2383 3713 2390 3719; x_wconf 51' lang='grc'><em>,</em></span> <span class='ocrx_word' id='word_1_1910' title='bbox 2539 3684 2540 3687; x_wconf 76' lang='grc'>’</span> <span class='ocrx_word' id='word_1_1911' title='bbox 2585 3686 2604 3713; x_wconf 56' lang='lat'>,22</span> 
     </span>
     <span class='ocr_line' id='line_1_216' title="bbox 1397 3710 2603 3754; baseline 0.002 -12"><span class='ocrx_word' id='word_1_1912' title='bbox 1397 3715 1537 3752; x_wconf 86' lang='lat' dir='ltr'>Scriptum</span> <span class='ocrx_word' id='word_1_1913' title='bbox 1547 3725 1637 3752; x_wconf 81' lang='lat' dir='ltr'>caute,</span> <span class='ocrx_word' id='word_1_1914' title='bbox 1648 3725 1679 3747; x_wconf 91' lang='lat' dir='ltr'>ut</span> <span class='ocrx_word' id='word_1_1915' title='bbox 1689 3724 1804 3747; x_wconf 88' lang='lat' dir='ltr'>centum</span> <span class='ocrx_word' id='word_1_1916' title='bbox 1813 3717 1921 3747; x_wconf 90' lang='lat' dir='ltr'>nummi</span> <span class='ocrx_word' id='word_1_1917' title='bbox 1933 3717 2146 3746; x_wconf 80' lang='lat' dir='ltr'>deducerentur·</span> <span class='ocrx_word' id='word_1_1918' title='bbox 2168 3713 2226 3744; x_wconf 88' lang='lat' dir='ltr'>Cic.</span> <span class='ocrx_word' id='word_1_1919' title='bbox 2239 3721 2265 3743; x_wconf 85' lang='lat'>2.</span> <span class='ocrx_word' id='word_1_1920' title='bbox 2278 3712 2314 3743; x_wconf 87' lang='lat' dir='ltr'>de</span> <span class='ocrx_word' id='word_1_1921' title='bbox 2325 3712 2419 3751; x_wconf 88' lang='lat' dir='ltr'>Legib.</span> <span class='ocrx_word' id='word_1_1922' title='bbox 2432 3715 2481 3754; x_wconf 62' lang='lat'>³²2</span> <span class='ocrx_word' id='word_1_1923' title='bbox 2577 3710 2603 3752; x_wconf 55' lang='lat' dir='ltr'>ies</span> 
     </span>
     <span class='ocr_line' id='line_1_217' title="bbox 1360 3749 2602 3791; baseline -0.004 -7"><span class='ocrx_word' id='word_1_1924' title='bbox 1360 3751 1533 3788; x_wconf 64' lang='lat' dir='ltr'>CAU&#39;HM,</span> <span class='ocrx_word' id='word_1_1925' title='bbox 1556 3752 1794 3791; x_wconf 53' lang='lat' dir='ltr'>[dmeynwa‘wc]</span> <span class='ocrx_word' id='word_1_1926' title='bbox 1814 3756 1832 3784; x_wconf 91' lang='lat' dir='ltr'>i.</span> <span class='ocrx_word' id='word_1_1927' title='bbox 1845 3765 1870 3784; x_wconf 93' lang='lat' dir='ltr'>e.</span> <span class='ocrx_word' id='word_1_1928' title='bbox 1892 3754 1987 3784; x_wconf 86' lang='lat' dir='ltr'>Caute.</span> <span class='ocrx_word' id='word_1_1929' title='bbox 2010 3753 2073 3783; x_wconf 88' lang='lat' dir='ltr'>Ter.</span> <span class='ocrx_word' id='word_1_1930' title='bbox 2092 3752 2190 3782; x_wconf 85' lang='lat' dir='ltr'>Heaut.</span> <span class='ocrx_word' id='word_1_1931' title='bbox 2204 3763 2230 3787; x_wconf 82' lang='lat'>4.</span> <span class='ocrx_word' id='word_1_1932' title='bbox 2243 3756 2268 3785; x_wconf 82' lang='lat'>8.</span> <span class='ocrx_word' id='word_1_1933' title='bbox 2281 3761 2326 3785; x_wconf 82' lang='lat'>29-</span> <span class='ocrx_word' id='word_1_1934' title='bbox 2346 3749 2509 3790; x_wconf 63' lang='lat' dir='ltr'>Sedhaecitp</span> <span class='ocrx_word' id='word_1_1935' title='bbox 2576 3754 2602 3787; x_wconf 51' lang='lat' dir='ltr'>‘a</span> 
     </span>
     <span class='ocr_line' id='line_1_218' title="bbox 1399 3785 2603 3830; baseline 0.003 -12"><span class='ocrx_word' id='word_1_1936' title='bbox 1399 3795 1430 3818; x_wconf 91' lang='lat' dir='ltr'>ut</span> <span class='ocrx_word' id='word_1_1937' title='bbox 1446 3789 1524 3824; x_wconf 87' lang='lat' dir='ltr'>sunt,</span> <span class='ocrx_word' id='word_1_1938' title='bbox 1545 3793 1648 3821; x_wconf 87' lang='lat' dir='ltr'>cautim</span> <span class='ocrx_word' id='word_1_1939' title='bbox 1659 3793 1832 3830; x_wconf 80' lang='lat' dir='ltr'>&amp;paulatim</span> <span class='ocrx_word' id='word_1_1940' title='bbox 1841 3792 1938 3827; x_wconf 83' lang='lat' dir='ltr'>dabis,</span> <span class='ocrx_word' id='word_1_1941' title='bbox 1960 3791 2081 3829; x_wconf 88' lang='lat' dir='ltr'>sisapies.</span> <span class='ocrx_word' id='word_1_1942' title='bbox 2104 3789 2194 3819; x_wconf 66' lang='lat' dir='ltr'>Aetius</span> <span class='ocrx_word' id='word_1_1943' title='bbox 2206 3789 2237 3818; x_wconf 82' lang='lat' dir='ltr'>Al</span> <span class='ocrx_word' id='word_1_1944' title='bbox 2260 3788 2395 3822; x_wconf 79' lang='lat' dir='ltr'>hefiboea‚</span> <span class='ocrx_word' id='word_1_1945' title='bbox 2415 3785 2510 3816; x_wconf 59' lang='lat' dir='ltr'>sedfl·</span> <span class='ocrx_word' id='word_1_1946' title='bbox 2585 3790 2603 3826; x_wconf 57' lang='lat' dir='ltr'>iii</span> 
     </span>
     <span class='ocr_line' id='line_1_219' title="bbox 1398 3822 2604 3864; baseline -0.003 -9"><span class='ocrx_word' id='word_1_1947' title='bbox 1398 3826 1425 3855; x_wconf 92' lang='lat' dir='ltr'>bi</span> <span class='ocrx_word' id='word_1_1948' title='bbox 1439 3828 1542 3857; x_wconf 89' lang='lat' dir='ltr'>cautim</span> <span class='ocrx_word' id='word_1_1949' title='bbox 1554 3829 1591 3858; x_wconf 88' lang='lat' dir='ltr'>est</span> <span class='ocrx_word' id='word_1_1950' title='bbox 1603 3830 1765 3860; x_wconf 85' lang='lat' dir='ltr'>adeundum</span> <span class='ocrx_word' id='word_1_1951' title='bbox 1773 3831 1808 3860; x_wconf 89' lang='lat' dir='ltr'>ad</span> <span class='ocrx_word' id='word_1_1952' title='bbox 1818 3831 1917 3860; x_wconf 89' lang='lat' dir='ltr'>virum.</span> <span class='ocrx_word' id='word_1_1953' title='bbox 1940 3829 2019 3860; x_wconf 88' lang='lat' dir='ltr'>Idem</span> <span class='ocrx_word' id='word_1_1954' title='bbox 2037 3827 2188 3858; x_wconf 73' lang='lat' dir='ltr'>Philocteta</span> <span class='ocrx_word' id='word_1_1955' title='bbox 2199 3848 2208 3863; x_wconf 89' lang='lat'>‚</span> <span class='ocrx_word' id='word_1_1956' title='bbox 2254 3833 2333 3855; x_wconf 88' lang='lat' dir='ltr'>ontra</span> <span class='ocrx_word' id='word_1_1957' title='bbox 2343 3825 2382 3855; x_wconf 85' lang='lat' dir='ltr'>est</span> <span class='ocrx_word' id='word_1_1958' title='bbox 2391 3822 2509 3854; x_wconf 84' lang='lat' dir='ltr'>eundum</span> <span class='ocrx_word' id='word_1_1959' title='bbox 2536 3831 2538 3851; x_wconf 77' lang='lat' dir='ltr'>i</span> <span class='ocrx_word' id='word_1_1960' title='bbox 2595 3832 2604 3864; x_wconf 58' lang='grc'>[1</span> 
     </span>
     <span class='ocr_line' id='line_1_220' title="bbox 1397 3865 2604 3904; baseline 0.01 -11"><span class='ocrx_word' id='word_1_1961' title='bbox 1397 3865 1502 3894; x_wconf 81' lang='lat' dir='ltr'>cautim</span> <span class='ocrx_word' id='word_1_1962' title='bbox 1514 3887 1522 3900; x_wconf 87' lang='lat'>,</span> <span class='ocrx_word' id='word_1_1963' title='bbox 1544 3867 1569 3895; x_wconf 72' lang='lat'>8&lt;</span> <span class='ocrx_word' id='word_1_1964' title='bbox 1581 3868 1752 3904; x_wconf 83' lang='lat' dir='ltr'>captandum</span> <span class='ocrx_word' id='word_1_1965' title='bbox 1762 3868 1839 3897; x_wconf 87' lang='lat' dir='ltr'>mihi.</span> <span class='ocrx_word' id='word_1_1966' title='bbox 2480 3895 2483 3897; x_wconf 21' lang='grc' dir='ltr'><strong>Α</strong></span> <span class='ocrx_word' id='word_1_1967' title='bbox 2536 3877 2537 3904; x_wconf 66' lang='grc' dir='ltr'>ἕ</span> <span class='ocrx_word' id='word_1_1968' title='bbox 2594 3869 2604 3902; x_wconf 69' lang='lat' dir='ltr'>Di</span> 
     </span>
     <span class='ocr_line' id='line_1_221' title="bbox 1358 3893 2600 3942; baseline -0.005 -11"><span class='ocrx_word' id='word_1_1969' title='bbox 1358 3901 1484 3931; x_wconf 56' lang='lat' dir='ltr'>cirus</span> <span class='ocrx_word' id='word_1_1970' title='bbox 1497 3924 1506 3937; x_wconf 90' lang='lat'>,</span> <span class='ocrx_word' id='word_1_1971' title='bbox 1533 3912 1563 3937; x_wconf 82' lang='lat' dir='ltr'>a,</span> <span class='ocrx_word' id='word_1_1972' title='bbox 1584 3914 1640 3933; x_wconf 90' lang='lat' dir='ltr'>um.</span> <span class='ocrx_word' id='word_1_1973' title='bbox 1663 3906 1779 3942; x_wconf 66' lang='grc' dir='ltr'>[εμφςω</span> <span class='ocrx_word' id='word_1_1974' title='bbox 1791 3927 1799 3941; x_wconf 82' lang='grc'><em>,</em></span> <span class='ocrx_word' id='word_1_1975' title='bbox 1820 3899 1933 3940; x_wconf 52' lang='lat' dir='ltr'>ritimis]</span> <span class='ocrx_word' id='word_1_1976' title='bbox 1953 3903 2103 3940; x_wconf 84' lang='lat' dir='ltr'>Antiquum</span> <span class='ocrx_word' id='word_1_1977' title='bbox 2122 3900 2308 3936; x_wconf 79' lang='lat' dir='ltr'>vocabulum3</span> <span class='ocrx_word' id='word_1_1978' title='bbox 2341 3898 2417 3929; x_wconf 87' lang='lat' dir='ltr'>Idem</span> <span class='ocrx_word' id='word_1_1979' title='bbox 2436 3893 2506 3934; x_wconf 78' lang='lat' dir='ltr'>quod</span> <span class='ocrx_word' id='word_1_1980' title='bbox 2576 3904 2600 3942; x_wconf 37' lang='grc' dir='ltr'>ᾗ</span> 
     </span>
    </p>
   </div>
   <div class='ocr_carea' id='block_1_26' title="bbox 2535 3444 2544 3964">
    <p class='ocr_par' dir='ltr' id='par_1_112' title="bbox 2535 3444 2544 3964">
     <span class='ocr_line' id='line_1_222' title="bbox 2535 3444 2544 3964; baseline 0 0"><span class='ocrx_word' id='word_1_1981' title='bbox 2535 3444 2544 3964; x_wconf 95' lang='lat' dir='ltr'> </span> 
     </span>
    </p>
   </div>
   <div class='ocr_carea' id='block_1_27' title="bbox 1395 3934 2603 4002">
    <p class='ocr_par' dir='ltr' id='par_1_113' title="bbox 1395 3934 2603 4002">
     <span class='ocr_line' id='line_1_223' title="bbox 1395 3934 2603 4002; baseline -0.003 -33"><span class='ocrx_word' id='word_1_1982' title='bbox 1395 3939 1508 3969; x_wconf 82' lang='lat' dir='ltr'>Cautus.</span> <span class='ocrx_word' id='word_1_1983' title='bbox 1547 3939 1657 3971; x_wconf 88' lang='lat' dir='ltr'>Nonius</span> <span class='ocrx_word' id='word_1_1984' title='bbox 1665 3943 1827 3980; x_wconf 82' lang='lat' dir='ltr'>Sapientem</span> <span class='ocrx_word' id='word_1_1985' title='bbox 1837 3942 2043 3979; x_wconf 85' lang='lat' dir='ltr'>interpretatur.</span> <span class='ocrx_word' id='word_1_1986' title='bbox 2084 3940 2142 3969; x_wconf 87' lang='lat' dir='ltr'>Cic.</span> <span class='ocrx_word' id='word_1_1987' title='bbox 2153 3949 2181 3970; x_wconf 84' lang='lat'>2.</span> <span class='ocrx_word' id='word_1_1988' title='bbox 2198 3938 2279 3969; x_wconf 89' lang='lat' dir='ltr'>Tusc.</span> <span class='ocrx_word' id='word_1_1989' title='bbox 2293 3947 2339 3974; x_wconf 71' lang='lat'>⁴5·</span> <span class='ocrx_word' id='word_1_1990' title='bbox 2361 3935 2417 3966; x_wconf 85' lang='lat' dir='ltr'>Sed</span> <span class='ocrx_word' id='word_1_1991' title='bbox 2424 3934 2506 4002; x_wconf 51' lang='lat'>1313</span> <span class='ocrx_word' id='word_1_1992' title='bbox 2568 3950 2603 3977; x_wconf 52' lang='lat' dir='ltr'>si„</span> 
     </span>
    </p>
   </div>
  </div>
 </body>
</html>
