2667 4145
211 98 257 134 54
591 84 620 117 A
715 80 748 114 D
847 77 880 111 D

253 170 389 201 Addicere
408 167 470 196 suos
489 174 604 195 amores.
626 160 710 193 Ovid.
733 171 755 189 1.
785 159 854 189 Nlet.
876 160 941 193 617.

254 209 385 239 Fundum
400 205 512 241 triginta
527 203 625 232 aureis.
652 199 754 236 Julian.
772 198 801 226 in
817 196 835 225 l.
857 195 904 231 qui
923 190 1051 220 fundum.
1086 188 1108 225 §-
1129 185 1300 216 Procurator.
1330 181 1365 213 D.

276 246 326 274 Pro
342 253 386 273 em
397 250 476 271 nore.

256 254 425 319 Sanguineim
442 278 566 312 alicujus.
589 276 647 305 Cic.
666 275 696 303 in
715 272 803 302 Pison.
824 276 867 305 83.
891 267 936 296 Sic
950 264 1078 294 addicere
1088 262 1209 299 aliquem
1223 259 1369 298 supplicio.

277 320 350 357 apud
364 318 446 347 eund.
468 317 621 351 Antequam
636 315 687 341 iret
709 312 738 339 in
756 308 820 338 exil.
916 340 932 346 ..
1005 340 1010 345 .
1164 337 1169 342 .

261 357 378 389 Addida
396 356 452 384 vita
469 353 585 388 alicujus
597 374 604 385 ,
626 352 652 380 Sc
671 347 808 387 proposita.
829 350 956 380 prremns.
980 340 1039 369 Cic.
1060 347 1111 375 pro
1129 336 1230 380 Milon.
1247 344 1292 371 57.

260 396 396 427 Addicere
416 393 489 421 bona
506 391 536 419 in
556 386 719 427 publicum,
741 382 888 413 publicare.
917 377 982 407 Caes.
1003 387 1028 406 2.
1051 375 1119 418 Bell.
1138 374 1217 404 Civil.
1240 377 1281 407 18.

263 433 416 465 Addicere,
435 428 545 467 proprie
567 427 605 455 est
626 426 705 455 Idem
723 422 814 450 dicere
826 440 834 452 ,
857 419 882 446 Sc
901 415 1053 453 approbare
1073 413 1203 442 dicendo.
1237 411 1302 440 alias
1322 409 1375 438 Ad-

644 461 749 491 Author
764 457 863 487 Festus.
886 460 933 487 ut,
954 453 1088 482 Addicere
1108 451 1209 483 morti,
1228 459 1279 487 pro
1290 447 1377 478 Desti-

280 471 373 501 dicere
384 490 391 503 ‚
413 467 549 496 Damnare
559 464 603 493 est.
952 489 957 497 Δ
1130 489 1134 494 Ι
1213 488 1217 492 ¹

864 491 936 520 Cum
951 501 973 520 is
991 491 1038 528 qui
1054 496 1136 518 morti
1154 489 1281 517 addictus
1299 485 1374 520 effer,

281 517 346 537 nare
362 516 393 535 ac
411 505 554 533 devovere.
577 500 634 530 Cic.
655 509 678 535 3.
702 495 757 525 Off.
778 503 823 536 45.
1145 526 1151 531 .

281 554 385 584 paucos
404 543 463 571 dies
485 536 772 570 commendandorum
791 535 902 560 luorum
918 530 1002 566 gratia
1018 526 1183 565 postulailet.

263 583 398 614 Addicere
408 581 567 608 dementem
590 578 615 605 ἑὲ
632 571 764 603 furiosum
779 568 931 598 rationibus
949 565 1113 596 neeeil'ariis.
1135 564 1167 594 ld
1185 563 1238 598 est,
1257 562 1379 591 Demen-

282 628 324 650 tes
342 621 368 649 Sc
382 616 515 650 furiosos,
545 619 697 647 eorumque
722 607 855 637 familiam
880 605 984 642 agnatis
1007 602 1211 642 gentilibusque
1238 600 1377 629 addicere.

283 659 342 688 Cic.
362 658 391 685 in
408 654 500 684 Parad.
518 664 544 687 4.
583 650 640 686 Ego
659 656 725 675 vero
743 654 770 675 te
790 654 848 674 non
862 643 977 673 stultum
995 664 1002 677 ,
1029 648 1060 670 ut
1084 640 1170 677 saepe,
1202 648 1260 667 non
1279 638 1381 674 impro-

283 697 352 725 bum
373 716 381 727 ,
409 699 441 721 ut
459 691 583 727 semper,
615 686 663 716 sed
683 684 846 714 dementem
871 683 898 711 ἃ
926 680 1052 710 insanum
1077 677 1232 708 rationibus
1252 675 1381 705 addicam

283 730 444 762 necessariis.

266 771 400 801 Addicere
419 767 447 795 se
467 764 550 794 alicui
569 761 698 796 homini,
726 759 780 788 five
791 757 913 795 cuipiam
930 756 984 790 rei,
1008 764 1058 792 pro
1074 753 1235 790 Mancipare
1254 750 1279 779 se
1298 748 1383 778 alicui

285 810 313 838 Se.
330 806 411 845 plane
430 804 565 833 devovere
585 801 611 830 &
630 799 741 828 dedere.
763 796 892 829 Nonius,
914 793 1065 823 Addictum
1079 814 1087 825 .
1114 791 1222 827 inquit,
1249 789 1287 817 est
1308 785 1382 824 quasi

286 846 427 875 Devotum
445 840 489 870 vel
515 838 689 869 Obnoxium.
723 835 781 864 Cic.
797 833 827 862 in
845 832 951 862 Sallust.
975 841 1018 860 11.
1062 830 1129 859 Non
1147 829 1223 857 enim
1236 825 1383 863 unipriva-

286 884 338 911 tim
357 878 501 909 ancillatus
514 877 574 906 sum
590 897 598 910 ,
622 883 714 911 neque
735 882 780 901 me
800 871 904 900 addixi.

266 920 401 950 Addicere
423 916 477 946 sese
502 914 585 944 alicui
599 921 684 942 certo.
707 910 765 940 Cic.
791 919 815 938 2.
840 909 875 937 de
895 908 1002 937 Invent.
1023 917 1047 940 ς.

266 958 374 994 Corpus
393 955 473 984 suum
496 951 657 990 turpislimce
676 947 832 986 cupiditati.
855 946 898 976 Ad
915 945 1018 974 Heren.
1036 942 1083 971 lib.
1102 953 1129 978 4.
1143 949 1189 977 23.

264 995 413 1025 Pueritiam
437 992 513 1021 suam
527 990 604 1019 omni
625 986 855 1025 intemperantiae.
877 984 919 1013 Ad
938 982 1041 1012 Heren.
1059 980 1107 1010 lib.
1127 991 1154 1015 4.
1178 988 1224 1015 24.

264 1034 300 1064 Se
317 1031 430 1062 senatui.
452 1030 510 1059 Cic.
536 1037 587 1066 pro
603 1026 695 1056 Plane.
719 1033 763 1060 93.

265 1071 403 1101 Addicere
420 1067 446 1098 se
468 1069 494 1097 &
512 1065 670 1096 consecrare
692 1062 773 1092 certis
789 1059 940 1090 sententiis.
962 1056 1021 1086 Cic.
1037 1063 1062 1085 2.
1083 1054 1168 1084 Tusc.

265 1109 403 1139 Addicere
423 1105 582 1144 quempiam
601 1112 652 1140 pro
674 1100 785 1130 Debito.
842 1097 883 1126 De
906 1097 961 1124 hoc
978 1093 1128 1131 significatu
1150 1093 1186 1121 lic
1209 1091 1248 1120 ait
1264 1088 1341 1120 Valla
1354 1089 1387 1119 li-

286 1147 336 1176 bro
348 1144 476 1183 quinto,
497 1142 607 1172 Addicti
628 1139 702 1177 apud
719 1144 825 1167 veteres
843 1134 1007 1164 dicebantur
1021 1153 1029 1167 ,
1051 1132 1098 1168 qui
1116 1131 1239 1160 Pr-aetoris
1264 1139 1389 1166 pronun-

285 1184 402 1214 tiatione
415 1192 447 1212 ac
466 1180 554 1217 jusl'u,
571 1188 640 1208 cum
659 1176 790 1206 solvendo
810 1183 867 1202 non
888 1171 992 1205 efl‘ent,
1025 1169 1208 1198 creditoribus
1228 1168 1256 1195 in
1278 1174 1394 1204 tempo-

286 1223 384 1252 rariam
399 1220 558 1250 servitutem
585 1214 794 1245 addicebantur.
844 1210 887 1240 Est
909 1209 987 1238 enim
1012 1217 1101 1236 unum
1135 1216 1169 1235 ex
1186 1205 1274 1234 tribus
1297 1203 1389 1234 verbis

287 1259 431 1293 Praetoris,
453 1257 497 1287 Do
511 1278 519 1292 ,
541 1255 631 1288 Dico,
652 1252 768 1281 Addico.
790 1248 874 1279 Plaut.
902 1247 979 1276 Poen.
996 1255 1019 1274 1.
1039 1255 1062 1274 1.
1087 1250 1129 1281 58.
1164 1244 1219 1273 Ubi
1238 1244 1268 1272 in
1284 1243 1327 1278 jus
1344 1252 1389 1272 ve-

289 1298 378 1333 nerit,
399 1296 513 1326 addicet
530 1293 629 1323 Praetor
647 1289 780 1319 familiam
797 1293 885 1316 totam
901 1285 961 1314 tibi.

270 1334 328 1366 Cic.
349 1345 401 1373 pro
421 1333 511 1364 flacc.
531 1336 577 1367 48.
615 1329 667 1358 Iste
684 1337 749 1356 cum
766 1325 922 1362 judicatum
945 1330 1004 1351 non
1027 1320 1148 1355 faceret,
1175 1318 1303 1348 addictus
1319 1317 1389 1347 Her-

288 1375 405 1411 mippo,
428 1373 454 1401 ἃ
473 1370 507 1399 ab
530 1369 585 1398 hoc
607 1367 706 1395 duetus
725 1364 770 1394 est.
795 1363 824 1392 V.
839 1371 905 1391 mox
923 1361 1095 1389 Annicru
1107 1367 1128 1386 s.

271 1412 408 1442 Addicere
425 1409 545 1475 ςὼᾶυειῃ
562 1405 688 1435 liberum.
717 1402 750 1432 V.
775 1400 938 1434 Vindicate,
960 1396 1099 1431 Liberare,
1120 1393 1318 1425 Inlibertatem
1327 1391 1392 1421 asse-

291 1459 371 1483 rere,
400 1448 433 1478 In
487 1453 611 1474 INDEX.

270 1487 370 1519 Addici
384 1484 526 1515 dicebatur
542 1481 645 1518 judex,
666 1477 800 1508 arbiterve
813 1498 822 1511 ,
843 1475 890 1512 qui
908 1483 943 1503 ex
960 1471 1081 1502 formula
1097 1480 1113 1499 a
1127 1469 1244 1499 Praetore
1264 1467 1392 1503 dabatur,

291 1525 337 1555 vel
354 1534 389 1554 ex
410 1521 597 1553 conventione
613 1518 784 1554 litigatorum
802 1512 966 1542 sumebatur.
991 1510 1010 1539 1.
1033 1519 1076 1545 39.
1097 1508 1116 1537 l.
1135 1512 1180 1543 46.
1203 1509 1228 1536 ἃ
1248 1506 1266 1536 l.
1288 1513 1333 1541 80.
1354 1506 1390 1536 D.

291 1564 327 1593 de
339 1562 425 1599 judic.
477 1559 511 1589 Et
529 1559 567 1587 ita
586 1557 712 1585 addictus
733 1552 835 1583 actioni
852 1549 997 1580 arbitrariae
1018 1547 1113 1584 judex.
1135 1546 1165 1574 iii
1182 1545 1200 1574 l.
1223 1554 1248 1582 3.
1272 1545 1301 1573 in
1326 1544 1391 1573 fine.

290 1600 327 1631 D.
363 1600 420 1629 uod
443 1604 508 1627 cert.
532 1596 587 1625 loc.

272 1611 409 1670 Addigere
422 1636 501 1665 litem
511 1657 519 1669 ,
539 1635 569 1662 in
576 1631 640 1662 ΧΠ.
652 1628 777 1663 Tabulis,
790 1637 841 1665 pro
856 1624 1018 1655 Secundum
1033 1622 1154 1660 aliquem
1165 1621 1297 1657 judicare.
1320 1619 1393 1649 Gell.

292 1677 342 1707 lib.
363 1685 405 1713 17.
429 1684 488 1711 cap.
508 1682 533 1701 2.
577 1670 638 1700 Post
654 1667 800 1698 meridiem
818 1663 944 1702 praesenti
955 1662 1055 1691 stlitem
1073 1660 1206 1689 addicito.
1240 1658 1392 1687 Hotoman.

294 1715 397 1752 [Quin
410 1713 502 1751 potius
518 1708 650 1747 significat
665 1707 729 1735 dare
745 1704 884 1733 actionem
893 1697 1131 1738 unipraesenti,vel
1142 1696 1269 1733 litigandi
1279 1695 1396 1733 potesta-

292 1760 352 1782 tem
362 1752 469 1785 facere,
489 1758 554 1778 cuin
574 1746 699 1783 alioquin
716 1741 825 1773 nonnisi
845 1741 938 1770 actore
956 1739 983 1768 ἃ
1002 1747 1050 1766 reo
1064 1735 1244 1775 praesentibus
1257 1733 1396 1770 judicium

294 1790 425 1821 constitui
439 1787 547 1816 soleret.

276 1829 413 1860 Addicere
432 1827 461 1855 in
482 1824 648 1854 servitutem.
676 1819 736 1849 Liv.
758 1830 780 1852 3·
802 1819 845 1853 56.
953 1850 958 1857 .

276 1867 427 1898 Addictum
445 1863 495 1892 sub
516 1862 561 1891 sua
576 1861 636 1896 jura
655 1858 771 1887 trahere.
793 1855 915 1891 Propert.
940 1850 988 1880 lib.
1005 1859 1030 1885 3.
1046 1849 1123 1886 Eleg.
1142 1858 1185 1877 11.

274 1904 385 1936 Habere
405 1902 526 1939 aliquem
544 1898 688 1928 addietum
704 1917 712 1930 ,
733 1894 878 1927 deditum,
899 1889 1068 1930 obstrictum.
1100 1887 1157 1915 Cic.
1177 1895 1228 1923 pro
1245 1884 1336 1914 Coelio
1349 1890 1394 1918 80.

276 1942 410 1974 Addictus
434 1940 529 1969 avibus
546 1939 572 1966 Sc
590 1934 714 1965 canibus.
767 1932 799 1961 Id
814 1930 874 1964 est,
895 1928 1042 1965 Expolitus
1058 1948 1066 1961 ,
1094 1926 1129 1955 ὃς
1146 1922 1223 1953 velut
1243 1923 1397 1953 Damnatus

295 1988 378 2018 atque
395 1978 520 2007 devotus.
543 1975 611 2004 Hor.
632 1971 721 2010 Epod.
750 1979 792 2006 17.
818 1978 859 2010 11.

351 2016 460 2046 Luxere
470 2020 569 2043 matres
581 2012 635 2041 lliae
653 2009 796 2039 addictum
807 2006 882 2039 feris,

351 2053 469 2084 Alitibus
486 2058 568 2088 atque
585 2048 700 2078 canibus
720 2044 892 2075 homicidam
911 2041 1073 2071 Hec'torem.

278 2093 410 2123 Vastitati.
442 2090 499 2119 Cic.
520 2101 546 2124 9.
577 2089 631 2116 Att.
653 2096 694 2114 11.

278 2131 414 2162 Addicere
427 2128 548 2165 aliquem
563 2125 599 2154 ad
617 2121 811 2160 jusjurandum
822 2140 831 2152 ‚
852 2117 930 2148 velut
948 2116 1064 2153 Adigere
1074 2116 1101 2145 ἃ
1114 2123 1221 2151 cogere.
1245 2111 1350 2142 Sallust.
1369 2111 1400 2140 in

298 2169 379 2199 Catil.
419 2166 491 2196 Cum
508 2165 542 2193 ad
559 2161 753 2199 jusjurandum
761 2157 909 2196 populares
923 2154 1032 2184 sceleris
1042 2153 1083 2182 sui
1100 2153 1250 2182 addiceret.
1280 2148 1400 2179 Fortasse

296 2205 449 2241 legendum
462 2203 599 2240 Adigeret.
636 2200 682 2229 Sic
697 2198 772 2227 Cort.
791 2206 816 2232 q.
832 2194 865 2223 V.

281 2241 418 2276 Addicere
437 2251 508 2279 opus
520 2238 633 2276 aliquod
644 2259 652 2273 ,
672 2245 723 2274 pro
740 2234 843 2263 Locare
857 2230 1027 2261 faciendum.
1050 2228 1108 2258 Cic.
1123 2237 1148 2264 3.
1166 2227 1242 2257 Verr.
1263 2235 1324 2262 144.
1348 2224 1402 2254 Ad-

301 2282 404 2313 dicitur
422 2279 452 2308 id
470 2288 542 2316 opus
569 2286 609 2305 Hs
630 2284 697 2304 DLx
718 2271 850 2301 millibus.

244 2325 458 2355 Anmcrus,
480 2313 675 2352 [πςόςθετῶυ]
696 2310 794 2340 Partic.
812 2308 865 2337 sive
881 2306 1003 2336 Nomen.
1034 2304 1101 2334 Hor.
1120 2314 1143 2333 1.
1163 2302 1247 2341 Epist.
1261 2311 1284 2331 1.
1299 2311 1343 2338 14.

355 2356 469 2387 Nullius
483 2353 609 2383 addictus
627 2351 717 2387 jurare
735 2349 765 2377 in
785 2345 869 2376 verba
883 2344 1009 2381 magistri.

281 2395 392 2427 Addidi
406 2394 490 2423 etiam
509 2392 639 2424 fuerunt,
660 2387 740 2424 Quos
756 2385 801 2414 lex
815 2383 913 2413 servire
929 2379 1127 2414 creditoribus,
1147 2379 1238 2408 donec
1254 2375 1401 2411 solverent,

304 2433 422 2468 iubebat.
438 2431 495 2467 Qui
507 2428 574 2466 quid
588 2426 740 2456 differanta
756 2422 837 2452 servis
853 2421 936 2450 docet
948 2418 1067 2455 Quintil.
1080 2428 1105 2454 7.
1126 2426 1148 2451 3.
1163 2417 1262 2446 Servus
1273 2425 1337 2444 cum
1347 2423 1404 2443 nia-

301 2470 469 2503 numittitur,
480 2467 510 2496 fit
521 2465 680 2496 libertinus:
691 2462 823 2492 Addictus
834 2465 945 2496 recepta
952 2456 1078 2486 libertate
1088 2454 1125 2484 est
1132 2455 1277 2491 ingenuus.
1292 2453 1402 2487 Servus,

300 2510 390 2539 invito
401 2507 518 2536 domino
537 2504 694 2533 libertatem
712 2509 771 2529 non
791 2496 994 2533 consequetur:
1016 2494 1150 2524 Addietus
1165 2492 1315 2526 solvendo,
1336 2490 1404 2519 citra

299 2547 474 2577 voluntatem
499 2542 607 2572 domini
628 2539 833 2576 consequetur,
864 2536 915 2564 &a
966 2532 996 2562 V.
1020 2531 1090 2561 Gell.
1117 2541 1161 2561 20.
1186 2541 1208 2559 1.
1248 2529 1323 2558 Parei
1334 2527 1400 2557 Lex.

301 2585 369 2614 Crit.
391 2593 452 2622 pag.
467 2591 508 2617 33.
532 2580 566 2609 Et
585 2577 701 2608 Revard.
721 2585 781 2613 cap.
806 2580 831 2608 8.
852 2572 881 2602 L.
904 2571 978 2609 Sing.
997 2571 1033 2599 ad
1054 2569 1118 2606 Leg.
1139 2567 1204 2598 ΧΠ.
1226 2566 1316 2596 Tabb.
1337 2566 1404 2595 Bur-

300 2633 375 2652 man.
388 2621 423 2650 ad
445 2617 565 2656 Quintil.
584 2616 647 2646 lust.
661 2625 683 2650 3.
699 2618 724 2643 6.
743 2624 770 2651 p.
784 2622 848 2647 244.

282 2661 353 2691 Inde
366 2660 451 2689 etiam
455 2656 497 2724 Sat}
509 2655 562 2685 alia
578 2653 740 2683 transfertur
750 2673 758 2687 ‚
780 2659 840 2688 quae
850 2647 951 2678 tradita
967 2645 1011 2676 vel
1028 2644 1152 2683 exposita
1168 2643 1240 2672 sunt.
1279 2641 1310 2671 V.
1337 2640 1407 2670 Dra-

302 2698 385 2728 kenb.
406 2696 442 2726 ad
468 2695 502 2723 Ἰ.
517 2704 528 2722 1
553 2702 610 2727 ,24
629 2714 635 2721 .

283 2736 417 2767 Λάόίξὶυε
426 2756 434 2770 ,
454 2705 567 2762 Nomgn
577 2702 710 2759 Plaiutinae
722 2725 870 2756 conioediae
878 2722 912 2752 ab
922 2732 956 2752 eo
972 2722 1002 2750 in
1013 2721 1127 2759 pistrino
1142 2718 1258 2756 scriptae.
1299 2715 1405 2747 Authot

304 2774 388 2804 Varro
404 2769 481 2810 apud
498 2768 568 2799 Gell.
581 2767 629 2797 lib.
643 2776 667 2803 3.
689 2774 749 2802 cap.
768 2773 792 2801 3.

246 2816 422 2844 AnnicTe
479 2807 546 2837 Adv.
573 2812 623 2840 ut,
653 2802 797 2833 Addictius
819 2798 933 2837 regnari.
974 2796 1064 2827 Tacit.
1087 2795 1122 2824 de
1142 2794 1245 2825 Morib.
1276 2793 1404 2823 German.

283 2860 330 2887 43.
351 2859 376 2886 7.
416 2831 505 2877 Trans
524 2843 624 2881 Lygios
636 2841 779 2871 Gothones
792 2844 959 2875 regnantur,
986 2834 1070 2872 paulo
1092 2834 1147 2869 jam
1167 2832 1303 2861 addictius
1343 2841 1407 2860 iiam

285 2894 389 2918 caeterae
409 2885 611 2915 Germanorum
630 2880 750 2914 Gentes,
768 2876 896 2906 nondum
909 2881 1005 2903 tamen
1015 2872 1094 2909 supra
1104 2870 1270 2900 libertatem.
1307 2870 1327 2899 u
1341 2868 1409 2898 elio-

287 2936 329 2956 res
348 2924 412 2954 libri
424 2923 522 2960 legunt
538 2918 700 2949 Adduciius.
1077 2947 1082 2952 -
1210 2945 1215 2950 “

249 2965 458 2997 ADmCTio,
474 2959 544 2989 onis.
567 2953 735 2993 [ιωιπιὸίκη]
767 2952 826 2982 Cic.
844 2960 871 2980 2.
899 2949 974 2978 Verr.
992 2956 1033 2976 12.
1056 2945 1145 2975 Simul
1160 2946 1189 2974 in
1206 2955 1266 2981 jure
1286 2945 1409 2974 dicendo

286 3003 424 3031 bonorum
441 2995 695 3037 possessionumque
719 2997 816 3021 contra
836 2988 963 3018 omnium
980 2985 1103 3014 instituta
1113 2984 1234 3013 addictio
1254 2984 1280 3013 ἃ
1304 2983 1410 3012 condo-

286 3046 372 3068 natio.

250 3079 432 3110 Annisco,
452 3071 550 3103 didici.
571 3064 810 3107 [πεασμφνθάνω]
831 3066 885 3093 ere.
906 3061 980 3100 quasi
1003 3059 1114 3098 Aliquid
1132 3058 1234 3087 addere
1252 3058 1287 3087 ad
1307 3068 1339 3089 ea
1349 3068 1410 3095 quae

289 3113 428 3143 didiceris.
460 3111 518 3140 Cic.
542 3110 577 3138 de
599 3106 707 3137 Senec't„
726 3107 769 3134 26.
804 3102 899 3138 Quid,
922 3099 998 3137 quod
1016 3099 1099 3128 etiam
1117 3097 1263 3126 addiscunt
1281 3096 1409 3133 aliquid?

289 3158 322 3182 ut
339 3150 469 3180 Solonem
489 3149 518 3177 in
535 3145 656 3177 versibus
672 3142 836 3181 gloriantem
844 3139 981 3173 vidimus,
1002 3137 1049 3174 qui
1065 3136 1091 3165 se
1102 3134 1226 3171 quotidie
1244 3133 1349 3171 aliquid
1363 3134 1412 3163 ad-

290 3188 441 3218 discentem
454 3209 461 3222 ,
481 3185 575 3215 senem
588 3183 646 3213 fieri
664 3181 741 3210 dicit.

289 3225 453 3259 Addiscere,
481 3222 640 3259 simpliciter
658 3229 709 3259 pro
724 3215 844 3247 Discere.
866 3214 925 3243 Cic.
945 3222 970 3250 3.
1000 3212 1035 3241 de
1056 3211 1132 3241 Orat.
1156 3215 1201 3246 84.
1233 3210 1321 3246 Atque
1335 3208 1412 3238 velo-

308 3264 370 3293 cius
383 3272 451 3300 puer
471 3261 651 3289 addidicerat.

289 3300 436 3331 Addiscere
452 3298 556 3335 aliquid
575 3297 649 3326 novi.
671 3293 756 3325 Ovid.
772 3291 820 3321 lib.
834 3300 860 3320 2.
896 3290 987 3318 Amor.
1010 3298 1033 3324 ς.

287 3337 433 3369 Addiscere
450 3336 543 3370 tubas,
564 3335 659 3370 idest,
682 3339 796 3362 cantum
814 3328 952 3358 tubarum.
975 3327 1040 3355 Stat.
1054 3333 1077 3360 3.
1100 3322 1172 3364 Sylv.
1192 3331 1216 3350 1.

254 3378 444 3407 ΔοῡινῑΝο
459 3395 467 3409 ,
506 3375 521 3408 [
541 3367 764 3407 wgocfflaem'mflffia
784 3368 800 3403 ]
830 3370 884 3395 a‘ire.
918 3365 997 3394 ldem
1023 3361 1098 3399 quod
1121 3359 1236 3397 iimplex
1270 3357 1408 3387 Divinare.

292 3414 353 3443 Plin
378 3411 426 3441 lib.
443 3422 483 3447 35.
501 3420 559 3446 cap.
574 3420 614 3437 10.
637 3409 674 3438 Ut
690 3408 781 3445 Apion
793 3403 994 3434 Grammaticus
1012 3400 1144 3437 scriptum
1160 3396 1310 3433 reliquerit,
1327 3406 1413 3432 quen-

290 3452 356 3480 dam
377 3460 411 3479 ex
425 3449 495 3477 facie
505 3447 650 3475 hominum
659 3446 866 3475 addivinantem
881 3445 963 3477 (quos
973 3437 1187 3475 metoposcopos
1198 3434 1321 3469 vocant)
1333 3443 1367 3462 ex
1379 3434 1412 3462 iis

293 3487 390 3518 dixisse
399 3494 447 3516 aut
454 3486 552 3514 futurae
562 3484 658 3512 mortis
668 3493 765 3517 annos,
785 3486 832 3510 aut
841 3478 994 3517 praeteritae.

255 3528 304 3558 Ar>
314 3537 331 3555 D
343 3536 360 3555 ο
371 3547 380 3560 ,
410 3525 424 3559 [
437 3519 613 3558 πςοσδίὸωμι]
638 3521 747 3550 addare.
778 3517 944 3548 Obsoletum
957 3514 1073 3544 verbum
1085 3521 1135 3549 pro
1155 3510 1226 3539 Dare
1236 3507 1281 3537 vel
1293 3507 1410 3538 Addere.

292 3563 379 3594 Plaut.
401 3559 516 3591 Trucul.
534 3569 557 3594 5.
574 3568 615 3592 19.

367 3599 432 3629 Tuo
450 3597 580 3627 arbitratu
595 3594 671 3631 quod
693 3592 809 3627 jubebis,
831 3592 986 3621 addabitur.
1006 3589 1057 3619 Alii
1072 3588 1187 3624 legunt,
1207 3584 1237 3614 ld
1255 3583 1373 3612 dabitur.

257 3639 375 3672 Anno,
394 3636 455 3671 idi,
483 3636 554 3663 itum
567 3655 575 3667 ,
604 3631 791 3667 [πεοςὴθημι.
811 3626 960 3660 ἐπιτίθημι,
983 3626 1129 3659 ἐπιςαᾶκω]
1158 3626 1212 3652 ere.
1238 3631 1274 3650 ex
1298 3621 1359 3655 Ad,
1387 3622 1413 3649 Sc

294 3676 356 3709 Do,
378 3675 444 3708 (ἴας’,
479 3672 621 3707 Adjicere,
644 3668 810 3703 adjungere,
831 3667 897 3695 teste
919 3666 1023 3696 Servio.
1042 3664 1076 3695 Et
1096 3669 1194 3701 praeter
1208 3658 1412 3693 accusativum,

293 3712 406 3751 proprie
420 3710 513 3738 dativo
527 3707 657 3744 jungitur.
683 3705 754 3746 virg.
767 3715 792 3738 9.
826 3706 886 3732 lhn.
904 3708 966 3741 765.

411 3764 447 3768 —
467 3749 494 3776 ok
511 3745 600 3775 verbis
621 3744 678 3772 hzec
695 3743 803 3778 iniupcr
821 3742 905 3770 addit.

332 3786 371 3815 Ut
388 3785 495 3821 semper
520 3781 622 3819 aliquid
645 3779 749 3808 addant
767 3778 921 3807 ditioribus.

296 3824 404 3854 Addere
419 3823 475 3855 ad,
497 3820 539 3849 vel
564 3821 601 3847 iii.
624 3818 681 3846 Cic.
710 3827 732 3844 1.
765 3815 820 3843 ou.
843 3825 884 3851 37.

315 3861 382 3892 addi
400 3859 515 3898 potest?
545 3858 623 3888 Idem
647 3855 682 3884 ad
706 3856 759 3883 Att.
779 3852 828 3882 lib.
849 3863 871 3881 1.
890 3861 931 3887 13,

1074 3738 1138 3768 Ter.
1161 3736 1270 3765 Phorm.
1296 3744 1319 3763 1.
1345 3743 1367 3763 1.
1385 3738 1411 3767 8.

926 3814 1003 3851 Quid
1025 3813 1060 3842 ad
1080 3813 1152 3841 hanc
1174 3809 1416 3840 mansuetudinem

981 3851 1014 3882 ln
1033 3850 1109 3880 illam
1122 3850 1278 3879 orationem
1294 3845 1417 3879 metelu-

1884 55 1911 90 A
2008 52 2042 89 D
2140 51 2173 87 D

1480 139 1654 212 {amclad'didi
1673 139 1808 176 quaedam.
1848 137 1881 167 Iri
1900 138 1941 166 his
1962 137 2075 175 ponitur
2098 131 2267 164 accusativus
2288 142 2353 163 cum
2377 131 2580 170 praepositione‚

1502 185 1531 204 ro
1568 182 1649 205 ativo.

1463 213 1571 256 Addere
1593 224 1625 242 ex
1639 214 1801 242 abundanti.
1833 212 1952 249 Quintil.
1969 208 2016 241 lib.
2036 223 2061 247 4.
2082 221 2142 248 cap.
2159 221 2182 246 5.

1463 251 1580 280 Additur
1595 252 1624 280 in
1641 261 1706 280 cava
1724 251 1860 280 dentium.
1883 250 1951 279 Plin.
1969 249 2016 278 lib.
2034 258 2077 284 29.
2099 258 2157 282 cap.
2175 252 2202 281 8.

1464 289 1573 318 Addere
1591 290 1620 317 in
1640 298 1765 317 coronas.
1792 288 1857 317 l'lin.
1872 288 1918 317 lib.
1940 297 1984 316 21.
2006 297 2066 323 cap.
2087 297 2113 322 4.
2132 283 2141 286 ⁷

1464 326 1572 355 Addere
1599 328 1627 355 in
1647 332 1716 363 potu
1734 333 1916 363 unguentum.
1940 325 2008 354 Plin.
2028 324 2076 353 lib.
2095 333 2136 358 13.
2162 331 2222 359 cap.
2245 329 2269 357 3.

1464 364 1496 393 In
1518 374 1602 407 nares.
1628 364 1694 392 Plin.
1717 363 1763 406 lib.
1786 374 1829 399 25.
1857 373 1916 401 cap.
1940 373 1981 392 11.
2023 362 2123 399 Purgat
2142 366 2237 389 autem
2252 356 2422 396 cyclaminos
2441 365 2507 388 cum
2516 356 2586 387 mel-

1484 401 1510 430 le
1529 412 1557 430 in
1576 411 1653 430 nares
1673 401 1775 430 addita.

1466 439 1574 468 Addere
1590 440 1619 467 in
1644 449 1729 468 ovum
1746 439 1837 467 inane.
1859 436 1928 467 Plin.
1947 436 1996 466 lib.
2018 446 2063 465 20.
2075 445 2135 473 cap.
2155 444 2199 464 22.

1468 477 1585 506 Additur
1598 477 1626 504 in
1641 477 1793 513 potionem.
1824 476 1892 505 Plin.
1914 475 1961 504 lib.
1983 484 2028 503 20.
2058 483 2118 510 cap.
2138 482 2184 509 23.

1469 515 1577 544 Addere
1592 521 1618 542 at
1639 524 1673 543 ue
1692 514 1787 543 afferi-e
1799 514 1834 542 de
1852 513 1909 542 suo.
1936 512 1993 541 Cic.
2016 523 2042 547 4.
2064 511 2140 540 Fam.
2163 520 2187 547 3.
2226 509 2281 539 Sed
2297 508 2403 545 aliquid
2415 514 2497 546 atque
2516 509 2587 538 adeo

1489 551 1577 618 {pulpa
1599 562 1613 580 a
1636 552 1707 581 dunt
1725 551 1899 588 afferuntque
1926 550 1961 579 de
1981 549 2038 579 suo.
2078 548 2158 578 Idem
2179 548 2214 577 de
2225 546 2318 585 Arusp.
2343 546 2423 584 Resp.
2446 545 2524 576 Nihil
2542 547 2590 576 ad-

1512 600 1527 618 o
1543 601 1551 617 i
1563 599 1577 617 e
1594 599 1666 618 meo.

1471 628 1556 657 Addit
1568 627 1630 656 hoc.
1670 626 1703 656 Id
1715 627 1770 663 est,
1787 627 1850 657 Hoc
1864 627 1933 655 dicit
1943 631 2082 663 praeterea.
2104 623 2169 653 Ter.
2188 624 2259 653 Eun.
2282 633 2304 651 1.
2326 632 2352 651 2.
2373 631 2418 657 34.

1473 665 1550 707 Adde
1574 664 1721 707 liuc,·s1ve
1745 665 1808 694 Huc
1827 665 1915 694 adde:
1947 663 2048 691 modus
2067 661 2254 691 connectendi
2271 660 2442 689 sententias:
2464 669 2515 696 pro
2535 668 2591 696 quo

1492 711 1576 745 etiam
1599 702 1719 737 dicitur,
1751 702 1814 732 Huc
1833 702 1943 731 accedit
1966 701 2050 737 quod.
2085 702 2111 729 δὲ
2130 705 2270 735 utrunque
2288 697 2423 735 loquendi
2443 707 2529 734 genus
2543 707 2592 734 po-

1491 747 1567 783 nitur
1584 739 1660 768 velut
1683 750 1733 777 pro
1750 740 1882 770 adverbio
1902 739 2015 768 ordinis.
2050 737 2106 767 Liv.
2127 747 2153 774 7.
2177 736 2211 765 ab
2232 735 2298 765 Urb.
2334 735 2411 764 Adde
2432 734 2488 764 huc
2502 744 2592 772 popu-

1492 778 1626 807 lationem
1643 787 1789 814 agrorum,
1818 778 1923 816 praedas
1943 777 2091 805 hominum
2107 782 2188 812 atque
2209 773 2352 812 pecudum
2372 774 2453 802 actas.

1473 815 1551 846 Adde
1568 815 1665 852 quod,
1685 816 1804 845 eandem
1824 816 1879 844 vim
1897 814 1989 843 habet.
2011 814 2093 843 Ovid.
2114 823 2137 849 3.
2160 815 2195 841 de
2214 813 2275 841 Arte
2287 812 2344 840 Am.
2359 815 2420 847 538.

1555 853 1632 881 Adde
1647 853 1722 890 quod
1738 854 1842 882 insidiae
1862 853 1941 881 sacris
1963 863 1978 881 a
1991 852 2099 881 vatibus
2119 850 2226 880 absunt.

1474 891 1555 922 Addo
1569 891 1661 933 etiam.
1686 890 1745 920 Cic.
1760 902 1782 920 1.
1802 891 1859 934 Off.
1872 894 1916 927 67.
1958 890 2063 919 Harum
2078 899 2169 918 rerum
2188 888 2306 916 duarum
2318 885 2449 924 splendor
2465 885 2555 914 omnis
2567 885 2595 914 Sc

1494 928 1651 965 amplitudo
1666 950 1674 963 ,
1694 928 1767 958 addo
1780 936 1863 957 etiam
1879 928 2046 962 utilitatem,
2067 928 2097 956 in
2131 927 2268 955 osteriore.
2463 940 2465 942 ·

1474 967 1582 997 Addere
1602 966 1719 1009 historiae
1734 967 1868 1001 majorem
1886 966 1985 994 sonum
2000 966 2084 995 vocis.
2109 937 2166 994 iiic.
2180 974 2206 993 2.
2239 963 2274 992 de
2289 962 2366 991 Orat.
2386 972 2428 996 54.
2450 958 2598 989 Paululum

1493 1005 1520 1034 se
1537 1011 1641 1047 erexit,
1666 1005 1692 1033 Sc
1708 1004 1816 1047 addidit
1832 1004 1949 1046 historiiae
1974 1004 2109 1039 majorem
2121 1002 2220 1031 sonum
2234 1001 2310 1030 vocis
2321 1000 2361 1028 vir
2382 1009 2398 1027 o
2420 999 2503 1027 timus
2514 996 2599 1026 Crassi

1494 1041 1635 1071 familiaris
1652 1043 1814 1079 Antipater:
1847 1049 1939 1071 caeteri
1954 1051 2013 1070 non
2027 1047 2205 1071 exornatores
2225 1048 2335 1073 rerum,
2367 1009 2417 1065 seg
2430 1042 2599 1065 tantummo-

1496 1081 1533 1109 do
1554 1086 1715 1109 narratores.

1476 1117 1770 1161 Addere&'Demere,
1790 1117 1933 1147 contraria.
1955 1117 2013 1146 Cic.
2027 1128 2054 1154 4.
2075 1116 2159 1146 Acad.
2171 1126 2216 1152 49.
2243 1113 2316 1144 Cum
2325 1110 2599 1151 aliquidminutatim

1496 1158 1522 1186 δέ
1534 1156 1667 1192 gradatim
1685 1156 1796 1185 additur
1810 1162 1857 1184 aut
1876 1155 2005 1184 demitur.

1477 1194 1585 1224 Addere
1601 1194 1626 1236 ᾃ
1644 1193 1769 1224 Adimere
1785 1193 1929 1222 contraria.
1951 1193 2016 1222 Ter.
2037 1192 2145 1221 Phorm.
2167 1201 2192 1220 2.
2209 1201 2233 1220 1.

1559 1231 1618 1267 Qui
1635 1230 1706 1268 saepe
1723 1238 1835 1269 propter
1854 1231 1988 1259 invidiam
2010 1230 2139 1259 adimunt
2157 1229 2236 1258 diviti
2250 1250 2259 1263 ,

1558 1270 1613 1298 Aut
1633 1276 1746 1307 propter
1760 1269 1975 1298 misericordiam
1986 1291 1994 1303 ,
2012 1268 2122 1297 addunt
2141 1266 2266 1305 pauperi.

1479 1306 1588 1337 Addere
1607 1308 1633 1336 δι
1653 1307 1815 1351 detrahere,
1839 1307 1985 1335 contraria.
2006 1305 2064 1335 Cic.
2079 1315 2105 1334 2.
2117 1305 2152 1334 de
2166 1305 2243 1334 Orat.
2254 1306 2298 1332 26.
2329 1301 2468 1339 Equidem
2478 1299 2514 1329 sic
2532 1298 2607 1335 judis

1499 1355 1560 1388 ctare
1567 1344 1660 1379 soleo,
1684 1345 1818 1382 quicquid
1827 1352 1874 1373 aut
1891 1344 2030 1374 addideris
2041 1366 2050 1380 ,
2071 1350 2119 1372 aut
2128 1341 2296 1377 mutaveris,
2317 1346 2366 1369 aut
2375 1338 2526 1369 detraxeris
2537 1359 2545 1373 ,
2563 1338 2604 1367 vi-

1498 1384 1593 1411 tiohus
1611 1383 1638 1411 &
1653 1382 1774 1412 deterius
1792 1383 1925 1411 futurum.

1481 1421 1589 1463 Addere
1601 1419 1799 1455 &Deducere,
1824 1420 1969 1449 contraria.
1998 1419 2056 1449 Cic.
2076 1428 2099 1448 1.
2123 1417 2181 1447 Off.
2197 1428 2240 1453 59.
2261 1416 2300 1445 Ut
2313 1414 2381 1444 boni
2398 1414 2607 1443 ratiocinatores

1501 1458 1722 1525 pfficiorufiinteffe
1732 1458 1875 1497 poffimus,
1896 1459 1922 1488 ἅ
1933 1457 2064 1487 addendo
2085 1455 2310 1492 deducendoque
2325 1453 2420 1483 videre
2430 1462 2491 1490 quae
2506 1450 2605 1488 reliqui

1515 1506 1607 1525 uinina
1645 1505 1680 1525 a.

1482 1534 1659 1577 Alacritatem
1676 1533 1814 1563 scribendi
1832 1533 1923 1562 alicui.
1946 1532 2004 1562 Cic.
2026 1536 2067 1562 16.
2089 1532 2144 1562 Att.
2157 1540 2182 1568 3.

1483 1573 1634 1640 Agnijissm’
1662 1581 1714 1610 pro
1725 1572 1838 1609 Augere.
1861 1571 1919 1601 Cic.
1939 1580 1964 1607 7.
1985 1571 2039 1599 Att.
2059 1580 2085 1600 2.
2127 1570 2206 1607 Quos
2224 1575 2255 1598 tu
2274 1567 2416 1597 laudando
2437 1565 2546 1594 animos
2559 1563 2607 1593 ad-

1524 1620 1542 1638 l(
1586 1620 1603 1638 1.

1484 1649 1578 1690 Annos
1599 1647 1671 1689 duos
1688 1645 1833 1676 addiderat
1852 1645 1888 1675 ad
1905 1645 1963 1675 duo
1980 1645 2070 1675 lustra.
2092 1645 2126 1677 Id.
2141 1644 2198 1680 est,
2217 1643 2309 1674 Natus
2324 1647 2383 1673 erat
2397 1649 2486 1671 annos
2501 1638 2606 1669 duode-

1503 1695 1568 1714 crm.
1592 1684 1675 1714 Ovrd.
1699 1695 1725 1720 4.
1758 1684 1824 1714 Fast.
1845 1693 1909 1720 702.

1485 1724 1591 1760 Aquam
1612 1722 1739 1751 flammat.
1759 1721 1854 1752 Tibul.
1872 1721 1919 1751 lib.
1939 1731 1964 1751 2.
1995 1720 2071 1758 Eleg.
2096 1731 2124 1757 4.

1484 1762 1618 1803 Ardorem
1641 1760 1790 1789 mentibus.
1825 1759 1898 1796 Virg.
1923 1769 1948 1795 9.
1980 1759 2041 1789 ΖΕΗ.
2064 1764 2125 1794 184.

1563 1797 1644 1865 {isus
1657 1798 1718 1864 laig:
1741 1798 1825 1828 Diine
1844 1797 1920 1827 hunc
1936 1797 2064 1826 ardorem
2078 1795 2219 1826 mentibus
2230 1795 2339 1824 addunt

1590 1846 1656 1873 urya
1669 1846 1683 1864 e
1699 1859 1704 1864 .

1489 1874 1584 1904 Calcat
1602 1874 1705 1917 alicui,
1725 1872 1871 1903 Stimulare
1889 1874 1916 1902 ἃ
1928 1873 2064 1910 instigare.
2084 1871 2152 1900 Hor.
2168 1880 2194 1900 2.
2212 1870 2296 1908 Epist.
2323 1879 2347 1898 1.
2365 1877 2428 1899 217.

1522 1951 1527 1956 .
1564 1913 1648 1941 Addis
1668 1921 1772 1940 cornua
1792 1911 1915 1949 pauperi.
1956 1911 1985 1939 id
2002 1911 2058 1945 est,
2079 1909 2261 1946 Superbiam,
2285 1907 2489 1945 petulantiam,
2505 1904 2614 1933 violen-

1508 1957 1582 1993 tiam.
1607 1950 1674 1979 Hor.
1689 1959 1713 1986 3.
1737 1949 1792 1978 Od.
1808 1959 1852 1978 21.
1867 1954 1909 1983 18.
1931 1948 2094 1986 amphorani
2110 1947 2169 1976 vini
2186 1946 2339 1983 alloquens.
2378 1943 2475 1975 Simile
2489 1942 2527 1972 est
2541 1941 2612 1971 illud

1509 1988 1593 2018 Ovid.
1607 1999 1628 2017 1.
1642 1988 1676 2017 de
1690 1989 1753 2016 Arte
1765 1987 1823 2016 Am.
1836 1996 1900 2022 239.

1571 2026 1596 2055 T
1599 2036 1654 2054 unc
1677 2026 1795 2054 veniunt
1816 2024 1902 2059 risus,
1926 2029 1994 2052 tunc
2012 2032 2118 2061 pauper
2131 2031 2235 2051 cornua
2245 2020 2334 2050 sumit.
2423 2017 2558 2051 Proinde,
2576 2016 2614 2045 ait

1509 2064 1620 2130 gestus,
1641 2064 1773 2130 homiffiis·
1782 2063 1870 2092 nimio
1883 2062 1949 2092 vino
1968 2069 2058 2091 truces
2071 2061 2130 2090 fieri
2142 2082 2150 2096 ,
2172 2061 2197 2089 δέ
2216 2060 2282 2088 ideo
2300 2057 2392 2087 Liberi
2402 2057 2486 2094 patris
2507 2053 2615 2084 simula-

1511 2112 1578 2131 οπο
1595 2111 1724 2130 cornuaa
1766 2111 1782 2130 1.

1493 2141 1575 2207 Agrip)
1592 2139 1722 2206 aliquerrg.
1759 2138 1792 2168 Id
1802 2138 1855 2174 est,
1878 2137 2000 2168 Indivos
2009 2136 2128 2172 referre,
2146 2135 2219 2165 coelo
2231 2133 2393 2164 adscribere.
2427 2131 2511 2161 Ovid.
2524 2130 2572 2160 lib.
2585 2139 2611 2165 4.

1534 2188 1548 2207 e
1578 2185 1646 2206 onto
1660 2183 1685 2211 8.
1741 2200 1747 2206 .

1495 2217 1675 2253 Cognomen,
1696 2187 1747 2253 pr3o
1757 2214 1971 2252 Cognoniinare.
1992 2211 2050 2241 Liv.
2067 2223 2094 2248 4.
2112 2211 2146 2240 ab
2160 2210 2226 2240 Urb.

1570 2255 1603 2282 At
1622 2263 1691 2291 puer
1709 2253 1838 2282 Ascanius
1857 2252 1903 2280 cui
1921 2260 1996 2280 nunc
2017 2259 2176 2287 cognomen
2199 2247 2268 2278 Iulo.

1514 2292 1584 2321 infra
1597 2292 1704 2321 Addere
1719 2291 1847 2325 Nomen,
1870 2288 2051 2318 Vocabulum.

1494 2330 1620 2365 Addere,
1640 2329 1685 2358 vel
1702 2329 1807 2358 Ponere
1824 2327 1858 2356 ad
1876 2327 2085 2364 compendium.
2107 2323 2194 2354 Plaut.
2216 2322 2306 2352 Casiri.
2319 2331 2342 2358 3.
2359 2332 2381 2350 1.
2395 2330 2420 2357 3.

1495 2367 1655 2409 Cumulum*
1670 2365 1931 2396 commendationis.
1964 2364 2020 2393 Cic.
2041 2372 2082 2400 13.
2103 2362 2178 2392 Fam.
2197 2371 2239 2396 15.
2299 2361 2327 2390 Si
2351 2359 2386 2389 ad
2405 2358 2435 2387 id
2454 2357 2531 2395 quod
2548 2355 2619 2394 ipso-

1514 2416 1575 2434 rum
1588 2406 1666 2434 caula
1679 2405 1734 2439 vis,
1754 2403 1892 2433 addideris
1906 2402 2051 2431 cumulum
2068 2399 2321 2429 commendationis
2343 2407 2420 2426 meae.

1496 2444 1645 2473 Custodem
1660 2442 1704 2471 vel
1711 2442 1842 2471 comitem
1853 2463 1860 2476 ,
1882 2451 1932 2478 pro
1943 2440 2024 2469 Dare.
2045 2438 2131 2467 Plaut.
2154 2436 2238 2466 Milit.
2259 2446 2284 2466 2.
2297 2441 2322 2466 6.
2335 2440 2379 2469 69.

1534 2482 1585 2511 Cui
1598 2491 1641 2510 me
1655 2480 1799 2510 custodem
1809 2479 1890 2508 herus
1910 2478 2018 2507 addidit
2030 2476 2110 2505 miles
2129 2484 2217 2504 meuS.
2339 2473 2414 2510 Virg.
2430 2481 2456 2507 9.
2477 2471 2540 2502 AEn.
2552 2473 2616 2506 649.

1576 2519 1651 2548 Tum
1671 2519 1804 2547 comitem
1822 2517 1936 2546 Ascanio
1953 2523 2030 2553 pater
2048 2514 2164 2543 addidit.

1496 2557 1562 2587 Dies
1586 2566 1690 2595 paucos
1711 2556 1761 2585 sibi
1780 2555 1881 2584 addere
1900 2554 1936 2583 ad
1956 2554 2120 2582 dictaturam
2134 2550 2292 2588 gerendam.
2315 2548 2373 2578 Cic.
2387 2557 2410 2585 3.
2434 2546 2492 2576 Off.
2518 2555 2579 2576 112.

1496 2596 1579 2636 Dono
1592 2595 1710 2629 addere,
1732 2593 1804 2631 quasi
1818 2592 1930 2630 Insuper
1949 2591 2022 2620 dare.
2052 2590 2138 2619 Plaut.
2153 2588 2232 2625 Epid.
2249 2597 2272 2623 3.
2285 2599 2310 2622 4.
2325 2592 2368 2621 38.

1497 2633 1638 2700 hglempilis
1667 2631 1828 2699 rpelioribus
1855 2630 1881 2660 se
1906 2630 2016 2659 addere.
2066 2628 2129 2657 Hoc
2153 2629 2210 2661 eit,
2238 2624 2372 2662 Exempla
2392 2621 2508 2652 meliora
2532 2621 2617 2658 sequi.

1552 2682 1614 2700 aut.
1648 2693 1654 2700 .
1696 2680 1747 2699 ane
1768 2692 1774 2698 .
1790 2679 1830 2699 12.

1497 2709 1578 2778 Fffita
1587 2682 1728 2776 pofii6citis.
1750 2679 1801 2737 gld
1811 2707 1848 2737 est
1863 2729 1871 2743 ‚
1891 2706 1992 2736 Facere
2007 2704 2054 2734 seu
2071 2702 2188 2741 implere
2211 2700 2288 2740 quod
2305 2698 2472 2740 promiseris.
2494 2696 2578 2727 Ovid.
2592 2705 2619 2727 20

1547 2757 1608 2777 nor.
1634 2756 1644 2775 1
1670 2769 1676 2776 .
1739 2768 1744 2776 .

1499 2787 1612 2821 Fidem,
1632 2795 1682 2824 pro
1698 2751 1882 2814 {gonfirmare
1905 2780 1974 2811 Plin.
1993 2779 2075 2818 Epist.
2099 2784 2163 2815 248.

1500 2826 1597 2855 Fidem
1613 2821 1768 2862 pollicitam
1786 2821 1875 2851 dietis.
1905 2819 1988 2849 Ovid.
2011 2829 2035 2857 3.
2057 2818 2124 2848 Fast.
2148 2819 2210 2854 366.

1500 2864 1644 2894 fiduciam
1662 2862 1754 2891 alicui.
1786 2859 1876 2889 Tacit.
1894 2858 1962 2887 Hist.
1986 2867 2009 2887 Ι.

1500 2902 1597 2931 finem
1618 2900 1702 2930 alicui
1719 2900 1775 2933 rei,
1798 2907 1848 2936 pro
1860 2897 2016 2934 liiiponere.
2041 2893 2138 2924 Claud.
2160 2902 2186 2930 7.
2207 2891 2308 2929 Paneg.

1500 2940 1587 2969 Frena
1599 2939 1687 2976 equis.
1715 2938 1788 2974 Virg.
1809 2947 1831 2971 5.
1854 2935 1914 2965 AEn.
1933 2940 1996 2970 817.

1575 2977 1671 3014 jungit
1689 2985 1775 3013 equos
1795 2983 1875 3003 curru
1895 2973 2002 3009 genitor
2014 2993 2022 3005 ,
2044 2969 2253 3008 spumantiaque
2271 2966 2350 2995 addit
2476 2961 2573 2991 Frena.

1501 3015 1576 3052 Fuga
1595 3015 1620 3043 se
1641 3014 1750 3043 addidit
1772 3013 1872 3041 horum
1890 3010 2039 3039 mentibus.
2065 3007 2149 3036 Valer.
2170 3006 2258 3035 flacc.
2270 3009 2296 3034 6.
2318 3005 2418 3040 Argon.
2433 3006 2496 3035 181.

1503 3053 1635 3087 Crudum,
1646 3062 1696 3090 pro
1706 3050 1864 3081 Accelerare
1884 3048 2006 3085 gradum.
2030 3045 2097 3074 Plin.
2110 3045 2192 3082 Epist.
2207 3046 2268 3073 106.

1502 3091 1637 3120 Laborem
1659 3090 1741 3119 alicui
1761 3088 1808 3117 rei.
1831 3086 1921 3116 Tacit.
1941 3098 1966 3121 4.
1993 3084 2060 3113 Hist.

1502 3130 1623 3159 Lucrum
1638 3127 1765 3165 emptori.
1789 3125 1846 3154 Cic.
1872 3135 1895 3158 ς.
1918 3123 1990 3152 Verr.

1502 3168 1604 3197 Manus
1624 3167 1652 3194 in
1669 3164 1788 3195 vincula.
1811 3163 1894 3192 Ovid.
1912 3172 1934 3190 1.
1957 3162 2046 3189 Amor.
2061 3168 2103 3195 71.
2134 3157 2167 3187 Id
2183 3157 2236 3192 est,
2258 3153 2423 3191 Conjicere.·

1503 3206 1638 3235 Naturam
1651 3226 1658 3239 ‚
1679 3213 1729 3241 pro
1742 3202 1819 3231 Dare.
1843 3200 1912 3237 Virg.
1930 3210 1955 3235 4.
1978 3200 2075 3234 Georg.
2094 3206 2152 3232 149·

1584 3243 1668 3272 Nunc
1687 3251 1754 3278 age,
1777 3247 1886 3267 naturas
1904 3236 2020 3274 apibus,
2041 3243 2107 3272 quas
2130 3232 2258 3270 juppiter
2280 3229 2337 3268 ipse

1583 3279 1698 3309 Addidit
1709 3301 1716 3312 ,
1738 3277 1893 3313 expediam.

1502 3320 1615 3350 Nomen
1635 3316 1725 3346 alicui.
1754 3314 1851 3343 Claud.
1873 3324 1895 3348 5.
1926 3312 2025 3348 Paneg.

1502 3360 1626 3394 Operam
1637 3377 1645 3389 ,
1666 3364 1716 3393 pro
1733 3353 1804 3382 Dare
1819 3360 1939 3389 operam.
1962 3349 2048 3378 Plaut.
2065 3345 2172 3387 Poenul.
2182 3357 2210 3381 4.
2224 3354 2250 3374 2.
2261 3348 2306 3380 48.
2455 3378 2462 3383 Ὶ

1522 3395 1587 3424 liam
1607 3393 1718 3422 interire
1737 3390 1830 3427 cupio.
1862 3399 1891 3417 M.
1912 3388 1983 3416 adde
2001 3394 2114 3423 operam
2132 3386 2149 3412 li
2161 3383 2248 3421 cupis.
2300 3380 2379 3410 Idem
2396 3378 2463 3407 Peri.
2488 3389 2515 3414 4.
2535 3387 2561 3412 4.
2579 3384 2623 3412 77.

1523 3434 1627 3470 Optata
1648 3437 1679 3459 ut
1693 3427 1862 3458 conveniant
1874 3448 1882 3460 ,
1910 3434 2022 3462 operam
2040 3423 2144 3451 addim.

1502 3467 1703 3501 Partesillaesas
1722 3466 1832 3496 vitiatis.
1868 3463 1951 3493 Ovid.
1975 3472 2000 3491 2.
2031 3461 2099 3490 Met.
2126 3462 2188 3492 826.

1503 3508 1599 3538 Scelus
1619 3505 1721 3535 addere
1743 3504 1772 3532 in
1792 3501 1888 3531 scelus.
1913 3500 1996 3529 Ovid.
2021 3504 2047 3532 8.
2070 3498 2138 3527 Met.
2159 3502 2223 3532 484.

1580 3545 1611 3573 ln
1635 3543 1722 3572 scelus
1741 3540 1903 3570 addendum
1919 3537 2006 3566 scelus
2026 3535 2081 3570 est,
2111 3536 2140 3563 in
2156 3535 2254 3563 funera
2272 3532 2365 3561 funus.

1503 3585 1586 3621 Spem
1611 3584 1637 3611 S<
1653 3588 1760 3609 metum
1779 3577 1870 3607 alicui.
1904 3576 1993 3605 Tacit.
2021 3585 2042 3602 1.
2066 3573 2132 3602 illst.

1504 3619 1637 3651 Stimulos
1657 3619 1686 3647 in
1703 3616 1795 3655 przelia
1813 3614 1908 3643 menti.
1929 3613 2029 3642 Lucan.
2052 3611 2098 3639 lib.
2127 3620 2148 3638 1.
2169 3612 2232 3645 263.

1504 3657 1632 3696 lnspatia
1647 3656 1758 3684 addere.
1780 3654 1852 3689 Virg.
1879 3662 1900 3680 1.
1933 3651 2031 3685 Georg.
2054 3657 2114 3683 <13-

1581 3695 1617 3723 Ut
1636 3703 1723 3730 quum
1741 3690 1896 3722 carceribus
1914 3688 1968 3717 sese
1982 3687 2106 3715 effudere
2127 3684 2282 3722 quadrigae:

1587 3731 1700 3760 Addunt
1719 3731 1747 3758 in
1768 3729 1851 3767 spatia
1864 3749 1872 3761 ,
1895 3729 1920 3756 ἃ
1940 3727 2034 3754 frustra
2062 3722 2212 3752 retinacula
2234 3719 2363 3753 tendens,

1586 3770 1681 3798 Fertur
1699 3767 1777 3804 equis
1796 3766 1905 3801 auriga,
1922 3772 2012 3799 neque
2029 3762 2106 3790 audit
2121 3769 2216 3788 currus
2231 3757 2361 3787 habenas.

1526 3808 1614 3839 tendo
1631 3806 1695 3846 plus
1714 3814 1811 3835 eorum
1828 3801 1920 3833 cursus
1935 3807 2059 3839 augetur.
2111 3798 2230 3829 Servius.

2321 2209 2394 2245 Virg.
2410 2217 2432 2236 1.
2454 2206 2517 2237 AEn.
2528 2209 2591 2242 267.

2364 2245 2491 2275 Additur.
2531 2242 2614 2273 Conf-

2457 3753 2489 3784 ld
2503 3751 2550 3788 est,
2563 3750 2631 3780 Cur·-

2525 3900 2632 3931 Vitium

2348 3340 2385 3371 Ut
2404 3350 2456 3378 ego
2467 3337 2624 3369 hancfiuiii-
2656 3341 2660 3346 ·
