2604 4222
576 57 604 92 A
699 58 728 92 E
826 56 857 91 R

234 143 362 173 tudinem
381 150 492 170 cernere
501 138 643 178 possumus
662 139 692 168 in
705 139 748 168 his
759 138 836 175 aquis
856 145 916 174 quae
927 132 1109 163 effervescunt
1127 131 1243 161 subditis
1263 130 1333 169 igni-

237 181 296 210 bus.
319 179 402 209 Ovid.
422 189 445 207 1.
465 179 557 207 Amor.
578 187 619 213 13.

218 220 270 250 Aer
282 218 354 247 fusus
371 219 396 247 δε
407 222 579 245 extenuatus.
604 214 661 243 Cic.
680 224 706 244 2.
719 214 754 243 de
770 213 834 242 Nat.
850 210 933 239 Deor.
961 219 1003 237 10.
1026 208 1097 237 Exin
1115 207 1182 236 mari
1200 206 1334 235 finitimus

218 284 220 289 ,
239 259 284 285 aer
296 256 340 284 die
353 257 378 284 S:
392 255 473 283 nocte
485 253 667 288 distinguitur.
705 252 784 287 Isque
796 257 855 278 tum
867 246 940 275 fusus
952 248 978 276 δι
987 252 1153 275 extenuatus
1163 244 1277 274 sublime
1286 244 1337 274 ser-

238 301 298 323 tur:
320 300 379 322 tum
390 300 483 320 autem
494 298 649 324 concretus,
668 290 697 317 in
707 288 793 318 nubes
804 286 920 322 cogitur.

221 331 345 361 Gelidus.
387 330 417 358 V.
439 328 679 358 Tenuareaerem.

219 369 368 400 Humidus.
390 367 492 396 Lucan.
512 366 560 395 lib.
578 377 604 400 4.
619 374 662 401 71.

219 406 380 438 ImmensuS.
403 403 497 434 Tibul.
518 404 564 432 lib.
578 414 604 438 4.
622 412 644 430 1.
658 411 699 436 19.

218 444 382 481 Jucundior.
405 442 502 471 Claud.
514 442 543 470 in
553 441 638 476 Nupt.
654 437 773 468 Honorii
785 437 811 466 ἃ
822 435 925 465 Mariae.
950 441 1014 472 238.

220 483 330 519 Largus.
353 479 518 510 Lucret.lib.
535 490 560 514 4.
571 483 633 512 892.

220 520 347 549 Laxatus.
383 518 413 546 V.
435 517 520 555 paulo
535 522 608 547 ante,
625 511 971 542 nerdensatusfflaxatus.

220 557 354 594 Liquidus
368 578 375 590 7
397 556 414 583 i.
436 564 460 583 e.
484 554 577 582 Purus.
601 551 670 588 Virg.
685 561 706 579 1.
722 550 821 587 Georg.
835 560 901 586 404.

221 595 354 631 Liquidus
371 595 396 623 &a
406 601 499 630 purus.
522 590 589 619 Plin.
601 588 648 617 lib.
665 598 689 617 2.
702 598 762 626 cap.
780 597 823 623 23.

220 632 370 669 Liquidum
389 633 448 659 aera
466 629 596 657 lambere.
618 627 685 656 Stat.
700 637 724 662 5.
746 625 836 655 Theb.
852 634 913 662 524.

220 670 351 700 Lucidus.
373 667 456 697 Ovid.
470 677 492 694 1.
514 666 580 695 fast.
598 675 656 700 105.

220 708 385 738 madentem
399 714 458 733 rore
471 706 531 732 asra
548 703 688 740 suspirare.
709 702 813 733 Lucan.
833 702 882 732 lib.
903 706 928 731 6.
951 711 1014 738 370.
1036 701 1062 730 h.
1072 711 1095 731 e.
1124 700 1276 736 Exhalare,
1297 699 1342 730 vel

245 744 346 774 sursum
365 741 510 777 exhalare,
531 741 658 770 emittere
671 762 679 777 ,
701 741 835 779 expirare.
868 740 1032 770 deflumine.

220 783 348 819 Magnus.
374 780 443 817 Virg.
463 789 485 810 1.
510 779 572 808 AEn.
589 789 650 815 300.

221 819 344 851 Mobilis.
366 817 475 847 Lucret.
495 817 544 846 lib.
561 829 587 853 4.
603 823 666 853 891.

221 857 378 888 morbidus.
419 856 450 885 V.
472 866 519 884 no
531 865 571 884 as
583 865 629 884 us.

220 894 378 926 Nebulosus
397 893 554 924 &roscidus
566 895 611 922 aer
628 893 777 923 aflumine.
798 891 867 922 Plin.
881 890 929 921 lib.
942 900 986 920 21.
1000 898 1059 927 cap.
1071 898 1097 925 7.

218 933 313 970 Niger.
335 932 407 969 Virg.
423 943 445 961 1.
462 932 553 969 Georg
572 937 635 967 428.

218 970 369 1001 Nimbosus
380 969 475 999 dillilit
486 972 539 998 aer.
561 968 663 998 Lucan.
675 968 723 998 lib.
739 979 762 1005 5.
779 972 842 1004 631.

217 1008 341 1038 Nitidus.
364 1008 431 1037 Stat.
454 1018 476 1036 1.
503 1007 576 1045 Sylv.
595 1017 619 1043 3.

217 1047 336 1082 Nudus,
358 1047 375 1075 i.
397 1056 421 1075 e.
443 1047 568 1083 Apertus.
593 1046 659 1075 Stat.
683 1055 709 1081 9.
731 1043 824 1073 Theb.

217 1084 369 1114 Obscurus.
404 1084 474 1121 Virg.
495 1094 518 1113 1.
554 1083 616 1114 ΖΕΗ.
637 1092 701 1118 411.

218 1122 325 1152 Pallore
335 1122 447 1152 obsitus.
469 1121 570 1151 Lucan.
591 1121 638 1150 lib.
653 1131 676 1156 5.
694 1124 757 1155 627.

218 1160 349 1196 Pacatus,
378 1161 396 1189 i.
420 1170 443 1189 e.
466 1159 645 1196 Tranquillus
665 1160 690 1188 S:
708 1157 827 1186 serenus.
849 1155 1131 1192 Lucret.lib.3.293.

218 1198 330 1228 Pestifer
338 1201 382 1227 aer
392 1198 474 1227 saevit.
497 1198 594 1226 Claud.
611 1197 646 1226 de
656 1195 723 1226 Bell.
740 1194 813 1224 Gild.
834 1204 876 1229 15.
896 1204 957 1230 514.

218 1236 305 1275 Piger.
328 1236 395 1265 Plin.
409 1247 433 1265 2.
456 1236 538 1273 Epist.
563 1245 604 1272 17.
646 1232 876 1272 Cryptoporticus
893 1231 1054 1269 patentibus
1068 1229 1192 1259 fenestris
1208 1228 1342 1259 Favonios

237 1275 356 1313 accipit,
377 1274 592 1310 transmittitque
604 1283 609 1302 :
631 1282 683 1301 nec
694 1280 817 1308 unquam
829 1272 890 1299 aere
903 1270 982 1308 pigro
992 1271 1017 1298 ἃ
1026 1273 1157 1297 manente
1170 1265 1340 1305 ingravescit.

237 1314 255 1343 i.
278 1324 301 1343 e.
324 1313 437 1342 Gravior
446 1312 476 1341 fit
490 1311 716 1340 inhabitantibus.
758 1308 831 1338 Nam
846 1308 895 1338 ubi
906 1310 951 1340 aer
969 1306 1084 1344 quiescit
1098 1315 1129 1335 ac
1139 1305 1213 1340 silet,
1234 1303 1343 1334 densior

238 1351 277 1380 est
290 1353 317 1381 ἃ
335 1350 514 1388 pestilentior.

217 1387 362 1423 Placidus,
382 1388 514 1417 Placatus.
537 1385 645 1416 Lucret.
662 1385 709 1414 lib.
723 1394 746 1421 3.
765 1393 827 1422 303.

219 1427 339 1457 Pluvius.
365 1426 431 1455 Stat.
449 1437 471 1462 5.
493 1424 567 1463 Sylv.
586 1435 609 1453 1.
630 1434 691 1459 104.

218 1463 341 1500 Pronus,
363 1465 380 1493 i.
402 1474 425 1493 e.
455 1462 589 1493 Deorsum
606 1470 730 1498 vergens.
753 1460 893 1497 Ovid.14.
904 1459 975 1489 Met.

221 1503 386 1541 Purpureus.
411 1501 493 1531 Ovid.
513 1505 537 1530 6.
559 1500 629 1531 Met.
649 1509 695 1537 47.

222 1541 321 1570 Purus.
343 1540 450 1569 Lucret.
462 1539 510 1568 lib.
523 1550 548 1575 4.
563 1544 624 1575 328.

218 1578 306 1608 Purus
317 1580 342 1608 ἃ
355 1578 463 1607 tenuis:
484 1578 529 1606 cui
537 1576 698 1615 opponitur,
712 1575 824 1604 Coelum
832 1573 950 1604 craffum
960 1578 1043 1611 atque
1054 1576 1227 1603 concretum.
1251 1569 1340 1600 Cic.2.

240 1617 344 1646 deNat.
360 1616 443 1646 Deor.
455 1625 500 1652 42.

220 1654 349 1693 Quietus.
370 1654 442 1691 Virg.
467 1664 490 1689 5.
513 1653 649 1683 ffin.216.

372 1708 409 1713 —
429 1701 496 1720 mox
512 1694 574 1720 aere
588 1690 661 1728 lapsa
676 1689 771 1727 quieto

300 1730 383 1760 Radit
401 1730 452 1759 iter
469 1729 615 1767 liquidum.
636 1729 654 1758 i.
677 1738 700 1758 e.
720 1727 801 1757 Secat
808 1735 911 1765 purum
923 1727 1022 1756 aerem.
1060 1725 1179 1756 Servius.

216 1767 316 1798 Rarus.
338 1767 445 1797 Lucret.
457 1767 504 1796 lib.
517 1777 543 1797 2.
566 1770 627 1796 106.

218 1806 364 1836 Roscidus.
395 1805 578 1835 Plin.lib.21.
596 1814 656 1842 cap.
664 1813 690 1841 7.

217 1844 366 1874 Stridulus.
388 1843 490 1873 Lucan.
502 1843 551 1872 lib.
564 1853 589 1880 7.
607 1852 670 1879 475.

218 1882 377 1912 Tabifieum
391 1885 453 1911 aera
465 1881 606 1911 resolvere.
627 1880 730 1909 Lucan.
746 1878 794 1908 lib.
810 1890 834 1915 5.
847 1888 872 1915 3.

218 1920 411 1958 Temperatus.
450 1920 508 1949 Cic.
522 1929 546 1948 2.
568 1919 604 1948 de
613 1918 705 1948 Divin.
728 1917 795 1947 Non
803 1915 950 1946 verisimile
964 1915 1054 1945 solum
1065 1936 1073 1950 ,
1094 1913 1142 1943 sed
1153 1914 1237 1943 etiam
1246 1921 1344 1942 verum

240 1958 295 1988 esse
313 1958 426 1988 censent
443 1957 560 1996 perinde
578 1965 720 1993 utcunque
745 1960 914 1993 temperatus
929 1954 961 1983 s1t
971 1956 1033 1989 aer,
1057 1953 1095 1982 ita
1106 1962 1206 1990 pueros
1222 1952 1343 1980 orientes

237 1997 354 2026 animari
375 2004 455 2033 atque
473 1996 603 2031 formari,
626 2003 760 2031 excoque
775 1993 887 2030 ingenia
899 2014 906 2028 ‚
929 2001 1020 2022 mores
1034 2014 1043 2028 ,
1064 1991 1190 2021 animum
1201 2012 1210 2026 ,
1231 1998 1342 2028 corpus,

238 2035 378 2064 actionem
386 2035 465 2069 vitae,
486 2033 562 2064 casus
578 2033 712 2070 cujusque
723 2038 895 2068 eventusque
911 2029 987 2067 fingi.

217 2072 403 2103 Tenebrosus.
435 2072 505 2109 Virg.
531 2082 555 2108 5.
578 2071 640 2101 AEn.
659 2076 722 2107 839.

218 2111 349 2141 Tenuem
358 2112 419 2139 aera
428 2119 549 2147 carpere.
572 2109 643 2146 Virg.
656 2119 682 2144 4.
705 2108 804 2145 Georg.
819 2117 882 2145 311.
914 2142 917 2146 ⁴

218 2148 416 2178 Tenuissimus.
439 2148 522 2177 Ovid.
537 2158 580 2182 15.
601 2147 670 2176 Met.
683 2151 747 2182 248.

217 2187 355 2224 Tepidus.
378 2186 462 2215 Ovid.
480 2196 501 2214 1.
523 2185 591 2215 Fast.
607 2195 668 2221 155.

218 2225 364 2255 Torridus.
387 2223 508 2262 Propert.
523 2223 572 2252 lib.
586 2233 611 2253 2.
626 2228 670 2257 28.
694 2230 718 2258 3.

219 2263 296 2293 Toto
321 2264 382 2291 aere
401 2262 508 2299 ningit⁷
529 2262 547 2291 i.
569 2271 594 2291 e.
614 2260 662 2290 Per
671 2266 764 2289 totum
774 2261 874 2288 aerem.
905 2257 978 2294 Virg.
991 2265 1014 2294 3.
1037 2256 1136 2293 Georg.
1152 2257 1214 2293 367.

218 2300 362 2331 Turbidus
373 2302 417 2329 aer
430 2300 571 2337 spargitur.
605 2298 704 2328 Claud.
719 2297 755 2327 de
764 2297 855 2336 Aponi
864 2295 979 2326 balneis.
1001 2305 1046 2331 49.
1071 2304 1114 2331 35.

217 2338 338 2368 Vacuus.
359 2337 431 2375 Virg.
455 2348 479 2373 3.
503 2338 602 2375 Georg.
618 2347 679 2373 109.

219 2378 320 2414 Vagus.
342 2376 436 2405 Tibul.
452 2375 500 2404 lib.
521 2387 546 2411 4.
564 2386 587 2405 1.

219 2414 382 2445 Violentior.
408 2413 509 2443 Lucan.
519 2413 568 2443 lib.
581 2424 604 2450 5.
615 2422 679 2450 717.

220 2451 368 2482 Candescit
381 2454 434 2481 aer.
458 2452 541 2481 Ovid.
555 2455 580 2481 6.
603 2451 673 2480 Met.
693 2460 739 2487 49.

196 2505 198 2508 ’
222 2491 340 2529 Captare
360 2492 421 2519 ac'ra
439 2489 559 2519 auribus.
580 2489 653 2526 Virg.
668 2498 692 2525 3.
714 2488 776 2518 AEn.
797 2497 860 2523 514.

300 2528 383 2558 Haud
393 2527 480 2565 segnis
490 2527 571 2556 strato
588 2526 671 2564 surgit
691 2525 833 2555 Palinurus
845 2547 853 2560 ,
874 2525 900 2554 δι
923 2532 1021 2553 omnes

300 2565 434 2603 Explorat
451 2571 564 2600 ventos,
586 2571 667 2602 atque
686 2563 797 2593 auribus
812 2565 874 2592 aera
883 2567 983 2599 captat.
1052 2559 1107 2589 Ubi
1125 2559 1245 2595 Servius,
1256 2559 1344 2589 Natu-

239 2603 437 2672 {xiegmmfiest
448 2626 456 2639 ,
478 2610 509 2632 ut:
525 2612 604 2640 aqua
612 2608 690 2641 parte
697 2602 811 2631 flaturus
828 2600 866 2630 est
876 2606 991 2634 ventus,
1015 2599 1051 2628 ad
1068 2608 1130 2628 eam
1140 2598 1211 2631 auris
1232 2597 1345 2627 admota

267 2654 274 2672 1
294 2653 302 2671 1
325 2652 366 2671 lor
397 2648 431 2671 at.

222 2653 340 2718 Coggitur
355 2682 400 2709 aer
415 2680 445 2708 in
458 2679 572 2709 nubem.
598 2678 671 2716 Virg.
686 2688 711 2714 5.
733 2677 794 2708 ffin.
808 2686 853 2706 20.

222 2718 354 2756 Concipit
363 2720 455 2747 aerem
465 2717 584 2746 buccina
597 2738 606 2751 ,
626 2717 645 2745 i.
669 2725 694 2745 e.
715 2715 806 2746 Vento
819 2713 931 2743 inflatur
949 2711 1098 2750 inspirante
1112 2710 1346 2741 &canentetubi-

240 2758 311 2787 cine.
335 2755 419 2785 Ovid.
433 2766 456 2785 1.
478 2755 548 2785 Met.
569 2765 629 2790 119.

223 2793 383 2824 Condenset
395 2793 420 2823 se
436 2796 489 2822 aer.
511 2792 618 2822 Lucret.
632 2790 680 2820 lib.
696 2801 719 2820 1.
732 2799 793 2828 393.

221 2832 365 2863 Discutere
380 2834 458 2868 aera,
479 2832 497 2860 i.
519 2840 543 2860 e.
564 2830 597 2860 In
610 2828 728 2859 diversas
746 2834 838 2866 partes
848 2832 960 2864 quatere
971 2836 1003 2856 ac
1014 2825 1150 2863 disjicere.
1174 2824 1283 2855 Lucret.
1293 2824 1342 2854 lib.

220 2875 395 2938 D‘iihiiitlaer.
416 2907 520 2937 Lucan.
534 2905 582 2936 lib.
601 2917 624 2943 5.
641 2909 704 2942 631.

221 2947 341 2977 Ducitur
358 2949 410 2976 aer.
429 2945 537 2976 Lucret.
552 2944 600 2974 lib.
612 2956 640 2980 4.
653 2947 717 2980 936.

301 2985 465 3015 Interiorem
481 2983 566 3012 etiam
581 2989 688 3020 partem
704 2979 871 3019 spirantibus
884 2980 929 3008 aer

302 3023 450 3058 Verberat,
471 3021 516 3050 hic
526 3021 601 3050 idem
611 3030 675 3049 cum
685 3019 813 3052 ducitur,
833 3024 914 3054 atquc
924 3016 1042 3045 reflatur.
1063 3014 1091 3045 h.
1113 3025 1137 3045 e.
1181 3014 1253 3045 Cum
1265 3016 1346 3046 emit-

241 3061 545 3099 titur&reciprocatur.
586 3057 760 3096 Spirantibus
775 3077 783 3092 ,
804 3056 823 3084 i.
847 3065 872 3084 e.
898 3054 1082 3084 Animalibus.

223 3100 341 3130 Findere
356 3101 425 3128 aera.
449 3097 533 3128 Ovid.
546 3108 574 3133 4.
595 3096 665 3126 Met.
678 3098 741 3125 666.

223 3137 297 3167 Fluit
311 3140 364 3167 aer.
385 3136 494 3167 Lucret.
513 3134 561 3164 lib.
585 3145 608 3169 5.
620 3138 683 3170 637.

224 3175 356 3204 Lambere
367 3177 436 3204 aera.
478 3174 509 3203 V.
529 3171 613 3210 paulo
621 3180 703 3206 ante,
722 3168 871 3207 Liquidum
887 3169 949 3197 aera
966 3166 1096 3197 lambere.

224 3212 350 3243 Mulcere
363 3216 423 3242 aera
440 3210 635 3241 concentibus.
661 3208 744 3239 Ovid.
762 3217 784 3236 1.
808 3206 875 3236 Fast.
891 3215 953 3242 155.

224 3251 349 3280 Odorare
359 3253 419 3280 aera
429 3251 521 3279 fumis.
544 3249 627 3278 Ovid.
643 3258 686 3283 15.
710 3246 777 3276 Met.
788 3253 851 3281 734.
934 3259 972 3264 ——
992 3244 1019 3272 Sc
1040 3242 1159 3272 odorant
1175 3243 1236 3273 ae'ra
1250 3241 1342 3273 fumis.

243 3289 261 3317 i.
287 3299 310 3317 e.
336 3288 477 3317 Odoribus
493 3286 610 3324 replent.
632 3285 817 3315 ALAdorant.

224 3326 389 3355 Offunditur
399 3326 478 3355 nobis
489 3328 542 3355 ae'r.
583 3324 614 3354 V.
636 3323 720 3362 paulo
735 3328 817 3357 ante,
838 3320 891 3349 Aer
907 3318 1022 3354 craffus,
1044 3319 1096 3348 &a

223 3364 374 3394 Pei-metiri.
397 3363 504 3393 Lucret.
531 3362 579 3392 lib.
589 3366 615 3391 6.
632 3372 711 3397 1140.

304 3402 372 3431 Aera
386 3402 544 3439 permensus
562 3399 700 3435 multum,
721 3405 890 3435 camposque
906 3400 1041 3424 natantes.

222 3439 411 3477 Perrumpere.
451 3439 482 3468 V.
505 3447 712 3468 PRRRUMPO.

222 3476 320 3508 Piscari
340 3478 367 3506 in
383 3479 453 3506 aere.
475 3477 502 3505 h.
524 3488 548 3506 e.
571 3476 660 3505 Stulta
674 3473 767 3504 conari
782 3470 992 3510 &praepostera
1026 3468 1113 3498 Plaut.
1131 3467 1201 3497 Asin.
1216 3477 1240 3497 1.
1259 3477 1281 3497 1.
1295 3471 1339 3502 86.

240 3515 312 3552 Jube
331 3525 387 3544 una
409 3524 455 3543 me
477 3524 560 3551 opera
582 3513 679 3551 piscari
698 3513 727 3541 in
748 3513 828 3545 aere,
860 3508 954 3538 venari
973 3514 1066 3536 autem
1087 3505 1179 3542 jaculo
1200 3506 1229 3534 in
1247 3506 1342 3535 medio

242 3564 318 3583 mari.

222 3591 394 3624 Protrudere,
404 3591 498 3627 Agere,
506 3588 670 3626 propellere,
689 3587 798 3617 Lucret.
811 3585 860 3615 lib.
870 3595 897 3621 4.
911 3593 975 3620 247.
985 3582 1086 3612 eodem
1094 3580 1171 3610 sensu
1181 3580 1321 3611 dicuntur.

222 3629 345 3659 Reflatur
359 3631 412 3657 aer.
445 3628 551 3656 Lucret.
572 3637 598 3662 4.
622 3630 685 3661 936.

221 3666 367 3697 Resolvcre
381 3668 449 3694 aera.
490 3665 521 3693 V.
564 3663 627 3692 aulo
638 3670 716 3695 ante,
736 3661 892 3692 Tabificum
905 3663 967 3689 aera
979 3657 1120 3687 resolvere.

222 3705 370 3740 Rumpere.
395 3703 478 3731 Ovid.
493 3714 519 3738 4.
562 3702 612 3730 let.
630 3711 687 3735 ¹24-
783 3717 817 3720 —
839 3698 938 3727 ictibus
953 3700 1014 3726 aera
1031 3695 1144 3733 rumpit.

221 3740 482 3777 Saevitaerpestiser.
523 3739 552 3768 V.
585 3738 667 3776 paulo
679 3744 761 3772 ante,
782 3737 952 3766 Pestiferacr.

221 3782 319 3811 Secare
332 3787 392 3806 acra
403 3778 512 3815 pennis.
544 3779 601 3805 Cic.
619 3777 647 3804 in
668 3777 736 3804 Arar.

221 3819 289 3850 Silet
305 3819 357 3844 aer.
382 3816 463 3843 vviri.
480 3824 504 3851 7.
527 3814 595 3844 Met.
613 3819 671 3850 187.

303 3855 481 3889 humoresque
498 3852 575 3880 silent
590 3852 719 3882 fromles,
744 3849 802 3877 silet
822 3847 954 3878 humidus
973 3849 1027 3877 aer.

220 3896 388 3932 Temperare
398 3893 497 3921 aerem.
519 3889 592 3926 Virg.
606 3898 629 3926 3.
652 3889 749 3923 Georg.
763 3892 824 3923 336.

172 67 218 108 96

1824 47 1862 82 AE
1957 46 1988 81 R
2085 46 2102 80 Ι

1506 126 1577 157 Solis
1587 126 1622 156 ad
1633 126 1760 157 occasum
1769 150 1776 161 ,
1798 138 1862 158 cum
1872 128 1987 165 frigidus
2003 130 2064 157 aera
2077 126 2134 156 Ves
2151 136 2180 155 er

1507 166 1674 208 Temperat,
1695 167 1720 195 ἃ
1735 165 1816 196 saltus
1836 166 1922 196 reficit
1938 167 1994 203 jam
2013 165 2119 195 roscida
2152 174 2214 194 una.
2255 162 2309 193 Ubi
2326 163 2449 193 Servius:
2471 163 2554 194 Tem-

1446 211 1526 240 perat
1541 225 1548 237 ,
1569 203 1717 239 refrigerat.

1429 241 1560 272 Tentare.
1584 241 1667 269 Ovid.
1680 244 1704 269 6.
1725 240 1807 277 Epist.
1824 245 1884 270 161.

1513 279 1583 308 Cum
1602 288 1685 313 mare,
1696 288 1760 307 cum
1775 285 1857 308 terras
1870 278 2077 317 consumpserit,
2089 281 2151 308 aera
2160 282 2258 308 tentet.

1451 317 1527 345 volet
1546 316 1656 345 Medea.

1433 355 1571 384 Tenuere.
1612 354 1678 382 Stat.
1701 363 1723 382 1.
1753 353 1844 383 Theb.
1867 360 1928 391 338.

1429 391 1558 421 Volvere.
1580 390 1688 420 Lucret.
1704 390 1751 420 lib.
1767 403 1792 426 4.
1810 398 1873 429 287.

1435 431 1487 460 Acr
1504 430 1587 457 etiam
1605 429 1706 457 dicitur
1726 429 1871 459 Tuborum
1887 430 1988 459 cavitas
2001 451 2009 464 ,
2037 438 2090 466 qua
2103 430 2165 458 aera
2186 428 2299 457 trahunt
2317 426 2420 456 fistulae.
2443 427 2506 456 Sen.

1456 467 1557 510 ancst.
1574 466 1638 495 Nat.
1654 476 1698 501 24.
1728 467 1827 497 Facere
1840 467 1959 505 solemus
1977 467 2093 500 formas,
2114 467 2143 495 in
2162 465 2262 503 quibus
2278 467 2339 494 aere
2359 465 2437 494 tenui
2455 465 2554 496 fistulas

1455 506 1593 534 struimus.
1644 504 1762 541 [Nngae.
1785 506 1847 535 AEre
1858 506 1917 534 Ald.
1930 507 1954 534 S<
1966 505 2049 533 codd.
2061 504 2272 533 emendatiores.

1435 543 1468 573 In
1484 542 1582 585 plurali
1593 551 1709 572 numero
1720 543 1791 572 dixit
1802 543 1941 572 Vitruvius
1960 553 1980 572 1.
1998 553 2019 571 1.
2042 543 2123 571 Aeres
2134 541 2260 571 locorum
2272 563 2280 576 ,
2302 539 2419 578 quisunt
2428 538 2554 570 salutares

1456 590 1504 610 aut
1516 579 1684 617 pestilentes.
1705 581 1779 610 conf.
1803 581 1912 610 Lucret.
1927 580 1974 609 lib.
1991 591 2018 616 4.
2030 589 2093 615 291.
2106 581 2133 609 ἃ
2150 590 2173 615 5.
2194 583 2257 615 644.

1438 620 1490 648 Aer
1506 620 1531 647 ὁὶ
1543 617 1638 647 AEther
1649 618 1678 646 in
1693 618 1771 648 MSS.
1781 619 1991 648 confunduntur
2004 617 2164 646 observante
2174 615 2313 646 Drakenb.
2328 615 2363 645 ad
2373 614 2421 645 Sil.
2434 624 2474 652 13.
2494 624 2558 653 527.

1400 659 1557 690 AERxUS,
1579 656 1712 692 [amca]
1736 657 1794 690 Adi.
1812 657 1868 686 Cic.
1888 656 1917 685 in
1935 656 2034 694 Topic.
2049 664 2093 693 77.
2113 654 2253 692 Deinceps
2267 653 2332 683 aerii
2342 653 2450 683 volatus
2463 654 2556 684 avium

1437 702 1519 731 atque
1541 699 1648 722 cantus.
1669 694 1687 722 i.
1709 704 1733 723 e.
1765 695 1822 731 Qui
1839 694 1910 723 fiunt
1924 694 1953 723 in
1969 696 2039 723 ae're.

1437 733 1535 774 Aditus
1546 731 1633 760 aerios
1644 741 1771 769 rumpere
1784 732 1874 762 alicui.
1900 732 1926 761 h.
1949 742 1974 761 e.
2007 732 2062 761 lter
2073 741 2122 769 per
2129 732 2230 761 aerem.
2252 729 2335 760 Ovid.
2349 732 2392 762 18.
2414 729 2497 767 Epist.
2508 739 2554 766 44.

1437 772 1501 801 Avis
1512 791 1519 803 ,
1540 768 1589 797 Per
1605 771 1696 798 aerem
1709 769 1814 800 volans.
1836 770 1920 800 Ovid.
1938 781 1961 799 1.
1971 770 2006 800 de
2017 771 2079 800 Arte
2087 770 2146 799 Am.
2159 772 2205 799 26.

1439 806 1592 837 Columbae.
1615 806 1696 836 Ovid.
1713 816 1735 843 3.
1758 808 1792 837 de
1804 808 1891 837 Ponto
1905 818 1928 843 3.
1950 818 1991 843 19.

1440 845 1557 880 Cursus,
1579 845 1596 873 i.
1618 854 1642 873 e.
1663 845 1785 875 Volatus.
1807 846 1890 875 Ovid.
1905 851 1929 875 6.
1953 845 2023 875 Met.
2034 855 2097 884 709.

1440 884 1535 913 Genus
1546 883 1727 912 animantium
1739 884 1921 921 pennigerum
1931 885 1957 913 δι
1970 884 2083 913 aerium.
2115 882 2173 912 Cic.
2186 881 2221 912 de
2230 880 2353 911 Univers.
2367 889 2412 918 31.

1438 922 1537 950 Grues.
1558 920 1631 957 Virg.
1647 931 1668 949 1.
1689 920 1786 959 Georg.
1820 931 1865 959 75.
2358 928 2365 932 ‘

1437 959 1494 989 Iter
1504 958 1609 987 aerium
1620 959 1769 995 pervolare.
1791 931 1876 989 dvid.
1886 970 1911 990 2.
1932 960 2000 990 Fast.
2015 969 2079 996 252.

1437 995 1594 1027 Palumbes.
1617 996 1688 1033 Virg.
1707 1006 1730 1033 3.
1750 997 1807 1027 Ecl.
1820 1001 1864 1034 69.

1514 1072 1519 1078 ¹
1564 1050 1602 1055 —-
1619 1036 1699 1063 aeriae
1712 1045 1767 1072 quo
1779 1035 1936 1074 congessere
1948 1035 2103 1074 palumbes,
2130 1035 2149 1064 i.
2170 1043 2196 1064 e.
2218 1031 2416 1062 Altiusinaere
2423 1029 2557 1061 volantes.

1436 1072 1530 1101 Vent1.
1552 1071 1641 1101 Catul.
1664 1076 1709 1108 64.
1728 1082 1787 1108 142.

1438 1110 1502 1139 Vias
1522 1110 1607 1139 aerias
1618 1120 1738 1148 carpere.
1761 1111 1845 1141 Ovid.
1861 1121 1887 1141 2.
1909 1112 1945 1141 de
1960 1112 2023 1141 Arte
2036 1110 2096 1140 Am.
2107 1120 2154 1146 44.

1438 1148 1580 1177 Volucres.
1602 1148 1710 1178 Lucret.
1726 1149 1774 1179 lib.
1791 1159 1814 1178 1.
1830 1159 1870 1180 12.

1439 1187 1571 1221 Aetium,
1593 1196 1643 1224 pro
1661 1186 1723 1216 Alto
1735 1209 1742 1222 ,
1763 1186 1881 1217 sublimi.
1917 1187 1988 1223 Virg.
2001 1197 2025 1216 1.
2046 1185 2105 1216 Ecl.
2120 1195 2162 1221 59.

1522 1223 1586 1267 Nec·
1598 1234 1706 1262 gemere
1726 1226 1798 1255 aeria
1812 1225 1924 1255 cessabit
1940 1232 2030 1254 turtur
2049 1224 2083 1254 ab
2097 1223 2183 1253 ulmo.

1438 1261 1521 1299 Alpes
1534 1264 1628 1305 aenae,
1649 1262 1725 1292 Altae.
1758 1263 1831 1301 Virg.
1844 1273 1868 1300 3.
1891 1263 1990 1300 Georg.
2005 1271 2069 1300 474.
2092 1261 2176 1292 Ovid.
2193 1270 2219 1293 2.
2240 1259 2311 1292 Met.
2323 1261 2387 1291 226.

1438 1301 1536 1334 Arces,
1557 1309 1574 1343 ¹:
1594 1310 1618 1330 e.
1640 1300 1715 1330 Altae.
1736 1301 1808 1339 Virg.
1823 1311 1847 1338 3.
1869 1301 1930 1331 AEn.
1951 1311 2013 1336 291.

1438 1338 1519 1368 Astra.
1544 1338 1617 1376 Virg.
1633 1349 1656 1374 5.
1677 1339 1739 1369 AEn.
1758 1345 1819 1375 518.
1841 1339 1937 1376 al.leg.
1950 1338 2082 1369 AEtheria.

1440 1376 1601 1418 Cacumen,
1628 1377 1646 1405 i.
1666 1387 1690 1406 e.
1713 1376 1815 1406 Altum.
1835 1377 1924 1407 Catul.
1941 1380 1984 1413 64.
1995 1386 2060 1413 240.

1441 1414 1596 1451 Cupressus.
1621 1414 1711 1444 Catul.
1735 1419 1778 1451 64.
1798 1425 1862 1451 291.

1440 1451 1540 1482 Murus
1553 1474 1561 1487 ,
1583 1452 1600 1481 i.
1623 1462 1647 1482 e.
1668 1453 1753 1482 Altus.
1776 1453 1863 1483 Valer.
1881 1453 1953 1483 Flac.
1968 1456 1994 1482 6.
2018 1453 2119 1489 Argon.
2141 1457 2204 1487 553.

1440 1490 1578 1526 Quercus.
1599 1490 1671 1529 Virg.
1686 1501 1709 1528 3.
1732 1491 1792 1521 AEn.
1804 1496 1868 1525 680.

1439 1527 1544 1565 Rupes.
1578 1528 1650 1566 Virg.
1671 1541 1697 1566 4.
1720 1529 1818 1566 Georg.
1843 1534 1905 1565 508.

1439 1566 1461 1635 3
1481 1575 1517 1633 els.
1540 1566 1642 1632 lif-nob.
1666 1567 1700 1634 he
1714 1577 1738 1596 e.
1761 1566 1856 1603 Caffa,
1877 1573 1908 1597 ut
1921 1562 2285 1604 exponitMeurfiusExerc.
2302 1561 2368 1592 Crit.
2379 1571 2407 1601 p.
2422 1570 2465 1599 17.

1476 1614 1490 1633 e
1504 1627 1510 1633 .
1570 1614 1619 1642 irg.
1631 1616 1657 1641 4.
1704 1614 1777 1642 eorg.
1798 1615 1821 1634 1.

1520 1641 1647 1672 Protinus
1664 1643 1728 1673 aerii
1746 1642 1836 1672 mellis
1854 1642 1975 1672 coelestia
1993 1641 2068 1671 dona

1460 1718 1479 1747 d
1497 1679 1657 1747 flExequar.
1711 1679 1773 1711 Mel
1787 1681 1891 1711 aerium
1905 1686 1987 1710 vocat
2000 1699 2008 1713 ,
2029 1679 2094 1717 quia
2111 1687 2146 1708 ex
2165 1686 2227 1707 rore
2243 1675 2384 1714 colligitur
2397 1675 2489 1713 quiex
2498 1675 2562 1704 ae're

1481 1727 1495 1747 Ε
1519 1725 1567 1747 u1t.

1401 1756 1537 1791 nam,
1559 1766 1589 1785 ae.
1611 1756 1630 1785 f.
1652 1755 1711 1786 Dea
1721 1756 1794 1792 Jnno
1803 1756 1913 1786 abaeris
1926 1758 2190 1794 regnonuncupata.
2230 1752 2314 1782 Mart.
2327 1751 2431 1790 Capell.
2442 1760 2468 1781 2.
2480 1755 2557 1789 p.38.

1440 1793 1485 1823 Est
1499 1795 1525 1823 ἃ
1535 1794 1599 1823 urbs
1611 1794 1714 1824 Galliae.
1734 1795 1821 1825 Strab.
1837 1794 1884 1823 lib.
1894 1805 1920 1830 4.

1401 1831 1569 1861 AERiNus
1584 1854 1592 1868 ,
1613 1832 1672 1868 Adj.
1697 1832 1836 1862 Caeruleus
1847 1854 1855 1868 ,
1875 1841 1991 1869 vergens
2000 1831 2030 1860 in
2039 1830 2144 1860 aerium
2157 1828 2290 1858 colorem.
2311 1834 2362 1863 ut,
2382 1827 2452 1856 Aves
2461 1826 2560 1855 aerinae

1440 1869 1558 1900 Tertull.
1586 1870 1621 1899 de
1642 1870 1746 1900 Habitu
1762 1870 1873 1901 Mulier.
1896 1880 1956 1908 cap.
1975 1876 2001 1904 8.
2043 1868 2112 1898 Vide
2137 1865 2247 1896 Salmas.
2273 1866 2370 1897 Exere.
2404 1864 2474 1894 Plin.
2495 1873 2559 1902 pag.

1401 1917 1584 1981 Agpq.p7ss7sc>'.
1599 1946 1667 1976 edis.
1691 1946 1847 1983 [ἀεςόπυνς]
1867 1946 1927 1982 Adj.
1957 1943 2090 1982 fignificat
2109 1942 2253 1979 Celerem,
2282 1940 2356 1980 quafi
2370 1940 2459 1970 aerios
2473 1939 2560 1977 pedes

1440 1984 1591 2014 habentem
1605 2006 1613 2019 ,
1634 1985 1661 2013 h.
1683 1994 1708 2014 e.
1729 1985 1812 2014 leves.
1833 1984 1907 2021 Virg.
1919 1987 1944 2012 6.
1965 1983 2026 2013 AEn.
2040 1988 2104 2017 802.

1516 2022 1619 2051 Fixerit
1638 2023 1787 2060 aeripedem
1801 2031 1910 2051 cervam
1925 2021 2000 2050 licet.
2095 2019 2171 2049 Duas
2187 2017 2302 2055 syllabas
2316 2018 2346 2046 in
2355 2015 2562 2054 diphthongum

1441 2061 1601 2096 contraxit,
1617 2061 1698 2089 metri
1709 2061 1810 2098 gratia,
1830 2059 2008 2097 AEripedem,
2028 2068 2078 2096 pro
2090 2056 2262 2094 Aeripedem.
2301 2055 2354 2085 Alii
2373 2061 2469 2084 tamen
2487 2052 2560 2090 quast

1441 2098 1627 2136 compositum
1649 2098 1716 2128 effet
1731 2108 1789 2127 non
1809 2097 1843 2127 ab
1857 2099 1928 2133 Aer,
1957 2097 2005 2126 sed
2027 2096 2061 2125 ab
2076 2096 2122 2125 ffis
2134 2118 2141 2130 ,
2160 2089 2309 2130 30⁶7.de
2329 2094 2561 2130 interpretantur,

2216 2132 2258 2162 Ita
2276 2131 2391 2161 Homer.
2403 2124 2559 2166 fiunem&-

2347 277 2367 305 i.
2389 286 2413 305 e.
2434 276 2484 306 Per
2493 279 2553 308 ae'ra

1440 2136 1460 2165 i.
1483 2146 1506 2165 e.
1527 2136 1646 2172 solidos,
1667 2135 1886 2176 indefatigabiles
1900 2135 1987 2173 pedes
2004 2134 2164 2163 habentem.

1442 2172 1524 2203 ἵπποι.
1547 2175 1624 2204 Iliad.
1647 2179 1666 2204 θ.
1688 2185 1769 2209 v.41.
1792 2176 1818 2204 ἃ
1839 2186 1856 2203 ν.
1878 2184 1903 2203 v.
1916 2183 1960 2209 23.
2014 2172 2046 2201 V.
2068 2171 2138 2200 Scal.
2157 2169 2296 2200 inAuson.
2311 2180 2334 2198 1.
2350 2172 2393 2198 16.
2406 2178 2435 2206 p.
2445 2172 2491 2203 48.
2513 2165 2561 2203 qui

1441 2211 1476 2241 ab
1486 2213 1532 2242 ffis
1545 2235 1553 2248 ,
1584 2213 1659 2248 aeris,
1681 2212 1792 2242 derivat.
1813 2213 1840 2241 ὀὶ
1859 2212 1916 2241 AER
1926 2222 1935 2240 1
1946 2221 1959 2240 Ρ
1969 2220 2003 2240 as
2023 2209 2094 2238 infra
2112 2208 2172 2246 post
2191 2219 2215 2237 Ε
2225 2218 2246 2238 s.

1403 2250 1437 2282 ΖΕ
1446 2260 1463 2278 R
1472 2260 1492 2279 A
1503 2272 1512 2285 ,
1533 2260 1564 2279 ae.
1587 2249 1677 2287 [αἴρῃ.
1689 2251 1703 2285 ]
1724 2249 1816 2280 Herba
1824 2249 1862 2278 est
1872 2249 1986 2278 inimica
1997 2247 2132 2285 segetibus
2142 2269 2150 2282 ,
2174 2247 2209 2275 de
2220 2255 2273 2283 qua
2284 2245 2320 2274 fic
2328 2243 2443 2278 Plinius,
2453 2242 2500 2272 lib.
2515 2247 2559 2276 18.

1442 2298 1503 2326 cap.
1523 2298 1564 2326 17.
1594 2288 1639 2318 Est
1650 2287 1735 2317 herba
1748 2298 1807 2325 quae
1819 2288 1892 2316 cicer
1902 2293 2001 2316 enecat
2011 2287 2037 2315 Sc
2053 2295 2148 2314 ervum
2157 2306 2165 2320 ,
2185 2282 2406 2320 circumligando
2415 2281 2459 2310 se:
2479 2289 2562 2310 voca-

1440 2332 1486 2355 tur
1497 2326 1672 2356 orobanche:
1693 2326 1817 2356 triticum
1827 2325 1906 2354 simili
1920 2325 2005 2354 modo
2025 2333 2085 2352 aera.
2124 2322 2159 2352 Et
2177 2321 2262 2360 paulo
2278 2321 2347 2359 post,
2361 2319 2430 2350 AErae
2445 2327 2560 2356 granum

1440 2363 1590 2394 minimum
1597 2365 1635 2394 est
1644 2386 1652 2399 ,
1672 2365 1701 2393 in
1714 2365 1816 2393 cortice
1827 2363 1961 2393 aculeato.
2005 2361 2077 2391 Cum
2087 2360 2125 2389 est
2142 2361 2171 2389 in
2182 2369 2254 2398 pane
2264 2382 2272 2395 ,
2294 2358 2436 2388 celerrime
2451 2356 2561 2392 vertigi-

1440 2411 1491 2431 nes
1501 2402 1566 2431 facit
1575 2412 1580 2432 :
1620 2403 1752 2439 aiuntque
1760 2403 1790 2431 in
1806 2401 1862 2430 Asia
1872 2402 1898 2430 ἃ
1907 2400 2011 2430 Graecia
2019 2399 2192 2428 balneatores
2202 2408 2268 2427 curn
2278 2396 2366 2426 velint
2378 2394 2489 2424 turbam
2500 2392 2559 2432 pel-

1440 2439 1498 2469 lere
1511 2463 1518 2475 ,
1541 2440 1707 2470 carbonibus
1718 2440 1746 2468 id
1754 2439 1978 2476 semeninjicere.
1999 2438 2140 2468 Hactenus
2148 2436 2261 2466 Plinius.
2290 2434 2381 2465 Latini
2392 2432 2503 2463 Lolium
2512 2441 2559 2469 ap-

1440 2477 1556 2516 pellant.
1578 2478 1650 2516 Virg.
1666 2489 1689 2513 ς.
1712 2478 1768 2508 Ecl.
1783 2487 1824 2514 ³7.

1515 2516 1614 2546 lnselix
1631 2516 1749 2562 lolium,
1776 2517 1802 2546 δι
1817 2514 1919 2546 steriles
1940 2514 2121 2544 dominantur
2137 2521 2240 2542 avenae.

1403 2551 1512 2584 AERrN
1523 2564 1563 2584 us
1580 2577 1589 2589 ,
1618 2555 1679 2591 Adj.
1704 2552 1843 2592 [αι’ξινῶ]
1866 2555 1882 2583 i.
1904 2564 1928 2583 e.
1956 2553 2098 2582 Loliaceus
2109 2572 2118 2586 ,
2140 2550 2173 2579 ab
2187 2551 2259 2581 AEra.
2279 2547 2350 2579 Prin.
2366 2548 2415 2578 lib.
2429 2557 2475 2578 22.
2495 2554 2556 2586 cap.

1442 2601 1488 2628 25.
1529 2593 1623 2624 AErina
1637 2593 1723 2624 farina
1744 2593 1830 2631 magis
1847 2592 1952 2622 caeteris
1971 2597 2070 2630 purgat
2091 2588 2184 2619 ulcera
2199 2594 2300 2617 vetera.
2350 2587 2429 2617 Idem
2445 2586 2493 2615 lib.
2512 2595 2556 2616 21.

1441 2640 1502 2669 cap.
1524 2641 1565 2667 19.
1606 2631 1685 2662 Panis
1703 2642 1768 2662 vero
1784 2640 1849 2660 cum
1868 2629 1951 2659 melle
1975 2631 2002 2658 Sc
2021 2629 2122 2657 aerinea
2140 2627 2234 2655 farina.
2283 2625 2328 2654 Sic
2348 2625 2424 2654 enim
2443 2623 2560 2653 Hermo-

1440 2668 1500 2736 ἔζη-ε
1525 2671 1612 2708 legit,
1632 2680 1715 2708 quem
1732 2669 1858 2707 Calepin.
1876 2667 1997 2705 sequitur
2011 2677 2017 2697 :
2040 2675 2198 2703 quanquam
2209 2664 2238 2693 in
2250 2663 2309 2693 aliis
2319 2662 2440 2701 legatur,
2460 2662 2560 2692 Avenae

1470 2718 1537 2737 rina.

1404 2745 1434 2774 A.
1459 2746 1515 2776 ER.
1539 2747 1567 2775 A.
1587 2746 1605 2776 i.
1622 2756 1645 2776 e.
1667 2747 1762 2775 Annus
1770 2750 1828 2775 erat
1839 2743 1963 2781 Augusti,
1985 2742 2084 2780 quibus
2098 2742 2127 2770 in
2140 2750 2229 2770 unum
2249 2739 2397 2768 contraitis
2408 2737 2512 2767 faetum
2522 2735 2561 2765 est

1443 2782 1588 2813 barbarum
1605 2783 1769 2813 vocabulum
1793 2792 1879 2811 ΕΒΑ.
1904 2782 2002 2810 Auctor·
2021 2779 2120 2809 Genes.
2136 2777 2284 2816 Sepulved.
2304 2777 2335 2805 in
2348 2775 2397 2805 lib.
2412 2775 2448 2804 de
2464 2774 2560 2804 Corre÷

1442 2822 1536 2851 clione
1555 2823 1636 2851 Anni.
1671 2822 1726 2852 Sed
1745 2822 1844 2850 rectius
1861 2819 1907 2848 alii
1927 2819 1959 2847 ab
1979 2818 2025 2848 AEs
2042 2818 2204 2850 deducunt,
2234 2816 2313 2851 cujus
2330 2813 2401 2852 plur.
2421 2813 2485 2843 AEra
2503 2812 2561 2842 fue-

1441 2866 1507 2888 runt
1528 2860 1663 2895 Nummi,
1685 2859 1783 2897 quibus
1804 2857 1952 2887 utebantur
1965 2855 2145 2885 calculatores
2164 2854 2200 2884 ad
2213 2854 2333 2882 rationes
2356 2850 2558 2880 subducendas.

1441 2897 1515 2927 Nam
1526 2899 1689 2935 posteriores
1710 2897 1869 2926 Latinorum
1889 2895 1958 2932 saepe
1969 2900 2067 2922 neutra
2079 2892 2196 2931 pluralia
2211 2892 2241 2920 in
2254 2889 2433 2958 *minimum
2447 2897 2561 2917 conver-

1441 2941 1554 2971 terunt,
1576 2936 1611 2965 sic
1619 2936 1694 2966 AEras
1704 2934 1895 2973 appellarunt,
1918 2942 1977 2970 quae
1988 2931 2086 2960 Cicero
2096 2933 2121 2960 ἃ
2131 2929 2252 2959 Lucilius
2285 2938 2324 2958 ,ra
2338 2927 2473 2956 dixerant.
2497 2925 2558 2955 Vid.

1442 2973 1500 3002 Cic.
1514 2974 1589 3011 apud
1602 2974 1674 3003 Non.
1689 2984 1712 3009 3.
1728 2979 1768 3006 18.
1791 2974 1816 3002 Sc
1827 2971 1914 3001 Lucil.
1925 2970 2000 3007 apud
2011 2969 2134 2998 eundem
2151 2978 2177 2997 2.
2190 2977 2234 3003 42.
2257 2966 2288 2995 V.
2300 2965 2398 3002 Scalig.
2413 2965 2447 2993 de
2458 2963 2559 2993 Emen-

1441 3013 1555 3041 datione
1565 3012 1590 3041 T
1592 3022 1665 3049 emp.
1680 3021 1713 3040 eo
1726 3010 1789 3040 loco
1798 3032 1806 3046 ,
1827 3019 1884 3047 quo
1897 3009 1931 3037 de
1942 3007 2089 3045 hispanica
2103 3029 2111 3041 ,
2133 3016 2214 3043 quam
2225 3009 2375 3038 vocarunt,
2396 3001 2460 3032 IEra
2470 3001 2561 3038 dispu-

1440 3056 1489 3079 tat.
1545 3050 1635 3080 ffiram
1645 3056 1774 3087 praeterea
1783 3058 1833 3086 pro
1844 3047 1968 3076 Numero
1984 3046 2049 3074 dato
2062 3044 2159 3073 dixisse
2174 3050 2280 3073 veteres
2291 3051 2348 3070 non
2357 3050 2415 3069 uno
2429 3037 2559 3076 exemplo

1440 3088 1585 3118 Salmasius
1594 3087 1690 3117 Exere.
1704 3086 1771 3115 Plin.
1786 3096 1812 3124 p.
1829 3091 1893 3121 483.
1914 3084 2022 3113 erudite
2033 3082 2161 3112 ostendit.
2193 3079 2324 3117 Scaligeri
2334 3077 2497 3107 sententiam
2513 3086 2560 3114 ap-

1439 3125 1541 3164 probat
1566 3126 1650 3155 etiam
1667 3123 1775 3154 Reines.
1807 3124 1842 3153 de
1863 3122 1969 3159 Lingua
1990 3121 2084 3151 Punic.
2105 3121 2134 3149 in
2151 3118 2260 3157 Epilog.
2291 3117 2389 3147 Baron.
2412 3113 2558 3153 Martyrol.

1440 3174 1468 3202 P·
1487 3168 1550 3200 655·

1402 3201 1436 3231 ΖΕ
1445 3212 1461 3230 R
1471 3213 1494 3230 ,ιε
1504 3224 1512 3237 ,
1535 3203 1548 3238 [

1440 3240 1563 3269 Alterum
1574 3240 1609 3268 ad
1625 3238 1837 3276 Hellelpontum
1848 3246 1861 3265 a
1875 3245 1930 3272 quo
1942 3234 2052 3264 Gentile
2065 3233 2170 3263 lErates
2189 3233 2202 3269 [
2215 3228 2327 3268 A’agqim.
2342 3230 2358 3265 ]

1439 3278 1566 3307 Tertium
1585 3277 1614 3305 in
1631 3276 1717 3306 Ionia.
1758 3275 1789 3304 V.
1811 3273 1908 3311 Steph.
1933 3273 1967 3302 de
1985 3271 2115 3301 Urbibus.

1400 3314 1679 3344 AErznurnsnrs.
1718 3313 1750 3342 V.
1772 3320 1980 3340 Aurnsmrs.

1401 3352 1435 3382 AE
1445 3363 1487 3382 ΚΛ
1498 3363 1514 3381 R
1524 3364 1533 3381 1
1545 3363 1593 3381 um
1603 3374 1611 3387 ,
1635 3353 1661 3381 Sc
1683 3357 1779 3380 caetera
1789 3349 1817 3378 id
1832 3358 1918 3386 genus
1928 3370 1936 3382 ,
1984 3347 2016 3376 V.
2039 3358 2063 3375 Ε
2083 3356 2106 3379 s,
2127 3346 2196 3375 aeris.
2409 3379 2416 3385 .
2549 3377 2556 3384 ι

1400 3389 1435 3420 AE
1443 3400 1459 3418 R
1469 3400 1482 3419 ε
1491 3400 1511 3419 N
1521 3400 1535 3419 s.
1544 3400 1560 3418 R
1569 3399 1585 3419 v
1595 3401 1603 3417 1
1615 3411 1621 3424 ,
1643 3389 1731 3425 Julius
1741 3387 1848 3418 firmic,
1861 3386 1908 3415 lib.
1927 3389 1952 3414 6.
1966 3395 2026 3422 cap.
2039 3394 2083 3420 31.
2097 3384 2145 3413 sub
2162 3383 2209 3412 fin.
2232 3381 2353 3412 Muficos
2363 3379 2470 3409 faciunt
2480 3401 2488 3414 ‚
2510 3388 2558 3415 qiu

1438 3427 1503 3465 lyrae
1512 3427 1557 3457 vel
1569 3427 1743 3461 harenarius,
1765 3424 1807 3454 rel
1820 3434 1973 3453 zerenervos
1991 3422 2067 3452 dulci
2087 3421 2279 3451 modulatione
2296 3418 2461 3456 percutiant.
2502 3415 2559 3445 Sed

1438 3465 1655 3503 apparetlocum
1663 3464 1716 3494 effe
1728 3461 1892 3493 mendosum
1907 3483 1915 3495 ,
1935 3461 2141 3498 legendumque
2153 3481 2161 3495 ,
2182 3459 2229 3495 qui
2246 3457 2310 3495 lyra:
2324 3455 2368 3484 vel
2379 3455 2489 3484 citharae
2498 3463 2558 3483 ner-

1438 3513 1487 3533 vos
1505 3503 1581 3532 dulci
1594 3502 1786 3531 modulatione
1809 3500 1973 3538 percutiant.

1561 3201 1659 3237 Αἰρφὶ]
1679 3200 1826 3242 Oppidum
1846 3197 1884 3227 est
1902 3196 2094 3229 Macedoniae,
2115 3194 2194 3228 cuius
2212 3193 2311 3223 incolae
2327 3191 2401 3221 IErei
2417 3191 2556 3221 dicuntur.

1436 3540 1531 3570 Potius
1538 3542 1660 3570 dicerem
1671 3539 1820 3574 AErenervi,
1832 3537 1967 3574 Corrupta
1977 3546 2033 3566 vox
2042 3535 2117 3574 apud
2127 3533 2182 3570 Jul.
2193 3532 2350 3563 Firmicum.
2381 3529 2412 3559 V.
2428 3530 2458 3559 in
2471 3529 2497 3559 N
2506 3538 2521 3558 E
2529 3537 2558 3557 1⁷.-
2600 3549 2604 3577 ἶ

1456 3589 1472 3607 ν
1484 3589 1531 3608 US.
1560 3579 1595 3608 H.
1617 3579 1656 3608 St.

1398 3616 1562 3652 Amans,
1584 3618 1610 3646 Sc
1636 3617 1801 3645 Aramis.
1841 3612 1872 3641 V.
1900 3622 1976 3641 nna.

1398 3653 1527 3683 1132ch
1537 3676 1545 3688 ,
1569 3664 1599 3683 ae.
1622 3654 1640 3683 f.
1671 3654 1819 3690 interprete
1832 3650 1985 3679 Theodoro
2000 3672 2007 3683 ,
2030 3648 2110 3678 Piscis
2129 3647 2167 3676 est
2190 3646 2242 3684 qui
2256 3645 2350 3675 Graece
2366 3642 2476 3673 Chalcis
2490 3640 2558 3670 dici-

1436 3697 1489 3719 tur.
1514 3691 1558 3720 Est
1572 3698 1666 3720 autem
1677 3690 1756 3720 Piscis
1766 3687 1903 3718 fluviatilis
1916 3687 2084 3721 carnivorus,
2098 3685 2144 3722 qui
2157 3682 2365 3721 quodammodo
2374 3681 2506 3714 stridet,&
2515 3686 2557 3707 ter

1436 3728 1547 3757 inanno
1557 3730 1636 3766 parit,
1661 3728 1846 3766 gregatimque
1857 3725 1901 3754 suu
1911 3735 1962 3754 ova
1972 3725 2070 3762 gurgiti
2082 3722 2172 3752 altiori
2187 3721 2299 3750 mandat
2307 3719 2441 3756 congesta.
2482 3716 2557 3745 Vitio

1437 3766 1577 3795 infestatur
1589 3767 1658 3799 diro,
1672 3773 1702 3795 ut
1717 3763 1838 3803 pediculi
1854 3762 1901 3792 sub
1913 3763 2049 3791 branchiis
2067 3761 2154 3790 innati
2165 3759 2276 3797 plurimi
2288 3758 2459 3786 interimant:
2481 3752 2556 3792 quod

1437 3803 1507 3832 nulli
1517 3813 1550 3832 ex
1560 3805 1664 3834 czetcris
1675 3803 1785 3833 accidit.
1820 3801 1922 3830 Author
1938 3800 2042 3829 Aristot.
2055 3798 2103 3827 lib.
2115 3805 2139 3831 8.
2159 3799 2193 3826 de
2206 3797 2272 3825 nist.
2286 3793 2402 3824 Animal.
2452 3829 2457 3835 Ι

1400 3840 1432 3871 AE
1442 3851 1457 3868 a
1469 3851 1477 3868 1
1488 3851 1505 3869 u
1517 3851 1550 3870 ss
1561 3864 1569 3877 ,
1601 3844 1615 3878 [
1638 3839 1727 3877 αἵξιδὶς
1745 3841 1760 3875 ]
1797 3840 1919 3869 Gemma:
1946 3838 2008 3867 sunt
2036 3847 2051 3866 e
2073 3835 2245 3874 beryllorum
2268 3842 2377 3872 genere.
2419 3829 2489 3860 Phn.
2511 3837 2555 3868 37,

1435 3888 1495 3916 cap.
1508 3889 1531 3916 5.

2595 0 2599 24 Ι

2526 435 2550 464 ³·
2570 419 2572 470 Ῐ

2566 1061 2589 1100 3.

2390 3905 2554 3939 AEnssizusa,
