2667 4145
194 129 264 167 20

198 217 341 254 bitrium
365 216 401 252 &
418 225 457 250 ea
478 210 538 258 [a]
576 217 704 246 norma
724 203 915 254 loquendi,
961 208 1067 246 quam
1083 195 1198 232 caeteri
1223 204 1349 230 omnes

787 102 824 154 P
853 100 900 152 R
934 98 994 151 AE
1027 94 1064 147 F
1099 93 1149 144 A
1182 91 1233 142 T
1267 91 1286 141 Ι
1322 90 1372 139 O
1443 83 1567 139 Edit.
1597 83 1791 138 Londin.
1827 95 1997 154 1735.

1409 203 1477 240 que
1499 190 1533 226 δε
1550 189 1690 226 mendis
1705 188 1859 231 obsitus,
1885 187 1987 225 nullo
2007 194 2135 224 ornatu
2149 185 2336 224 decoratus
2350 185 2475 233 praet'er
2487 193 2567 222 eam

200 263 461 312 Lexicographi
490 271 605 307 neque
629 257 781 294 omnino
811 263 883 288 non
915 245 1092 292 adtigisse,
1132 254 1247 298 neque
1273 242 1305 278 se
1333 243 1352 288 †
1408 238 1640 297 pauxillulam
1668 238 1779 274 laudis
1796 237 2062 294 portiunculam
2082 248 2159 285 quae
2178 238 2215 272 in
2240 233 2328 276 libri,
2354 229 2573 289 σαρξίιῇμήσϋῖ

201 316 339 363 penitus
351 308 563 359 pei-trat‘taffe
575 306 748 343 videntur.
781 298 893 347 Quod
916 296 960 333 ad
983 292 1289 348 Orthographiam
1300 297 1350 327 at-
1407 302 1518 335 pagum
1533 287 1694 334 religiosa
1715 294 1902 323 notatione
1927 290 2109 330 cernitur)
2132 297 2210 321 eam
2235 291 2353 320 tamen
2369 281 2569 323 utilitatem,

203 365 302 404 tinet,
314 371 466 408 eumque
479 357 610 395 Latinae
622 355 751 402 linguae
760 351 924 400 genium,
940 345 1001 392 qui
1015 344 1051 379 in
1063 343 1206 398 stamine
1225 339 1299 388 ipso
1315 340 1351 375 δε

201 413 238 448 in
253 409 394 455 partibus,
419 414 458 444 ut
474 408 594 446 aiunt,
619 399 808 446 constitutivis
819 400 972 446 cernitur
985 420 995 434 ,
1013 390 1279 445 uniuscujusque
1296 389 1352 423 ele-

204 462 295 494 menti
315 464 495 497 naturam,
526 454 685 491 habitus,
709 447 915 485 relationes,
942 453 1133 489 veramque
1158 444 1355 488 proprieta-

203 516 276 545 tem
292 504 551 553 descripfimus3
578 512 645 550 qua
662 500 698 534 in
719 509 755 532 re
773 494 878 530 nobis
896 492 1009 528 facem
1027 489 1212 538 praetulere
1231 494 1356 535 praeter

207 556 353 600 capellas,
379 554 490 597 Lipfios‚
504 551 676 596 Scaligeros,
694 541 904 590 caeterosque
926 540 1187 577 Grammaticos
1199 544 1276 573 tum
1286 535 1358 573 An-

204 607 322 653 tiquos
346 610 421 640 tum
439 601 686 638 Recentiores,
714 592 855 629 emditae
872 589 1194 627 commentationes
1213 584 1356 632 singulis

207 654 314 690 literis
344 654 381 688 in
419 649 504 684 Fabri
533 646 711 684 Thesauro
736 642 771 678 sc
789 642 826 678 in
840 638 1022 676 nonnullis
1049 636 1189 674 Lexicis
1213 634 1359 672 Latino-

205 702 361 750 Anglicis
385 696 569 748 praemissae.
614 693 809 731 Literarum
839 689 945 726 Notae
960 699 1037 736 quae
1067 685 1262 734 priscorum
1283 683 1358 720 Ro-

206 761 394 789 manorum
415 747 580 785 nomina,
612 741 729 779 officia
744 768 754 782 ,
790 740 978 786 dignitates
1000 738 1036 778 in
1060 733 1200 771 vetustis
1230 743 1360 768 monn-2

206 801 333 838 mentis
353 795 595 843 defignabant,
624 804 642 828 a
659 790 712 828 Cl.
733 793 856 824 Sertorio
873 787 976 830 Ursato
995 782 1185 831 diligenter
1203 781 1360 832 colleclae

207 852 242 887 &
261 846 477 895 alphabetice
497 840 666 890 dispositae
686 842 875 875 nouerant
898 833 1141 882 negligendae,
1169 831 1357 879 praesertim

203 904 289 935 'cum
309 903 378 932 tam
402 894 471 930 levi
490 902 599 939 opera
615 890 787 928 Romanae
804 885 1009 922 eruditionis
1020 881 1192 919 studiosos
1213 880 1361 916 feliciter

205 945 378 984 demereri
395 943 588 991 potuimus.
638 940 675 984 ††
700 937 922 974 Publicarum
939 931 965 970 F
969 931 1188 969 ormulamm
1210 928 1362 965 solenus.

206 1002 313 1033 tatem
331 1003 528 1039 eorumque
547 986 809 1026 vocabulorum
826 983 1115 1031 explanationem
1136 986 1214 1028 quae
1230 978 1362 1015 Romae

204 1057 257 1082 nae
273 1042 498 1090 Antiquitatis
516 1039 677 1076 notitiam
701 1037 737 1072 in
759 1035 790 1071 se
814 1031 1099 1079 comp'lestun‘t‘ur
1114 1056 1123 1071 ‚
1146 1035 1262 1075 nuper
1276 1038 1362 1074 praez

205 1100 258 1130 ter
279 1098 425 1129 caeteros
450 1091 529 1125 sam.
553 1086 674 1131 fitiscus
690 1082 888 1121 incredibili
903 1081 1025 1117 labore
1044 1077 1216 1126 congessit
1233 1077 1268 1113 δε
1283 1076 1361 1112 lite-

204 1144 250 1179 ris
276 1139 521 1188 consignavit;
547 1134 689 1174 tradidit
711 1130 950 1169 illustrissimus
976 1128 1088 1166 Doni.
1110 1131 1162 1163 ΕΖ.
1180 1125 1360 1170 Spanhemius

204 1194 240 1229 in
263 1201 373 1238 opere
403 1187 607 1237 pererudito
622 1213 631 1226 ,
666 1183 710 1219 de
727 1182 787 1219 usu
813 1181 848 1217 &
866 1178 1057 1228 praestantia
1073 1175 1358 1219 Numismatum3

205 1240 430 1287 collegerunt
448 1237 513 1273 viri
542 1230 797 1272 laboriosissimi
828 1228 1074 1266 Romanarum
1102 1225 1359 1273 Antiquitatum

205 1287 503 1327 consarcinatores
514 1313 523 1327 ‚
552 1285 723 1323 Manutius,
739 1278 874 1323 Rofinus,
887 1277 1083 1324 caeterique.
1108 1274 1275 1312 Attamen
1287 1273 1362 1309 haec

204 1340 346 1388 penitus
365 1333 555 1384 neglexisse
572 1338 645 1369 erat
663 1327 823 1378 profesto
849 1326 1029 1371 Thefiiurum
1047 1324 1208 1361 nostrum
1234 1321 1362 1369 insigni

205 1387 354 1426 utilitate
380 1383 525 1433 privasse
551 1379 766 1429 (praesertim
790 1383 872 1414 cu'm
900 1373 1138 1423 piurinrorum
1168 1371 1363 1409 vocabulo„

205 1448 285 1475 rum
304 1438 355 1472 vis
374 1435 410 1472 ἃ
430 1432 627 1482 proprietas
648 1440 724 1466 non
752 1424 894 1464 aliunde
914 1423 955 1461 sit
981 1421 1215 1465 deducenda)
1241 1422 1364 1458 omnia

205 1497 292 1523 vero
312 1480 565 1522 accumulaffe,
589 1485 683 1520 erat,
710 1476 735 1514 Ii
754 1474 891 1512 molem
913 1473 992 1511 libri
1017 1477 1121 1520 atque
1141 1471 1300 1507 nostrum
1315 1469 1364 1505 laz-

203 1537 332 1579 borem
352 1532 480 1581 spectes
493 1558 502 1573 ,
528 1527 716 1566 infinitum.
766 1523 922 1562 Breviter
940 1529 1032 1570 'ergo
1053 1532 1092 1557 ea
1106 1521 1228 1557 onmia
1248 1520 1363 1567 attigi-

204 1594 284 1622 mus
295 1611 305 1625 ,
334 1583 369 1619 δι
385 1594 430 1618 ne
448 1579 575 1618 Lestor
591 1576 653 1614 fibi
668 1574 830 1613 fraudem
847 1573 961 1620 parari
974 1570 1152 1607 existimet
1167 1585 1179 1611 ·,
1203 1576 1270 1606 ‘eos
1286 1569 1365 1606 ubia

182 1643 184 1645 ’
206 1645 276 1682 que
298 1631 509 1668 adduximus
533 1626 690 1666 auctores
714 1625 775 1673 qui
807 1621 909 1670 plura
928 1619 1191 1658 consulentibus
1222 1617 1363 1655 abunde

206 1681 430 1721 satisfacient,
459 1678 681 1725 &tanquam
701 1673 814 1721 Pythius
835 1670 922 1707 alter
950 1671 1009 1707 aut
1030 1668 1216 1714 Aristoteles,
1239 1677 1289 1711 pro
1313 1678 1365 1701 noe

205 1732 246 1767 ln}
264 1728 481 1775 respondebunt.
530 1724 610 1775 Jam
630 1734 715 1760 vero
729 1728 768 1759 ut
783 1721 827 1758 de
842 1719 973 1758 Critica
984 1718 1092 1755 verba
1104 1717 1274 1754 'faciamus
1288 1743 1297 1758 ,
1315 1722 1365 1752 at<-

206 1792 276 1830 que
298 1790 337 1815 ea
362 1778 494 1822 α’κςιέείῳ
515 1786 592 1824 quae
612 1785 696 1810 cum
720 1773 756 1808 iri
777 1770 944 1807 omn-ibus
974 1768 1104 1805 artibus
1142 1768 1178 1803 &
1212 1764 1364 1813 discipu,

205 1831 260 1867 nis
281 1827 485 1865 dominetur
503 1852 513 1867 ,
540 1831 616 1861 tum
644 1824 682 1860 in
708 1821 781 1858 hoc
798 1819 978 1856 literarum
1004 1825 1137 1865 genere
1171 1817 1364 1863 imperium

203 1879 331 1916 habeat
363 1875 534 1923 singulare
546 1901 555 1915 ,
594 1872 631 1909 δε
663 1868 912 1913 necessarium3
944 1867 1098 1916 plurima
1123 1864 1364 1913 proculdubio

205 1926 389 1965 adnotabit
401 1923 527 1962 Let'tor
539 1920 633 1959 fuiffe
650 1922 687 1957 in
700 1920 722 1956 S
731 1930 755 1955 T
765 1931 784 1955 r:
794 1930 812 1954 P
823 1930 849 1954 n
860 1927 880 1951 Α
892 1928 918 1956 N
930 1928 953 1953 o
974 1915 1050 1963 ipso
1065 1913 1285 1957 emendanda
1296 1912 1341 1958 [b]
1355 1924 1365 1957 ;

205 1977 400 2026 plurimum
422 1975 526 2010 etiam
551 1981 668 2019 operae
695 1965 944 2005 insumendum
970 1965 1066 2001 iniis
1088 1963 1284 2004 autloribus
1300 1963 1366 1998 rite

206 2023 442 2065 adducendis,
470 2032 562 2070 quos
582 2019 639 2056 vel
652 2018 864 2056 Surum
875 2024 924 2052 us
945 2013 1035 2062 ipse,
1060 2011 1120 2050 'vel
1138 2024 1183 2049 ex
1192 2012 1368 2060 posterioz

206 2076 303 2113 ribus
322 2071 508 2112 nonnulli,
536 2076 596 2107 aut
619 2079 682 2117 per
702 2066 875 2103 incuriam
894 2072 1081 2112 perperam
1099 2064 1281 2103 citarum,
1308 2066 1368 2096 aut

207 2136 279 2172 ope
295 2122 474 2161 Codicum
494 2119 688 2156 meliorum
708 2115 872 2152 destituti.
921 2111 1232 2163 Plurimumergo
1255 2108 1369 2147 claris-

208 2173 378 2210 fimorum
403 2170 605 2206 nostrorum
627 2167 818 2203 hominum
841 2162 1049 2203 Laboribus,
1081 2167 1294 2201 caeterorum
1324 2170 1368 2195 ue

208 2225 245 2260 in
262 2222 328 2258 hac
347 2219 427 2256 disci
458 2219 528 2254 lina
548 2217 754 2263 Principum
773 2241 782 2255 ,
809 2211 959 2248 debetur
973 2237 984 2253 ,
1028 2216 1067 2246 ut
1085 2207 1309 2249 THESAUR

207 2268 400 2309 LATINAE
424 2231 625 2305 {INGUAE
648 2264 758 2310 longe
783 2272 880 2298 nunc
903 2258 1054 2308 prodeat
1074 2271 1151 2295 non
1179 2258 1294 2295 solum
1316 2257 1371 2293 ios

209 2320 387 2368 cupletior
400 2345 410 2360 ‚
428 2328 553 2353 verum
566 2316 673 2352 etiam
692 2315 738 2348 ita
758 2309 965 2348 emendatus
980 2331 993 2350 s
1022 2315 1077 2350 ut,
1098 2306 1156 2344 'vel
1174 2319 1211 2344 ea
1222 2306 1293 2344 sola
1303 2308 1372 2344 uti-

208 2371 306 2407 litate
323 2375 427 2416 atque
443 2366 514 2402 hoc
531 2363 643 2402 laudis
653 2373 784 2410 genere
795 2388 806 2402 ,
833 2360 966 2396 caeteris
983 2358 1151 2394 omnibus
1168 2355 1371 2404 hujusmodi

208 2419 305 2456 libris
327 2429 408 2454 eum
432 2414 603 2452 anteferre
625 2424 700 2448 non
726 2410 939 2446 dubitemus
990 2406 1104 2452 Quod
1128 2406 1171 2442 ad
1193 2407 1371 2442 rationem

210 2468 366 2505 auslores
386 2463 604 2501 describendi
624 2459 871 2508 allegandique
889 2458 1035 2498 attinet,
1062 2454 1197 2492 tametsi
1217 2466 1301 2492 cum
1322 2457 1369 2488 vi-

209 2518 247 2552 ris
267 2518 389 2550 maximi
408 2515 527 2547 nominis
547 2514 608 2548 vix
638 2512 849 2546 arbitremur
882 2506 1058 2544 universas
1084 2505 1219 2542 nostras
1242 2515 1369 2552 operas

210 2567 247 2602 in
268 2577 307 2601 ea
329 2564 400 2600 sola
416 2561 568 2610 palaestra
590 2557 688 2608 posse
718 2558 875 2594 exerceri
898 2555 954 2592 vel
982 2554 1114 2591 utiliter
1131 2552 1233 2602 Reip.
1254 2553 1372 2590 literas

210 2616 268 2652 riae
284 2641 294 2656 ,
322 2613 378 2649 vel
394 2612 499 2648 nobis
522 2609 601 2658 ipsis
617 2606 789 2656 gloriose,
816 2606 935 2654 (quos
952 2611 1070 2640 tamen
1081 2603 1173 2651 ipsos
1184 2615 1229 2639 ne
1243 2602 1279 2638 id
1295 2603 1369 2652 qui-

210 2664 295 2701 dem
313 2661 405 2699 velle
427 2657 699 2697 existimandum
719 2656 766 2692 est
779 2683 788 2697 ‚
825 2661 865 2691 ut
884 2653 968 2691 sris
982 2664 1137 2689 runnu
1149 2665 1164 2688 s
1187 2652 1290 2699 prelo
1310 2650 1370 2687 dez.

209 2724 284 2750 nuo
303 2711 546 2748 committatur
569 2706 722 2745 incultus
735 2729 748 2746 ,2
771 2703 1000 2744 inhonestus,
1027 2702 1252 2751 imperfeistus
1271 2701 1371 2737 deni-22

246 2845 293 2883 [a]
312 2843 525 2881 Theologorum
539 2840 640 2881 'scripta
658 2838 840 2878 intelligimus
852 2859 861 2874 ‚
883 2835 980 2868 eorum
996 2834 1141 2874 'praecipue
1161 2833 1209 2873 qui
1230 2833 1299 2865 {zum
1321 2834 1372 2864 'nee-

210 2893 265 2922 que
277 2885 312 2913 ad
333 2884 455 2913 Summae
472 2891 562 2918 neque
574 2881 610 2909 ad
623 2878 726 2909 lnsimae
742 2876 898 2907 Latinitatis
908 2875 1020 2905 elaffem
1031 2875 1191 2911 redigantur
1201 2895 1210 2906 .
1231 2872 1372 2910 utriusque

210 2921 284 2959 quasi
305 2922 414 2953 medii,
436 2926 508 2956 pene
529 2929 544 2947 a
566 2917 675 2947 Lexicis
694 2916 863 2946 exsulabant.
885 2913 1045 2943 Vindicavit
1055 2913 1171 2950 primus,
1192 2910 1370 2948 quodsciam,

211 2961 351 2990 calamus,
372 2955 686 2995 quiFabriThesaurum
703 2955 783 2992 Anno
805 2961 884 2989 ¹7¹0·
910 2950 1016 2988 septem
1031 2972 1040 2985 ,
1062 2951 1143 2979 Anno
1169 2958 1248 2986 1717·
1273 2948 1373 2986 viginti

212 2998 322 3027 circiter
338 2996 416 3026 mille
430 2994 632 3024 vocabulorum
652 2990 808 3022 accessione
836 2989 1031 3026 locupletavit.
1071 2987 1173 3025 Neque
1202 2996 1255 3016 nos
1278 2992 1373 3016 tamen

212 3042 316 3064 temere
332 3035 426 3063 omnia
446 3032 624 3065 admisimus,
645 3039 709 3059 cum
724 3028 838 3058 &idem
849 3035 922 3065 pene
931 3026 984 3055 fuit
993 3025 1095 3062 Gesnm'
1108 3025 1267 3055 consilium.
1289 3025 1373 3053 “Auo

213 3073 234 3087 ‘⁴
254 3074 345 3101 ximus
358 3071 502 3101 vocabulis
522 3070 600 3099 novis
608 3077 665 3097 non
682 3067 797 3104 quidem
808 3065 892 3095 nullis
903 3086 911 3099 ‚
932 3063 979 3092 sed
997 3063 1092 3101 paucis
1104 3064 1198 3092 tamen
1209 3084 1219 3098 ‚
1238 3062 1373 3091 nimirum

213 3111 236 3125 ‘⁵
256 3110 346 3146 dignis
362 3110 417 3138 hoc
431 3107 572 3137 Thesauro
583 3129 590 3141 ‚
615 3114 700 3143 quem
724 3104 747 3136 ἐξ
767 3104 912 3136 ἀφαιρέσεως
927 3102 953 3131 &
966 3102 1116 3129 detraeltorie
1126 3101 1223 3138 potius
1236 3109 1340 3129 curare.
1353 3099 1372 3128 fi

215 3148 236 3164 “
255 3157 298 3176 res
316 3147 353 3176 ita
369 3146 490 3181 tulisset,
510 3154 592 3183 quarn
606 3142 812 3178 ωσπνατξέφειν
823 3142 849 3170 ὅ(
886 3139 1045 3176 inguiorem
1061 3139 1181 3168 reddere
1197 3138 1249 3167 huc
1258 3137 1373 3175 quidem

213 3185 234 3202 “
254 3190 331 3222 parte
342 3183 533 3213 maluissemus.
543 3181 558 3195 '’
596 3180 699 3210 Praefat.
709 3179 744 3209 ad
757 3178 826 3206 Fabri
839 3177 864 3208 T
887 3176 1021 3206 esaurum.
1069 3213 1074 3218 η
1128 3205 1148 3215 -.
1165 3212 1171 3217 ⁴

253 3222 317 3258 [b]
340 3222 443 3251 Mirum
459 3221 535 3250 unde
549 3219 674 3250 eveniret
692 3218 766 3247 utin
786 3216 917 3245 omnibus
941 3213 1075 3243 Thesauri
1097 3209 1275 3241 Editionibus
1296 3213 1321 3241 δι
1343 3212 1374 3240 in

214 3259 345 3290 omnibus
362 3266 493 3297 praeterea
518 3257 626 3287 Lexicis
645 3254 748 3286 Latinis
759 3254 838 3284 locus
856 3262 891 3283 ex
907 3255 998 3280 Horat.
1009 3250 1102 3288 Epod.
1122 3259 1163 3284 ¹4·
1181 3256 1208 3284 8.
1222 3250 1375 3280 adducere-

252 3365 271 3399 †
291 3364 336 3393 Sic
353 3364 382 3391 in
398 3361 564 3391 Londinensi
583 3359 748 3398 exemplari.
787 3386 789 3389 .

253 3402 292 3437 Ἠ
312 3400 365 3430 Sed
387 3409 454 3429 cave
472 3405 554 3437 putes
569 3405 597 3427 te
616 3405 706 3428 totum
725 3397 772 3427 hic
789 3393 878 3425 Ursati
894 3402 967 3431 opus
986 3392 1017 3421 in
1038 3390 1246 3430 'compendium
1257 3390 1379 3426 missum,

194 3459 200 3468 .
219 3439 265 3468 vel
287 3444 352 3467 cum
369 3437 474 3473 judicio
496 3442 658 3473 excerptum
685 3436 875 3464 inventurum.
925 3431 991 3468 Quo
1009 3429 1070 3468 ipso
1088 3436 1182 3459 tamen
1201 3429 1276 3458 haud
1302 3427 1377 3463 scio,

219 3485 254 3504 an
265 3485 355 3513 operae
376 3475 494 3511 pretium
507 3474 601 3502 fieret:
623 3473 766 3510 Siquidem
778 3472 808 3501 id
827 3470 869 3500 Cl.
884 3468 1008 3499 Graevius
1046 3468 1171 3497 nondam
1188 3467 1275 3504 magis
1287 3466 1324 3495 ob
1339 3475 1378 3494 ra-

221 3514 348 3546 ritatem,
367 3513 392 3542 &
409 3512 483 3548 quod
500 3511 690 3548 inscriptiones
713 3510 820 3547 aliquot
839 3507 906 3538 alibi
918 3515 976 3536 non
994 3515 1032 3543 pu
1055 3505 1150 3534 licatas
1160 3503 1381 3542 comprehende-

223 3557 281 3585 ret,
302 3559 383 3586 quam
403 3549 478 3586 quod
498 3557 667 3585 magnopere
686 3547 836 3585 probaret,
857 3544 999 3575 Thesauro
1020 3543 1208 3573 Romanarum
1228 3541 1380 3577 Antiquita-

220 3595 280 3616 tum
294 3609 302 3622 ,
323 3594 355 3616 ut
370 3586 421 3616 alia
433 3585 532 3621 multa,
547 3584 686 3615 inseruisse
705 3585 824 3613 videtur.
853 3576 995 3620 Perpauca
1005 3581 1064 3615 his,
1089 3589 1150 3617 quae
1165 3578 1323 3616 Tinghyus‚
1343 3585 1379 3608 ex

222 3625 324 3655 Valerii
341 3624 419 3653 Probi
430 3623 539 3657 libello,
553 3623 596 3652 vel
606 3623 698 3660 potius
710 3631 743 3651 ex
756 3620 904 3651 Theodosii
914 3618 1047 3649 Trebellii
1059 3618 1261 3655 Promptuarm,
1275 3617 1303 3644 in
1319 3616 1379 3644 edi-

225 3663 332 3692 tionem
350 3661 562 3698 Lugdunensem
581 3660 720 3694 contulit,
747 3664 777 3687 ut
796 3659 850 3687 fors
872 3657 980 3687 ferebat
1002 3655 1126 3694 aspersa,
1153 3663 1270 3691 raroque
1289 3653 1378 3682 felici-

221 3705 282 3733 ter,
310 3706 341 3728 ut
356 3701 384 3727 in
400 3699 496 3742 paucis
517 3708 542 3727 e.
555 3708 579 3735 g.
600 3698 627 3726 in
644 3697 696 3725 hac
714 3697 841 3725 editione
859 3696 1046 3729 ostendimus,
1077 3692 1216 3722 declarata
1238 3691 1375 3720 invenies.

220 3736 328 3767 Similia
344 3736 387 3765 his
396 3738 452 3765 tere
474 3736 535 3765 sunt
549 3757 557 3769 ‚
578 3745 638 3772 quae
660 3735 695 3763 ad
717 3733 822 3762 calcem
847 3732 1016 3770 Compendii
1043 3731 1189 3767 Antiquitt.
1219 3729 1270 3759 Ro.
1293 3728 1325 3757 G.
1343 3728 1378 3757 H.

219 3775 245 3804 N
250 3775 359 3811 ievport
369 3774 413 3802 ed.
424 3773 520 3802 noviss.
532 3773 668 3809 leguntur.
691 3770 747 3806 Qui
760 3777 885 3799 veterum
896 3772 1126 3808 epigrammatum
1134 3767 1224 3797 studio
1232 3772 1375 3800 tenentur,

220 3811 311 3841 multo
330 3811 430 3840 melius
447 3812 472 3840 ἃ
494 3809 602 3838 facilius
621 3811 714 3837 harum
728 3807 870 3840 [inlatum.
893 3807 935 3835 vel
956 3814 1085 3836 notarum
1110 3804 1325 3835 declarationem
1341 3812 1377 3833 ex

221 3849 455 3879 Fleedwoodiana
476 3847 605 3884 Sylloge,
625 3846 668 3874 vel
685 3854 719 3873 ex
731 3845 793 3882 ipsis
809 3843 889 3874 Inscr.
914 3844 1076 3880 corporibus
1097 3842 1226 3876 Gruteri‚
1249 3841 1377 3874 ReinefiL

220 3889 273 3916 &o
283 3886 331 3915 ubi
347 3885 463 3922 Lapides
476 3885 524 3921 ipsi
535 3884 700 3912 exhibentur
711 3904 718 3917 ,
740 3884 804 3911 ut&
817 3891 852 3910 ex
867 3883 903 3909 rei
917 3882 1077 3910 nummariae
1088 3881 1187 3910 veteris
1200 3879 1379 3917 scriptoribus

218 3923 397 3960 cognoscent.
435 3922 535 3951 Cetera
546 3922 581 3949 de
599 3921 680 3955 hujus
700 3919 832 3949 editionis
850 3919 930 3948 novin
946 3918 1146 3948 accessionibus
1163 3918 1193 3947 in
1213 3917 1377 3955 prefatione

1412 349 1476 386 per
1497 337 1528 372 se
1561 336 1706 384 quidem
1729 337 1950 373 mediocrem
1971 335 2028 371 sed
2066 333 2251 382 operosam
2271 340 2410 373 tamen,
2457 329 2570 367 abesse

1411 386 1603 422 noluimus.
1630 383 1812 422 Numeros
1838 386 1945 432 igitur
1967 383 2161 421 Librorum
2180 380 2394 429 &capitum
2407 379 2464 416 vel
2481 378 2573 415 Ver-0

1412 435 1511 472 suum
1539 432 1665 481 (quod
1682 436 1719 470 in
1736 433 1837 470 Profa
1858 433 1916 469 vel
1937 432 2043 470 Versa
2066 434 2229 468 oratione
2256 431 2357 467 facile
2382 429 2572 476 distingue-

1414 484 1495 528 tur)
1521 481 1655 519 summa
1678 494 1745 531 qua
1779 483 1962 530 potuimus
1984 478 2053 517 'fide
2072 481 2284 517 adduximus
2298 505 2308 521 ‚
2345 480 2573 526 optimorum

1413 532 1681 579 Exemplarium
1695 531 1937 568 austoritatem
1954 532 1992 566 in
2018 531 2059 565 iis
2078 528 2306 577 disponendis
2325 528 2442 565 secuti.
2490 526 2577 573 Spe-

1415 593 1531 618 ramus
1550 581 1669 627 itaque
1690 592 1757 617 nos
1781 592 1856 617 non
1882 581 2063 616 minorem
2080 580 2231 626 gratiam
2249 577 2451 614 alestorum
2468 574 2578 624 plebe

1416 632 1567 668 inituros
1612 630 1650 665 in
1680 630 1889 666 testimoniis
1916 629 1982 664 rite
2021 628 2059 663 ἃ
2094 625 2291 663 commode
2333 623 2578 674 apponendiS,

1417 692 1522 729 quarn
1543 682 1681 724 Sacrilegi
1700 679 1751 715 isti
1771 677 1969 724 Lugdunenfis
1987 673 2164 713 Editionis
2182 674 2352 712 Austores
2370 676 2408 711 in
2420 674 2580 719 resecan-

1418 731 1481 765 dis.
1533 727 1718 765 Ciceronis
1751 725 1958 764 Editionem
1990 725 2218 769 Verburgianam
2246 723 2479 771 intelligimus
2510 721 2579 758 effe

1417 776 1688 818 consulendam,
1717 777 1758 813 ab
1776 777 1944 813 omnibus
1961 776 2028 821 jam
2047 773 2224 810 trastatam
2248 773 2285 809 &
2307 772 2484 808 laudatam
2502 782 2579 807 me:-

1417 829 1487 863 rito
1514 828 1698 870 maxin103
1725 837 1875 874 eamque
1898 826 1936 861 in
1948 825 2088 860 minora
2102 827 2271 859 tmemata
2286 819 2579 858 divifionemam-

1415 875 1620 924 plectimur,
1647 885 1753 922 quam
1772 886 1791 911 a
1812 874 1932 910 Nizolio
1959 874 2016 918 Τῇ
2051 872 2141 909 olim
2179 870 2380 917 usurpatam
2419 869 2580 917 Margim‘

1415 925 1480 962 suae
1498 924 1673 962 Editionis
1686 924 1823 971 apponi
1842 923 1978 960 curavit
1995 919 2062 959 Vir
2088 918 2380 969 praestantissimus
2412 917 2494 964 [c]:
2519 929 2582 955 ne-

1443 975 1528 1011 lesla
1549 981 1670 1010 tamen
1691 974 1729 1009 in
1751 971 1915 1021 Epistolis
1936 983 1975 1008 ea
1992 969 2169 1018 allegandi
2187 970 2335 1005 ratione.
2383 966 2444 1005 De
2462 968 2584 1004 omnir-

1443 1036 1484 1061 us
1509 1022 1720 1060 Auctoribus
1739 1033 1821 1058 cum
1842 1021 1998 1069 longum
2025 1020 2118 1056 foret
2135 1046 2145 1061 ,
2173 1024 2251 1056 tum
2268 1016 2410 1054 Lectori
2425 1017 2581 1055 nimium

1418 1072 1604 1110 monendo
1623 1070 1798 1108 fastidium
1818 1078 1991 1107 moveret.
2052 1067 2159 1106 Erant
2182 1065 2357 1104 nonnulla
2374 1065 2518 1102 levioris
2543 1066 2583 1102 δε

1416 1121 1636 1172 quotidianae
1664 1131 1802 1168 operae,
1835 1117 2025 1167 praestanda
2049 1125 2170 1154 tamen
2187 1144 2197 1159 ,
2233 1116 2318 1152 licet
2351 1113 2411 1152 hic
2436 1126 2455 1151 a
2472 1114 2580 1151 nobis

1419 1172 1602 1208 monitum
1631 1171 1693 1206 vix
1719 1168 1894 1216 postulare
1924 1167 2120 1204 videantur.
2192 1164 2414 1214 Syllabarum
2447 1163 2581 1201 scilicet

1417 1224 1626 1266 Qantitates,
1653 1221 1764 1255 Gema,
1791 1217 2001 1266 Flexionzsque
2019 1218 2197 1253 rationem
2231 1225 2271 1251 ea
2294 1214 2466 1251 brevitate
2492 1224 2581 1249 con-

1416 1268 1606 1309 clusimus,
1633 1275 1673 1304 ut
1685 1268 1803 1315 operis
1821 1265 1958 1304 molem
1975 1264 2230 1302 incredibiliter
2246 1262 2438 1311 aliquando
2449 1261 2583 1299 levare-

1419 1330 1512 1356 mus.
1561 1315 1771 1365 Expeditius
1796 1317 1894 1352 enim
1923 1315 2040 1352 multo
2068 1315 2105 1351 ὃς
2132 1314 2371 1354 concinnius,
2397 1322 2516 1361 neque
2536 1309 2583 1348 ad

1421 1368 1612 1406 utilitatem
1645 1365 1758 1402 levius
1783 1363 1961 1402 adnotasse
1991 1363 2023 1402 C
2039 1378 2058 1397 o
2072 1378 2095 1396 M
2110 1377 2131 1396 M
2146 1367 2164 1395 ὅ
2179 1374 2201 1394 N
2219 1373 2233 1393 a
2251 1373 2288 1404 o,
2314 1365 2348 1395 ui
2360 1389 2370 1403 ,
2394 1365 2495 1402 itum,
2521 1366 2582 1396 ere.

1420 1428 1529 1466 vquarn
1556 1427 1639 1452 cum
1658 1414 1913 1452 -Srrrfliiuo
1949 1413 1992 1450 ad
2013 1411 2159 1450 taedium
2179 1411 2420 1458 ingeminare,
2460 1408 2525 1447 Co
2537 1420 2587 1446 M*

1422 1477 1487 1504 mo
1499 1475 1554 1503 NE
1567 1476 1591 1502 0
1609 1492 1620 1507 ,
1646 1476 1803 1499 commones
1818 1491 1827 1506 ,
1852 1462 2014 1508 penultima
2034 1469 2162 1504 correpta
2175 1488 2184 1502 ,
2208 1462 2389 1501 commonui,
2428 1461 2585 1493 commoni-

1422 1525 1488 1550 tum
1498 1540 1510 1557 ,
1534 1514 1696 1559 penultima
1712 1522 1859 1558 correpta,
1884 1522 2068 1546 commanere.
2116 1508 2287 1548 Levicula
2304 1508 2379 1546 haec
2395 1508 2462 1545 esse
2473 1507 2583 1544 dices.

1422 1563 1587 1603 fatemur
1604 1562 1720 1605 ultro,
1745 1566 1901 1599 attamen
1924 1572 2000 1597 non
2018 1559 2161 1608 prorsus
2179 1558 2388 1594 omittenda.
2451 1556 2585 1604 Alpha.

1419 1615 1577 1652 beticam
1599 1612 1756 1660 denique
1770 1612 1894 1648 seriem
1912 1636 1923 1652 ,
1949 1610 2232 1657 ‘congeriemque
2261 1605 2457 1655 phrafium,
2483 1605 2587 1642 locu*

1421 1665 1591 1705 tionum,
1625 1662 1889 1710 proprietatum
1922 1658 1991 1696 &c
2025 1658 2239 1695 instituimus
2270 1657 2419 1692 minima
2444 1653 2587 1692 fortasse

1420 1713 1560 1762 gratia,
1595 1710 1654 1747 sed
1677 1710 1798 1747 labore
1826 1710 1863 1746 ἀ
1894 1719 2005 1756 opera
2030 1719 2107 1744 non
2132 1707 2301 1743 minima:
2323 1705 2424 1754 quod
2444 1717 2529 1742 cum
2546 1706 2585 1742 in
2643 1730 2645 1734 ι

1425 1763 1547 1799 animo
1565 1760 1689 1797 habuit
1707 1760 1744 1796 ἃ,
1767 1759 1856 1796 serio
1871 1765 1910 1795 ut
1919 1757 2118 1806 plurimum
2132 1756 2280 1803 perfecit
2289 1754 2312 1792 S
2323 1767 2347 1791 T
2359 1766 2378 1791 a
2389 1766 2408 1791 r
2419 1765 2475 1791 HA
2486 1765 2512 1790 N
2521 1765 2546 1789 u
2555 1765 2585 1796 s,

1422 1811 1594 1849 lestorem
1610 1817 1732 1846 tamen
1746 1807 1943 1857 'aliquando
1970 1806 2073 1843 latuit
2093 1816 2132 1841 ea
2149 1803 2329 1852 dispositio
2345 1832 2354 1846 ,
2384 1815 2467 1840 cum
2478 1803 2587 1840 verba

1426 1872 1504 1910 quae
1526 1859 1707 1894 dominantia
1729 1857 1906 1906 appellare
1927 1856 2039 1897 libet,
2066 1853 2259 1903 aliquando
2281 1857 2335 1898 pali
2356 1856 2494 1897 principia
2509 1852 2589 1889 lati-

1422 1911 1564 1951 tabant,
1589 1909 1773 1957 aciemque
1793 1907 1890 1944 oculi
1908 1904 2086 1953 saepissime
2111 1905 2304 1952 rugiebant.
2354 1901 2477 1940 Voces
2500 1902 2588 1949 ipsas

1426 1962 1504 1996 'non
1541 1958 1673 1994 eodem
1703 1957 1835 2005 ubique
1870 1962 1974 2003 atque
2001 1952 2214 1991 exaaiffimo
2245 1960 2371 1989 tenore
2395 1951 2589 1999 Alphabeti

1420 2007 1687 2056 conglutinatas
1708 2007 1860 2054 reperiet
1876 2004 2015 2043 Leston
2063 2001 2112 2040 Ea
2132 2009 2206 2040 erat
2222 2001 2384 2039 habenda
2396 2000 2590 2050 aliquando

1424 2055 1694 2095 'Primitivorum
1711 2055 2040 2102 Derivatorurnque
2060 2054 2150 2090 ratio
2162 2080 2173 2095 ,
2199 2059 2241 2090 ut
2260 2050 2286 2088 si
2302 2051 2378 2088 haec
2400 2051 2443 2087 ab
2460 2050 2529 2087 illis
2546 2050 2589 2086 li-

1427 2114 1582 2144 terarum
1616 2106 1881 2154 permutatione
1909 2115 1986 2139 non
2012 2103 2169 2139 immane
2195 2100 2435 2142 discederent,
2474 2101 2514 2136 in
2530 2098 2589 2136 sua

1424 2166 1689 2204 nonnunquam
1705 2163 1792 2201 gente
1809 2153 2095 2192 consulerentur,
2131 2162 2207 2188 non
2226 2158 2347 2187 tamen
2364 2148 2526 2186 indiculo
2549 2150 2590 2186 in
2620 2177 2623 2178 ν

1424 2207 1572 2254 ‚propria
1584 2205 1651 2248 dee
1677 2203 1846 2240 destituta.
1894 2201 2130 2239 Condonabit
2155 2200 2285 2238 Le&or
2315 2210 2436 2249 aequus
2462 2197 2487 2235 fi
2509 2197 2590 2235 reli-

1423 2254 1516 2303 giosi
1536 2255 1688 2290 nimium
1712 2251 1903 2301 aliquando
1924 2252 1959 2287 δε
1980 2249 2079 2297 vulgi
2109 2255 2308 2286 metuentes
2322 2277 2332 2291 ‚
2363 2247 2518 2297 plurima
2551 2248 2590 2284 in

1424 2304 1674 2341 *Sriariinuo
1700 2302 1907 2350 reliquimus
1933 2299 2082 2336 feliciori
2102 2298 2229 2336 saecuio
2255 2296 2426 2335 tollenda.
2465 2296 2589 2334 Turba

1426 2354 1524 2389 enim
1543 2352 1716 2388 leslorum
1740 2351 1963 2397 Lugdunenfi’m
1988 2348 2187 2385 editionem
2210 2348 2365 2395 exprimi
2390 2345 2588 2393 flagitabat,

1423 2413 1582 2450 quorum
1601 2401 1866 2438 criminatione-s
1886 2398 2121 2447 deprecamur
2139 2396 2283 2434 infinitis
2310 2397 2349 2433 in
2370 2395 2461 2432 locis
2479 2396 2522 2441 ab
2542 2403 2588 2432 eo

1422 2451 1601 2488 discedere
1624 2450 1744 2487 coafiti.
2097 2493 2100 2494 ⁷

1494 2499 1599 2538 Hisce
1618 2498 1772 2536 consiliis
1791 2505 1896 2547 atque
1917 2497 1971 2534 his
1990 2493 2172 2533 laboribus
2201 2495 2347 2532 tandem
2377 2493 2420 2530 ad
2445 2492 2590 2532 umbili=

1422 2560 1509 2586 ¹cum
1532 2549 1717 2586 adducitur
1739 2548 1802 2587 Er)
1814 2559 1914 2584 1‘r10
1930 2546 1993 2584 Lo
2005 2558 2063 2583 Nu
2075 2552 2270 2582 {NENSI'S.
2323 2543 2509 2589 Qiantum
2524 2544 2591 2579 stu-

1427 2599 1546 2636 diosos
1561 2599 1801 2635 demeruerint
1813 2593 1976 2635 Editores
1989 2624 1998 2637 ,
2026 2607 2136 2644 penes
2159 2606 2286 2631 omnes
2300 2595 2366 2630 erit
2385 2592 2510 2628 dostos
2529 2604 2592 2639 pa-

1428 2651 1512 2685 riter
1531 2649 1565 2684 &
1589 2647 1777 2689 indotlos,
1816 2657 1937 2694 aequos
1967 2646 2003 2681 &
2035 2643 2258 2684 malevolos,
2293 2641 2473 2689 judicandi
2499 2643 2591 2678 arbi-

1425 2699 1554 2735 trium:
1582 2705 1734 2746 quantos
1765 2699 1898 2734 interea
1923 2695 2063 2732 labores
2091 2692 2369 2733 mandaverint,
2407 2703 2468 2778 eRS
2494 2690 2589 2727 solos

2459 2746 2588 2783 aruere,

1425 2831 1474 2863 'tur
1486 2853 1494 2868 ‚
1517 2834 1611 2860 D'ucere
1622 2832 1657 2860 aii
1672 2827 1838 2866 Umb'ilieum,
1868 2837 1934 2859 cum
1954 2835 2054 2858 ornnes
2074 2827 2175 2855 Horatii
2195 2826 2340 2857 Editiones
2352 2847 2361 2861 ‚
2385 2836 2422 2856 ne
2443 2825 2593 2863 stephanim

1431 2871 1546 2910 quidem
1567 2877 1704 2908 excepta,
1728 2870 1873 2903 adducere,
1896 2868 1998 2904 legant.
2041 2864 2128 2895 Miror
2143 2865 2312 2899 Stephanum.
2328 2864 2375 2901 q‘ui
2395 2864 2455 2893 haec
2467 2873 2528 2900 quae
2552 2863 2591 2893 se-

1427 2915 1552 2947 [quuntur
1565 2917 1599 2937 ex
1620 2909 1736 2944 calepino
1755 2906 1893 2943 arripuit,
1914 2915 1947 2934 ea
1965 2913 2023 2933 non
2052 2902 2222 2937 observasse,
2253 2903 2272 2916 “
2291 2901 2354 2931 Fuit
2376 2904 2402 2932 δε
2426 2902 2590 2931 Demaratus

1427 2947 1450 2985 .“
1472 2946 1617 2983 Tarquinii
1638 2944 1757 2982 Superbi
1776 2951 1873 2981 pater,
1902 2944 1949 2980 qui
1972 2941 2109 2971 Corintho
2122 2940 2151 2968 in
2173 2939 2332 2969 Hetruriam
2346 2939 2373 2969 se
2387 2940 2493 2977 recepit
2513 2939 2591 2976 quod

1430 2984 1451 2999 ¹¹
1469 2984 1621 3022 Cypselum
1636 2982 1800 3021 Tyrannum
1818 2981 1891 3010 ferre
1914 2990 1972 3009 non
1993 2979 2091 3017 posset.
2124 2977 2184 3006 Cic.
2194 2977 2339 3006 Tusc.lib.
2359 2988 2381 3012 5.
2404 2982 2476 3004 Hanc
2491 2977 2591 3006 Dema.

1429 3017 1453 3037 5‘
1474 3029 1563 3051 ratum
1573 3021 1664 3058 vixisse
1677 3020 1822 3057 temporibus
1839 3017 1939 3053 Philippi
1955 3017 2095 3044 Macedonis
2104 3017 2189 3042 auflor
2202 3014 2232 3050 est
2242 3015 2370 3043 Plutarch.
2380 3017 2406 3041 in
2416 3017 2478 3041 vita
2487 3015 2562 3044 Alex.
2572 3013 2590 3026 '⁹

1429 3060 1485 3090 Sed
1502 3060 1530 3088 in
1542 3059 1683 3091 Historicis
1693 3058 1789 3087 misere
1803 3055 1953 3086 offendunt
1964 3063 2061 3084 omnes
2072 3058 2210 3090 quotquot
2218 3052 2339 3082 vidimus
2350 3051 2562 3090 Lexicographi.

1467 3097 1479 3134 [
1491 3097 1528 3132 ε]
1550 3096 1580 3126 ln
1592 3095 1773 3127 Orationibus
1791 3100 1888 3123 contra
1901 3098 1997 3121 Verrem
2010 3091 2157 3121 laudandis
2167 3112 2175 3125 ,
2196 3091 2224 3119 in
2235 3089 2372 3119 diversum
2384 3089 2491 3127 semper
2500 3090 2593 3119 abiere

1430 3135 1489 3164 Viri
1500 3135 1587 3164 dosti,
1608 3134 1768 3164 Recensent
1783 3132 1829 3162 alii
1855 3132 2047 3159 ominationem
2063 3131 2089 3159 δι
2109 3129 2237 3156 Αὲἲέοηεηι
2253 3130 2360 3163 (Μένωνι
2376 3129 2447 3157 inter
2467 3130 2592 3163 Verrium,

1426 3173 1476 3202 alii
1509 3181 1555 3202 eas
1588 3173 1784 3201 nominetenus
1818 3169 1964 3204 resecant,
1990 3175 2193 3203 numerumque
2217 3166 2323 3196 idcirco
2347 3167 2507 3194 verrinarum
2540 3165 2592 3194 mi.

1428 3218 1530 3241 riuunt.
1552 3210 1612 3240 Nos
1624 3209 1791 3247 Stephanica
1811 3206 1946 3238 divisione
1961 3207 1987 3236 Sc
2004 3213 2139 3243 computo
2153 3204 2265 3235 utimur.
2277 3204 2352 3241 ††††

1433 3353 1513 3384 Birrii
1534 3353 1608 3382 dista
1617 3352 1688 3382 sunt.

1470 3391 1525 3427 †††
1545 3391 1636 3420 Immo
1647 3391 1681 3420 ab
1701 3386 1857 3418 Alexandro
1873 3387 1949 3417 Scot.
1970 3385 2043 3416 Nam
2055 3383 2184 3414 Nizolius
2199 3393 2257 3414 non
2270 3384 2318 3414 nisi
2331 3383 2480 3417 foliorum,
2501 3389 2533 3413 ut
2545 3393 2592 3413 vo.

1432 3435 1509 3463 cant,
1519 3429 1651 3458 editionis
1662 3426 1767 3457 Aldinae
1775 3434 1915 3459 numeros,
1924 3425 1951 3453 in
1961 3424 2030 3454 duas
2039 3424 2152 3460 paginas
2163 3431 2211 3459 per
2226 3423 2281 3452 a&
2291 3423 2317 3452 b.
2334 3423 2439 3451 litteras
2450 3421 2595 3450 distinrsto-

1434 3476 1495 3496 rum
1508 3466 1653 3496 indicavit.
1688 3465 1754 3495 Haec
1766 3469 1859 3494 autem
1870 3460 1939 3493 Folia
1955 3461 2059 3491 Aldinae
2069 3459 2201 3489 editionis
2210 3459 2376 3498 Verburgius
2386 3481 2393 3495 ‚
2414 3468 2472 3487 non
2487 3458 2593 3495 ziphris

1434 3503 1600 3539 Arabicis,u‘t
1608 3503 1683 3533 Scoti
1692 3500 1887 3535 sectionesssed
1895 3499 2024 3529 Romano
2035 3507 2152 3527 numero
2162 3498 2190 3526 in
2206 3499 2329 3535 margine
2340 3497 2472 3526 editionis
2483 3496 2535 3526 suae
2545 3497 2592 3525 ad.

1434 3542 1551 3570 notavit.
1578 3541 1666 3571 miror
1677 3538 1719 3569 Cl.
1732 3540 1814 3575 hujus
1824 3537 1992 3576 praefationis
2000 3536 2142 3565 auctorem
2151 3536 2180 3564 id
2192 3535 2281 3572 ipsum
2291 3557 2300 3570 ‚
2312 3544 2369 3563 non
2380 3534 2470 3563 dicam
2478 3543 2514 3563 ex
2524 3543 2594 3572 prae-

1433 3579 1539 3608 fatione
1551 3578 1691 3615 Verburgii
1706 3578 1764 3607 Cic.
1778 3576 1909 3614 operibus
1918 3573 2051 3612 praemisl'a
2061 3595 2070 3609 ‚
2089 3572 2137 3603 sed
2156 3572 2252 3602 saltem
2265 3582 2299 3602 ex
2312 3571 2401 3602 titulis
2419 3571 2532 3609 singulis
2545 3581 2593 3601 vo-

1434 3616 1587 3646 luminibus
1604 3616 1721 3653 praefixis
1737 3623 1793 3644 non
1809 3612 1984 3650 perspexisse.

1470 3653 1545 3690 ††††
1564 3653 1620 3683 Sed
1635 3660 1760 3690 quaenam
1782 3649 1829 3680 illa
1847 3651 1945 3679 divisio
1969 3651 1996 3679 &
2012 3648 2073 3685 quis
2096 3653 2247 3685 computus
2263 3647 2295 3676 sit
2317 3647 2355 3676 ita
2376 3652 2474 3685 parum
2492 3645 2591 3676 lectori

1434 3691 1605 3721 declaratum
1625 3691 1671 3720 est.
1713 3690 1749 3719 Ut
1760 3689 1827 3722 scias
1843 3689 1926 3726 igitur
1945 3687 2086 3725 quomodo
2104 3685 2262 3723 Stephanus
2281 3684 2397 3722 singulas
2414 3684 2471 3714 Cic.
2492 3684 2594 3713 oratio-

1433 3738 1484 3758 nes
1507 3729 1536 3757 in
1556 3728 1665 3757 Verrem
1680 3725 1859 3765 inscripserit,
1880 3727 1989 3752 Primam
2010 3732 2071 3753 eam
2089 3723 2257 3760 appellavit,
2287 3732 2347 3759 quae
2368 3722 2434 3752 alias
2452 3725 2482 3749 In
2494 3723 2595 3758 QG«-

1432 3766 1518 3793 cilium
1537 3764 1693 3795 inscribitur
1703 3787 1711 3800 ,
1733 3775 1764 3794 ac
1775 3764 1914 3792 Divinatio
1927 3763 2045 3791 dicitur:
2067 3762 2202 3788 Secundam
2216 3782 2223 3796 ,
2245 3769 2304 3797 quae
2314 3760 2379 3789 alias
2391 3761 2464 3787 Amo
2473 3762 2555 3794 prima
2568 3760 2595 3787 ira

1432 3808 1531 3830 Verrem
1545 3815 1553 3829 :
1573 3805 1685 3830 Tertiam
1696 3825 1704 3837 ,
1727 3812 1787 3839 quae
1797 3800 1870 3828 Liber
1879 3803 1974 3836 primus
1989 3802 2015 3826 in
2034 3804 2100 3827 ναν-ν.
2116 3808 2131 3827 a
2149 3797 2344 3827 Grammaticis
2364 3802 2473 3825 Praetura
2496 3795 2599 3824 Urbana

1429 3839 1602 3869 inscribitur:
1624 3842 1771 3877 Quartam,
1793 3848 1851 3875 quae
1861 3837 2080 3874 Lzbersecundus,
2110 3834 2329 3864 aGramrnaticis
2350 3831 2488 3869 siciliensis.-
2509 3834 2595 3870 Qin-

1431 3885 1486 3904 tam
1499 3894 1506 3909 ‚
1519 3887 1578 3914 qua:
1589 3878 1659 3905 Li'ber
1671 3880 1760 3904 tertius
1771 3896 1779 3907 ,
1800 3874 1846 3905 se'u
1861 3876 2033 3901 Frumenraru'a
2045 3883 2051 3900 :
2065 3877 2168 3899 Sextam
2178 3890 2185 3901 ,
2206 3882 2266 3909 quae
2279 3872 2348 3900 Liber
2360 3878 2472 3908 quartus,
2485 3869 2538 3899 sive
2555 3873 2595 3898 De

1431 3913 1523 3952 ssgm‘s:
1541 3917 1693 3951 Septimum,
1707 3923 1768 3952 quae
1781 3913 1855 3941 Libaer
1869 3915 1974 3949 quintus
1987 3912 2016 3940 in
2028 3909 2106 3940 Vorr.
2125 3910 2187 3940 aliis
2209 3915 2246 3939 De
2266 3911 2389 3946 snpptiseis
2409 3907 2577 3941 inscribitur.
