2600 4177
480 126 511 160 C
609 126 643 162 O
739 127 774 162 N

100 218 151 246 pro
164 206 190 237 se
199 207 323 246 perpesso
331 213 414 246 atque
423 207 568 246 perfuncto
579 207 761 242 concederet,
783 214 814 238 ut
825 209 945 239 officium
958 219 1050 240 meum
1063 232 1072 246 ,
1094 220 1202 241 memo-

100 255 214 282 remque
226 247 252 274 in
268 247 338 275 bene
351 246 461 275 meritos
475 246 599 273 animum
615 267 622 279 ,
645 244 882 281 fidemquesr1irris
894 250 950 278 mei
965 249 1130 286 praestarem.

82 282 246 313 Concedere
255 284 360 322 aliquid
372 285 399 313 in
412 284 462 312 iras
478 282 601 314 alicuius.
628 282 699 319 virg.
713 292 738 319 7.
753 284 815 313 AEn.
831 295 892 320 305.

369 337 405 341 —
417 320 550 350 concessit
564 321 591 347 in
604 320 656 348 iras

177 356 235 394 lpse
246 359 329 388 deum
339 359 478 394 antiquam
491 358 600 392 genitor
611 357 754 393 Calydona
771 357 873 388 Dianae.
957 361 975 389 h
997 370 1021 389 e.
1043 361 1120 391 Iratae
1140 361 1204 391 Dia-

101 404 144 424 nae
155 397 275 432 permisit
288 403 319 425 ut
335 395 478 432 Calydona
489 400 619 429 vexaret,
641 394 873 433 ulciscereturque
896 397 1026 434 injuriam
1042 399 1077 428 ab
1092 399 1202 429 OEneo

101 442 165 468 rege
179 434 394 471 Calydoniorum
404 433 450 461 sibi
463 432 572 461 saetam.

82 468 154 499 Dare
172 472 197 500 Sc
212 472 365 500 concedere
375 470 486 508 pudori.
524 470 582 500 Cic.
596 479 620 507 3.
633 469 707 500 Verr.
721 479 763 507 3²·
787 470 840 500 Vos
850 471 949 508 quaeso,
962 473 1027 503 date
1039 473 1128 504 hoc&
1138 484 1205 505 con-

103 508 195 537 cedite
210 509 311 546 pudori
325 517 396 536 meo.

83 543 233 583 Patiatque
248 545 404 575 concedere
415 544 473 574 fieri
485 544 599 581 aliquid.
637 544 694 575 Cic.
714 556 738 580 ς.
760 545 832 575 Verr.
853 557 912 581 roo.
943 547 1039 585 Quum
1059 548 1166 579 videres
1185 550 1203 580 si

102 583 159 612 sine
174 590 221 612 tuo
233 583 355 612 maximo
369 583 471 619 quaestu
485 583 583 612 fierent
593 603 601 613 .
625 593 691 613 cum
701 589 779 612 tanto
789 585 915 622 periculo
933 593 983 616 tuo
1001 586 1061 616 fieri
1078 595 1205 625 paterere

101 627 184 658 atque
197 620 388 650 concederes?

81 657 218 688 Tribuere
229 660 254 688 ἃ
267 659 423 688 concedere
436 658 520 688 alicui
530 658 626 687 multa.
649 658 707 688 Cic.
725 667 745 687 x.
763 658 799 687 de
812 658 886 688 Orat.
908 670 948 698 (7.

82 695 170 725 Recte
180 695 285 732 aliquid
298 697 464 726 concedere.
486 696 504 725 i.
524 707 548 725 e.
574 696 684 726 Merito.
711 695 777 725 Hor.
793 697 820 725 in
833 698 892 726 Arte
906 698 978 728 Poet.
994 701 1057 735 369.

82 734 197 764 Amores
205 733 267 763 suos
278 736 433 764 concedere
445 756 452 770 ,
476 735 546 763 Rem
557 741 675 763 amatam
691 733 803 777 donare.
829 735 919 766 Catul.
929 741 973 767 62.
985 745 1029 774 27.

162 771 306 801 Theffaliae
316 772 449 802 columen
466 772 549 801 Peleu
559 794 567 806 ,
585 772 628 801 cui
643 772 773 809 Iuppiter
784 771 840 809 ipse
852 795 860 809 ‚

162 809 222 847 lpse
231 809 292 839 suos
303 811 399 840 divum
411 811 519 848 genitor
527 809 660 839 concessit
669 819 786 839 amores.

80 846 210 877 Animam
221 848 313 877 alicui.
337 849 421 878 Ovid.
436 859 459 881 ς.
478 848 546 877 Met.
557 857 619 876 22².

79 883 215 915 Dolorem
227 893 309 923 atque
320 887 477 916 inimicitias
487 885 545 915 suas
558 884 736 922 reipublicae,
758 884 790 914 In
804 886 922 923 gratiam
938 887 1006 925 reip.
1028 888 1149 919 inimicis
1163 899 1205 920 re-

100 923 220 952 mittere.
242 923 300 953 Cic.
311 925 347 954 de
362 924 486 954 Provinc.
510 922 591 952 cons.
611 933 656 958 44.

80 959 189 990 Falsum
199 961 292 991 alicui.
316 963 332 991 i.
348 972 373 991 e.
395 962 556 992 Permittere
567 960 651 990 alicui
661 959 725 990 falsa
736 959 841 996 dicere,
862 967 1014 1000 contraque
1023 962 1069 993 illa
1078 974 1203 1002 arguere,

101 1008 134 1027 ac
144 999 161 1028 si
173 1009 235 1028 vera
244 1000 337 1029 client.
362 1000 471 1029 Lucret.
486 1008 509 1035 3·
523 1008 585 1034 539.

81 1034 300 1074 Impunitateni,
323 1047 373 1075 pro
383 1038 447 1067 Non
456 1037 564 1075 punire.
605 1034 671 1066 Caes.
692 1043 714 1063 1.
736 1034 804 1065 Bell.
815 1035 885 1066 Gall.
902 1041 943 1067 16.
967 1037 1115 1069 Consuesse
1125 1041 1203 1071 enim

100 1075 170 1103 deos
181 1075 361 1109 immortales,
371 1085 426 1113 quo
438 1075 546 1112 gravius
558 1074 686 1103 homines
696 1082 731 1102 ex
742 1076 961 1105 commutatione
971 1085 1063 1106 rerum
1078 1078 1202 1115 doleant,

99 1121 170 1148 quos
179 1122 228 1150 pro
239 1112 339 1142 scelere
349 1123 446 1143 eorum
458 1112 551 1142 ulcisci
564 1111 651 1141 velint
661 1132 669 1146 ‚
690 1111 734 1140 his
746 1111 923 1143 secundiores
935 1115 1077 1145 interdum
1093 1126 1135 1146 res
1147 1139 1155 1153 ,
1176 1119 1202 1147 δι

101 1150 308 1180 diuturniorem
319 1152 516 1189 impunitatem
529 1150 693 1179 concedere.

79 1186 211 1217 Idlaudis
219 1189 488 1223 alicuiconcedere,
510 1188 549 1217 Eo
557 1186 788 1231 afficerehonore.
812 1187 934 1226 Propert.
947 1190 996 1220 lib.
1009 1199 1033 1227 3.
1045 1200 1071 1226 9.
1085 1202 1129 1229 ς9.

168 1226 232 1256 Hoc
245 1227 336 1261 mihi,
358 1227 497 1256 Maecenas
509 1248 517 1261 ,
544 1226 633 1254 laudis
646 1225 781 1254 concedis
793 1247 801 1261 ,
824 1228 850 1256 δι
867 1237 882 1256 a
897 1235 925 1257 te
942 1228 999 1265 est,

199 1264 285 1301 Quod
295 1265 365 1294 ferar
380 1266 408 1293 iri
421 1272 510 1302 partes
521 1263 578 1301 ipse
588 1262 666 1292 fuiffe
683 1269 751 1292 tuas.

79 1299 250 1331 Libertatem
264 1303 381 1332 devietis
389 1301 522 1331 hostibus.
545 1300 610 1330 Caes.
623 1312 650 1336 4.
662 1300 730 1329 Bell.
744 1300 815 1332 Gall.
827 1311 870 1338 15.

16 1356 31 1366 -.
79 1339 248 1369 Libertatem
256 1340 339 1370 alicui
351 1341 380 1369 in
391 1339 482 1377 aliqua
491 1349 529 1368 re.
553 1339 611 1368 Cic.
623 1349 674 1376 pro
685 1338 778 1369 Plane.
789 1348 832 1376 33.

78 1376 190 1407 Ludum
202 1379 302 1416 pueris.
325 1378 394 1408 Hor.
405 1387 432 1407 2.
447 1377 528 1415 Epist.
542 1386 570 1405 2.
587 1387 648 1411 ¹4²·
757 1415 764 1421 ²

78 1415 229 1445 Materiam
241 1415 324 1446 alicui
334 1416 370 1445 ad
384 1415 490 1451 aliquid
501 1415 672 1444 faciendum.
695 1414 786 1444 Tacit.
802 1425 824 1445 1.
842 1416 911 1446 Ann.
925 1425 968 1453 ες.

76 1453 195 1490 Navigia
207 1454 363 1484 concedere
374 1454 450 1483 mari.
484 1452 622 1483 Coluinel.
635 1453 663 1481 in
674 1454 749 1491 praef.
761 1463 786 1489 4.
810 1455 828 1483 i.
846 1464 871 1484 e.
895 1455 1041 1494 Navigare.
1064 1456 1203 1493 Quadam

98 1491 270 1529 exemplaria
279 1491 377 1530 legunt
387 1491 565 1521 Concredere
573 1513 581 1525 ,
603 1492 630 1520 ἃ
641 1491 749 1521 fortasse
760 1493 870 1523 rectius.

77 1528 184 1558 Partem
199 1531 323 1559 oc'tavam
335 1529 425 1568 pretii.
447 1529 515 1559 Plin.
527 1534 551 1563 8.
565 1528 647 1566 Epist.
662 1537 688 1558 2.
800 1567 806 1573 ι

76 1566 204 1598 Peccaffe
222 1567 307 1598 semel
320 1568 486 1598 concedere.
519 1568 536 1597 i.
547 1577 572 1597 e.
594 1567 687 1597 Semel
703 1567 879 1598 commlffum
897 1576 1055 1608 peccatum.
1077 1570 1201 1602 Ovid.2.

95 1606 189 1635 Amor.
206 1615 247 1641 ¹4·
261 1617 279 1640 4
301 1629 307 1634 .

170 1643 206 1673 Di
218 1615 330 1680 faciles,
352 1643 478 1683 peccasse
487 1642 571 1673 semel
584 1643 732 1673 concedite
745 1649 805 1673 tuto
819 1666 829 1681 ,

207 1681 241 1712 Et
249 1681 311 1712 satis
321 1683 359 1712 est
371 1693 377 1712 :
400 1691 513 1721 poenarn
523 1680 607 1719 culpa
617 1680 736 1711 secunda
749 1681 828 1713 ferat.

76 1718 203 1758 Tempus
215 1720 250 1749 ad
262 1720 382 1758 aliquam
393 1730 461 1751 rem.
495 1720 554 1749 Cic.
570 1729 622 1757 pro
631 1719 710 1752 Arch.
726 1729 770 1758 13.

76 1756 194 1786 Veniam
205 1758 298 1788 alicui.
321 1759 390 1789 Stat.
405 1769 429 1795 ς.
450 1757 514 1788 Silv.
524 1767 549 1795 3.
559 1761 624 1794 264.

76 1795 238 1826 Victoriam.
259 1796 348 1827 Tacit.
359 1808 382 1834 5.
396 1798 464 1827 Ann.
480 1800 522 1830 ¹8.

76 1833 168 1863 Vitam
181 1835 354 1871 concedere,
378 1833 553 1873 &ignoscere
563 1839 678 1871 peccata
689 1832 783 1864 alleui.
805 1834 877 1865 Hirt.
889 1834 958 1866 Beli.
971 1836 1052 1868 Afric.
1064 1846 1107 1875 31.
1122 1845 1146 1876 3.

77 1871 241 1901 Concedere
252 1873 357 1909 dejure
369 1873 426 1903 suo.
451 1872 516 1902 Ter.
530 1872 606 1902 Adel.
617 1882 643 1902 2.
658 1881 684 1901 2.
697 1882 722 1907 9.

163 1910 284 1940 Wletuisti
294 1931 301 1943 ,
324 1911 342 1941 fi
353 1920 428 1941 nunc
437 1911 472 1940 de
486 1916 535 1939 tuo
544 1910 606 1947 jure
620 1909 795 1940 eonceffiises
824 1910 957 1942 aululum.

61 1946 241 1977 ,Concedere
254 1948 355 1984 alicui,
378 1945 535 1985 [bmhffss.
560 1948 712 1983 ὁμωλογᾶν]
733 1958 784 1986 pro
816 1949 972 1980 'onsentire.
1007 1949 1066 1980 Cic.
1079 1961 1105 1986 4.
1122 1950 1199 1981 Veri·-

98 1991 161 2019 103.
184 1986 318 2016 Concedo
328 2009 336 2023 ‚
361 1985 470 2016 forsitan
481 1986 581 2023 aliquis
591 1985 739 2022 aliquando
750 1986 887 2022 ejusmodi
899 1988 1042 2026 quippiam
1060 1988 1164 2018 fecerit.

76 2023 240 2054 Concedere
250 2031 289 2054 ut.
331 2025 390 2054 Cic.
404 2034 454 2062 pro
466 2024 547 2054 Rosc.
562 2025 649 2053 Amer.
662 2034 706 2059 93.
732 2024 830 2054 Verum
840 2027 968 2056 concedo
984 2027 1035 2055 tibi
1047 2034 1078 2057 ut
1091 2037 1123 2057 ea
1132 2036 1200 2065 prae-

95 2067 184 2091 tereas
200 2084 208 2097 ,
229 2072 289 2100 quae
302 2072 387 2100 quum
397 2069 471 2092 taces
481 2083 488 2097 ,
512 2062 587 2091 nulla
597 2062 652 2091 esse
660 2063 804 2092 concedis.

76 2098 231 2129 Remittere
248 2109 332 2138 atque
348 2101 504 2130 concedere
523 2099 608 2129 alleui
627 2107 668 2130 ut.
709 2100 766 2130 Cic,
782 2111 833 2139 pro
844 2100 939 2132 Plane.
955 2111 999 2139 73.
1022 2102 1069 2132 Sic
1089 2112 1201 2133 mecum

95 2137 204 2175 semper
215 2139 308 2175 egisti,
329 2144 357 2168 te
374 2138 443 2168 mihi
461 2138 604 2168 remittere
623 2145 705 2176 atque
729 2139 906 2175 concedere,
927 2148 958 2169 ut
978 2150 1063 2170 omne
1078 2141 1200 2172 studium

96 2185 192 2205 meum
204 2176 232 2204 in
245 2176 294 2206 Cn.
311 2177 413 2206 Plancii
426 2176 563 2205 honorem
578 2176 780 2206 consumerem.

77 2213 241 2245 Concedere
251 2215 367 2252 aliquid.
409 2214 467 2244 Cic.
484 2226 510 2249 4.
529 2214 609 2243 ilcad.
622 2223 666 2250 72.
690 2214 748 2244 Nos
759 2221 854 2244 autem
876 2215 996 2245 dicimus
1010 2226 1042 2246 ea
1058 2217 1140 2247 nobis
1161 2218 1202 2248 vi-

97 2252 156 2281 deri
166 2274 173 2285 ,
197 2262 256 2289 quae
265 2252 423 2290 vosmetipsi
438 2252 612 2282 nobilissimis
622 2251 797 2290 philosophis
809 2253 943 2290 placuisse
954 2255 1119 2285 conceditis.

79 2289 241 2319 Concedere
250 2291 346 2320 amicis
357 2291 492 2328 quicquid
503 2290 599 2320 velint.
620 2291 678 2320 Cic.
695 2291 729 2319 de
739 2291 847 2320 Amicit.
859 2297 885 2325 8.

78 2327 241 2357 Concedere
253 2329 368 2364 alicujus
377 2328 449 2358 farto
463 2329 507 2358 vel
517 2329 609 2363 dicto,
631 2330 682 2365 pro
700 2329 850 2366 ignoscere.
882 2329 941 2359 Cic.
955 2340 1006 2367 pro
1019 2329 1099 2360 Rosc.
1110 2332 1198 2363 Amer.

99 2374 130 2401 3„
149 2365 256 2395 Deinde
267 2367 342 2404 quod
353 2373 509 2396 ceterorum
520 2376 611 2404 neque
622 2367 728 2396 dietum
741 2367 888 2396 obscurum
904 2368 995 2405 potest
1013 2369 1067 2399 effe
1087 2377 1202 2408 propter

55 2407 62 2420 '¹
97 2404 243 2434 nobilitate
295 2406 322 2434 St
339 2404 573 2442 amplitudinem:
594 2414 686 2442 neque
704 2413 809 2435 temere
823 2405 900 2435 dieto
920 2408 1058 2443 concedi,
1086 2415 1201 2447 propter

98 2444 244 2472 aetatem&
298 2442 441 2471 identiam.

77 2478 243 2510 Concedere
254 2480 337 2510 alicui
353 2502 362 2516 ,
384 2491 435 2518 pro
447 2479 562 2510 Cedere.
585 2479 650 2510 Ter.
666 2480 735 2510 Hec.
747 2489 771 2517 3.
787 2491 811 2517 ς.
828 2490 874 2519 27.

40 2516 42 2519 ’
169 2518 224 2547 Sed
238 2519 351 2553 quando
363 2516 417 2548 sese
426 2519 570 2555 indignam
583 2519 700 2556 deputat
711 2520 790 2548 matri
801 2529 869 2549 meae
878 2541 886 2554 ‚

170 2555 222 2585 Cui
236 2557 394 2592 concedat,
416 2557 549 2594 quusque
568 2566 660 2586 mores
677 2557 778 2587 toleret
788 2556 834 2587 sua
846 2557 990 2587 modestia.
1085 2558 1159 2598 Virg.
1171 2569 1199 2591 2.

95 2592 155 2624 Ed·
172 2603 232 2661 {¹760
246 2631 265 2661 si
278 2631 441 2662 muneribus
451 2637 539 2662 certes
550 2653 559 2668 ,
584 2631 724 2661 concedet
744 2630 825 2662 Iolas.
907 2632 1020 2672 Nempe
1040 2633 1149 2672 Ditior‚
1170 2641 1202 2667 ut

94 2669 134 2699 ait
144 2669 218 2699 Serv.

76 2706 182 2738 Ictibus
191 2707 318 2737 saxorum
335 2707 501 2737 concedere.
522 2707 612 2737 Tacit.
626 2716 650 2744 3.
667 2707 735 2737 Hist.
747 2717 792 2743 ²9·

77 2745 267 2780 magnitudini
279 2746 427 2775 medicina:
437 2744 542 2775 doloris
554 2745 717 2783 magnitudo
728 2745 869 2776 concedit.
895 2744 955 2776 Cic.
970 2757 997 2783 4.
1012 2747 1095 2780 Tusc.
1114 2753 1160 2789 63.

77 2783 225 2813 Oblidioni
238 2784 404 2813 concedere.
425 2783 514 2813 Tacit.
530 2793 570 2819 13.
583 2785 652 2813 Arm.
666 2794 712 2817 40.

75 2821 156 2851 Solio
170 2822 346 2858 concedere,
368 2831 419 2858 pro
432 2822 574 2859 Affurgere
591 2844 599 2857 ,
621 2821 737 2851 honoris
748 2821 842 2860 gratia.
864 2821 912 2852 Sil.
926 2821 975 2852 lib.
991 2832 1015 2860 3.
1026 2827 1090 2860 628.

75 2859 154 2890 Veris
163 2860 328 2889 concedere.
352 2860 419 2889 Hor.
431 2869 456 2888 2.
470 2860 557 2888 Serm.
578 2869 603 2895 3.
617 2868 680 2896 305.

77 2897 203 2935 Tempus
213 2897 320 2936 puerile
337 2897 472 2927 concessit
490 2898 623 2934 iuventae.
660 2898 712 2927 i.e.
732 2897 853 2927 Pueritia
873 2897 994 2928 diseeffit
1014 2901 1146 2932 veniente
1162 2902 1204 2939 iu.

96 2944 196 2970 venta,
218 2936 271 2965 sive
282 2935 398 2972 juvenili
410 2941 498 2966 aetate.
525 2935 808 2971 Ovid.6.Met.7i9.
926 2960 934 2964 -

76 2973 211 3012 Voluptas
225 2973 358 3005 concedit
380 2974 518 3011 dignitati.
558 2973 617 3003 Cic.
631 2983 657 3010 3.
671 2974 706 3002 de
720 2973 778 3003 Fin.
791 2982 832 3011 pr.
861 2972 1043 3011 Voluptatem
1063 2977 1199 3014 quidem,

101 3012 197 3046 Brute,
219 3011 236 3041 si
256 3011 312 3050 ipsa
330 3021 381 3049 per
394 3010 422 3042 se
441 3012 585 3049 loquatur,
605 3021 660 3041 nec
678 3019 735 3040 tam
753 3012 910 3049 pertinaces
928 3012 1029 3042 habeat
1046 3021 1199 3052 patronos,

95 3049 287 3079 concessuram
301 3050 417 3079 arbitror
428 3071 436 3086 ‚
457 3050 616 3080 convictam
627 3049 765 3088 superiore
777 3048 848 3078 libro
860 3071 868 3084 ,
886 3049 1026 3087 dignitati.

74 3086 355 3119 Neminiconcedere
364 3088 400 3117 de
409 3097 437 3117 re
448 3087 548 3125 aliqua.
581 3087 639 3117 Cic.
652 3097 702 3125 pro
714 3086 793 3117 Rosc.
807 3087 893 3116 Amer.
911 3094 970 3121 118.
995 3089 1073 3126 Quid
1086 3091 1201 3122 tandem

96 3124 198 3192 quaeso,
209 3125 323 3161 Judices
334 3147 341 3159 ,
363 3135 431 3154 num
442 3134 489 3155 aut
497 3126 543 3155 ille
554 3124 648 3155 lanista
657 3127 775 3154 omnino
788 3126 843 3160 jam
854 3135 868 3153 a
879 3124 1030 3163 gladiatore
1045 3128 1149 3159 cessisse
1163 3131 1204 3160 vi-

119 3164 201 3192 etur?
222 3169 269 3192 aut
279 3164 300 3192 is
310 3162 461 3201 discipulus
471 3163 598 3200 magistro
609 3162 749 3192 tantulum
761 3163 797 3192 de
812 3170 870 3193 arte
882 3164 1038 3194 concedere
1050 3166 1063 3195 ?

75 3200 121 3231 De
139 3200 225 3238 gloria
235 3200 319 3230 alicui
333 3201 498 3231 concedere.
520 3202 610 3231 Tacit.
624 3210 649 3236 3.
663 3201 730 3230 Hist.
743 3204 789 3234 64.
922 3239 928 3245 .

76 3239 191 3270 Nemini
203 3239 395 3268 concederein
405 3249 432 3268 re
442 3239 532 3276 aliqua
544 3239 633 3268 studio
650 3241 676 3269 Sc
693 3239 855 3277 cupiditate.
896 3238 955 3268 Cic.
975 3249 1026 3278 pro
1045 3240 1136 3272 Deiot.
1151 3248 1198 3278 28.

95 3277 176 3314 Quos
186 3275 336 3306 concursus
346 3276 437 3306 facere
446 3276 574 3306 solebat?
595 3287 678 3314 quam
699 3276 725 3306 se
745 3276 869 3313 jactam?
890 3287 971 3313 quam
990 3278 1016 3308 se
1041 3279 1200 3311 ostentare?

97 3324 180 3352 quani
195 3315 301 3344 nemini
310 3315 338 3342 in
349 3314 397 3343 illa
405 3314 483 3344 causa
493 3315 583 3344 studio
593 3316 621 3345 ἃ
633 3315 789 3353 cupiditate
799 3316 976 3345 concedere?
1010 3329 1014 3333 ·

76 3352 191 3383 Nemini
203 3353 331 3382 concedo
343 3373 351 3386 ‚
373 3353 419 3388 qui
429 3352 563 3388 majorem
575 3362 609 3382 ex
630 3353 754 3390 pernicie
773 3354 800 3383 ἃ
821 3354 893 3391 peste
910 3353 1201 3396 [lemno-molestiam

97 3391 218 3420 traxerit.
260 3390 319 3419 Cic.
334 3401 358 3423 4.
381 3390 452 3419 Fam.
467 3399 490 3425 3.
523 3391 540 3419 i.
554 3400 578 3419 e.
600 3390 725 3420 Maxime
736 3390 862 3420 omnium
874 3391 996 3420 molestia
1005 3392 1117 3423 afficior.

77 3429 205 3458 audaeiae
214 3427 430 3466 petulantiaeque
438 3427 807 3464 alicujusnihilconcedere.
830 3429 886 3457 Cic.
903 3439 954 3466 pro
967 3431 1070 3460 Caecin.
1086 3440 1148 3468 103.

77 3466 145 3497 Non
157 3467 285 3496 concedo
295 3466 395 3496 tibiut.
437 3465 495 3495 Cic.
507 3474 531 3502 3.
545 3464 649 3503 erat.
667 3476 691 3496 1.
728 3466 794 3496 Non
807 3467 884 3496 enirn
900 3468 1114 3505 concedo'tibi,
1134 3469 1199 3508 plus

96 3500 216 3534 utillum
227 3513 302 3533 ames
314 3526 321 3537 ,
341 3513 425 3541 quam
435 3513 486 3541 ego
497 3503 554 3542 ipse
565 3514 638 3534 amo.

79 3542 243 3571 Concedere
255 3541 337 3571 alicui
353 3541 454 3579 primas
467 3543 495 3570 in
509 3542 633 3571 dicendo
644 3547 743 3579 partes.
766 3541 826 3571 Cic.
841 3551 864 3572 1.
881 3541 957 3571 Verr.
971 3553 1017 3578 49.

80 3579 243 3609 Concedere
252 3579 334 3608 alicui
345 3587 432 3608 artem
444 3579 572 3616 aliquam.
614 3579 673 3609 Cic.
685 3589 737 3617 pro
749 3579 848 3616 Quint.
865 3589 909 3615 93.
934 3581 998 3610 Non
1009 3588 1154 3620 comparat
1169 3583 1197 3614 se

99 3623 192 3646 tecum
203 3618 287 3653 gratia
298 3617 323 3646 Ρ.
336 3616 486 3654 Quintius,
508 3617 571 3647 Sex.
589 3617 670 3646 Naevi
682 3638 691 3653 ,
711 3627 770 3647 non
784 3618 883 3656 opibus
894 3639 906 3661 Ι,
924 3627 984 3662 'non
993 3618 1199 3652 facultatecon-

97 3655 208 3685 tendit:
230 3665 326 3685 ornnes
340 3662 400 3685 tuas
411 3663 481 3686 artes
496 3677 503 3689 ,
526 3655 625 3692 quibus
638 3661 668 3683 tu
684 3665 799 3692 magnus
810 3665 839 3685 es
850 3677 857 3690 ,
878 3656 929 3684 tibi
940 3658 1082 3688 concedit.

79 3692 114 3723 lit
126 3715 134 3727 ,
154 3692 314 3722 Concedere
333 3693 453 3730 aliquem
473 3692 575 3727 alicui,
596 3693 634 3722 est
647 3692 712 3722 alibi
735 3694 830 3723 sinere
847 3702 874 3722 te
887 3701 918 3723 ut
937 3695 1068 3732 impetret
1088 3696 1196 3735 aliquis.

97 3731 155 3760 Cic.
169 3741 218 3767 pro
230 3730 352 3760 Marcell.
365 3731 425 3760 init.
448 3730 520 3761 Cum
538 3731 576 3760 Μ.
590 3730 756 3760 Marcellum
775 3732 888 3761 Senatui
909 3732 1070 3772 Populoque
1083 3734 1114 3764 R.
1131 3745 1200 3765 con-

96 3768 205 3798 cessisti.
249 3769 309 3805 Nep
332 3778 374 3803 ‘¹5-
387 3779 410 3804 7.
425 3778 448 3804 3.
472 3770 637 3806 Atticiquies
647 3775 792 3806 tantopere
802 3769 1059 3808 Caesarifuitgrata,
1084 3781 1114 3803 ut
1130 3774 1197 3804 huic

96 3816 156 3836 non
171 3806 258 3835 solum
269 3806 398 3836 molestus
413 3816 470 3836 non
481 3807 577 3840 fuerit,
599 3806 645 3836 sed
659 3806 791 3836 &sororis
807 3809 833 3837 ἃ
851 3807 886 3844 Q.
896 3808 1039 3838 Ciceronis
1058 3810 1145 3840 filium
1163 3821 1199 3840 ex

99 3844 223 3882 Pompeii
236 3844 326 3873 castris
336 3844 507 3874 concesserit.
547 3844 637 3875 Tacit.
651 3854 677 3873 2.
689 3845 759 3874 Anti.
775 3855 817 3880 ςς.
831 3854 857 3874 2.
880 3845 1010 3875 Offensus
1018 3847 1200 3887 urbipropria

98 3891 208 3919 quoque
219 3883 277 3917 ira,
298 3883 362 3919 quia
374 3881 565 3921 Theophilum
586 3882 726 3920 quendam
743 3884 814 3912 Areo
831 3883 941 3919 iudicio
961 3884 1016 3914 falfi
1034 3886 1199 3917 damnatum

98 3920 229 3956 precibus
239 3919 291 3949 suis
302 3930 358 3948 nou
368 3921 569 3950 concederent.

74 3957 260 3990 Concedere,
281 3967 347 3986 cum
366 3959 528 3994 gerundivo.
569 3958 626 3987 Cic.
643 3967 666 3992 ι.
680 3957 753 3987 Verr.
777 3963 820 3993 38.
851 3959 929 3990 Bona
944 3960 1072 3998 quaedam
1085 3961 1200 4001 proscri-

93 4001 209 4035 ptorum
219 3996 248 4025 in
257 4005 322 4034 agro
334 3995 530 4027 Beneventano
538 3996 698 4033 diripienda
706 3995 849 4027 conceffit.

1641 135 1671 171 C
1769 137 1804 172 O
1903 139 1939 174 N
2360 158 2430 200 615

1306 211 1551 283 Cfimffilwrf¹f³s
1572 216 1677 248 Cic.de
1691 218 1797 249 Amicit.
1811 230 1853 255 ςο.
1876 220 2055 254 Concedatur
2065 227 2189 263 profec‘io
2201 238 2298 262 verum
2315 234 2379 271 effe,
2397 243 2428 266 ut

1347 260 1414 279 onos
1444 264 1488 281 oni
1502 265 1530 283 (i
1546 262 1629 292 igaiit.

1306 286 1478 320 Conceditur
1488 293 1561 322 enini
1572 293 1670 322 similes
1680 294 1745 329 effe,
1757 305 1813 332 quo
1822 303 1971 328 contentus
1981 299 2034 329 effe
2044 308 2182 339 potueras.
2200 305 2412 347 cic.4.iicad.5<

1306 324 1370 353 Non
1383 329 1539 370 concessum
1550 353 1557 363 ,
1580 331 1644 360 Non
1657 331 1850 370 licuitaliquid
1862 335 1952 365 facere
1964 359 1971 372 ‚
1988 338 2039 367 Sec.
2061 339 2109 369 Sil.
2124 341 2171 370 lib.
2185 352 2225 371 ιι.
2236 354 2299 380 259.
2415 334 2424 342 ⁸

1269 360 1317 390 Co
1327 372 1345 390 si
1357 374 1373 391 c
1383 375 1399 393 ε
1411 376 1426 393 n
1439 377 1480 410 eu
1490 377 1502 396 s
1513 389 1521 402 ,
1543 365 1730 412 [bc'pimflpssbu]
1751 371 1846 402 Partic.
1869 374 1926 403 Cic.
1944 385 1984 404 10.
2004 376 2075 406 fam.
2093 387 2117 413 3.
2152 380 2235 410 Nunc
2245 392 2290 411 mc
2301 387 2431 416 amantis.

1308 400 1405 430 simum
1423 410 1473 438 tui,
1495 408 1600 435 nemini
1613 409 1831 446 concedentem,
1854 411 2104 448 quitibivetustate
2118 417 2325 451 necessitudinis
2337 426 2432 460 potior

1307 438 1390 475 possit
1405 441 1474 475 effe,
1497 443 1515 471 si
1531 444 1627 473 audies
1639 467 1645 477 ‚
1661 447 1714 475 Sic.

1270 474 1294 504 C
1302 484 1351 519 ομ
1360 486 1377 506 c
1388 487 1400 505 a
1408 487 1420 507 s
1430 489 1441 507 s
1452 489 1468 508 u
1480 489 1501 515 s,
1512 491 1537 513 a,
1549 491 1604 510 um.
1619 479 1781 519 [Jthssfi&]
1793 484 1888 515 Partic.
1901 487 1969 517 Plin.
1983 487 2028 519 lib.
2036 499 2076 520 12.
2088 500 2149 529 cap.
2162 493 2352 528 25.Omnibus
2361 499 2431 528 odo.

1307 513 1382 544 ribus
1394 517 1535 552 praefertur
1547 518 1696 549 balsamum
1713 543 1721 556 ,
1743 524 1790 551 uni
1801 530 1877 553 terrae
1890 524 1993 560 Judaea:
2005 529 2174 560 concessum.

1306 550 1373 595 Jure
1388 555 1556 584 concessum.
1599 557 1719 600 Quintil.
1735 559 1781 588 lib.
1796 570 1818 596 3·
1836 570 1896 599 cap.
1907 568 1932 593 6.
1954 565 2024 595 Sunt
2035 567 2112 596 enim
2122 568 2253 605 quaedam
2267 580 2326 602 non
2336 571 2433 604 lauda-

1325 589 1393 619 bilia
1409 600 1505 622 natura
1516 615 1523 627 ,
1546 593 1592 622 sed
1607 604 1667 629 jure
1677 598 1813 628 concessa.

1307 625 1339 655 In
1349 628 1518 670 accusatores
1530 631 1635 668 aliquid
1646 634 1805 665 concessum
1815 636 1862 666 est.
1884 637 2004 674 Quintil.
2017 640 2067 671 lib.
2081 653 2105 678 ς.
2120 652 2181 682 cap.
2192 654 2236 683 13.

1308 663 1428 701 Legibus
1439 668 1607 699 concessum.
1629 669 1736 701 Lucret.
1748 673 1798 702 lib.
1811 684 1835 708 ς.
1851 681 1930 711 ¹¹48·

1306 701 1426 732 Munere
1436 706 1531 735 divum
1541 707 1700 738 concessum
1711 710 1825 747 aliquid.
1849 712 1924 751 Virg.
1939 725 1962 745 x.
1975 715 2078 754 Georg.
2091 724 2155 755 238.

1307 741 1390 769 Amor
1402 743 1552 773 concellus.
1573 744 1658 774 Ovid.
1672 747 1706 775 ad
1720 747 1774 777 Liv.
1788 757 1850 786 305.

1298 775 1395 811 furta.
1418 780 1501 810 Ovid.
1518 791 1537 810 i.
1557 782 1592 811 de
1605 784 1666 812 Arte
1680 785 1737 814 Ani.
1754 795 1795 822 33.
1991 809 1993 811 -

1302 815 1411 845 'Omnia
1423 819 1549 848 concessa
1563 820 1646 849 alicui
1660 823 1735 851 dono
1748 824 1875 855 deorum.
1899 825 2017 857 Martial.
2031 828 2080 860 lib.
2096 840 2138 862 Π.
2155 837 2199 869 ς8.

1386 854 1490 885 Omnia
1500 867 1585 892 quum
1598 858 1649 887 tibi
1662 859 1712 888 sint
1721 861 1798 890 dono
1809 864 1937 895 concessa
1946 865 2077 897 deorum.

1306 888 1371 920 Res.
1394 891 1451 922 Cic.
1464 903 1487 923 2.
1503 895 1539 924 de
1556 895 1646 927 Divin.
1666 907 1725 933 103.
1744 900 1769 928 &
1784 909 1845 936 ¹04-

1306 927 1419 965 Venus,
1441 932 1636 964 Amorlicitus.
1660 935 1725 965 Hor.
1742 946 1765 965 1.
1781 937 1869 967 Serm.
1880 949 1906 974 4.
1921 949 1982 976 ¹¹3·

1302 965 1547 1037 vgffossoeffgioe’
1586 972 1604 1001 i.
1617 982 1643 1003 e.
1665 973 1765 1004 Facere
1775 976 2032 1016 quodreeiumest,
2053 981 2221 1015 &omnibus
2231 984 2349 1020 licitum.
2371 990 2425 1023 Lu.

1378 1028 1384 1034 .
1416 1018 1470 1042 .44
1492 1030 1498 1037 .

1397 1043 1532 1076 Concessa
1544 1053 1624 1084 putet
1633 1048 1674 1077 ire
1684 1049 1728 1078 via
1740 1071 1748 1085 ,
1770 1050 1919 1089 civemque
1932 1054 2031 1085 videri.

1264 1078 1458 1126 CoNcassu
1471 1095 1490 1113 M
1502 1106 1510 1116 ,
1533 1084 1550 1113 i.
1566 1095 1592 1129 n.
1606 1082 1657 1129 ¹sel
1669 1083 1778 1125 ἢιιῖμὲον]
1799 1088 1857 1119 Cic.
1872 1100 1922 1128 pro
1939 1092 2010 1122 Coel.
2026 1099 2071 1127 ²8-
2092 1095 2147 1125 Sed
2158 1096 2288 1129 abhorret
2297 1110 2354 1132 non
2368 1114 2429 1134 mo.

1303 1119 1341 1146 do
1354 1119 1386 1148 ab
1397 1120 1480 1163 hujus
1493 1122 1576 1152 seculi
1595 1123 1638 1151 lu-
1663 1125 1706 1154 >ria
1717 1147 1725 1160 ,
1747 1129 1928 1158 verumetiam
1949 1139 1964 1159 a
1980 1132 2118 1167 majorum
2127 1136 2329 1170 consuetudine
2340 1148 2426 1179 atque

1303 1158 1448 1188 concellis.
1489 1160 1506 1189 i.
1520 1171 1544 1190 e.
1569 1161 1789 1193 permistionibus
1805 1165 1849 1194 vel
1863 1166 2118 1201 constitutionibus.

1303 1197 1549 1228 Amareconceffi.
1573 1199 1654 1229 Ovid.
1672 1211 1697 1235 9.
1718 1202 1784 1232 Met.
1801 1212 1865 1239 453.

1303 1232 1398 1263 Petere
1408 1236 1541 1266 concessa.
1566 1238 1583 1266 ι’.
1598 1247 1620 1266 e.
1647 1239 1716 1270 Oua?
1726 1242 1844 1270 concedi
1855 1241 1967 1279 poffint.
1991 1243 2062 1282 Virg.
2077 1255 2101 1282 ς.
2112 1246 2172 1277 AEn.
2187 1254 2265 1285 798.'
2294 1248 2297 1251 ’

1263 1268 1497 1314 Concessio,
1520 1275 1590 1305 onis.
1613 1276 1633 1305 f.
1654 1274 1760 1313 [J‘o'm]
1782 1279 1862 1308 ricius
1872 1281 2058 1312 concedendi.
2103 1285 2160 1315 Cic.
2178 1296 2200 1320 3.
2219 1291 2327 1326 Att.24.
2353 1292 2426 1325 Nam

1301 1308 1320 1352 li
1340 1308 1458 1340 Tribuni
1482 1312 1572 1349 plebis
1583 1314 1664 1344 nobis
1680 1314 1862 1353 succensent,
1883 1328 1943 1354 quae
1964 1322 2053 1357 potest
2071 1321 2133 1360 spes
2154 1324 2229 1354 effe?
2249 1336 2281 1356 ac
2300 1330 2430 1362 videntur

1301 1355 1362 1382 Jure
1383 1347 1562 1387 succensere,
1585 1361 1670 1388 quum
1688 1354 1713 1382 ἃ
1729 1361 1857 1391 expertes
1877 1357 1982 1386 consilii
1998 1358 2121 1395 fuerint,
2143 1364 2168 1391 ἃ
2189 1365 2234 1399 qui
2251 1367 2358 1396 causam
2379 1379 2430 1399 no.

1303 1384 1384 1415 ssram
1404 1385 1595 1425 susceperant,
1619 1392 1643 1419 ὁὶ
1658 1391 1748 1420 nostra
1763 1393 1939 1424 concessione
1951 1405 2064 1426 omnem
2077 1400 2133 1428 vim
2145 1399 2261 1437 suijuris
2275 1406 2425 1438 amiserint.

1302 1421 1381 1453 Idem
1401 1435 1441 1455 io.
1460 1426 1532 1456 Fam.
1546 1433 1572 1460 8.
1594 1427 1792 1460 concelliones
1802 1434 1990 1468 praemiorum.

1264 1459 1460 1492 Coscrssu
1471 1473 1483 1492 s
1494 1486 1501 1499 ,
1523 1465 1563 1495 us.
1586 1475 1624 1495 m.
1646 1462 1754 1502 [Zia-ir]
1775 1479 1825 1506 pro
1841 1469 1978 1500 Permissa,
2006 1473 2064 1503 Cic.
2080 1474 2115 1503 de
2125 1475 2245 1508 univers.
2258 1490 2304 1516 44.
2329 1481 2430 1520 Neque

1301 1499 1401 1565 {iatum
1411 1501 1449 1531 est
1459 1503 1619 1533 mortalium
1630 1505 1724 1542 generi
1739 1508 1855 1536 deorum
1868 1509 1998 1540 concessu
2019 1519 2102 1549 atque
2113 1523 2228 1545 munere
2237 1538 2245 1552 ‚
2268 1528 2361 1556 neque
2382 1522 2432 1552 da.

1325 1543 1387 1568 itur.

1300 1575 1624 1620 Concessu&beneficio
1635 1579 1760 1616 alicuius.
1799 1582 1860 1613 Cic.
1874 1595 1900 1618 4.
1922 1585 1996 1615 Fam.
2009 1589 2034 1615 6.
2058 1587 2167 1625 Magnae
2188 1590 2229 1620 est
2248 1599 2340 1624 tamen
2359 1596 2430 1626 deli-

1320 1613 1483 1651 berarionis,
1503 1626 1562 1653 quae
1579 1618 1648 1646 ratio
1661 1619 1692 1648 sit
1707 1621 1830 1650 ineunda
1848 1622 1930 1652 nobis
1947 1633 2006 1653 non
2028 1628 2128 1662 agendi
2148 1627 2275 1666 aliquid,
2296 1632 2429 1665 sedilliuc

1264 1688 1266 1690 Υ
1322 1652 1451 1682 concessu
1467 1656 1491 1683 &
1504 1653 1643 1685 beneflcio
1655 1658 1824 1694 quiescendi.

1261 1687 1312 1717 Co
1323 1699 1343 1717 N
1353 1695 1479 1734 cassfv
1491 1702 1531 1722 us
1541 1715 1549 1728 ,
1573 1694 1633 1730 Adj.
1655 1702 1686 1724 ut
1697 1717 1706 1731 ,
1729 1696 1908 1728 Conceffivus
1917 1699 2037 1730 modus:
2058 1701 2096 1731 de
2109 1712 2165 1740 quo
2176 1704 2214 1734 fic
2228 1705 2338 1737 Servius
2348 1709 2378 1739 iri
2397 1709 2431 1739 il.

1301 1726 1352 1756 lud
1364 1728 1436 1767 Virg.
1450 1739 1493 1759 10.
1505 1730 1569 1760 AEn.
1583 1741 1626 1767 33.

1481 1806 1487 1812 ι
1548 1785 1586 1790 —-
1599 1779 1689 1808 neque
1698 1770 1761 1802 illos

1394 1801 1502 1838 Juveris
1513 1807 1629 1837 auxilio.
1747 1810 1924 1842 Conceffivus
1936 1813 1975 1843 est
1995 1814 2132 1853 (inquit)
2154 1818 2202 1848 iste
2213 1821 2314 1851 modus
2332 1823 2429 1854 secun-2

1298 1839 1369 1884 dum
1381 1840 1516 1874 Probum:
1538 1855 1660 1884 namque
1670 1847 1698 1876 in
1708 1849 1812 1878 artibus
1823 1860 1880 1878 nori
1892 1851 2043 1883 invenitur.
2084 1855 2127 1885 Fit
2142 1866 2235 1887 autem
2257 1862 2366 1896 quoties
2378 1873 2426 1892 tae.

1296 1879 1349 1907 dio
1360 1883 1549 1924 contentionis
1566 1884 1636 1921 quali
1647 1886 1776 1916 videmur
1787 1889 1961 1924 concedere,
1984 1892 2062 1927 quod
2080 1900 2175 1923 tamen
2196 1897 2327 1928 nolumus
2344 1899 2424 1931 fieri:

1298 1926 1364 1946 narn
1376 1918 1404 1947 id
1415 1920 1472 1957 agit
1484 1920 1611 1952 hocloco
1623 1922 1714 1953 Venus
1727 1946 1733 1958 ,
1757 1931 1788 1955 ut
1800 1925 1928 1963 ,Iuppiter
1937 1930 2022 1965 magis
2040 1932 2144 1967 praestet
2154 1934 2296 1964 auxilium.

1260 1953 1284 1984 C
1293 1964 1309 1983 o
1320 1965 1339 1983 N
1348 1965 1365 1985 c
1375 1965 1389 1984 a
1398 1966 1409 1985 s
1419 1967 1431 1986 s
1440 1968 1456 1986 o
1466 1979 1473 1993 ‚
1495 1960 1510 1995 [
1521 1957 1661 1997 παύομαι]
1681 1963 1735 1991 are.
1755 1963 1891 2001 frequent.
1914 1965 1994 1996 Idem
2005 1970 2082 2005 quod
2100 1968 2209 2001 eeffare
2217 1993 2226 2008 ‚
2246 1974 2274 2003 ἃ
2285 1974 2320 2004 ab
2335 1984 2424 2014 opere

1299 2001 1405 2024 vacare.
1428 1995 1515 2026 Plaut.
1529 1997 1605 2027 Peen.
1622 2008 1646 2028 1.
1663 2008 1689 2028 2.
1707 2010 1747 2029 io.

1392 2031 1434 2062 Ex
1451 2034 1582 2065 industria
1598 2036 1687 2067 ambae
1699 2059 1707 2072 ‚
1728 2047 1871 2074 nunquam
1886 2041 2104 2075 conceffavimus·

1396 2070 1509 2108 Lavari,
1531 2080 1578 2102 aut
1588 2074 1698 2110 fricari,
1721 2084 1767 2105 aut
1776 2078 1894 2114 tergeri,
1916 2083 2074 2113 autornari.

1258 2105 1308 2136 Co
1319 2116 1429 2138 Noass
1440 2119 1548 2152 strio,
1571 2113 1641 2142 onis.
1663 2113 1683 2142 f.
1707 2115 1846 2150 [παῦσιε]
1866 2116 2003 2148 Columei.
2020 2129 2061 2149 ir.
2076 2130 2137 2159 cap.
2150 2131 2174 2152 r.
2196 2122 2269 2154 Nam
2285 2130 2316 2155 ut
2333 2126 2364 2156 iri
2377 2128 2422 2158 iti-

1298 2155 1365 2188 nere
1376 2149 1554 2190 conficiendo
1565 2150 1635 2187 saepe
1646 2151 1765 2181 dimidio
1777 2154 1911 2184 maturius
1923 2159 2050 2193 pervenit
2059 2159 2080 2188 is
2090 2180 2099 2195 ,
2123 2161 2170 2197 qui
2180 2163 2305 2198 gnaviter
2315 2163 2373 2196 'sine
2383 2166 2429 2196 ul-

1299 2182 1333 2212 lis
1344 2185 1596 2217 cancellationibus
1611 2189 1766 2226 permeabit
1777 2212 1784 2225 ,
1806 2201 1890 2229 quam
1899 2193 1923 2222 is
1933 2194 1997 2230 qui,
2012 2196 2056 2225 &c

1261 2220 1286 2250 C
1294 2231 1311 2250 o
1321 2231 1340 2250 N
1350 2231 1367 2251 C
1375 2232 1389 2252 Ε
1397 2234 1412 2251 ι.
1423 2226 1439 2252 ἓ
1449 2234 1463 2252 Β
1475 2235 1489 2252 Ρ»
1499 2234 1516 2254 ο
1528 2247 1535 2260 ,
1560 2227 1577 2261 [
1586 2227 1786 2264 συνεπιφημίζω,
1808 2232 2012 2268 συιεππφωπῖω]
2032 2236 2086 2264 ’ἐι-θ.
2110 2234 2188 2266 Idem
2200 2238 2277 2275 quod
2296 2238 2427 2280 {implex-

1300 2266 1332 2289 ut
1343 2282 1350 2295 ,
1376 2261 1580 2293 Concelebrare
1593 2265 1712 2294 natalem
1726 2266 1804 2295 suum
1816 2287 1825 2303 ,
1846 2268 1921 2306 apud
1931 2269 1998 2300 Plin.
2013 2271 2043 2301 in
2056 2271 2140 2311 Epist.

1302 2298 1430 2328 Carmina
1444 2301 1640 2332 concelebrare
1652 2310 1743 2332 cantu.
1768 2303 1875 2335 Lucret.
1892 2317 1914 2340 ς.
1933 2313 2013 2344 ¹380·

1300 2335 1436 2366 Convivia
1449 2339 1654 2371 concelebrare.
1678 2341 1736 2371 Cic.
1752 2342 1788 2371 de
1800 2343 1878 2373 Petit.
1895 2344 2007 2377 Consul.
2023 2356 2067 2384 14.

1301 2373 1394 2412 Dapes
1404 2376 1610 2408 concelebrare.
1633 2379 1716 2408 Ovid.
1729 2390 1754 2414 4.
1768 2379 1834 2411 Fast.
1846 2390 1857 2417 3
1867 2392 1909 2415 <4-

1299 2411 1402 2443 Funus.
1444 2413 1501 2444 Liv.
1516 2420 1541 2450 8.
1555 2426 1580 2449 7.
1592 2423 1662 2446 extr.
1685 2417 1829 2454 Quantum
1840 2419 2006 2451 militaribus
2020 2422 2116 2454 studi-:s
2129 2424 2213 2456 furius
2221 2426 2312 2459 ullum
2324 2439 2426 2462 conce-2

1318 2449 1418 2481 lebrari
1427 2453 1525 2490 potest.
1555 2454 1607 2484 i.e.
1630 2455 1782 2490 Honorati,
1803 2456 1939 2489 decorari.

1299 2487 1373 2518 Loca
1385 2499 1517 2526 aquarum
1528 2491 1723 2522 concelebrare
1738 2493 1843 2524 circum
1854 2497 1874 2525 ri
1900 2506 1927 2526 as
1940 2497 2091 2536 fontesque.
2113 2501 2222 2533 Lucret.
2235 2503 2287 2534 lib.
2300 2515 2326 2536 2.
2341 2515 2406 2544 345.

1299 2526 1394 2556 Ludos
1406 2528 1578 2567 geniumque
1591 2529 1709 2561 choreis.
1730 2531 1836 2562 Tibull.
1855 2506 1901 2563 lig.
1918 2545 1928 2564 i
1952 2540 1977 2569 8.
1990 2547 2034 2571 49.

1300 2564 1451 2595 Mercatus.
1493 2567 1562 2597 Plin.
1574 2567 1622 2598 lib.
1638 2578 1680 2604 μ.
1695 2578 1756 2607 cap.
1770 2580 1794 2600 2.
1821 2572 2013 2609 Antiquissima
2034 2575 2093 2606 aeris
2113 2577 2198 2615 gloria
2222 2579 2336 2612 Deliaco
2354 2583 2424 2620 fuit,

1323 2612 1461 2633 mercatus
1472 2605 1500 2634 in
1512 2605 1583 2635 Delo
1595 2607 1809 2638 concelebrante
1823 2616 1883 2639 toto
1900 2611 1976 2641 orbe.
2046 2630 2048 2633 ·

1300 2639 1506 2678 Spectaculum.
1547 2643 1604 2674 Liv.
1629 2655 1650 2674 ι.
1668 2656 1693 2681 9.
1725 2646 1814 2676 Indici
1838 2649 1941 2679 deinde
1966 2650 2091 2682 finitimis
2117 2653 2306 2692 spectaculum
2327 2659 2424 2695 iubet:

1317 2686 1480 2718 quantoque
1489 2690 1622 2719 apparatu
1632 2689 1692 2712 turn
1701 2683 1825 2714 sciebant
1834 2708 1842 2721 ,
1863 2694 1911 2716 aut
1920 2696 2048 2724 poterant
2057 2713 2064 2725 ,
2087 2693 2328 2726 concelebrabant.

1299 2716 1406 2747 Studia.
1448 2718 1506 2748 Cic.
1523 2730 1546 2749 1.
1563 2722 1598 2749 de
1611 2721 1718 2751 invent.
1733 2735 1758 2756 4.
1781 2723 1875 2759 Quare
1894 2726 1961 2756 mihi
1982 2728 2112 2758 videntur
2131 2733 2224 2767 postea
2235 2740 2325 2763 cetera
2335 2735 2424 2767 studia

1319 2756 1393 2784 resta
1403 2761 1485 2793 atque
1495 2757 1609 2787 honesta
1620 2769 1670 2797 per
1682 2761 1771 2789 otium
1783 2763 1976 2793 concelebrata
1986 2787 1994 2801 ,
2016 2767 2049 2795 ab
2064 2768 2179 2805 optimis
2189 2771 2325 2801 enituisse.

1301 2791 1411 2823 Terras.
1433 2794 1542 2825 Lucret.
1556 2806 1579 2826 1.
1593 2807 1619 2832 4.
1633 2797 1668 2826 ad
1683 2798 1825 2829 Venerem.
1847 2802 1864 2830 i.
1875 2810 1900 2830 e.
1916 2801 2096 2834 Foecundare.

1300 2829 1460 2874 Victoriam.
1497 2833 1567 2876 ‘Caec
1583 2843 1607 2870 3.
1621 2835 1688 2864 Bell.
1703 2836 1781 2866 Civil.
1794 2846 1840 2875 72.
1862 2838 1912 2869 Per
1921 2841 2018 2871 orbem
2027 2847 2163 2875 terrarum
2174 2866 2182 2881 ‚
2203 2846 2276 2876 fama
2285 2857 2317 2877 ae
2327 2847 2427 2880 litteris

1318 2870 1464 2899 victoriam
1476 2879 1536 2906 eius
1548 2872 1604 2901 diei
1614 2873 1823 2906 concelebrant.

1301 2905 1422 2936 Plateam
1434 2909 1595 2945 iiymenaeo.
1618 2911 1703 2941 Plaut.
1715 2912 1772 2942 Cas.
1784 2926 1810 2949 4·
1823 2923 1848 2951 3.
1860 2925 1887 2946 α.

1300 2944 1506 2976 concelebrare
1517 2969 1524 2982 ,
1549 2946 1717 2980 Diffamare:
1740 2952 1847 2982 dictum
1861 2963 1876 2983 a
1889 2953 2064 2987 Celebritate.
2085 2956 2173 2988 Lucil.
2187 2958 2236 2990 lib.
2252 2968 2295 2994 το.

1381 2983 1481 3014 Multis
1492 2985 1560 3015 inde
1571 2986 1640 3016 locis
1652 2987 1825 3020 sermonibus
1836 2992 2075 3025 concelebrarunt.
2173 2997 2212 3027 Ex
2224 2999 2327 3028 Nonio.

1260 3018 1395 3050 Conci
1406 3032 1448 3065 co
1464 3044 1474 3066 ³.
1494 3024 1686 3061 [masne-iodea]
1706 3030 1761 3057 are.
1783 3028 1861 3058 Idem
1877 3031 1952 3067 quod
1970 3031 2076 3062 Celare.
2107 3032 2178 3064 Gell.
2190 3035 2239 3065 lib.
2255 3047 2296 3073 ις.
2317 3047 2377 3076 cap.
2394 3048 2423 3069 ι.

1298 3058 1379 3095 Quos
1391 3059 1490 3097 aliquis
1502 3063 1595 3098 pudor
1611 3073 1741 3094 reverens
1755 3067 1921 3097 concelaret.
1961 3069 2040 3100 Idem
2055 3071 2102 3100 lib.
2119 3082 2129 3100 i
2139 3082 2159 3101 i.
2173 3083 2235 3112 cap.
2246 3084 2271 3111 9.
2302 3076 2367 3105 Non
2390 3077 2423 3107 id

1301 3096 1396 3133 postea
1405 3099 1582 3135 concelavit,
1605 3102 1671 3137 quin
1684 3102 1778 3141 gloriae
1791 3114 1901 3141 quoque
1911 3105 1966 3136 hoc
1977 3107 2024 3137 sibi
2036 3108 2082 3138 assi
2123 3110 2186 3139 avit.

1263 3133 1313 3163 Co
1323 3143 1345 3162 N
1355 3142 1372 3163 c
1385 3145 1398 3163 r.
1407 3144 1427 3164 N
1438 3146 1457 3164 ’r
1466 3147 1485 3165 u
1494 3147 1510 3165 R
1521 3148 1529 3165 i
1540 3148 1568 3173 o,
1588 3139 1606 3174 [
1614 3138 1872 3178 σνγκφταπέτῖομ-οα]
1886 3144 1940 3173 are.
1964 3144 2121 3183 Colligere:
2142 3147 2249 3179 dietum
2260 3160 2275 3180 a
2286 3151 2427 3184 Centuriis

1305 3181 1366 3209 quae
1377 3173 1411 3201 ad
1420 3173 1546 3212 suffragia
1559 3178 1772 3208 conveniebant.
1794 3180 1905 3210 Plautus
1919 3181 2010 3212 Pseud.
2027 3195 2048 3213 i.
2061 3195 2086 3221 ς.
2101 3195 2160 3220 159-

1393 3210 1467 3241 Dum
1479 3216 1662 3244 concenturio
1671 3217 1699 3245 in
1707 3217 1793 3247 corde
1807 3217 2010 3256 sycophantias.
2093 3222 2171 3252 Idem
2182 3223 2258 3255 Trin⁴
2276 3237 2302 3262 4.
2316 3236 2341 3257 2.
2359 3232 2423 3259 160.

1299 3285 1365 3315 Non
1389 3248 1590 3324 11³1a3n⁶iepistola
1605 3253 1652 3283 illa
1665 3254 1735 3284 mihi
1754 3258 1947 3288 concenturiat
1966 3265 2084 3295 metum,
2168 3260 2304 3295 Incorde.
2342 3266 2422 3298 conf.

1261 3322 1519 3362 Concanum,
1541 3327 1584 3358 us.
1625 3327 1658 3359 In
1677 3338 1862 3362 εοΝοιΝο.

1260 3361 1634 3402 ΟοΝοΕΡτΛευιυΜ,
1655 3366 1904 3407 ΟοΝοΒΡτιο,
1922 3370 2184 3404 Comen-rive.
2200 3374 2302 3414 Ferae,
2334 3378 2428 3410 Con..

1301 3409 1494 3438 caPTAaa,
1516 3404 1756 3435 CoNCEPTus.
1800 3406 1829 3435 V.
1851 3417 2044 3439 CONCIPIO.

1263 3436 1310 3467 Co
1321 3447 1340 3466 N
1349 3448 1367 3467 c
1376 3449 1415 3483 aa
1426 3449 1472 3469 No
1483 3462 1491 3475 ,
1515 3443 1589 3472 crevi
1600 3463 1608 3477 ,
1630 3444 1737 3472 cretum
1750 3465 1757 3477 ,
1779 3439 1918 3482 [συνάὲὶι]
1940 3448 1997 3477 ere.
2030 3449 2106 3479 Idem
2127 3451 2202 3487 quod
2219 3451 2320 3482 Cerno.
2360 3455 2424 3487 Cic.

1300 3476 1337 3504 de
1349 3476 1428 3507 Petit.
1438 3477 1521 3508 Coris.
1537 3483 1580 3508 16.
1601 3479 1688 3516 Quod
1704 3481 1720 3509 si
1733 3481 1794 3510 satis
1806 3485 1873 3518 grati
1884 3483 2016 3515 homines
2026 3486 2123 3522 essent,
2144 3488 2204 3517 haec
2211 3489 2260 3518 tibi
2271 3492 2364 3522 omnia
2376 3504 2427 3531 pa»

1298 3520 1356 3543 rata
1367 3515 1420 3544 effe
1434 3516 1592 3550 debebant,
1613 3518 1680 3546 sicut
1690 3528 1784 3556 parata
1795 3519 1848 3550 effe
1861 3531 2012 3554 concerno.
2054 3526 2110 3554 Sed
2120 3525 2221 3564 iegitur
2231 3537 2266 3558 ex
2279 3531 2426 3562 auctorita..

1298 3557 1327 3580 te
1343 3552 1405 3582 Miz
1423 3554 1547 3592 Exempl.
1583 3555 1713 3585 Confido.

1298 3589 1447 3620 Concerno
1459 3613 1467 3627 ,
1488 3593 1504 3621 i.
1524 3602 1548 3622 e.
1569 3592 1669 3635 Cribro
1680 3616 1687 3625 ,
1709 3602 1795 3623 cerno
1804 3617 1812 3630 ,
1833 3595 1880 3625 seu
1898 3608 1998 3636 purgo.
2039 3600 2179 3636 Augustini.
2195 3602 2317 3633 Confert
2336 3615 2361 3641 ς.
2377 3615 2424 3637 ιο.

1318 3627 1415 3672 Talem
1434 3636 1557 3659 naturam
1568 3640 1627 3666 ejus
1642 3631 1713 3660 nasci
1727 3642 1782 3661 non
1798 3634 1874 3672 poffe
1884 3636 1920 3666 de
1934 3637 2019 3667 Maria
2028 3639 2136 3676 virgine
2146 3640 2296 3671 arbitrabar
2304 3644 2353 3672 nffi
2366 3654 2426 3675 car=

1317 3675 1345 3694 nl
1358 3676 1582 3697 COUCCI'HCTCI‘UL

1297 3703 1486 3733 Concernere.
1500 3715 1549 3741 pro
1561 3707 1690 3740 Attinere.
1712 3707 1749 3736 est
1762 3710 1878 3739 extremi
1893 3711 2060 3743 barbarismi.
2082 3713 2111 3744 V.
2132 3713 2231 3746 Cel'lar.
2243 3716 2307 3747 Cur.
2323 3718 2423 3750 Poster.

1319 3752 1347 3779 p.
1362 3751 1423 3778 350.
1447 3744 1471 3772 &
1483 3743 1552 3772 Voff.
1566 3744 1601 3773 de
1615 3744 1667 3774 Vir.
1681 3744 1709 3774 L.
1723 3746 1751 3774 L.
1766 3758 1790 3780 4.
1800 3758 1827 3782 4.

1260 3777 1341 3821 Co‘N
1351 3789 1368 3808 c
1379 3789 1392 3807 iz
1402 3789 1441 3823 alp
1451 3790 1468 3808 o
1478 3801 1486 3814 ‚
1508 3781 1545 3818 pli
1556 3803 1564 3815 ,
1587 3789 1664 3825 ptum
1681 3805 1687 3815 ,
1710 3778 1944 3826 [Alqmoeey'oem]
1964 3789 2019 3819 ere.
2042 3798 2078 3819 ex
2091 3789 2150 3820 Con
2161 3792 2188 3822 δι
2198 3791 2290 3830 Carpo
2305 3804 2422 3832 compo-

1301 3820 1398 3852 litum,
1420 3818 1583 3862 idem-quod
1599 3820 1917 3859 Discerpereiignificat,
1939 3828 1964 3856 8<
1979 3827 2130 3857 dilacerare
2181 3830 2236 3859 Liv,
2255 3837 2294 3864 ζῇ.
2313 3843 2355 3863 tt.
2378 3833 2422 3861 Li-

1300 3853 1439 3891 bramque
1450 3863 1563 3886 rationis
1575 3858 1634 3894 ejus
1646 3868 1731 3893 quum
1742 3858 1857 3890 Lucium
1868 3862 1980 3893 fratrem
1995 3865 2091 3895 afferre
2101 3867 2212 3901 iussisset
2223 3891 2229 3903 ,
2252 3869 2422 3907 inspectante

1301 3892 1413 3927 Senatu,
1424 3893 1477 3922 suis
1490 3894 1578 3931 ipsum
1591 3897 1718 3926 manibus
1730 3900 1927 3937 concerpsiffie:
1951 3903 2156 3941 indignantem,
2168 3907 2220 3935 &a

1303 3930 1479 3974 Concerpere
1487 3932 1621 3970 epistolas.
1663 3934 1720 3964 Cic.
1738 3946 1779 3965 ιο.
1794 3937 1844 3966 Αῖῑ.
1860 3949 1901 3974 14.
1922 3939 1965 3970 Tu
1982 3947 2075 3972 tamen
2093 3952 2139 3973 eas
2155 3943 2299 3981 epistolas,
2320 3943 2421 3980 quibus

1320 3967 1443 4007 asperius
1452 3970 1489 4001 de
1501 3980 1535 4001 eo
1545 3970 1638 4010 scripfi
1647 3994 1657 4010 ,
1677 3973 1828 4012 aliquando
1839 3979 2014 4016 concerpit«)-

2303 4017 2421 4049 Ferven=
