2604 4222
166 117 233 155 338
388 159 389 167 ἵ
647 114 905 148 BEL

207 194 368 225 Involutum
377 194 491 225 bellum.
532 194 564 225 In
584 205 593 222 1
606 204 627 223 Ν
635 203 652 223 v
662 204 679 223 o
691 206 706 222 L
716 205 733 223 v
743 205 768 223 o.

209 232 348 262 Laceslere
358 233 440 262 bello.
463 234 520 262 Cic.
534 242 584 270 pro
595 232 666 269 Lege
677 232 774 262 Manil.
790 241 834 268 23.

209 270 345 300 Mandare
355 269 469 300 bellum.
491 270 548 299 Liv.
564 281 587 306 ς.

209 308 321 337 Minati.
347 308 418 345 Virg.
435 318 457 344 3.
471 309 532 338 IEn.
547 318 607 343 540.

212 345 347 375 Minitari.
369 346 488 382 Quintil.
501 346 548 374 lib.
562 355 586 381 3.
603 354 663 382 cap.
677 349 702 378 8.

210 382 315 412 Moliri.
356 383 388 411 ln
409 395 429 412 M
439 394 455 412 ο
466 395 481 411 L
492 395 499 411 i
509 393 526 412 o
537 393 561 411 R.

210 420 334 450 Movere.
356 421 429 457 Virg.
445 431 467 450 1.
480 421 578 457 Georg.
591 430 651 455 509.
666 418 731 448 Hor.
742 429 768 453 4.
781 416 870 446 Carni.
886 425 909 446 1.
923 425 950 446 2.

211 458 320 487 Mutare
329 458 432 487 belluni
446 468 496 495 pro
509 467 585 495 pace.
626 457 658 486 In
688 467 709 484 M
720 465 737 484 υ
747 466 766 483 τ
776 465 802 483 o.

211 496 281 524 Nata
299 505 365 533 gens
380 496 477 529 belus.
500 497 525 524 &
537 496 572 524 ad
586 493 665 523 bella.
706 493 736 522 In
764 503 784 521 N
797 503 813 521 A
824 503 835 522 s
845 503 862 521 c
872 502 888 521 o
898 502 922 520 R.

209 533 317 562 Navare
330 532 432 562 bellum
444 533 534 561 alicui.
555 532 644 561 Tacit.
660 542 680 564 ς.
701 530 768 559 Hist.
782 541 825 564 25-
849 532 864 559 i.
882 540 906 558 e.
930 529 1052 567 Operam
1063 529 1148 559 bello.

210 570 359 606 obiectare
374 570 446 599 bello
457 579 582 606 corpora,
594 578 644 606 pro
652 567 720 597 Belli
731 568 870 605 periculis.
884 568 987 606 Virg.4.
998 568 1204 606 Georg.218.de
1212 568 1324 607 Apibus.

211 608 298 637 Obire
311 607 423 636 bellum.
445 608 534 636 Tacit.
550 617 572 642 3.
591 609 659 635 ilnn.
674 615 716 641 34.

210 645 349 674 Obortuin
359 645 472 674 bellum.
513 646 543 673 ln
577 654 594 673 o
606 655 620 672 Β
631 653 647 672 o
658 653 674 671 R
685 654 692 671 1
702 653 719 672 o
729 653 754 672 R.

210 683 312 712 Obriiti
324 683 402 711 bellis
415 683 582 720 longinquis.
605 681 672 710 Plin.
685 681 731 709 lib.
743 690 767 717 7.
781 691 843 719 cap.
859 690 902 716 54.

210 720 380 758 Oppriniere
394 720 477 749 bello.
518 720 548 748 ln
570 725 585 748 e
596 729 610 748 Ρ
620 729 633 746 1³
643 729 658 747 R
670 729 676 746 i
688 730 707 747 M
718 729 743 747 o.

209 758 375 795 Opprimere
389 758 490 786 bellum
501 764 637 785 erortum.
657 755 689 785 In
710 766 749 784 οι)
760 766 796 785 PR
809 767 817 784 1
828 767 848 785 M
858 767 885 785 o.

209 795 310 824 Ortum
327 797 352 824 Sc
369 802 504 831 patratum
518 791 630 824 bellum.
653 795 733 823 Tacit
754 804 778 830 3.
795 796 865 824 Arm.
877 803 924 831 47.

208 832 361 861 Ostendere
373 833 484 862 bellum.
526 832 558 861 ln
589 842 605 861 o
616 842 656 861 sa·
666 842 679 860 it
691 842 709 860 N
723 843 738 860 r>
749 842 775 861 o.

208 869 309 899 Parare.
332 870 416 899 Ovid,
434 881 455 906 7.
479 870 546 899 Met.
563 874 625 905 456.
665 869 696 899 V.
719 880 824 899 PARO.

207 907 283 936 Parra
296 907 377 936 bello.
402 908 519 944 Quintil.
532 908 579 937 lib.
594 919 615 943 5.
629 917 688 945 cap.
706 911 762 936 io>

206 944 315 974 Pascere
327 945 438 974 bellum.
467 946 496 974 V.
520 946 603 984 paulo
613 951 676 974 ante
686 956 720 975 ex
730 945 776 974 Sil.
790 944 984 982 Longinquurn
993 943 1106 975 bellum.

203 982 329 1017 Parme.
351 984 368 1011 ἱ.
388 994 411 1012 e.
434 984 594 1019 Coiificere‚
616 983 769 1013 Debellare.
792 983 882 1012 Tacit.
896 992 921 1012 2.
938 984 1008 1012 Ann.
1022 988 1066 1013 26.

205 1019 359 1050 Pavescere.
382 1021 470 1050 Tacit.
489 1033 508 1050 i.
522 1024 588 1050 nnn.
601 1032 627 1056 4.

203 1057 311 1088 Pendet
323 1059 387 1088 belli
402 1060 520 1088 fortuna.
543 1060 618 1088 Ovid
641 1064 666 1092 8.
684 1058 752 1088 Met.
771 1067 811 1088 12.

202 1096 311 1129 Pendet
321 1106 355 1125 ex
370 1107 425 1126 uria
440 1098 545 1134 origine
557 1097 669 1126 bellum.
690 1096 774 1126 Ovid.
789 1106 811 1125 1.
826 1095 895 1126 Met.
910 1099 972 1130 186.

203 1134 347 1163 Perficere.
373 1135 430 1164 Liv.
443 1145 486 1164 22.
502 1141 543 1170 ³8·

202 1171 362 1209 Perpetrato
375 1172 456 1202 bello.
479 1173 509 1202 ln
529 1182 592 1201 PER
603 1181 730 1201 Rern-o.
984 1176 987 1179 '

202 1209 382 1247 Pei-rumpere
393 1210 507 1239 belluni.
529 1211 592 1239 Sen.
605 1211 695 1247 figam.
712 1214 775 1243 604.
798 1208 852 1238 Sed
866 1207 945 1238 aliter
956 1208 1064 1245 disting.
1077 1208 1205 1238 Schroed.

201 1246 327 1283 Persequi
337 1248 455 1286 aliquem
468 1248 550 1277 bello.
573 1248 604 1277 In
623 1258 637 1276 Ρ
649 1258 663 1276 e
673 1258 688 1276 R
697 1257 709 1276 s
720 1258 733 1275 n
744 1257 791 1283 Qu
801 1256 818 1275 o
829 1256 852 1274 R.

201 1284 297 1314 Petere
305 1286 384 1315 bella.
405 1286 452 1316 Sil.
464 1287 512 1315 lib.
532 1297 570 1319 ις.
585 1295 647 1320 492.
694 1300 731 1306 -—‹
741 1285 847 1318 Maiora
857 1289 990 1322 petuntur
1036 1283 1138 1314 Rursus
1149 1284 1222 1314 bella
1232 1289 1316 1313 retro.

201 1322 297 1352 Petere
308 1324 428 1359 aliquem
440 1324 524 1352 bello.
545 1323 618 1360 Virg.
628 1332 652 1356 3.
669 1323 730 1352 ffin.
744 1326 807 1357 603.

200 1355 306 1390 Ponere
317 1362 440 1397 bellum.
461 1360 702 1390 Positumbellum.
725 1360 798 1397 Virg.
816 1371 836 1389 1.
855 1359 915 1390 AEn.
927 1369 991 1395 291.

199 1397 405 1428 Portatbellnm
417 1407 496 1428 ten-a.
517 1399 590 1436 Virg.
606 1408 629 1431 3.
650 1398 710 1428 AEn.
728 1408 789 1434 539-
831 1398 862 1427 V.
883 1407 1009 1426 PORTO.

198 1435 427 1466 Praeficerebello.
449 1437 514 1466 Caes.
530 1448 553 1474 ς.
567 1438 602 1465 de
611 1435 678 1465 Bell.
696 1435 765 1465 Gall.
791 1445 835 1466 11.
856 1442 926 1465 extr.

199 1473 294 1513 Prodit
304 1475 417 1505 bellum.
445 1475 527 1505 Ovid.
546 1485 567 1503 1.
583 1474 651 1503 Met.
672 1484 731 1509 142.

197 1511 345 1549 Profligare
358 1513 470 1542 bellum.
491 1513 582 1542 Tacit.
595 1522 620 1541 2.
640 1511 708 1541 Hist.
719 1522 745 1548 4.

196 1549 343 1580 Prolatae.
366 1552 454 1580 Tacit.
471 1561 511 1586 13.
533 1552 601 1579 Ann.
616 1559 659 1586 34.

196 1586 367 1618 Promittere.
390 1590 457 1618 Stat.
470 1599 494 1624 3.
507 1588 595 1617 Theb.
608 1597 670 1624 390.

195 1625 353 1663 Prorogare.
377 1626 434 1657 Cic.
451 1637 491 1656 12.
509 1626 627 1663 Philipp.
642 1634 683 1661 13.
872 1654 873 1657 ,

194 1663 361 1702 propulsare.
368 1664 420 1694 Liv.
428 1665 475 1694 lib.
484 1675 491 1693 i
499 1664 617 1694 ‚Tamen
627 1672 713 1701 quum
723 1661 864 1692 moenibus
871 1659 981 1691 bellum
990 1660 1150 1700 propulsare
1157 1661 1312 1701 poffet,&c.

193 1701 314 1740 Pugnata
325 1702 405 1732 bella.
427 1703 493 1732 Hor.
507 1712 531 1739 3.
544 1702 633 1731 Carm.
649 1711 691 1736 19.
703 1712 728 1734 4.
743 1703 768 1730 δι
782 1711 803 1730 1.
824 1701 907 1738 Epist.
929 1704 970 1730 16.
982 1710 1027 1736 ²5·

194 1740 323 1776 Quaerere
334 1741 398 1770 belli
409 1741 560 1770 consilium.
584 1738 649 1768 Caes.
664 1738 765 1772 8.Bell.
780 1738 849 1768 Gall.
863 1748 907 1774 47.

193 1777 329 1816 Recipere
338 1779 392 1808 sese
401 1779 434 1808 ad
441 1779 511 1808 belli
520 1778 728 1815 cogitationem.
750 1776 815 1806 Caes.
831 1786 856 1814 3.
867 1777 902 1806 de
913 1774 981 1806 Bell.
995 1775 1074 1805 Civil.
1093 1783 1134 1811 17.

191 1814 389 1854 Redintegrare
398 1816 510 1846 bellum.
534 1816 591 1845 Cic.
608 1825 650 1845 11.
664 1815 738 1845 Fam.
752 1825 777 1851 9.

192 1853 278 1883 Redit
289 1854 402 1884 bellum.
424 1854 480 1884 Liv.
492 1855 540 1883 lib.
553 1863 576 1890 3.

191 1891 351 1921 Renascitur
363 1892 476 1921 bellum.
499 1892 556 1921 Cic.
572 1901 614 1921 11.
633 1891 709 1921 Fam.
725 1900 767 1927 14.
855 1918 857 1920 ,

180 1929 337 1959 'Renovare
348 1930 415 1959 belli
427 1930 581 1959 consilium.
602 1929 668 1959 Caes.
682 1935 705 1963 8.
719 1929 754 1958 de
764 1927 831 1958 Bell.
844 1926 914 1957 Gall.
930 1937 954 1957 1.

188 1967 453 1998 Renovarebellum.
476 1968 534 1997 Cic.
551 1977 590 1997 12.
604 1968 678 1997 Fani.
689 1973 715 2001 8.

189 2005 335 2043 Repellere
348 2006 428 2036 bella.
451 2006 535 2036 Ovid.
550 2015 572 2042 3.
583 2005 662 2035 Trist.
679 2016 719 2034 10.
734 2010 761 2038 8.

189 2043 301 2080 Repens
313 2044 426 2074 bellum.
450 2043 507 2073 Liv.
524 2055 544 2073 1.
560 2044 663 2073 Decad.
677 2042 725 2072 lib.
743 2053 784 2071 10.

188 2081 430 2117 Reseditbellum,
452 2082 469 2111 i.
491 2092 515 2111 e.
540 2081 690 2119 ilcquievit.
713 2081 779 2111 Hor.
792 2088 816 2117 3.
830 2078 955 2114 Carm.3.
970 2085 1014 2115 30.

188 2119 377 2157 Restinguere.
400 2120 457 2149 Cic.
477 2130 518 2149 11.
533 2119 607 2149 Fam.
626 2129 668 2148 12.

188 2157 317 2187 Ruerein
328 2153 408 2187 bella.
431 2157 504 2194 Virg.
517 2167 542 2194 7.
557 2158 617 2188 ΖΕΗ.
631 2162 695 2192 782.

186 2195 310 2224 Senescit
322 2195 432 2225 bellum.
459 2195 516 2224 Liv.
532 2201 556 2229 8.
572 2195 608 2224 de
618 2194 686 2224 Bell.
698 2193 765 2223 Pun.

185 2233 331 2270 Sepiiltuin
344 2239 425 2271 atque
443 2233 590 2262 discussum
606 2232 720 2261 belluni.
750 2231 853 2260 Patere.
865 2229 914 2260 lib.
926 2239 952 2259 2.
966 2238 1010 2266 75.
1023 2228 1102 2258 Idem
1112 2237 1137 2257 2.
1149 2232 1191 2263 89.
1215 2226 1306 2257 Finita

204 2271 334 2300 vicefinio
344 2281 417 2299 anno
428 2271 499 2300 bella
507 2271 617 2306 civilia,
632 2269 737 2308 sepulta
748 2276 871 2304 externa,
893 2273 1022 2298 revocata
1036 2275 1091 2304 pax
1101 2287 1110 2302 ‚
1129 2265 1234 2304 sopitus
1245 2266 1305 2295 ubi-

206 2318 259 2346 que
271 2317 409 2338 armorum
425 2309 507 2338 furor.

184 2346 288 2376 Serere.
329 2347 418 2376 Tacit.
431 2357 455 2376 2.
473 2347 543 2376 Ann.
557 2355 602 2376 21.
623 2346 663 2376 Ex
673 2344 754 2375 bellis
766 2343 840 2374 >bella
853 2342 986 2373 seruntur.

184 2385 304 2414 Struere.
328 2384 386 2414 Cic.
404 2395 428 2419 9.
446 2386 496 2413 Att.
515 2394 556 2413 ii.

183 2423 313 2452 Suadere.
338 2423 423 2451 Ovid.
436 2426 460 2451 6.
475 2422 540 2452 ¹ffa‘st.
553 2425 598 2456 86·

183 2460 294 2489 Subaeti
309 2459 382 2489 bello
394 2460 567 2498 Troiugenae.
590 2459 697 2488 Lucret.
710 2458 758 2488 lib.
774 2468 797 2487 1.
810 2459 874 2494 465.

183 2498 316 2535 Subigere
327 2498 409 2527 bello.
434 2498 490 2527 Liv.
507 2509 529 2531 ς.
541 2498 645 2527 Decad.
657 2497 706 2526 lib.
720 2507 745 2526 2.

182 2536 297 2565 Sumere
310 2535 425 2565 bellum.
444 2536 532 2565 Tacit.
547 2546 571 2572 3.
588 2535 654 2565 Hist.
667 2544 712 2572 43.

181 2574 297 2603 Sumere
308 2573 411 2602 bellum
422 2584 470 2611 pro
481 2574 583 2610 aliquo.
597 2573 682 2603 Ovid.
698 2575 738 2601 16.
752 2570 832 2609 Epist.
850 2577 909 2605 173.
922 2569 956 2599 al.
968 2567 1091 2599 Ferrum.
1104 2567 1159 2598 Sed
1168 2567 1299 2598 V.Burm.

180 2611 303 2648 Surgunt
313 2611 393 2640 bella.
430 2613 499 2648 Virg.
512 2622 537 2646 4.
550 2612 610 2641 ffin.
624 2620 668 2646 43.
689 2609 770 2646 Quid
781 2608 853 2637 bella
863 2608 939 2646 Tyro
951 2607 1089 2645 surgentia
1106 2607 1219 2636 dicam?

180 2650 324 2687 Suscipere
334 2648 438 2678 bellum
451 2659 514 2678 cum
525 2649 625 2686 aliquo.
648 2648 732 2677 Ovid.
750 2657 790 2683 14.
803 2646 872 2676 Met.
885 2656 950 2682 451.

180 2687 344 2724 Susceptum
355 2687 460 2716 bellurn
470 2693 604 2715 {eternum
615 2695 694 2721 cum,
708 2687 758 2715 &c.
783 2684 841 2713 Cic.
856 2694 904 2722 pro
920 2683 985 2721 Syll.
1000 2688 1043 2716 28.
1066 2682 1158 2719 Quare
1171 2691 1230 2711 non
1239 2681 1299 2711 sum

199 2725 306 2754 nescius
315 2731 418 2762 quanto
428 2724 553 2763 periculo
563 2725 652 2754 vivam
665 2724 693 2752 in
704 2730 779 2752 tanta
790 2722 970 2751 multitudine
983 2721 1175 2758 improborum
1184 2742 1192 2755 ‚
1213 2730 1299 2757 quum

199 2763 267 2792 mihi
279 2764 401 2792 unicum
413 2763 544 2792 omnibus
555 2762 687 2799 improbis
694 2768 827 2790 aeternum
836 2760 946 2789 videam
954 2759 1060 2789 bellum
1068 2758 1122 2789 effe
1130 2757 1296 2796 susceptum.

179 2800 322 2830 Suscitare.
347 2801 406 2829 Cic.
425 2811 464 2829 11.
483 2800 556 2829 Fam.
572 2809 595 2834 3.

178 2839 343 2868 Sustentare.
369 2838 398 2867 V.
423 2837 588 2867 Immensum
602 2835 736 2866 exarserat
745 2834 861 2864 bellum.

179 2876 300 2906 Tentare
309 2876 384 2905 irrita
395 2876 474 2905 bella.
497 2876 559 2904 Seii.
575 2875 656 2903 Herc.
672 2874 722 2903 fur.
736 2884 762 2909 9.

178 2914 293 2944 Tentari
305 2913 393 2943 bellis.
418 2914 499 2943 Ovitl.
515 2923 539 2948 7.
553 2912 635 2950 Epist.
651 2921 710 2941 121.

178 2952 307 2982 Tractare
321 2951 438 2981 bellum.
460 2949 550 2980 Tacit.
566 2961 589 2985 ς.
611 2952 680 2979 Ann.
696 2960 718 2977 1.

177 2990 299 3020 Trahere
312 2989 433 3025 aliquem
445 2990 479 3018 ad
490 2988 576 3017 letum
591 2987 674 3017 bello.
695 2986 768 3023 Virg.
785 2996 808 3021 ς.
822 2984 882 3015 AEn.
899 2987 963 3019 623.

177 3027 303 3058 Tument
313 3028 394 3057 bella.
436 3027 520 3056 Ovid.
532 3036 557 3064 7.
571 3026 652 3064 Epist.
666 3034 727 3054 121.
749 3023 893 3060 Quoniam
905 3021 1020 3052 Hiarbas
1038 3019 1143 3052 bellum
1154 3020 1295 3060 Carthagi-

196 3066 323 3095 nensibus
336 3065 501 3094 minabatur.
961 3097 966 3103 ι
1051 3097 1056 3102 ¹
1256 3082 1264 3089 .

174 3104 345 3133 Tumescens
356 3102 469 3132 belluni.
485 3102 585 3132 Patere.
599 3099 647 3130 lib.
662 3109 714 3129 2.c.
724 3098 848 3135 15.M01s
858 3097 946 3134 Drusi,
959 3097 1125 3135 iampridem
1136 3097 1293 3128 tumescens

195 3142 301 3171 bellurn
313 3142 444 3170 excitavit
457 3141 590 3170 Italicum.
708 3175 712 3181 ,

173 3178 273 3208 Venire
285 3179 359 3208 bello
372 3179 405 3208 ad
417 3179 521 3207 moenia
533 3177 658 3213 alicujus.
681 3174 753 3211 Virg.
765 3183 789 3202 2.
805 3173 866 3203 AEn.
882 3181 943 3208 193.
1197 3208 1203 3216 ι
1266 3211 1272 3217 .

173 3216 298 3246 Versatur
307 3216 410 3246 bellum
423 3217 450 3245 in
463 3217 504 3245 his
513 3216 600 3245 terris.
643 3213 701 3242 Cic.
717 3223 740 3247 ς.
756 3212 828 3240 Verr.
842 3219 886 3253 47.
909 3210 982 3239 Nam
1003 3219 1088 3247 quum
1108 3210 1292 3247 quadriennio

191 3256 253 3320 post
262 3255 290 3283 in
302 3254 422 3284 Siciliam
434 3253 564 3283 venissem
578 3274 586 3287 ,
607 3251 644 3281 sic
654 3251 721 3280 mihi
731 3249 830 3279 affeeta
839 3248 894 3277 visa
906 3247 943 3276 est
955 3269 962 3283 ,
984 3254 1015 3276 ut
1034 3247 1076 3277 hae
1090 3254 1170 3277 terrae
1183 3249 1213 3277 in
1233 3250 1292 3286 qui.

214 3302 243 3321 iis
257 3291 360 3321 bellum
372 3292 501 3321 acerbum
514 3292 732 3326 diuturnumque
743 3286 878 3317 versatum
894 3286 941 3315 est.

172 3329 290 3358 Vincere
301 3329 383 3358 bello.
405 3329 508 3361 Lucan.
528 3339 549 3358 1.
566 3339 625 3364 ¹45·

173 3367 330 3396 Undantem
342 3367 416 3396 bello
432 3368 529 3396 Nilum
543 3372 625 3395 vocat
643 3364 716 3402 Virg.
732 3372 755 3400 3.
777 3362 876 3399 Georg.
889 3366 933 3394 28.
952 3366 1084 3397 tanquam
1103 3370 1161 3390 non
1181 3361 1288 3397 undas,

189 3404 236 3433 sed
247 3405 319 3434 bella
334 3412 491 3443 portantem
503 3427 511 3439 ,
533 3410 564 3433 ut
573 3404 688 3432 adnotat
697 3400 816 3430 Servius.
875 3436 880 3443 ⁸

130 3443 335 3477 Eunicus,
359 3443 419 3476 ndi.
441 3438 621 3478 [πολεμιιώε]
643 3442 683 3470 Ad
696 3439 800 3468 bellum
810 3445 964 3476 pertinens.
985 3441 1015 3465 ut

168 3478 323 3509 Columella
341 3480 448 3509 bellica.
489 3480 519 3508 V.
544 3480 571 3508 in
591 3489 605 3507 s
618 3488 655 3507 izi.
668 3487 777 3506 LONA.

166 3518 275 3547 Corona
290 3517 403 3553 bellic-i,
425 3517 494 3554 Quoe
504 3516 683 3546 bellatoribus
694 3513 846 3544 victoribus
857 3511 983 3541 dabatur.
1004 3506 1175 3541 Plin.lib.i⁶.
1187 3520 1279 3550 cap.4.

165 3553 379 3587 Dcnsbellicus,
400 3555 546 3584 Romulus,
570 3554 652 3583 Ovid.
666 3563 692 3582 2.
714 3552 778 3581 Fast.
791 3556 854 3589 478.

164 3592 223 3622 Deii
236 3591 349 3625 bellica.
372 3592 463 3622 Pallas.
486 3592 570 3621 Ovicl.
585 3601 609 3627 3.
627 3591 691 3620 Fast.
706 3597 770 3626 814.

164 3629 324 3666 Disciplina.
346 3629 403 3658 Cic.
419 3640 444 3658 2.
461 3630 495 3658 de
509 3630 570 3659 Nat.
583 3629 663 3659 Deor.
678 3633 738 3657 161.

163 3668 265 3705 Equus.
289 3667 408 3703 Prope-rt.
422 3679 447 3701 4.
462 3679 487 3702 4.
504 3677 544 3702 14.

162 3705 252 3735 Hasta.
275 3703 357 3732 Ovid.
370 3713 394 3732 2.
412 3705 499 3733 Amor.
516 3714 538 3739 3.
553 3709 579 3737 8.

161 3742 240 3772 Laus.
282 3741 344 3770 Sen.
357 3741 383 3769 in
394 3741 497 3770 Troad.
512 3748 537 3775 8.
554 3742 611 3770 Cic.
625 3741 652 3769 in
662 3740 737 3771 Brut.
752 3745 796 3774 84.
828 3739 863 3769 Et
883 3737 984 3769 bellica
1007 3736 1090 3768 laude
1111 3736 1227 3775 aspirare
1247 3737 1283 3767 ad

182 3781 338 3809 Africanum
351 3788 433 3807 nenio
444 3780 539 3815 potest.
561 3777 626 3808 Caes.
636 3783 661 3808 6.
671 3778 738 3807 Bell.
751 3776 820 3807 Gall.
831 3787 877 3813 24-

162 3818 273 3847 Manus.
297 3816 398 3845 Lucan.
415 3818 448 3844 ad
460 3816 544 3844 Pison.

160 3855 256 3885 Navis.
282 3853 461 3891 Propert.lib.
478 3863 503 3882 2.
523 3863 564 3888 15.
579 3862 624 3889 43.

159 3893 223 3922 Res.
245 3891 312 3921 Hor.
325 3902 351 3925 4.
371 3891 461 3918 Carni.
473 3900 496 3925 3.
510 3894 536 3919 6.

161 3927 663 3965 Virtus.Cicprostluren.22.Vi1tutis
674 3926 782 3955 bellicae
793 3924 912 3956 annulus
927 3922 1186 3967 iiisigne.Plin.lib.3
1195 3932 1278 3959 3.c.1.

157 3968 303 4002 Bellicum,
313 3965 393 3995 subst.
405 3962 445 4001 [τὲ
456 3963 604 4000 mummii]
614 3965 682 3994 Soni
693 3973 808 3999 nomen,
821 3971 850 3993 ut
862 3964 900 3993 ait
910 3963 1029 3997 Se1v1us,
1048 3962 1092 3991 vel
1099 3962 1194 4000 potius
1203 3961 1280 3999 Signi

1886 112 1909 145 B
2008 113 2036 147 E
2132 111 2160 146 L

1433 190 1556 221 militaris
1568 213 1575 225 .
1595 191 1670 226 quod
1688 189 1755 220 sono
1769 192 1858 221 datur.
1880 193 1961 222 Unde
1979 194 2115 223 Bellicum
2136 202 2235 222 canere
2248 215 2255 228 ‚
2275 193 2313 222 est
2328 194 2402 223 Sono
2414 192 2485 223 tubae
2499 193 2534 224 ad
2597 179 2601 242 Ι

1433 228 1559 267 praelium
1572 229 1673 257 milites
1684 231 1818 259 excitare.
1841 233 1867 259 Sc
1886 233 2030 260 :erendere
2044 241 2073 260 ut
2090 231 2212 268 przelium
2224 232 2324 259 ineant.
2368 231 2421 259 Liv.
2438 241 2477 265 35.
2492 236 2532 265 18.
2549 238 2553 246 ¹
2597 238 2602 260 i

1434 269 1455 296 A
1468 267 1635 296 Macedonia
1657 267 1830 305 Philippum,
1854 270 1899 297 uhi
1920 270 2037 306 primum
2062 269 2192 298 bellicum
2206 269 2266 297 carii
2282 268 2441 300 audivisset.
2462 279 2534 299 arma
2596 261 2602 332 Υ

1433 312 1595 345 capturum:
1619 304 1694 332 nofle
1719 305 1743 332 se
1763 306 1871 342 spIrirus
1891 308 1949 341 ejus
1963 329 1969 339 ,
1993 306 2067 335 noll'e
2086 305 2219 335 animum.
2262 306 2308 335 Per
2328 305 2535 336 translationem
2599 300 2601 314 ³

1435 343 1528 380 poluit
1547 343 1602 370 Cic.
1618 341 1644 369 in
1657 342 1731 370 Orat.
1748 352 1789 377 39.
1815 342 1886 372 nitu-r
1898 345 2037 373 incitatior
2049 345 2132 374 fertur
2144 365 2152 378 ‚
2175 344 2201 372 &
2219 344 2254 373 de
2273 343 2379 373 bellicis
2395 341 2474 372 rebus
2493 353 2535 373 ca-
2595 320 2602 369 li

1435 380 1476 408 nit
1491 381 1572 408 eriam
1586 380 1794 415 quodammodo
1805 381 1944 411 bellicum.

1416 417 1551 447 Bellicum
1562 426 1659 446 canere
1669 439 1675 449 .
1699 427 1747 453 per
1756 419 1946 454 metaphoram
1960 441 1967 452 ,
1989 429 2040 456 pro
2051 429 2085 447 eo
2099 418 2173 456 quod
2184 418 2221 447 est
2233 419 2360 447 Animare
2372 418 2426 447 five
2437 418 2538 448 excita·
2593 371 2602 486 ἒ

1438 465 1466 484 re
1477 455 1626 483 diriidium.
1668 454 1725 483 Cic.
1742 465 1766 491 7.
1782 456 1898 494 Philipp.
1915 467 1937 491 3.
1960 457 2147 493 Itaqueiidem
2161 457 2233 492 quasi
2244 457 2355 494 providi
2365 457 2439 486 cives
2456 457 2481 485 δι
2492 455 2536 486 Se-
2602 490 2604 492 ¹

1439 500 1547 521 nntores
1557 491 1702 528 diligentes
1714 515 1719 525 .
1743 493 1874 522 bellicum
1887 504 1932 523 me
1944 494 2072 523 ceciiiiffe
2082 495 2186 523 dicunt.
2547 524 2548 527 ,
2592 489 2604 561 Μ

1381 529 1402 560 Β
1413 540 1424 558 s.
1437 542 1440 555 1
1462 542 1476 557 ι.
1487 542 1494 558 1
1507 540 1524 558 c
1534 534 1549 559 ὃ
1559 540 1570 558 s
1583 540 1598 557 u
1609 539 1634 561 s,
1649 531 1763 564 [egregae
1775 533 1926 567 affirmarem,
1940 532 2144 566 πολεμιςιίωξω]
2162 530 2533 569 Ferox.Sanust.inJugu1-th.
2593 563 2594 570 .

1423 578 1433 596 1
1441 574 1480 601 8]
1492 578 1512 595 i.
1527 568 1599 603 Qiia
1610 567 1706 608 Libyes
1717 578 1798 603 quam
1809 569 1899 598 Gettili
1911 570 2003 599 minus
2011 569 2140 599 bellicosi.

1420 609 1515 634 Annus
1526 605 1689 633 bellicolior.
1731 606 1761 635 ln
1783 618 1802 635 A
1813 616 1831 635 Ν
1842 617 1860 635 N
1872 617 1888 636 υ
1899 617 1921 636 s.

1421 644 1532 671 Civitas.
1555 643 1609 671 Liv.
1630 654 1650 671 i.
1670 652 1713 671 20.
1730 653 1745 672 a
1759 654 1798 681 pr.

1420 681 1555 709 Nationes
1566 679 1782 710 bellicoiiilimae.
1806 681 1863 711 Cic.
1879 691 1930 720 pro
1946 680 2018 719 Lege
2031 680 2129 711 Manil.
2140 687 2185 716 28.

1418 718 1568 748 Bellicosus
1579 727 1634 746 rex.
1667 717 1721 747 Liv.
1738 729 1759 747 1.
1775 729 1817 754 31.

1381 755 1402 786 B
1414 766 1426 784 ic,
1437 768 1451 783 L
1463 767 1477 783 L
1489 766 1496 783 i
1508 765 1568 784 eos
1581 765 1593 783 R
1605 777 1611 787 .
1633 755 1693 790 ius⁷
1717 756 1810 786 issime.
1833 757 2014 793 [πελεμικός]
2036 756 2094 786 Liv.
2107 768 2131 792 9.
2146 761 2171 786 6.
2195 756 2303 794 Cepiss'e
2319 757 2395 786 enim
2411 767 2459 788 eos
2477 767 2534 788 non
2590 752 2598 776 *s

1421 794 1536 822 Romaim
1547 815 1554 827 ,
1567 793 1634 835 sicut
1643 800 1706 822 ante
1718 794 1827 824 Gallos:
1850 795 1896 824 sed
1912 795 1987 832 quod
2000 795 2089 825 multo
2099 794 2255 824 bellicosius
2266 795 2365 830 fuerit,
2383 796 2535 827 Romanam
2589 799 2590 832 J

1421 833 1551 860 virtutem
1568 831 1763 868 ferociamque.

1381 869 1402 899 B
1412 880 1450 911 E}
1462 880 1475 896 L
1487 880 1493 896 i
1505 879 1521 897 c
1533 880 1546 896 R
1558 870 1572 897 F:
1582 879 1595 896 Ρ
1604 879 1622 896 A
1635 891 1642 902 ,
1664 879 1694 898 ae.
1716 870 1733 898 f.
1757 869 1906 906 [ὠόπ-ΛΘ
1919 867 2034 905 Ἆρχηως]
2053 869 2155 906 Festus,
2171 870 2353 907 Bellicrepam
2364 870 2535 902 saltationem

1418 906 1550 936 dicebant
1560 928 1567 941 ‚
1590 904 1712 942 Quando
1725 917 1789 936 curn
1801 909 1882 937 armis
1892 907 2043 943 saltabant,
2067 909 2141 944 quod
2159 919 2173 937 a
2188 908 2308 937 Romulo
2322 909 2475 938 institutum
2487 909 2534 945 est,

1418 955 1454 974 ne
1467 945 1550 973 simile
1561 951 1700 981 pateretur
1710 946 1785 982 quod
1796 946 1898 975 fecerat
1913 944 1971 983 ipse
1982 968 1988 980 ,
2011 956 2097 983 quum
2114 957 2129 975 a
2146 945 2219 976 ludis
2236 946 2403 976 Sabinorum
2415 947 2534 984 virgines

1418 984 1516 1020 rapuit.
1559 982 1735 1017 V.SAL11,
1757 985 1783 1012 &
1798 993 1999 1012 PYRRlCHA.

1378 1017 1400 1050 B
1410 1030 1423 1049 e
1432 1032 1448 1048 L
1456 1032 1472 1049 L
1482 1022 1494 1049 f
1502 1031 1514 1049 ιι
1526 1030 1539 1048 s
1548 1030 1574 1055 R,
1586 1020 1730 1054 &tanetum
1741 1018 1986 1057 [EAEQ63&]Quod
1998 1021 2069 1050 bella
2077 1021 2534 1059 fert.Claud.inEutrop.lib.1.429.

1570 1072 1645 1079 -ο-
1656 1058 1722 1095 quid
1733 1058 1885 1088 belliferam
1895 1060 2092 1089 communibus
2102 1067 2185 1089 urunt
2547 1072 2556 1082 ⁴¹

1494 1094 1602 1124 Italiam
1613 1095 1749 1133 maculis?

1377 1133 1398 1163 B
1408 1143 1446 1174 aff
1457 1134 1518 1161 Lio
1529 1143 1541 1161 E
1553 1143 1568 1161 R
1581 1155 1588 1167 ‚
1610 1135 1715 1175 &3⁸²⁴ss
1727 1134 1932 1171 mmmcpo'g&]
1953 1145 1968 1164 a
1982 1133 2060 1164 Bello
2074 1135 2197 1172 gerendo
2216 1135 2328 1166 dicitur.
2349 1140 2395 1170 ut,
2417 1132 2560 1174 Belliger.)

1416 1171 1499 1200 mars.
1523 1171 1589 1199 Stat.
1608 1181 1630 1200 1.
1648 1171 1734 1200 Achil.
1748 1182 1809 1208 504.
2563 1175 2574 1190 '⁵

1496 1208 1661 1245 Belligerum
1677 1219 1728 1238 ceu
1739 1220 1843 1239 numen
1859 1215 1961 1239 amant.

1413 1246 1492 1275 Acies
1505 1246 1649 1283 belligerae.
1671 1247 1739 1276 Stat.
1759 1258 1800 1277 12.
1819 1248 1909 1277 Theb.
1926 1257 1990 1286 717.

1414 1284 1527 1313 Gentes.
1553 1285 1636 1313 Ovid.
1650 1294 1674 1320 3.
1691 1285 1771 1315 Trist.
1788 1296 1829 1316 11.
1845 1295 1887 1323 13.

1413 1321 1502 1351 Hasta.
1526 1321 1645 1351 Martial.
1658 1322 1707 1352 lib.
1722 1334 1745 1359 5.
1762 1334 1806 1359 25.

1412 1358 1541 1389 Labores.
1566 1359 1652 1389 Valer.
1666 1371 1688 1395 5.
1710 1363 1807 1398 Argon.
1820 1365 1883 1399 617.

1412 1397 1523 1427 Marius.
1547 1397 1631 1426 Ovid.
1645 1408 1668 1427 ².
1681 1398 1715 1428 de
1731 1401 1792 1429 Arte
1804 1400 1862 1429 Am.
1875 1402 1939 1437 672.

1411 1430 1504 1465 Mens.
1525 1435 1572 1464 Sil.
1585 1435 1633 1464 lib.
1647 1445 1670 1471 3.
1687 1440 1747 1465 162.

1411 1472 1490 1503 Ritus
1502 1473 1625 1510 belligeri
1633 1484 1690 1503 non
1702 1474 1831 1512 degener.

1429 1518 1487 1540 tem
1499 1512 1604 1540 militiae
1618 1512 1687 1541 ferre
1699 1513 1850 1543 consuevit.
1875 1514 1921 1543 Sil.
1941 1513 1989 1543 lib.
2001 1523 2026 1550 7.
2042 1524 2105 1549 292.
2400 1543 2402 1545 ,

1410 1548 1557 1587 Trophaeis
1569 1549 1708 1587 belligeris
1717 1561 1906 1581 annumerare.
1929 1551 1995 1580 Stat.
2012 1561 2052 1581 io.
2065 1551 2154 1581 Theb.
2167 1557 2212 1586 28.
2535 1562 2568 1590 gs,

1372 1589 1393 1620 Β
1405 1597 1442 1654 E&
1453 1599 1468 1615 L
1478 1598 1486 1615 i
1496 1597 1514 1615 c.
1523 1589 1597 1653 ῧιῖῖο,
1610 1586 1742 1625 θαλερὼ,
1754 1590 1898 1626 πολεμίζω]
1916 1593 1969 1619 are.
1982 1589 2097 1625 Bellene,
2108 1589 2216 1620 Bellum
2227 1597 2329 1627 gerere.
2342 1588 2448 1620 Ennius
2456 1588 2571 1629 apudziy„

1436 1635 1470 1655 ic.
1486 1635 1507 1654 1.
1575 1648 1581 1654 .
1614 1631 1638 1658 8.
2529 1644 2538 1653 ι
2549 1635 2558 1651 ¹·

1528 1663 1589 1692 Nec
1597 1635 1798 1701 3cauponantes
1815 1663 1921 1695 bellum
1931 1687 1939 1700 ‚
1959 1662 2006 1694 sed
2026 1663 2228 1702 belligerantes.
2339 1663 2402 1699 [Ita
2416 1663 2530 1700 quidem

1410 1700 1581 1737 distinguunt
1593 1702 1621 1729 in
1634 1702 1764 1730 omnibus
1775 1703 1858 1732 codd.
1902 1703 1958 1741 Ego
1983 1713 2047 1732 vero
2067 1703 2193 1732 existimo
2212 1702 2304 1740 potius
2314 1702 2374 1738 post
2383 1711 2408 1731 v.
2422 1703 2541 1740 Caupm·
2553 1724 2556 1731 .

1406 1748 1509 1775 *nantes
1522 1747 1660 1768 commate
1673 1740 1908 1777 distinguendum,
1921 1748 1952 1770 ut
1962 1751 2064 1770 nomen
2074 1741 2216 1778 posteriori
2228 1739 2312 1769 verbo
2323 1740 2459 1777 jungatur,
2470 1738 2529 1770 Bel·

1408 1776 1468 1805 lum
1479 1776 1523 1805 sed
1538 1777 1738 1813 belligerantes.
1773 1778 1907 1814 Quamvis
1917 1780 1993 1808 enirn
2004 1780 2159 1816 Cauponari
2170 1778 2273 1808 bellum
2285 1778 2372 1807 videri
2383 1777 2480 1815 polilt,
2497 1782 2542 1807 ut>
2558 1791 2560 1794 ·

1408 1814 1568 1852 perhibent,
1584 1815 1741 1844 Graecorum
1754 1816 1909 1846 imitatione
1924 1817 2029 1846 dietum
2040 1839 2048 1852 ,
2072 1817 2107 1846 de
2121 1827 2175 1854 quo
2189 1816 2218 1845 V.
2236 1817 2265 1844 in
2280 1825 2297 1844 c
2308 1826 2326 1844 A
2339 1825 2378 1844 op
2387 1825 2404 1844 o
2414 1825 2485 1844 NAR
2494 1826 2505 1844 1
2516 1836 2526 1851 ‚
2550 1814 2551 1818 ’

1408 1861 1466 1881 non
1478 1853 1569 1882 minus
1576 1860 1670 1882 tamen
1681 1854 1838 1883 Graecorum
1852 1855 1982 1893 exemplo
1995 1854 2157 1884 confirmare
2168 1854 2237 1883 licet
2247 1854 2366 1882 nostram
2378 1853 2528 1883 distinc‘tio-

1407 1900 1485 1925 nem,
1495 1901 1580 1927 quum
1590 1891 1664 1928 apud
1674 1891 1788 1920 eosdem
1797 1892 1866 1920 nihil
1876 1893 2047 1930 frequentius
2061 1892 2186 1930 sit‚quam
2199 1892 2313 1922 verbum
2324 1900 2387 1920 cum
2397 1892 2510 1920 nomine

1408 1928 1484 1957 unde
1495 1929 1768 1964 derivatur,acc.casu
1779 1930 1980 1966 construere,ut
1992 1928 2096 1965 niuster
2106 1929 2366 1965 mmm'ssmdliadss.
2374 1929 2486 1958 121.ubi
2494 1912 2524 1959 V’

1407 1966 1500 1995 Schol.
1519 1966 1564 1996 vel
1575 1968 1697 2001 πολεμὲν,
1710 1973 1740 1996 ut
1750 1968 1822 1996 Arist.
1838 1968 1918 1997 Rhet.
1934 1979 1956 1998 1.
1969 1979 1995 2004 4.
2022 1967 2123 2005 Qualia
2133 1968 2238 1998 tametsi
2250 1967 2337 1996 Latini
2349 1968 2457 2005 parcius
2466 1967 2526 1996 imi-

1406 2009 1508 2046 tantur.
1522 2010 1552 2033 ut
1563 2005 1637 2034 Basia
1649 2004 1860 2039 basiare‚Catull.
1874 2008 1898 2036 Sc
1909 2008 1955 2042 (ut
1965 2017 1997 2036 ea
2007 2012 2114 2036 tantum
2127 2007 2269 2043 attingam,
2281 2015 2341 2043 quae
2349 2006 2462 2043 propius
2470 2004 2526 2034 hue

1405 2042 1548 2078 attinent)
1576 2042 1687 2072 Certare
1702 2049 1841 2073 certamen
1861 2054 1903 2081 ap.
1922 2044 2037 2082 lnterpr.
2052 2044 2130 2082 Vulg.
2148 2054 2170 2073 1.
2182 2045 2256 2073 Tim.
2269 2048 2294 2072 6.
2308 2053 2349 2073 12.
2368 2045 2446 2081 &ap
2464 2042 2522 2072 Cic.

1404 2079 1529 2117 Pugnare
1541 2090 1662 2118 pugnam
1672 2103 1680 2115 ‚
1698 2080 1814 2110 praeliari
1826 2082 1962 2120 praelium,
1979 2082 2076 2121 saepius
2084 2090 2177 2111 tamen
2186 2082 2259 2120 apud
2270 2082 2438 2118 antiquiores
2448 2078 2533 2116 illos‚=‘

1404 2123 1436 2147 ut
1449 2118 1523 2155 apud
1536 2118 1693 2148 Lucretium
1703 2141 1711 2153 ,
1732 2118 1826 2148 similia
1835 2127 1997 2149 occurrunt:
2033 2121 2106 2149 cons.
2127 2130 2194 2149 mox
2210 2131 2225 2148 R
2234 2128 2247 2148 Β
2257 2131 2272 2147 1.
2284 2130 2299 2148 r.
2310 2129 2383 2148 ATU
2394 2128 2405 2148 s
2426 2119 2518 2156 partic.

1403 2155 1503 2191 Estque
1521 2155 1672 2193 elegantior
1690 2157 1829 2186 antithesis
1848 2158 1876 2186 in
1897 2158 2053 2195 Cauponari
2073 2159 2158 2185 ἁπλῶς
2181 2159 2207 2188 &
2221 2157 2330 2187 Bellum
2354 2156 2525 2194 belligeram.

1403 2203 1485 2230 quam
1497 2193 1653 2231 cauponari
1664 2194 1767 2223 bellum
1777 2197 1802 2224 ἃ
1814 2195 1986 2232 Belligerare.

1402 2231 1570 2269 Belligerant
1581 2231 1664 2262 lhtoli
1682 2241 1746 2261 cum
1760 2233 1864 2262 Aul-ide.
1885 2235 1972 2263 Plaut.
1987 2233 2066 2272 Capt.
2081 2245 2103 2264 i.
2122 2244 2143 2263 1.
2157 2243 2201 2268 ας.

1400 2265 1566 2306 Belligerare
1578 2280 1642 2299 cum
1654 2270 1735 2305 aenio
1748 2270 1804 2300 suc.
1828 2271 2006 2302 Plaut.Truc.
2027 2283 2048 2301 1.
2064 2282 2088 2301 2.
2106 2278 2150 2305 8ο.
2169 2272 2203 2300 de
2216 2271 2316 2301 Avaris.

1401 2308 1474 2336 Cum
1487 2307 1606 2337 fortuna.
1647 2305 1705 2337 Cic.
1721 2308 1779 2337 Post
1790 2309 1847 2339 red.
1858 2311 1892 2338 ad
1909 2310 1987 2346 Quir.
2005 2321 2047 2344 19.
2079 2311 2144 2339 Non
2156 2309 2246 2339 solum
2258 2318 2321 2338 cum
2342 2309 2375 2337 iis
2395 2308 2441 2345 qui
2461 2307 2522 2338 haec

1420 2345 1513 2374 delere
1525 2345 1674 2374 voluissent
1692 2368 1699 2381 ‚
1720 2346 1766 2375 sed
1779 2348 1861 2376 etiam
1873 2358 1938 2377 cum
1953 2348 2061 2377 fortuna
2078 2348 2296 2385 belligerandum
2308 2346 2368 2376 fuit.
2462 2350 2467 2354 ”

1399 2381 1450 2412 Par
1460 2383 1543 2412 alicui
1555 2384 1583 2412 in
1594 2383 1792 2421 belligerando.
1832 2385 1888 2415 Cic.
1902 2396 1952 2423 pro
1970 2386 2104 2415 Fontem.
2130 2386 2298 2415 Excitandus
2313 2386 2365 2414 erit
2382 2383 2464 2413 nobis
2481 2382 2529 2418 ab.⁴

1418 2421 1513 2450 inferis
1523 2422 1553 2450 C.
1570 2421 1675 2450 Marius
1690 2444 1696 2455 ‚
1719 2423 1764 2459 qui
1776 2422 1970 2453 Induciomaro
1981 2423 2021 2453 isti
2032 2424 2133 2453 minaci
2155 2433 2237 2460 atque
2256 2423 2412 2460 arroganti,
2429 2432 2477 2460 par
2489 2422 2518 2464 in

2553 1255 2574 1283 ..3

2544 1283 2572 1294 J..

1873 1475 1931 1512 Qui
1950 1474 2015 1505 belli
2034 1484 2142 1511 mores,
2163 1481 2211 1505 aut
2225 1473 2349 1504 laborem
2365 1474 2391 1504 &
2403 1473 2563 1518 asperim-J*

2550 1542 2554 1548 .
2540 1387 2554 1400 ’τ

2560 1550 2561 1553 Α
2557 1517 2567 1534 ⁴„
2556 1464 2570 1503 &7
2556 1378 2571 1412 1²*

1415 2458 1611 2496 belligerando
1621 2459 1675 2488 effe
1687 2459 1775 2497 poffit.
2504 2481 2506 2483 ·
2527 2472 2530 2478 ¹

1397 2496 1555 2534 Belligeret.
1568 2497 1691 2526 Lactant.
1702 2496 1718 2526 l.
1737 2509 1760 2531 ς.
1776 2497 1831 2527 Cur
1842 2504 1935 2527 autem
1943 2498 2086 2536 belligeret
2097 2521 2104 2530 .
2121 2509 2153 2529 ac
2164 2498 2190 2528 se
2205 2498 2301 2528 alienis
2311 2497 2449 2527 furoribus
2457 2494 2518 2526 miss

1418 2536 1503 2564 ceat‘?
1524 2545 1551 2572 p.
1566 2539 1628 2570 296.
1650 2536 1715 2565 edit.
1732 2535 1818 2565 Plant.
1838 2536 1871 2565 H.
1886 2537 1923 2566 St.
1959 2537 1990 2566 V.
2012 2547 2036 2567 c.
2053 2547 2093 2574 17.
2111 2538 2189 2574 §.12.
2516 2554 2529 2574 ι,

1360 2572 1428 2602 Birt.
1438 2575 1497 2601 Lfe
1507 2576 1522 2601 ἒ
1532 2583 1546 2600 R
1556 2582 1571 2601 o
1581 2584 1596 2601 R
1608 2595 1616 2607 ,
1637 2575 1684 2602 ari.
1708 2573 1795 2602 forma
1813 2574 1988 2611 deponentis.
2029 2575 2130 2612 Hygin.
2155 2574 2218 2604 Fab.
2239 2583 2301 2610 274.
2330 2579 2400 2602 extr.
2434 2570 2515 2603 Belus

1399 2610 1524 2648 Neptuni
1534 2610 1606 2640 filius
1615 2611 1709 2649 gladio
1723 2610 1900 2649 belligeratus
1912 2613 1949 2641 est
1963 2635 1969 2647 ,
1991 2613 2066 2641 unde
2080 2612 2189 2642 Bellum
2199 2612 2237 2642 est
2251 2613 2367 2641 dictum.

1358 2647 1379 2678 B
1391 2658 1403 2677 13
1413 2659 1428 2676 L
1440 2660 1454 2676 L
1465 2660 1473 2677 i
1484 2659 1501 2677 c
1514 2659 1526 2677 E
1540 2659 1551 2676 ιε
1564 2653 1580 2677 A
1591 2659 1610 2677 *r
1620 2659 1637 2678 o
1647 2659 1661 2677 R
1673 2671 1681 2683 ,
1702 2651 1764 2679 oris.
1780 2660 1817 2679 m.
1843 2650 1925 2680 Glofl‘.
1940 2650 1997 2679 Vet.
2010 2650 2199 2688 Belligerator‚
2216 2648 2385 2685 πολεμρὲρχκς.
2406 2647 2529 2682 Venari-5

1396 2687 1451 2716 tius
1463 2687 1517 2716 vita
1528 2686 1641 2715 Martini
1653 2709 1660 2721 ,
1684 2696 1707 2722 3.
1725 2692 1786 2723 369.
2494 2676 2516 2714 'i
2535 2689 2538 2697 ’

1472 2724 1665 2761 Belligeratori
1673 2725 1761 2754 valeat
1773 2735 1807 2754 ne
1815 2725 2024 2763 foeminajungi.

1473 2762 1683 2800 Belligeratores
1695 2764 1783 2792 nutrit
1792 2763 1873 2792 tellus
1886 2764 2043 2801 tirimaspas.

1742 2817 1818 2822 ——-
1832 2802 1921 2831 Attica
1930 2801 2013 2831 tellus

1473 2837 1702 2875 Belligeratorum
1714 2840 1839 2875 genetrix
1851 2840 2031 2868 memoranda
2045 2839 2178 2868 virorum.

1354 2874 1377 2906 B
1388 2884 1469 2904 RLLl
1481 2878 1520 2906 Ρό
1535 2885 1599 2905 rRN
1610 2886 1639 2911 s,
1661 2874 1988 2913 Adj.-[⁷1.i÷s.<9›.qqlwg]
2010 2878 2066 2913 Qui
2088 2876 2162 2905 bello
2179 2875 2276 2914 pollet.
2316 2875 2422 2906 Ennius
2438 2873 2510 2913 apud
2552 2898 2553 2901 ,

1393 2913 1451 2943 Cic.
1463 2923 1488 2942 2.
1504 2914 1538 2942 de
1549 2914 1641 2943 Divin.
1656 2918 1716 2943 116.
1784 2930 1822 2934 —
1835 2915 1963 2944 stolidum
1974 2925 2060 2951 genus
2069 2915 2261 2950 AEacidarum,
2508 2929 2511 2936 v
2527 2917 2530 2919 ’
2552 2917 2553 2921 ’

1468 2951 1668 2989 Bellipotentes
1681 2950 1742 2980 sunt
1756 2951 1850 2989 magi'‚
1872 2963 1954 2989 quam
1969 2953 2229 2990 {Iipientipotentes

1390 2987 1461 3018 Diva
1477 2989 1644 3027 bellipotens
1660 3012 1669 3024 ,
1689 2989 1784 3019 Pallas.
1806 2990 1873 3020 Stat.
1888 3000 1914 3020 2.
1931 2991 2020 3020 Theb.
2039 2995 2102 3027 716.

1390 3026 1510 3064 Magnus
1521 3027 1695 3064 bellipotens.
1717 3027 1787 3064 virg.
1806 3038 1845 3056 11.
1859 3028 1919 3058 JEn.
1935 3034 1959 3062 8.
1982 3029 1999 3057 i.
2017 3038 2040 3057 e.
2064 3027 2139 3058 Mars
2151 3049 2159 3063 ‚
2180 3027 2274 3064 estque
2289 3026 2343 3056 hoc
2362 3025 2426 3055 loco
2447 3023 2509 3054 sub-

1411 3064 1664 3103 stantiveposrtum.
1694 3066 1769 3094 Adde
1783 3065 1870 3094 Flacc.
1887 3076 1909 3095 1.
1925 3068 2021 3103 Argon.
2039 3076 2099 3100 529.
2198 3074 2209 3085 '-

1350 3100 1372 3131 Β
1381 3112 1396 3130 Ε
1405 3114 1420 3130 L
1432 3114 1447 3130 L
1456 3105 1487 3131 Ϊὸ
1497 3105 1514 3131 ὅ
1525 3112 1544 3131 N
1555 3113 1571 3132 U
1580 3112 1591 3132 S
1605 3125 1612 3136 ³
1635 3113 1650 3131 3
1661 3125 1668 3137 ,
1685 3112 1741 3132 Uffl-
1764 3101 2004 3138 [πῡλῑμόκλῡνῶ]
2026 3103 2098 3133 Paul.
2113 3102 2213 3132 Nolan.
2232 3107 2257 3135 8.
2272 3101 2333 3130 Nat.
2347 3100 2402 3131 Fel.
2415 3108 2506 3134 v.423.

1351 3137 1372 3169 B
1382 3150 1395 3168 iz
1404 3151 1419 3168 1.
1430 3151 1445 3168 L
1456 3151 1472 3168 o
1481 3150 1492 3169 s
1504 3151 1520 3169 υ
1531 3150 1542 3169 s
1554 3162 1562 3175 ,
1582 3139 1740 3176 [mammis]
1763 3139 1902 3170 Vetustum
1913 3142 1950 3169 est
1962 3151 2065 3170 nomen
2074 3164 2081 3174 ,
2104 3142 2181 3170 idem
2198 3139 2349 3175 significans
2366 3139 2439 3176 quod
2448 3135 2507 3168 Bel-

1388 3177 1496 3207 licosus.
1538 3177 1631 3207 Caecil.
1644 3178 1719 3215 apud
1731 3178 1804 3207 Non.
1816 3188 1841 3207 2.
1853 3183 1896 3214 96.
1919 3179 2043 3208 Tantum
2053 3179 2158 3208 bellum
2168 3178 2292 3208 suscitare
2303 3177 2398 3206 conari
2410 3176 2508 3206 adver-'

1388 3215 1472 3245 farios
1483 3222 1580 3245 contra
1595 3216 1728 3245 bellosum
1739 3225 1832 3252 genus.

1350 3252 1370 3282 B
1379 3263 1392 3281 s
1402 3264 1443 3297 ιιι,
1454 3263 1471 3282 o
1483 3275 1490 3287 ,
1513 3256 1566 3283 are.
1590 3253 1668 3282 Idem
1680 3254 1755 3291 quod
1766 3253 1940 3290 Belligerare.
1981 3254 2040 3284 Cic.
2052 3264 2103 3292 pro
2111 3252 2184 3291 Lege
2193 3252 2290 3283 Manil.
2304 3261 2344 3289 32.
2370 3251 2433 3281 Fuit
2443 3259 2504 3290 pro-

1385 3301 1566 3358 figlsszprlepcoupg]
1573 3291 1654 3358 {318st
1671 3291 1787 3358 Ιὲἳέεάῗῗ
1795 3291 2049 3366 {ggieffeglarg-uid
2063 3329 2138 3358 enim
2150 3328 2189 3358 est
2200 3327 2274 3357 aliud
2287 3328 2429 3365 gigantum
2445 3332 2502 3355 mo-

1405 3377 1433 3395 re
1445 3366 1548 3395 bellare
1561 3377 1625 3395 cum
1637 3366 1690 3396 diis
1699 3389 1706 3402 ,
1727 3366 1775 3394 nisi
1790 3374 1894 3395 naturce
1906 3368 2081 3404 repugnare?

1383 3403 1488 3433 Bellare
1503 3404 1601 3438 alicui,
1628 3405 1644 3433 i.
1663 3414 1686 3433 e.
1713 3403 1814 3433 Contra
1823 3404 1955 3441 aliquem.
1978 3406 2044 3434 Stat.
2058 3410 2083 3439 8.
2098 3403 2187 3434 Theb.
2205 3407 2266 3440 506.
2498 3436 2501 3443 Ι

1384 3441 1490 3471 Bellare
1503 3443 1537 3472 de
1551 3452 1580 3470 re
1592 3441 1690 3478 aliqua.
1715 3441 1805 3470 Tacit.
1823 3452 1863 3476 14.
1878 3444 1946 3472 Ann.
1961 3451 2003 3480 35.
2489 3442 2505 3466 ἶ

1383 3479 1471 3509 Caestu
1488 3479 1599 3508 bellare.
1622 3481 1688 3508 Stat.
1702 3483 1726 3508 6.
1743 3478 1834 3508 Theb.
1849 3483 1912 3513 826.
2053 3478 2058 3483 “
2494 3472 2506 3503 ¹:

1382 3516 1452 3546 Ense
1461 3516 1570 3546 bellare.
1590 3516 1637 3546 Sil.
1656 3517 1704 3546 lib.
1720 3526 1743 3553 3.
1761 3526 1825 3552 235.

1382 3553 1470 3584 Manu
1481 3554 1591 3584 bellare.
1613 3554 1661 3584 Sil.
1676 3554 1722 3583 lib.
1734 3560 1759 3588 8.
1772 3559 1836 3589 498.

1381 3593 1459 3621 acies
1475 3592 1586 3621 bellant.
1628 3593 1659 3621 ln
1681 3603 1699 3621 A
1710 3602 1742 3621 cr
1753 3601 1796 3620 ns.
2539 3612 2540 3620 .

1380 3630 1443 3658 Astu
1459 3629 1620 3659 bellandum
1631 3630 1676 3658 est.
1698 3629 1745 3659 Sil.
1759 3629 1807 3658 lib.
1823 3638 1847 3662 ς.
1864 3637 1924 3657 100.
2539 3647 2540 3655 .
2583 3638 2604 3674 ’Μ

2108 2726 2229 2756 Avienus
2245 2725 2349 2763 perieg.
2365 2733 2390 2754 v.
2403 2734 2446 2761 55.

2138 2764 2217 2794 Idem
2229 2773 2254 2793 v.
2269 2769 2331 2800 583.

1379 3665 1520 3697 Bellantur
1532 3677 1582 3704 pro
1591 3667 1717 3702 Bellant,
1745 3667 1815 3695 dixit
1827 3666 1897 3703 Virg.
1912 3665 2027 3709 ruffin.
2040 3668 2104 3695 660.
2122 3663 2247 3708 Seryius.
2269 3672 2332 3693 narn
2345 3662 2493 3707 solentver—
2519 3677 2522 3682 ·
2537 3675 2539 3701 4
2576 3675 2602 3709 im

1400 3705 1433 3733 ba
1444 3715 1493 3742 pro
1504 3705 1593 3734 verbis
1604 3706 1681 3742 poni.
1721 3704 1800 3733 Unde
1814 3713 1890 3732 nunc
1909 3704 2041 3741 palhvam
2055 3703 2274 3732 declinationem
2287 3701 2335 3730 sub
2350 3703 2437 3730 activa
2444 3708 2503 3742 pti-¹
2537 3721 2538 3737 ,
2581 3721 2598 3753 3)

1398 3742 1452 3771 suit
1463 3742 1668 3779 iignifieatione.
1711 3741 1740 3770 V.
1764 3742 1835 3771 Non.
1847 3751 1871 3778 7.
1889 3750 1931 3777 32.
2536 3765 2537 3770 ,

1341 3778 1556 3814 Βιῑω.Ατυε,
1589 3780 1684 3808 l‘artic.
1716 3779 1772 3808 Liv.
1789 3789 1810 3807 i.
1825 3782 1868 3813 38.
1893 3785 1960 3808 extr.
1984 3779 2053 3812 ,Hoc
2072 3776 2178 3806 bellum
2199 3787 2213 3806 a
2241 3786 2334 3818 coss.
2363 3774 2492 3804 bellatum
2536 3801 2537 3819 ἢ

1379 3817 1492 3853 quidam
1500 3821 1624 3846 auctores
1632 3817 1701 3847 sunt.
1717 3817 1900 3853 Neposqaa.
1914 3816 2064 3853 agesilaum
2074 3815 2206 3843 bellatum
2216 3814 2346 3842 inilillent
2356 3815 2383 3841 in
2399 3812 2491 3845 Asiam..
2535 3836 2536 3854 3
2574 3824 2575 3827 ¹
2603 3821 2604 3825 ¹

1340 3853 1362 3883 B
1373 3864 1386 3883 ιε
1396 3865 1412 3882 L
1421 3865 1437 3882 L
1445 3864 1462 3882 A
1472 3864 1491 3883 N
1500 3865 1522 3889 S,
1541 3856 1622 3884 antis.
1646 3855 1718 3884 Hirr.
1729 3854 1795 3883 Bell.
1809 3853 1886 3882 Afric.
1900 3863 1962 3890 cap.
1973 3859 2018 3882 61.
2038 3853 2179 3890 Proprium
2188 3853 2320 3889 gaudium
2330 3848 2490 3880 bellantibus
2507 3878 2512 3885 ,

1378 3892 1498 3921 Fortuna
1508 3891 1627 3921 tribuere
1642 3902 1698 3921 non
1712 3891 1842 3920 decrevit.
1857 3891 1922 3921 Hor.
1937 3892 2026 3921 Carni.
2038 3891 2097 3920 sazc.
2111 3900 2135 3919 v.
2149 3899 2192 3926 51.
2534 3904 2535 3913 κ

1457 3946 1494 3950 —
1504 3929 1629 3959 Bellante
1642 3930 1717 3967 prior
1728 3951 1735 3962 .
1754 3929 1893 3963 jacentem

1535 3967 1619 3997 Lenis
1632 3968 1661 3996 in
1674 3966 1789 3996 hostem.
