2604 4222
218 127 233 151 1
242 128 288 162 50
648 115 676 149 A
772 115 799 148 L
896 113 914 147 1

259 197 350 227 Orbis.
373 198 440 227 Plin.
452 197 498 226 lib.
517 206 558 225 12.
577 205 637 233 cap.
651 205 674 224 1.
714 195 769 224 Sed
779 195 838 231 quis
848 204 905 222 non
916 194 973 226 iure
984 192 1107 225 miretur.
1126 192 1251 220 arborem
1262 190 1366 220 umbrae

279 236 362 272 gratia
375 242 482 264 tanturn
492 257 499 269 ,
526 244 559 263 ex
570 234 660 262 alieno
670 233 785 270 petitam
795 232 860 260 orbe
872 233 885 259 i>
906 232 923 259 i.
935 241 959 259 e.
980 231 1047 260 Non
1058 230 1148 258 nostro
1161 252 1169 265 ‚
1190 229 1235 258 sed
1248 230 1368 267 peregri-

279 283 316 301 no
329 275 354 302 St
366 273 525 308 longinquo.

261 310 323 339 Res.
346 310 403 339 Cic.
414 312 442 338 in
454 308 545 337 Laelio.
564 309 590 337 Gr
605 317 627 335 1.
650 306 707 335 Off.
719 315 761 339 30.

260 348 398 383 Afinum.
417 345 548 380 absolute,
569 354 620 382 pro
636 344 676 373 Re
691 344 788 372 aliena.
810 340 915 371 Sallust.
931 342 959 370 in
971 341 1050 371 Catil.
1066 351 1090 377 5.
1114 341 1203 371 Alieni
1215 347 1348 379 appetens
1359 361 1367 377 ‚

278 385 317 413 sui
349 384 461 413 rofusus.

261 395 439 457 Alieiihjacis.
480 420 597 456 Quoties
611 427 653 446 res
673 426 769 454 parum
785 426 819 445 cx
833 416 921 445 animi
937 416 1072 445 sententia
1086 416 1168 445 cadit.
1192 416 1369 446 Translatum

281 460 315 488 ab
329 460 362 488 iis
374 460 419 495 qui
431 457 607 491 luduntalea,
617 454 889 491 qtiibusjacientibus
900 455 1039 483 interdum
1054 464 1086 483 ea
1097 454 1200 483 cadunt
1215 464 1274 491 quae
1289 454 1369 482 mini-

280 507 325 526 me
342 496 449 525 suntad
460 495 601 523 victoriam
615 492 833 520 accommodata.
884 491 1002 521 Proinde
1019 492 1151 528 siquando
1165 492 1305 521 frustratur
1319 501 1368 520 nos

280 534 339 571 spes
349 556 357 568 ,
377 534 449 562 recte
462 533 586 560 dicemur
598 551 606 565 ,
628 529 723 558 Aliena
732 529 829 563 jacere.
863 530 996 566 Adagium
1010 530 1124 559 refertur
1135 540 1151 558 a
1164 529 1347 567 Diogeniano.

261 571 361 608 Largiri
374 580 407 599 ex
416 569 515 598 alieno.
537 568 593 596 Cic.
607 576 630 601 3.
657 566 730 595 Fam.
743 570 768 597 8.
792 567 922 604 Quum&
933 575 1030 597 natura
1038 568 1145 605 semper
1153 568 1188 596 ad
1196 567 1370 605 largiendum

279 618 313 636 ex
325 608 415 637 alieno
426 607 524 635 luerim
540 605 693 634 restrictior.

258 646 380 678 Alienus.
391 654 440 682 pro
449 644 623 680 Alienigena,
640 642 692 670 five
707 641 795 678 coqui
808 651 864 670 non
883 642 920 671 est
931 642 1042 671 nostras.
1069 641 1139 671 Plin.
1157 642 1205 671 lib.
1223 651 1247 679 7.
1267 651 1326 678 cap.
1344 651 1366 670 1.

278 683 334 712 Tot
346 683 470 719 gentium
480 680 616 709 sermones
627 701 635 714 ‚
648 678 799 716 totlinguae
808 701 816 714 ,
837 686 912 709 tanta
921 679 1054 717 loquendi
1061 681 1185 714 varietas,
1199 686 1229 709 ut
1239 686 1368 708 externus

277 720 369 749 alieno
382 729 454 757 pene
465 719 496 747 lit
507 717 627 746 hominis
640 718 709 746 vice.

258 758 369 787 Alienus
380 759 404 786 ὃς
416 756 588 792 Coniunctus
597 761 679 792 utque
695 755 800 784 amicus
811 756 954 785 contraria.
988 754 1044 784 Cic.
1058 765 1082 790 3.
1104 755 1178 784 Fam.
1192 758 1217 783 6.
1240 754 1277 782 Ut
1290 760 1368 782 tuum

276 796 379 824 facium
399 794 483 823 alieni
503 793 640 828 hominis,
668 802 763 822 meum
786 803 851 822 vero
869 793 1085 828 conjunftissimi
1100 794 1125 821 δε
1140 791 1294 821 amicissimi
1314 791 1368 820 effe

274 833 408 861 videatur.

256 870 379 903 Alienus.
388 879 439 907 pro
451 868 586 898 Alienato.
607 868 671 897 Ter.
683 868 752 897 Hec.
766 878 788 897 1.
799 876 824 897 2.
837 875 881 903 83.
915 867 1059 904 Postquam
1068 867 1144 895 hunc
1153 865 1275 895 alienum
1287 866 1320 895 ab
1330 865 1367 894 se-

275 907 302 936 se
315 908 400 936 videt.
431 907 501 935 Atin
512 906 697 941 Phormione,
717 915 741 941 3.
756 916 780 942 3.
797 916 838 935 12.
861 906 961 942 Quid?
980 915 1031 941 ego
1047 904 1135 939 vobis,
1154 904 1237 940 Geta,
1262 903 1368 933 alienus

274 945 355 974 sum‘?
378 946 395 973 i.
412 954 436 973 e.
460 944 515 973 Vos
528 954 572 973 me
588 943 709 973 alienum
720 945 833 981 putatis,
842 943 990 979 negligitis,
1000 951 1031 971 ut
1040 942 1172 970 alienum.

254 983 378 1018 Alienus,
393 982 553 1019 Corruptus.
572 982 732 1011 Scribonius
746 981 846 1018 Largus
854 980 952 1017 Comp.
965 989 1028 1008 201.
1041 980 1069 1009 Si
1079 989 1109 1008 os
1117 979 1250 1013 scabrum,
1259 986 1306 1007 aut
1318 989 1368 1016 pu-

273 1028 315 1049 tre
327 1020 460 1050 vetustate
468 1020 526 1049 vitii
536 1020 638 1049 fastum
648 1019 686 1048 est
699 1041 707 1054 ,
726 1019 897 1056 expurgat&
909 1017 1004 1047 educit
1023 1024 1158 1055 quantum
1176 1017 1234 1053 ejus
1244 1017 1368 1046 alienum

275 1059 322 1087 est.
359 1058 390 1087 V.
413 1067 559 1086 Amano.

253 1096 393 1130 Alienum,
401 1105 465 1124 cum
479 1095 651 1131 Negatione,
673 1105 698 1132 q.
710 1095 736 1123 d.
752 1093 1021 1123 Prasterinstitutum.
1045 1091 1109 1121 Caes.
1123 1096 1148 1121 6.
1167 1091 1233 1122 Bell.
1247 1091 1365 1121 Galim.

274 1134 339 1163 Non
350 1134 473 1162 alienum
484 1133 537 1162 effe
543 1133 651 1161 videtur
659 1155 666 1167 ,
683 1133 717 1161 dc
729 1131 822 1161 Galliae
833 1131 1042 1167 Germaniaque
1052 1130 1185 1165 moribus,
1210 1131 1236 1159 &
1245 1139 1300 1167 quo
1311 1129 1366 1158 istae

272 1172 399 1200 nationes
408 1170 537 1199 differant
545 1171 616 1199 inter
625 1170 651 1199 se
664 1192 672 1204 ,
692 1178 858 1207 proponere.
898 1167 930 1197 V.
947 1168 1018 1205 Nep.
1035 1178 1057 1197 1.
1071 1171 1096 1196 6.
1114 1178 1136 1196 1.

251 1209 350 1239 Aliena
366 1209 441 1245 loqui
456 1209 588 1238 dicuntur
601 1230 608 1243 ‚
637 1208 681 1244 qui
693 1208 871 1236 vehementer
882 1212 1045 1241 aegrotantes
1056 1212 1103 1234 aut
1112 1212 1205 1235 mente
1213 1204 1287 1243 capti
1298 1204 1368 1234 deli-

271 1254 342 1281 rant⁷
357 1247 510 1275 nescientes
522 1245 589 1282 quid
600 1246 702 1274 dicant.
726 1244 807 1274 Ovid.
822 1253 846 1279 3.
867 1243 947 1272 Trist.
962 1252 986 1278 3.
1007 1253 1047 1278 ¹9·
1070 1243 1105 1272 ad
1114 1253 1238 1277 uxorem,

333 1285 411 1321 Quin
428 1285 512 1312 etiam
525 1283 560 1312 lic
572 1293 616 1311 me
637 1282 735 1311 dicunt
751 1281 841 1310 aliena
852 1280 1009 1317 loquutum,

371 1322 406 1351 Ut
416 1322 487 1350 foret
500 1321 617 1350 amentis
631 1330 733 1348 nomen
750 1320 779 1348 in
790 1328 837 1347 ore
847 1325 935 1348 tuum.
1031 1318 1138 1347 Eodem
1156 1317 1232 1347 sensu

252 1359 381 1393 Alienus,
403 1359 461 1395 Qui
471 1358 706 1394 alienaloquitur,
722 1357 766 1386 vel
780 1362 874 1385 mente
885 1362 990 1394 captus.
1024 1356 1133 1385 Firmic.
1152 1355 1199 1384 lib.
1214 1365 1237 1391 3.
1258 1364 1317 1392 cap.
1337 1357 1364 1386 6.

269 1398 298 1427 Si
314 1405 378 1426 curn
388 1397 451 1426 Sole
468 1396 543 1425 Mars
561 1397 587 1426 δι
602 1397 733 1424 Saturnus
743 1395 845 1424 fuerint
856 1395 978 1429 inventi,
999 1394 1104 1423 facient
1118 1393 1241 1428 alienos,
1252 1393 1365 1430 deliros,

270 1435 421 1470 cardiacus,
435 1441 482 1463 aut
492 1433 677 1471 phreneticos.

250 1473 389 1508 Alienum,
399 1472 474 1510 quod
484 1472 549 1500 alias
564 1471 662 1500 dicunt
675 1470 859 1504 Contrarium,
870 1469 963 1499 Celsus
970 1469 1067 1507 saepius
1075 1469 1226 1498 Inimicum
1238 1469 1256 1498 i.
1276 1478 1299 1498 e.
1321 1469 1366 1498 ln-

268 1510 542 1540 salubre&noxium.
575 1508 643 1537 Cels.
664 1508 711 1537 lib.
729 1520 755 1544 4.
771 1518 832 1545 cap.
843 1507 895 1537 ult.
920 1507 1065 1544 Equitare,
1084 1507 1240 1545 podagricis
1255 1516 1365 1544 quoque

269 1549 391 1577 alienum
403 1548 449 1577 est.
471 1547 544 1576 conf.
557 1546 662 1575 Sallust.
677 1545 744 1575 Bell.
763 1545 843 1575 Catil.
860 1555 920 1583 cap.
939 1549 980 1581 56.

249 1585 365 1616 Alienus
381 1586 458 1615 cibus
472 1584 620 1614 stomacho.
656 1583 724 1613 Cels.
737 1583 783 1612 lib.
799 1595 826 1620 4.
840 1593 900 1620 cap.
917 1595 939 1619 5.
981 1583 1116 1612 Sumendi
1130 1582 1186 1611 cibi
1202 1580 1297 1611 faciles
1309 1604 1316 1617 ‚
1337 1584 1364 1612 δε

268 1623 409 1653 stomacho
426 1633 482 1652 non
498 1622 590 1651 alieni.
640 1622 742 1658 [Idem
761 1621 870 1659 plenius
886 1620 904 1650 l.
917 1631 942 1651 2.
958 1631 981 1650 c.
993 1631 1038 1657 25.
1059 1621 1094 1650 de
1108 1626 1168 1650 toto
1180 1628 1298 1657 genere,
1319 1621 1365 1649 cui

268 1668 450 1699 opponuntur
464 1659 604 1690 stomacho
614 1660 683 1697 Apta
695 1661 720 1689 ἃ
730 1659 842 1689 Idonea.

247 1698 387 1733 Alienum.
400 1709 463 1728 cum
478 1698 607 1735 genitivo.
630 1698 688 1727 Cic.
705 1708 727 1726 1.
749 1697 784 1726 de
794 1697 854 1726 Fin.
870 1706 911 1725 11.

268 1736 420 1774 dignitatis,
431 1746 511 1774 quam
523 1735 591 1764 mihi
603 1736 718 1773 quisque
727 1735 831 1771 tribuit,
844 1736 896 1764 &Q
938 1734 1046 1764 Lucret.
1060 1734 1107 1763 lib.
1124 1737 1149 1763 6.
1164 1738 1209 1767 68.

407 1791 444 1795 —
463 1774 606 1810 alienaque
643 1774 699 1803 acis
714 1783 820 1802 eorum.
903 1772 981 1802 Idem
1000 1776 1024 1802 6.
1044 1776 1122 1808 1063.
1145 1772 1171 1801 dc
1190 1776 1287 1807 3.832.

246 1812 344 1843 Aliena
352 1811 620 1842 consiliidomusSal
635 1811 682 1840 ust.
692 1812 719 1840 in
732 1811 811 1841 Catil.
823 1810 948 1847 c.40.llle
958 1820 1005 1840 eos
1014 1812 1043 1839 in
1055 1811 1171 1839 domum
1180 1809 1295 1838 D.Bruti
1305 1818 1367 1846 per-

267 1851 346 1894 ducit
360 1873 367 1885 ,
389 1850 463 1888 quod
474 1849 533 1878 foro
545 1851 702 1887 propinqua
711 1856 776 1885 erat,
786 1859 877 1886 neque
890 1849 981 1878 aliena
993 1848 1099 1878 consilii
1110 1856 1223 1886 propter
1236 1847 1367 1885 Sempro-

266 1898 350 1917 mam.

246 1925 368 1961 Alienus,
379 1934 443 1954 cum
452 1925 555 1954 dativo.
582 1925 702 1961 Quintil.
713 1925 742 1953 in
751 1934 869 1962 prooem.
880 1923 928 1952 lib.
942 1933 964 1952 1.
979 1933 1038 1961 cap.
1055 1934 1078 1959 5.
1103 1923 1161 1960 Ego
1173 1928 1265 1952 autem
1277 1931 1364 1966 quum

265 1964 417 1992 existimem
428 1963 499 1992 nihil
509 1963 557 1991 arti
567 1964 691 1992 oratoria:
698 1962 829 1992 alienum.
843 1962 900 1992 Cic.
912 1971 962 1999 pro
971 1961 1074 1990 Caecin.
1091 1971 1137 1997 24.
1158 1961 1243 1997 Quod
1251 1960 1291 1989 ilh
1302 1970 1365 1989 cau-

263 2001 297 2030 sae
307 2002 428 2030 maxime
439 2001 476 2029 est
485 2000 615 2030 alienum.
656 2001 687 2029 V.
716 2000 806 2030 Tacit.
816 2009 841 2030 2.
861 2000 928 2030 Hist.
941 2009 985 2036 74.
1002 2009 1028 2029 2.
1046 2001 1072 2029 Sc
1084 1998 1234 2036 Sempraef.
1246 2010 1273 2034 4.
1296 1998 1360 2027 Nat.

266 2040 368 2075 Quaest.

245 2076 358 2106 Alienus
370 2100 377 2112 ,
398 2086 463 2105 curn
480 2075 608 2106 ablativo.
647 2075 775 2105 Alienum
794 2075 914 2105 amicitia
931 2074 1028 2104 nostra.
1067 2074 1124 2103 Cic.
1153 2084 1196 2103 11.
1227 2074 1302 2103 Fam.
1315 2083 1360 2111 27.

264 2115 332 2144 Sum
347 2115 497 2143 admiratus
514 2120 541 2143 te
551 2136 559 2148 ,
580 2114 727 2151 quicquam
745 2124 760 2143 a
769 2124 814 2143 me
824 2113 1000 2143 commissum
1011 2113 1087 2149 quod
1100 2112 1167 2142 esset
1177 2110 1301 2141 alienum
1313 2122 1363 2141 no-

264 2152 443 2181 straamicitia
455 2174 462 2186 ,
484 2151 638 2181 credidill'e.

243 2189 371 2220 Alienum
383 2191 529 2227 dignitate.
551 2189 609 2218 Cic.
620 2190 654 2218 de
667 2189 790 2218 Provinc.
803 2188 884 2218 Cons.
905 2199 928 2219 1.
951 2188 1007 2218 Sed
1016 2187 1139 2218 alienum
1154 2187 1203 2217 fibi
1221 2186 1308 2217 videri
1320 2187 1361 2217 di-

261 2229 364 2264 gnitate
377 2228 496 2265 imperii.
535 2227 566 2256 V.
586 2237 650 2256 mox
662 2227 838 2263 uDignitate.

241 2264 372 2295 Alienum
387 2266 501 2302 ingenio
509 2265 566 2294 suo.
598 2265 684 2294 Plaut.
699 2266 778 2301 Capt.
792 2274 815 2293 1.
830 2274 852 2293 1.
868 2273 911 2301 31.

241 2303 370 2333 Alienum
380 2303 512 2332 institutis
525 2303 602 2331 meis.
625 2303 683 2331 Cic.
702 2313 725 2338 5.
737 2302 811 2331 Fam.
827 2311 869 2339 17.
902 2302 967 2332 Non
976 2302 1072 2340 putavi
1082 2301 1136 2331 ess‘e
1149 2299 1272 2330 alienum
1287 2301 1361 2330 insti-

261 2342 328 2370 tutis
343 2342 429 2376 meis,
451 2341 510 2369 hacc
526 2342 562 2370 ad
572 2348 599 2369 tc
615 2340 741 2369 scribere.

241 2379 369 2408 Alienum
384 2379 531 2414 majestate.
554 2378 611 2408 Cic.
629 2389 651 2407 1.
665 2379 700 2407 de
710 2377 802 2407 Divin.
816 2383 860 2413 83.
881 2376 981 2415 Neque
995 2377 1050 2407 hoc
1070 2377 1109 2406 dii
1119 2376 1242 2406 alienum
1252 2376 1361 2406 ducunt

261 2417 399 2452 majestate
415 2417 468 2446 sua.

240 2453 368 2484 Alienum
377 2455 446 2483 meis
455 2454 615 2483 rationibus.
643 2453 749 2483 Sallust.
760 2454 790 2482 in
802 2452 881 2482 Catil.
904 2455 977 2488 c.56.
1003 2452 1194 2482 Alienumsuis
1205 2452 1360 2482 rationibus

260 2492 427 2527 existimans,
447 2493 534 2521 videri
546 2491 653 2521 causam
661 2492 766 2520 civium
776 2501 841 2520 cum
847 2490 929 2519 servis
941 2490 1064 2527 fugitivis
1073 2490 1299 2519 communicaffe.

240 2529 353 2559 Alienus
363 2529 493 2566 sanguine
503 2530 621 2567 regibus.
643 2529 701 2559 Liv.
713 2529 730 2558 l.
740 2539 785 2564 29.
795 2538 839 2565 29.
861 2528 960 2558 Extitit
971 2529 1083 2565 quidam
1093 2527 1254 2558 Mezetulus
1268 2529 1361 2557 nomi-

259 2577 295 2595 ne
311 2589 318 2602 ,
339 2577 397 2596 non
407 2568 513 2597 alienus
522 2567 652 2604 sanguine
662 2566 779 2604 regibus.
801 2567 818 2595 i.
839 2576 863 2596 e.
887 2567 1060 2599 Coniunctus
1070 2566 1201 2603 sanguine
1216 2566 1336 2603 regibus.

239 2604 353 2671 Agiefius
381 2605 460 2634 locus
470 2627 478 2641 ,
511 2615 562 2643 pro
586 2606 684 2642 iniquo
697 2627 704 2640 ‚
739 2604 858 2634 Adverso
875 2627 882 2640 ,
912 2604 1118 2646 Incomniodm
1146 2603 1210 2633 Caes.
1238 2614 1261 2633 1.
1288 2603 1356 2633 Bell.

272 2653 297 2671 ra
321 2666 327 2671 .
348 2646 388 2672 16.

239 2680 337 2709 Alieno
353 2680 446 2709 animo
464 2679 517 2709 esse
536 2680 569 2709 ab
585 2679 686 2717 aliquo.
719 2679 777 2708 Cic.
798 2689 849 2716 pro
862 2679 955 2708 Deiot.
966 2689 1011 2715 24.

238 2718 368 2747 Alienum
379 2718 502 2746 animum
511 2717 544 2747 ab
560 2717 652 2755 aliquo
665 2717 774 2746 habere.
808 2716 864 2746 Cic.
880 2718 907 2745 in
919 2717 1001 2746 Laelio
1011 2722 1036 2749 8.
1074 2716 1114 2745 Ab
1131 2716 1227 2752 altero,
1243 2722 1358 2754 propter

256 2755 424 2793 probitatem
444 2756 502 2791 ejus
515 2778 523 2790 ,
548 2765 606 2784 non
616 2756 698 2784 nimis
713 2755 818 2783 alienos
828 2755 936 2783 animos
947 2754 1090 2783 habemus.
1140 2754 1185 2783 Sic
1204 2764 1255 2792 pro
1275 2754 1355 2784 Rosc.

257 2795 344 2822 Amer.
363 2796 421 2829 136.

237 2831 366 2860 Alienum
384 2838 511 2868 tempus,
532 2830 653 2859 Minime
673 2836 769 2867 aptum
782 2852 789 2864 ,
810 2829 855 2858 vel
872 2835 1065 2868 opportunum
1083 2829 1232 2859 tradtandae
1246 2834 1294 2858 aut
1313 2839 1357 2866 ge-

254 2869 347 2898 rendae
359 2869 399 2897 rei
418 2869 453 2897 de
463 2878 517 2905 qua
530 2868 627 2905 agitur.
656 2867 713 2896 Cic.
730 2877 771 2903 15.
790 2867 863 2896 Fam.
884 2878 927 2902 14.
968 2868 1016 2897 Sin
1026 2868 1146 2903 maiora,
1167 2867 1309 2897 considera
1320 2877 1356 2896 ne

256 2907 284 2935 in
304 2905 500 2935 alieniffirnum
520 2912 630 2942 tempus
653 2905 734 2934 eadat
755 2906 889 2934 adventus
914 2912 986 2934 tuus.

844 2942 862 2971 i.
888 2953 912 2972 e.
934 2942 1010 2972 Male
1033 2942 1258 2972 convenientem.
1290 2943 1354 2973 Sen.

934 1696 1005 1733 Quis
1017 1695 1139 1725 alienum
1149 1700 1230 1733 putet
1240 1696 1299 1732 ejus
1310 1694 1366 1724 esse

235 2944 363 2973 Alienum
378 2944 496 2972 fortunae
509 2942 562 2972 suae
576 2941 683 2971 vultum
703 2952 803 2979 gerere.

255 2982 289 3010 de
311 2982 372 3011 Vita
387 2981 475 3010 beata.

234 3019 362 3049 Alienum
371 3029 385 3048 a
396 3020 539 3056 dignitate.
563 3017 620 3047 Cic.
634 3028 659 3053 9.
678 3016 751 3046 Fam.
769 3027 810 3052 14.
835 3017 879 3046 Est
887 3024 981 3046 tamen
990 3027 1045 3046 non
1055 3017 1178 3047 alienum
1187 3018 1355 3055 adignitate‚

255 3057 330 3094 qnod
341 3057 388 3095 ipsi
403 3056 601 3094 Agamemnoni
611 3055 666 3092 regi
680 3063 776 3091 regum
787 3054 841 3083 fuit
848 3055 1003 3090 honestum,
1016 3055 1115 3084 habere
1124 3056 1244 3093 aliquem
1254 3057 1283 3085 in
1291 3067 1358 3086 con..

254 3094 319 3124 siliis
335 3094 489 3132 capiundis.
530 3093 609 3123 Idem
624 3104 650 3128 4.
673 3092 747 3121 Fam.
762 3101 787 3127 7.

234 3134 256 3162 A
277 3132 369 3161 literis.
411 3131 469 3161 Cic.
491 3142 517 3168 4.
556 3130 629 3160 Verr.
648 3133 693 3165 64.
716 3128 831 3158 Letilius
857 3129 989 3166 quidam,
1021 3130 1106 3159 homo
1130 3140 1188 3159 non
1212 3131 1320 3161 alienus
1340 3142 1356 3161 a

254 3171 349 3199 literis.
1247 3197 1249 3199 ,

234 3209 255 3238 A
269 3208 401 3244 sapiente.
424 3206 482 3236 Cic.
495 3217 521 3242 4.
544 3205 629 3235 Acad.
646 3214 706 3240 132.
726 3204 756 3234 Si
769 3202 954 3233 Polemoneus
965 3211 1063 3241 peccat
1076 3205 1203 3241 Stoicus,
1225 3207 1264 3235 rei
1282 3207 1353 3236 falsae

253 3245 415 3278 ass'entiens,
435 3254 503 3273 num
520 3243 634 3281 quidem
647 3242 718 3271 nihil
732 3241 785 3270 effe
797 3241 892 3270 dicitis
908 3241 1055 3279 asapiente
1066 3249 1122 3271 tam
1132 3243 1276 3272 alienum?

234 3284 253 3312 A
265 3284 320 3311 vita
331 3283 455 3318 alicujus.
477 3281 541 3311 Ter.
561 3281 637 3310 Adel.
657 3292 680 3316 5.
698 3286 723 3314 8.
741 3289 786 3309 21.
816 3279 970 3308 Absurdum
979 3286 1061 3316 atque
1069 3281 1192 3310 alienum
1206 3281 1284 3311 avita
1294 3292 1356 3311 mea

252 3321 386 3350 videatur.

235 3358 346 3387 Alienus
357 3358 389 3386 ab
402 3363 480 3387 aetate
491 3357 581 3386 nostra
592 3355 678 3385 labor.
701 3355 758 3384 Cic.
776 3357 818 3383 16.
843 3355 895 3383 Att.
911 3363 934 3389 3.
957 3354 1056 3383 Movet
1071 3355 1154 3383 etiam
1172 3356 1356 3391 navigationis

253 3395 331 3424 labor
345 3405 353 3430 ς
377 3395 483 3424 alienus
493 3405 550 3423 non
561 3394 594 3423 ab
605 3400 683 3423 aetatc
694 3393 782 3422 solum
797 3392 887 3432 nostra
897 3414 905 3426 ,
925 3392 1113 3422 verumetiam
1123 3402 1137 3420 a
1153 3392 1298 3429 dignitate.

235 3433 275 3462 Ab
294 3443 386 3461 amore
413 3433 513 3461 nostro.
537 3432 594 3460 Cic.
613 3432 648 3460 de
665 3432 743 3460 Perit.
766 3429 846 3459 Cons.
863 3440 885 3459 1.

234 3471 346 3500 Alienus
360 3471 389 3498 in
408 3480 436 3498 re
453 3470 551 3506 aliqua.
582 3470 640 3498 Cic.
656 3479 677 3498 1.
700 3469 734 3497 (lc
745 3468 804 3497 Fin.
823 3477 864 3504 17.
896 3466 1032 3504 Epicurus
1046 3467 1073 3495 in
1093 3466 1229 3504 physicis,
1253 3468 1355 3505 quibus

253 3508 374 3536 maxime
390 3507 520 3543 gloriatur
536 3529 544 3541 ,
566 3513 640 3535 totus
651 3507 688 3535 est
704 3506 819 3535 alienus.
840 3505 858 3534 i.
877 3514 901 3534 e.
923 3504 1006 3540 longe
1018 3503 1130 3533 aberrat.

212 3556 215 3564 =
234 3545 371 3579 Alienior,
393 3555 443 3582 pro
453 3545 574 3574 Alienus.
604 3544 668 3573 Ter.
688 3543 764 3573 Adel.
782 3553 804 3572 1.
816 3552 842 3572 2.
859 3551 902 3579 30.
927 3541 1066 3571 Alieniore
1081 3548 1160 3570 aetate
1176 3543 1236 3579 post
1252 3544 1354 3573 faceret

255 3590 355 3611 tamen.

234 3619 465 3654 Alieniorha‘res,
487 3619 543 3656 Qui
556 3617 842 3648 nullancceffitudine
859 3617 1027 3652 conjunt‘tus
1039 3616 1077 3645 est
1093 3616 1118 3645 ei
1131 3638 1140 3651 ,
1161 3617 1205 3645 cui
1220 3617 1351 3649 succedit.

255 3658 311 3686 Cic.
325 3667 374 3694 pro
389 3657 498 3686 Cluent.
514 3660 574 3685 162.
590 3656 615 3685 Ρ.
628 3655 693 3685 lElii
704 3656 867 3684 testamento
879 3655 1053 3691 propinquus
1067 3654 1256 3684 exhaeredatus
1267 3665 1353 3692 quum

255 3694 321 3723 cll'ct
331 3716 338 3728 ,
360 3694 445 3723 lueres
456 3694 501 3723 hic
512 3693 628 3722 alienior
637 3693 775 3722 institutus
786 3693 833 3721 est.

233 3732 356 3761 Alienior
368 3732 406 3760 cst
423 3742 438 3760 a
457 3741 510 3760 me.
532 3732 589 3759 Cic.
604 3741 628 3759 2.
652 3731 724 3759 Fam.
741 3734 782 3759 16.
804 3730 851 3759 Sin
865 3738 933 3758 ame
943 3729 981 3758 est
989 3727 1124 3763 alienior,
1145 3728 1352 3759 nihiltibimeae

252 3769 338 3798 literzr’
346 3769 508 3811 proderunt.
541 3769 558 3796 i.
582 3779 605 3796 e.
631 3769 724 3796 animo
743 3778 758 3796 a
770 3777 814 3796 me
824 3766 986 3795 abalienato.

234 3806 394 3836 Alicnillnni
406 3806 532 3833 homines
552 3816 567 3833 a
582 3804 692 3833 Clodio.
716 3805 732 3833 i.
758 3814 781 3833 e.
815 3804 934 3833 Minime
952 3806 977 3832 ὁὶ
991 3804 1134 3837 εοιήῑιηέὶί
1150 3805 1176 3833 &
1190 3804 1350 3841 propinqui.

255 3845 311 3873 Cic.
331 3853 380 3880 pro
396 3843 485 3871 Domo
497 3842 561 3877 sua,
596 3851 655 3877 170.
710 3842 802 3877 Quam
815 3841 902 3878 legem
914 3841 967 3869 ell'e
979 3842 1106 3870 homines
1118 3841 1271 3870 alienissimi
1293 3852 1308 3869 a
1323 3841 1349 3870 P.

253 3881 354 3911 Clodio
370 3879 540 3914 iudicarent,
561 3879 618 3907 Piso
637 3882 662 3908 et
675 3879 830 3908 Gabinius:
853 3888 915 3907 eam
928 3878 1033 3907 nullam
1053 3878 1106 3909 effe
1125 3879 1206 3908 frater
1219 3879 1247 3908 P.
1258 3878 1352 3908 Clodii

253 3918 395 3955 judicavit.

1855 113 1882 145 A
1973 111 2001 146 L
2094 111 2108 145 1

1459 188 1658 221 Alieniliimum
1666 189 1784 229 Reipub.
1799 198 1917 230 tempus.
1941 192 1996 220 Cic.
2010 193 2045 221 de
2058 191 2128 221 Clar.
2140 193 2217 222 Orat.
2229 202 2254 222 2.
2283 190 2405 231 Augebat
2418 193 2499 226 etiam
2509 205 2568 228 mon

1479 229 1602 261 lestiam,
1623 230 1697 264 quod
1722 239 1820 259 magna
1836 230 2000 267 sapientium
2023 231 2140 263 civium.
2172 231 2362 268 bonorumque
2380 235 2507 271 penuria,
2528 238 2566 266 vit

1481 267 1604 303 egregius
1614 267 1904 303 coniunctiffimusque
1919 277 2029 296 mecum
2043 267 2218 297 consiliorum
2229 269 2355 297 omnium
2365 268 2566 306 societate,alie-

1481 303 1590 332 niffimo
1602 303 1683 344 Rffleip.
1700 310 1825 341 tempore
1836 305 1973 334 extinctus
1983 327 1991 340 ,
2017 306 2041 334 ἃ
2053 305 2226 334 authoritatis
2242 307 2268 335 ἃ
2282 305 2420 343 sapientiae
2430 308 2482 338 suae
2497 311 2568 340 triste

1482 341 1562 369 nobi?-
1578 340 1741 369 dclrderium
1755 341 1909 378 reliquerat.

1461 377 1645 408 Alienillimus
1653 379 1756 408 rusticae
1766 380 1837 414 vitae,
1854 389 1903 416 pro
1915 389 1949 408 eo
1959 379 2034 416 quod
2046 379 2101 414 est,
2121 380 2144 409 A
2164 380 2221 409 vita
2233 380 2337 409 rustica.
2359 380 2495 413 Columel.
2510 382 2528 413 l.
2542 393 2565 422 3.

1482 426 1540 452 cap.
1556 425 1599 443 21.

1424 454 1446 484 A
1456 465 1472 482 L
1483 465 1489 481 1
1501 457 1515 481 i:
1527 463 1545 481 N
1556 454 1568 481 ἱ
1577 463 1595 480 ·r
1606 462 1623 480 A
1633 462 1654 486 s,
1675 453 1734 482 fitis.
1756 453 1773 482 f.
1796 453 1942 488 Alienario,
1963 452 2057 482 Aliena
2067 463 2158 483 rerum
2170 454 2336 483 constitutio.
2359 461 2398 490 ut,
2416 455 2569 489 Alienitatis

1463 491 1591 519 ohtrulro.
1605 489 1668 518 Cael.
1688 490 1778 520 Aurel.
1791 491 1904 527 Tard.5.
1916 491 2023 526 4.Idem
2032 492 2067 520 de
2079 493 2272 526 excrementis,
2288 493 2364 521 Acut.
2379 501 2402 527 3.
2415 501 2438 528 3.
2454 493 2570 525 Manena

1463 528 1587 594 ἰίἰειὲίῑτιε
1603 534 1695 564 gravat
1708 550 1717 563 ,
1737 530 1788 558 otc.
1819 528 1897 558 Idem
1908 530 1986 558 Acut.
2001 538 2025 557 2.
2041 538 2084 564 39.
2113 529 2154 558 Ad
2173 530 2274 559 mentis
2298 529 2467 559 alienitatem
2486 532 2571 563 detra.>

1485 575 1519 594 en
1542 575 1593 593 am.

1427 604 1472 632 At
1483 613 1490 630 1
1503 612 1585 636 auo,
1606 603 1775 638 [omae-rada]
1803 607 1857 633 are.
1878 603 2121 633 Alienumfacere:
2144 604 2258 633 verbum
2275 614 2309 633 ex
2321 605 2436 634 nomine
2452 605 2569 638 Alienus.

1464 640 1534 670 Plin.
1558 639 1605 668 lib.
1627 649 1670 668 20.
1684 650 1743 678 cap.
1760 647 1801 675 18.
1833 642 2020 679 Sacopenium
2035 641 2111 675 quod
2125 642 2200 679 apud
2213 651 2264 670 nos
2279 642 2399 679 gignitur
2410 665 2418 677 ,
2438 643 2468 671 in
2483 641 2581 675 totum'

1465 678 1648 706 transmarino
1663 677 1806 708 alienatur.
1846 680 1874 708 h.
1891 689 1915 708 e.
1950 679 2063 716 Propter
2074 680 2286 708 transmarinum
2299 680 2330 708 fit
2341 679 2480 716 alienum,
2499 683 2525 711 ἃ
2538 682 2572 712 ab

1460 715 1509 744 usu
1525 722 1689 744 removetur.
1729 716 1836 751 [Immo
1847 717 1930 754 longe
1946 717 2082 754 discrepat
2092 726 2107 745 a
2117 717 2297 746 transmarino
2308 739 2316 752 ,
2337 724 2369 746 ut
2379 718 2463 747 Hard.
2475 727 2537 756 exp.

1464 753 1590 781 Vendere
1604 754 1629 781 85
1643 753 1769 782 alienare.
1811 755 1868 783 Cic.
1880 759 1905 783 6.
1927 754 1999 783 Verr.
2015 763 2076 789 134.
2099 753 2188 783 Pretio
2202 764 2286 792 parvo
2299 765 2331 784 ea
2338 765 2398 791 quae
2407 756 2574 793 accepifl‘eta

1482 789 1632 825 majoribus
1645 812 1653 825 ,
1675 791 1827 821 vendidisse
1838 799 1919 829 atque
1930 791 2065 821 alienasse.
2087 791 2157 834 Rem
2169 793 2326 830 quampiam
2335 792 2421 822 alteri.
2443 793 2506 831 Ulp.
2515 795 2570 826 inl.

1480 827 1550 857 Item
1561 828 1595 856 de
1605 828 1713 857 alienat.
1725 828 1810 864 judic.
1820 836 1889 859 mut.
1901 829 1971 859 caus.
1980 830 2042 859 fact.
2060 829 2130 859 Item
2141 834 2159 858 n
2167 839 2208 859 res
2217 830 2321 859 fuerint
2329 829 2481 868 usucapatae
2488 831 2521 860 ab
2529 841 2572 868 eo,
2587 842 2591 844 ·

1480 865 1526 894 cui
1535 864 1659 895 alienatae
1667 865 1737 895 sunt.

1463 903 1495 933 In
1514 910 1679 940 perpetuum
1689 903 1808 933 alienare
1820 914 1826 933 :
1847 905 1864 934 i.
1883 916 1906 935 e.
1929 904 1968 934 Ita
1979 904 2013 933 ad
2021 903 2107 934 alium
2116 904 2270 939 transferre,
2283 910 2314 933 ut
2324 914 2468 942 nunquam
2477 906 2512 935 ad
2523 916 2572 938 nos

1483 941 1586 969 redeat.
1620 941 1677 970 Cic.
1690 943 1724 970 de
1734 942 1804 980 Lege
1816 943 1875 980 Agr.
1893 954 1935 977 54.
1973 942 2074 971 Venire
2084 943 2183 971 vestras
2194 951 2236 971 res
2247 943 2369 980 proprias
2380 965 2388 978 ‚
2409 945 2435 972 Sc
2443 944 2471 971 in
2479 950 2574 982 perpe.

1483 986 1563 1007 tuum
1571 989 1586 1007 a
1597 979 1677 1008 vobis
1688 979 1809 1009 alienari.
1849 980 1881 1010 In
1893 981 1934 1009 his
1942 980 2018 1009 idem
2029 980 2179 1017 signlficare
2193 980 2302 1009 videtur
2321 981 2397 1017 quod
2406 981 2572 1012 Abalienare.

1463 1015 1590 1046 Alienare
1599 1016 1750 1053 vectigalia.
1785 1017 1843 1047 Cic.
1860 1019 1895 1047 de
1907 1018 1978 1055 Lege
1988 1019 2049 1055 Agr.
2062 1027 2103 1054 33.
2114 1018 2282 1047 Permittitur
2292 1018 2400 1047 infinita
2411 1019 2527 1056 potestas
2533 1020 2575 1050 in⁴

1483 1054 1661 1083 numerabilis
1676 1055 1802 1092 pecuniae
1819 1055 2001 1085 conficiendae
2012 1056 2046 1085 de
2059 1055 2153 1085 vestris
2166 1055 2349 1093 vectigalibus
2365 1065 2426 1085 non>
2436 1056 2573 1094 fruendis,

1483 1091 1530 1120 sed
1541 1091 1704 1121 alienandis.

1462 1129 1691 1160 Alienarimente.
1732 1131 1762 1160 V.
1784 1141 1827 1160 Ar.
1837 1143 1846 1160 1
1857 1141 1899 1160 EN
1909 1140 1956 1159 AT
1965 1142 1974 1159 1
1986 1141 2003 1160 o
2023 1133 2049 1160 ἃ
2071 1140 2092 1159 A
2101 1141 2135 1160 LI
2146 1141 2160 1159 E
2169 1141 2189 1160 N
2199 1140 2274 1160 ATU
2283 1141 2304 1161 s.
2326 1132 2394 1161 Plin.
2408 1131 2426 1161 l.
2437 1138 2481 1166 28.
2493 1142 2516 1162 c.
2528 1138 2553 1167 8.

1462 1166 1743 1236 Αέἰέιᾷῐῖὲξενῑὲῐὲἓξέε
1754 1169 1889 1198 dicendis.
1911 1168 1970 1198 Cic.
1984 1177 2009 1205 7.
2030 1171 2084 1199 Att.
2117 1169 2161 1198 Est
2170 1169 2318 1199 sententias
2327 1170 2449 1199 dicendo
2456 1170 2573 1207 aliquem

1463 1242 1633 1280 Quempiam
1642 1244 1690 1273 ase
1700 1266 1707 1279 ,
1728 1244 1765 1274 est
1772 1244 1812 1273 Ab
1827 1245 1948 1274 amicitia
1957 1244 2061 1277 nostra,
2081 1244 2125 1273 vel
2140 1244 2342 1274 consuetudine
2357 1245 2523 1282 disjungere,
2536 1243 2586 1275 set-1⁴

1481 1290 1576 1346 plarare
1586 1282 1640 1347 it&
1649 1292 1796 1312 removere.
1832 1282 1890 1312 Cic.
1904 1293 1927 1311 1.
1948 1283 2002 1311 Att.
2031 1281 2137 1312 Mirum
2146 1283 2176 1311 in
2193 1283 2308 1311 modum
2320 1292 2440 1312 omnesa
2451 1283 2477 1312 se
2487 1282 2573 1313 bonos

1479 1328 1494 1346 a
1507 1328 1595 1348 ienavi
1612 1342 1617 1348 .

1461 1355 1501 1385 Ab
1511 1356 1603 1393 aliquo
1613 1356 1793 1386 voluntatem.
1812 1357 1877 1387 Caes.
1891 1367 1916 1395 7.
1927 1357 1993 1388 Bell.
2008 1356 2078 1386 Gall.
2098 1367 2140 1387 ιο.
2164 1357 2222 1387 Cic.
2235 1367 2258 1394 3.
2279 1356 2354 1387 Fam.
2371 1361 2396 1387 6.
2432 1357 2572 1388 Conaban-

1480 1400 1525 1422 tur
1535 1393 1654 1424 alienare
1666 1404 1681 1424 a
1690 1401 1718 1423 te
1729 1395 1901 1425 voluntatem
1914 1405 2015 1424 meam.

1461 1431 1587 1460 Alienare
1599 1432 1646 1461 libi
1655 1433 1779 1462 animum
1790 1433 1915 1469 alicujus.
1937 1433 2039 1462 I'aterc.
2056 1431 2103 1461 lib.
2120 1442 2145 1462 2.
2155 1441 2216 1476 cap.
2230 1442 2291 1462 112.
2303 1439 2371 1462 extr.
2398 1433 2516 1477 Agrippa
2525 1430 2584 1463 mi-''

1482 1479 1510 1498 ra
1521 1470 1654 1506 pravitate
1672 1471 1758 1499 animi
1770 1478 1852 1508 atque
1870 1471 1975 1508 ingenii
1996 1472 2024 1499 in
2042 1471 2196 1508 praecipitia
2215 1470 2379 1506 conversus,
2398 1479 2483 1508 patris
2495 1479 2573 1509 atque

1481 1507 1607 1542 ejusdem
1617 1509 1658 1537 avi
1668 1507 1708 1537 sui
1718 1509 1840 1538 animum
1851 1509 1981 1537 alienavit
1991 1508 2048 1538 fibi.

1461 1544 1587 1574 Alienare
1606 1548 1631 1575 ἃ
1649 1545 1856 1581 Reconciliare,
1877 1547 2021 1575 contraria.
2054 1545 2112 1575 Cic.
2125 1545 2291 1575 deProvinc.
2304 1545 2384 1575 Cons.
2393 1555 2438 1575 21.
2472 1546 2577 1577 Nonne.

1480 1593 1537 1611 uno
1548 1589 1675 1621 tempore
1684 1594 1748 1614 cum
1757 1584 1811 1614 suis
1819 1584 2011 1613 inimicissimis
2019 1583 2049 1612 in
2060 1584 2175 1620 gratiam
2188 1584 2272 1613 rediit
2281 1606 2288 1620 ,
2306 1583 2479 1621 quibuscum
2487 1584 2574 1614 omni-

1481 1620 1532 1650 bus
1546 1621 1643 1650 eadem
1657 1621 1823 1659 Respublica
1832 1622 2023 1651 reconciliavit
2033 1631 2093 1658 quae
2102 1621 2255 1651 alienarat?

1461 1658 1589 1688 Alienare
1607 1660 1632 1688 Sc
1646 1660 1800 1689 immutare.
1823 1660 1880 1689 Cic.
1904 1671 1929 1696 5.
1950 1660 2025 1689 Fam.
2040 1665 2065 1692 8.
2107 1659 2161 1688 Sed
2177 1660 2302 1697 quaedam
2323 1660 2411 1698 pestes
2426 1659 2573 1690 hominum

1478 1696 1561 1725 laude
1571 1697 1660 1726 aliena
1668 1697 1824 1727 dolentium
1834 1720 1842 1732 ,
1860 1700 1886 1728 ἃ
1896 1707 1923 1727 te
1934 1707 2137 1734 nonnunquam
2147 1707 2162 1726 a
2176 1707 2222 1726 me
2236 1697 2406 1734 alienarunt,
2433 1699 2460 1727 δι
2472 1707 2518 1727 me
2527 1696 2574 1727 ali-

1479 1735 1591 1771 quando
1599 1735 1780 1765 immutarunt
1787 1735 1847 1764 tibi.

1460 1771 1543 1801 Plane
1553 1772 1667 1801 alienari
1678 1783 1694 1802 a
1703 1774 1815 1802 Senatu.
1843 1773 1900 1802 Cic.
1917 1782 1940 1802 1.
1958 1773 2011 1802 Att.
2029 1772 2176 1802 Summum
2187 1779 2246 1802 erat
2252 1773 2419 1810 periculum,
2430 1782 2467 1802 ne
2478 1772 2496 1801 fi
2505 1771 2575 1806 nihil

1479 1810 1668 1848 impetrassent
1677 1833 1684 1845 ,
1708 1811 1790 1849 plane
1799 1811 1984 1840 alienarentur
1993 1821 2008 1840 a
2015 1811 2127 1839 Senatu.

1459 1847 1501 1877 Ab
1515 1849 1628 1877 interitu
1639 1870 1647 1884 ,
1668 1844 1864 1886 hisque⁸rebus
1882 1859 1942 1886 quae
1957 1849 2100 1878 interitum
2112 1847 2260 1878 videantur
2275 1847 2381 1878 afferre.
2419 1847 2477 1878 Cic.
2498 1857 2522 1886 3.
2538 1847 2572 1880 de

1479 1886 1594 1916 Fin.16.
1617 1886 1635 1915 i.
1656 1896 1680 1916 e.
1702 1887 1837 1922 aversari,
1870 1887 2001 1923 defugere
2014 1887 2156 1915 interitum
2173 1888 2224 1916 &c
2552 1889 2553 1894 ¹

1460 1923 1596 1959 Alienari,
1619 1934 1669 1962 pro
1684 1924 1848 1962 Corrumpi,
1869 1926 1944 1962 quod
1959 1925 2043 1962 vulgo
2053 1925 2152 1953 dicunt
2162 1924 2285 1954 Alterari.
2322 1923 2391 1954 Cels.
2402 1924 2450 1954 lib.
2465 1933 2490 1961 7.
2511 1933 2571 1962 cap.

1483 1966 1525 1990 16.
1546 1962 1573 1991 Si
1584 1972 1650 1991 vero
1659 1963 1751 1992 adhuc
1758 1973 1790 1992 ea
1797 1964 1835 1992 sui
1848 1962 1948 1992 coloris
1958 1962 2028 1998 sunt,
2047 1972 2111 1991 cum
2120 1972 2218 2000 magna
2228 1962 2403 1991 festinatione
2418 1963 2580 1998 succurrens

1479 1999 1547 2028 dum
1558 2000 1603 2029 est.
1624 2000 1773 2030 Momento
1782 2001 1858 2030 enim
1866 2000 2030 2035 alienantur,
2048 2006 2164 2029 externo
2174 2002 2200 2030 Sc
2209 2000 2318 2029 insueto
2326 1999 2423 2038 spiritu
2433 1999 2573 2030 circunda-

1478 2044 1516 2066 ta.
1548 2038 1683 2075 Loquitur
1691 2038 1726 2067 de
1741 2039 1932 2068 intestinorum
1947 2038 2154 2067 vulneratorum
2168 2038 2364 2067 curationibus.
2404 2038 2571 2075 [Gangraena

1478 2076 1586 2105 vitiatas
1598 2078 1623 2105 ἃ
1639 2083 1780 2114 corruptas
1794 2083 1884 2114 partes
1895 2077 1949 2105 hoc
1962 2075 2047 2105 verbo
2063 2076 2196 2104 denotare
2209 2075 2361 2105 consuevit.

1421 2113 1443 2143 A
1453 2124 1468 2142 L
1478 2124 1486 2141 1
1497 2123 1512 2142 s
1521 2118 1567 2142 NA
1577 2124 1597 2141 'r
1608 2124 1624 2142 u
1635 2124 1646 2143 s
1658 2136 1666 2149 ,
1696 2114 1792 2144 Partic.
1822 2112 2041 2150 [umffmsspeffi
2054 2114 2067 2148 ]
2101 2114 2159 2150 Qui
2175 2114 2281 2148 alienus
2293 2113 2331 2142 est
2344 2114 2442 2143 factus.
2470 2112 2568 2142 Festus.

1455 2150 1541 2180 Plaut.
1554 2151 1641 2181 Merc.
1655 2161 1677 2187 3.
1692 2163 1719 2188 4.
1736 2156 1780 2183 26.
1808 2152 1932 2181 Alienata
1942 2152 1979 2180 est
1992 2151 2039 2180 abs
2050 2159 2077 2180 te
2090 2151 2198 2180 mulier.
2222 2152 2279 2180 Cic.
2291 2152 2320 2180 in
2337 2151 2422 2180 Laelio
2432 2173 2439 2186 ,
2457 2152 2516 2189 cap.
2526 2160 2569 2180 21.

1456 2188 1571 2226 Propter
1580 2189 1772 2219 dissensionem
1783 2196 1875 2219 autem
1890 2199 1949 2226 quae
1962 2195 2019 2218 erat
2027 2190 2057 2218 in
2066 2189 2175 2226 Repub.
2186 2189 2322 2218 alienatus
2333 2189 2371 2218 est
2383 2199 2399 2218 a
2411 2188 2517 2226 collega
2524 2198 2572 2217 no-

1456 2227 1509 2256 stro
1521 2227 1648 2257 Metello.

1455 2265 1596 2331 Alienatus
1608 2266 1642 2294 ad
1653 2264 1800 2294 libidinem
1807 2264 1923 2294 animus.

1499 2312 1533 2332 iv.
1545 2312 1570 2338 3.
1583 2309 1627 2339 48.
1955 2321 1959 2323 -

1454 2341 1596 2370 Alienatus
1610 2341 1680 2370 mihi
1694 2341 1732 2370 est
1743 2339 1806 2369 usus
1817 2340 1927 2369 redium.
1969 2339 1997 2369 h.
2023 2350 2046 2369 e.
2067 2340 2141 2370 Mihi
2154 2340 2268 2370 ablatus.
2289 2340 2375 2370 Plaut.
2390 2339 2479 2370 Mero.

1455 2378 1598 2408 Alienatus
1610 2386 1715 2408 mente.
1736 2378 1804 2407 Plin.
1818 2377 1866 2406 lib.
1879 2383 1923 2411 28.
1940 2387 2000 2415 cap.
2014 2383 2040 2411 8.

1454 2416 1539 2446 Sensu
1551 2417 1667 2446 animus.
1709 2417 1726 2445 i.
1747 2426 1771 2445 e.
1793 2416 1839 2445 Sic
1852 2417 2013 2444 immutatus
2028 2438 2036 2451 ,
2058 2416 2094 2445 fic
2111 2417 2235 2446 dimotus
2247 2425 2278 2445 ac
2289 2416 2414 2452 dejectus
2426 2425 2442 2445 a
2455 2414 2566 2451 ratione,

1475 2462 1505 2483 ut
1517 2454 1589 2484 nihil
1604 2456 1709 2484 rectum
1720 2453 1825 2483 sentiat.
1848 2453 1904 2482 Liv.
1917 2463 1941 2482 2.
1958 2463 1999 2482 12.

1455 2492 1594 2522 Sensibus.
1616 2492 1673 2521 Liv.
1689 2503 1712 2527 5.
1734 2491 1801 2521 Bell.
1813 2491 1880 2520 Pun.
1896 2501 1937 2527 39.

1970 2264 1998 2294 h.
2014 2274 2039 2294 e.
2061 2265 2082 2294 A
2099 2266 2200 2294 virtute
2217 2265 2251 2294 ad
2267 2264 2415 2294 libidinem
2424 2264 2564 2293 abdutftus.

1418 2531 1464 2560 AL
1474 2541 1482 2558 1
1494 2540 1507 2558 a
1517 2540 1537 2559 N
1548 2541 1567 2559 A
1576 2540 1612 2559 T1
1621 2541 1638 2560 o
1649 2553 1657 2565 ,
1679 2531 1749 2559 onis.
1771 2529 1789 2558 f.
1812 2529 1870 2558 Cic.
1885 2529 1913 2557 in
1924 2529 2000 2558 Orat.
2016 2538 2077 2564 1-44.
2092 2528 2133 2557 An
2147 2528 2246 2566 quibus
2254 2528 2344 2558 verbis
2357 2528 2494 2558 sacrorum
2507 2527 2568 2558 alie-
2598 2523 2600 2530 χ

1454 2569 1530 2597 natio
1548 2568 1612 2603 fiat,
1632 2569 1733 2597 docere
1751 2567 1896 2596 honestum
1908 2566 1962 2595 est:
1985 2566 2085 2603 quibus
2096 2565 2152 2603 ipsa
2167 2567 2237 2596 sacra
2246 2567 2356 2595 retineri
2374 2589 2383 2602 ,
2402 2566 2569 2604 defendique

1453 2606 1565 2644 pollint,
1578 2616 1636 2635 non
1645 2606 1789 2635 honestum
1803 2605 1840 2633 est
1849 2606 1863 2633 ἶ)
1897 2604 1951 2633 Hic
1961 2604 2080 2642 politum
2093 2604 2131 2632 est
2142 2614 2192 2642 pro
2212 2604 2420 2633 Abalienatione
2439 2606 2465 2633 &
2476 2603 2568 2632 vendi,

1454 2644 1531 2672 tione
1544 2654 1550 2673 :
1572 2644 1601 2672 in
1617 2654 1668 2681 qua
1677 2643 1873 2681 fignificatione
1881 2642 2008 2679 frequens
2021 2642 2059 2671 est
2070 2642 2130 2670 haec
2140 2652 2193 2671 vox
2205 2642 2279 2679 apud
2288 2641 2512 2677 jurisconsultos.
2521 2641 2567 2671 Di-

1454 2683 1526 2710 citur
1538 2683 1564 2712 &
1574 2681 1708 2710 Alienatio
1718 2682 1745 2709 in
1758 2680 1809 2709 alia
1823 2679 2029 2717 significatione,
2041 2679 2112 2722 quasi
2120 2676 2263 2720 Separatio
2276 2688 2357 2717 atque
2366 2679 2513 2715 disjunctio
2523 2689 2567 2708 cu-

1452 2720 1573 2757 juspiam
1583 2719 1616 2748 ab
1627 2719 1680 2748 alio
1693 2729 1700 2748 z
1719 2719 1746 2747 h.
1760 2728 1784 2747 e.

1453 2767 1528 2791 rem,
1545 2767 1592 2787 aut
1603 2757 1784 2786 voluntatem.
1815 2755 1879 2784 Caes.
1893 2765 1918 2784 2.
1934 2755 2002 2783 Bell.
2017 2754 2097 2783 Civil.
2112 2765 2154 2789 31.
2178 2755 2332 2784 Castrorum
2344 2763 2437 2784 autem
2450 2754 2562 2784 mutatio

1453 2796 1520 2832 quid
1530 2795 1621 2829 habet,
1641 2795 1690 2824 nisi
1703 2802 1812 2831 turpem
1822 2793 1926 2829 fugam,
1948 2792 2204 2830 &desperationem
2211 2794 2339 2822 omnium
2349 2815 2356 2828 ,
2373 2793 2566 2822 alienationem
2592 2810 2593 2814 =

1452 2833 1590 2862 exercitus
1607 2834 1620 2862 ‘?
1641 2833 1699 2862 Cic.
1716 2833 1745 2861 in
1756 2830 1849 2866 Laelio,
1871 2836 1915 2868 78.
1950 2830 1986 2859 Ut
2000 2841 2058 2859 non
2072 2830 2160 2859 statim
2174 2830 2305 2860 alienatio
2316 2831 2522 2868 disiunctioque
2530 2829 2566 2859 ἧι-
2595 2861 2597 2872 ⁴

1452 2871 1552 2899 cienda
1562 2870 1600 2899 lit.

1452 2908 1589 2938 Alienatio
1601 2908 1634 2937 ab
1648 2906 1740 2944 aliquo
1750 2907 1784 2936 ad
1796 2906 1889 2936 alium.
1913 2904 1970 2934 Cic.
1997 2915 2020 2933 1.
2038 2904 2157 2943 Philipp.
2174 2916 2196 2934 1.

1469 2947 1578 2975 tionem
1591 2946 1626 2975 ad
1642 2947 1715 2974 cives
1725 2945 1825 2982 impios
1839 2943 1889 2972 tibi
1904 2943 1997 2980 gloriae
2016 2942 2069 2971 effe
2081 2944 2216 2981 putavisti.

1451 2984 1590 3013 Alienatio
1601 2984 1701 3012 mentis
1713 3005 1720 3017 ,
1741 2985 1779 3011 elt
1788 2982 1877 3011 Tanta
1887 2981 2040 3009 commotio
2050 2981 2274 3018 perturbatioque
2284 2982 2398 3010 rationis
2407 3003 2415 3016 ‚
2434 2987 2467 3010 ut
2481 2981 2564 3011 homo

1472 3032 1530 3050 non
1542 3022 1573 3050 lit
1584 3030 1700 3058 compos
1709 3020 1759 3049 sui.
1781 3019 1848 3049 Plin.
1861 3019 1907 3047 lib.
1924 3028 1967 3047 21.
1979 3028 2038 3055 cap.
2052 3028 2095 3047 21.
2119 3019 2188 3048 Cels.
2203 3019 2252 3048 lib.
2270 3031 2294 3055 4.
2317 3029 2376 3056 cap.
2390 3028 2416 3048 2.

1450 3059 1588 3088 Alienatio
1599 3082 1607 3094 ,
1628 3068 1678 3097 pro
1689 3058 1792 3087 Mentis
1801 3056 1979 3086 alienatione.
2002 3056 2112 3086 Firmic.
2133 3056 2181 3085 lib.
2194 3067 2221 3092 4.
2233 3067 2294 3095 cap.
2314 3067 2335 3086 1.
2358 3056 2436 3086 Luna
2449 3055 2516 3085 alios
2528 3056 2575 3084 fis

1469 3098 1509 3126 cit
1521 3097 1651 3130 caducos,
1671 3096 1730 3125 aliis
1739 3095 1914 3124 alienationis
1925 3094 2049 3123 decernit
2060 3094 2256 3130 incommoda,
2280 3094 2340 3124 aliis
2356 3094 2509 3132 plerunque
2519 3093 2564 3122 de-

1470 3135 1559 3163 cernit
1575 3134 1700 3163 insanias.

1450 3172 1493 3202 De
1503 3172 1622 3201 sensibus
1636 3172 1714 3200 variis
1728 3180 1752 3199 v.
1768 3169 2035 3199 Alienationisinter.
2047 3168 2131 3203 JCtos
2142 3168 2174 3198 V.
2190 3168 2255 3198 Lex.
2265 3168 2352 3199 Pitisc.
2365 3169 2394 3198 in
2406 3179 2474 3198 voce
2501 3193 2503 3195 .

1412 3210 1459 3240 AL
1469 3221 1477 3238 1
1488 3221 1501 3239 r.
1512 3220 1531 3239 N
1544 3220 1562 3238 A
1572 3219 1591 3238 *r
1601 3219 1617 3238 o
1628 3219 1643 3238 R
1657 3231 1664 3244 ‚
1686 3209 1749 3237 oris.
1771 3218 1807 3236 m.
1831 3207 1900 3244 Imp.
1927 3206 1996 3235 Cod.
2013 3217 2034 3235 1.
2051 3214 2069 3235 t.
2089 3217 2111 3242 5.
2123 3206 2141 3235 l.
2155 3217 2197 3236 10.
2219 3206 2392 3236 Orthodoxae
2401 3205 2563 3236 fideivendi-

1451 3256 1494 3278 tor
1504 3270 1511 3282 ,
1533 3247 1577 3276 vel
1588 3255 1764 3284 quocumque
1774 3245 1859 3274 modo
1869 3243 2012 3272 alienator.

1412 3286 1434 3315 A
1444 3297 1476 3314 ιι
1488 3295 1535 3314 ΜΟ
1546 3296 1563 3313 n
1573 3296 1581 3312 1
1592 3307 1599 3319 ‚
1619 3294 1670 3322 pro
1684 3283 1836 3312 Aliusmodi
1855 3304 1862 3314 .
1884 3282 1958 3318 apud
1971 3281 2086 3310 Festum.

1412 3324 1461 3354 AL
1472 3333 1504 3351 ro
1515 3345 1522 3355 ,
1546 3323 1557 3358 [

1449 3361 1493 3390 sus
1512 3360 1578 3389 sum.
1601 3359 1665 3389 Ter.
1679 3359 1748 3388 Eun.
1761 3367 1785 3386 2.
1804 3367 1829 3386 2.
1846 3367 1891 3393 49.

1447 3398 1509 3428 Alio
1519 3398 1644 3426 conferre
1652 3397 1782 3425 animum.
1804 3395 1822 3423 i.
1836 3404 1859 3423 e.
1886 3393 1927 3423 Ad
1940 3392 2021 3422 aliam
2030 3403 2088 3423 rem
2100 3394 2126 3423 se
2137 3401 2305 3423 convertere.
2338 3393 2402 3423 Ter.
2421 3392 2518 3422 Heaut.
2533 3400 2558 3421 2.

1468 3447 1494 3471 4.
1510 3446 1551 3464 10.
1574 3435 1647 3464 conf.
1663 3434 1781 3463 eund.2.
1792 3442 1817 3461 2.
1829 3443 1873 3467 49.

1447 3473 1511 3503 Alio
1523 3472 1727 3510 responfionem
1737 3470 1811 3499 suam
1822 3470 1961 3499 derivavit.
1985 3468 2042 3498 Cic.
2058 3478 2082 3504 3.
2104 3468 2178 3498 Verr.
2192 3479 2251 3506 139.
2274 3469 2300 3498 h.
2316 3478 2340 3497 e.
2363 3467 2445 3497 Aliud
2455 3467 2560 3505 respon·

1467 3511 1508 3539 dit
1527 3520 1609 3546 quam
1626 3510 1700 3546 quod
1719 3507 1943 3545 interrogabatur.

1447 3548 1509 3578 Alio
1522 3547 1625 3576 servare
1635 3546 1746 3584 aliquid.
1779 3545 1837 3574 Cic.
1854 3554 1878 3574 2.
1895 3546 1929 3574 de
1938 3545 1996 3574 Fin.
2009 3553 2053 3580 27.
2086 3542 2215 3581 Appellet
2224 3544 2283 3572 haec
2298 3543 2430 3572 desideria
2447 3547 2557 3576 naturae,
2588 3537 2604 3577 ²3

1467 3585 1629 3623 cupiditatis
1640 3593 1743 3613 nomen
1756 3582 1914 3612 scrvctalio.
1938 3583 1955 3611 i.
1980 3592 2002 3611 e.
2027 3581 2067 3610 Ad
2078 3581 2162 3609 aliud.

1448 3624 1510 3652 Alio
1524 3623 1668 3652 transferre
1679 3621 1850 3650 sermonem:
1873 3621 1890 3649 i.
1911 3630 1934 3649 e.
1978 3620 2020 3648 Ad
2031 3619 2110 3648 aliam
2127 3624 2178 3653 (ut
2189 3617 2306 3651 dicunt)
2327 3618 2477 3647 materiam.
2501 3615 2555 3646 Cic.

1468 3671 1491 3689 1.
1506 3661 1540 3689 dc
1556 3660 1632 3689 Orat.
1647 3669 1705 3695 133.
1728 3658 1782 3688 Sed
1802 3657 1838 3693 (fi
1850 3657 1958 3695 placet)
1968 3656 2121 3686 sermonem
2130 3655 2185 3685 auo
2194 3656 2395 3684 transferamus.

1447 3697 1507 3726 Alio
1518 3707 1562 3726 me
1573 3703 1654 3726 vocat
1665 3697 1750 3725 vestra
1764 3695 1929 3732 expectatio.
1952 3694 2009 3723 Cic.
2026 3704 2076 3732 pro
2087 3693 2195 3722 Cluent.
2208 3696 2252 3728 63.
2273 3692 2359 3722 Vocat
2374 3702 2418 3721 me
2429 3692 2483 3721 alio
2490 3692 2560 3728 jam-

1466 3735 1574 3763 dudum
1586 3734 1760 3764 tacitavestra
1771 3733 1936 3770 expectatio.
1953 3732 1978 3760 h.
1992 3741 2016 3760 e.
2028 3732 2068 3760 Ad
2078 3731 2153 3759 aliud
2163 3730 2336 3759 tractandum
2344 3731 2556 3766 dicendumque.
2586 3728 2587 3731 ’
2599 3738 2604 3754 ε

1447 3771 1512 3808 Quo
1530 3771 1594 3800 alio.
1617 3772 1674 3800 Cic.
1684 3783 1708 3807 9.
1723 3773 1778 3800 Att.
1790 3780 1834 3798 20.
1865 3770 1904 3798 Ex
1925 3770 1997 3798 illius
2016 3769 2141 3797 sermone
2154 3768 2285 3801 statuam,
2307 3768 2478 3806 Arpinumne
2491 3762 2557 3795 mihi

1446 3809 1570 3837 eundum
1580 3809 1619 3843 lit,
1633 3819 1667 3837 an
1677 3819 1732 3846 quo
1740 3808 1802 3837 alio.
1824 3807 1841 3836 i.
1858 3817 1882 3836 e.
1906 3807 1936 3836 In
1948 3807 2067 3843 aliquem
2082 3804 2274 3834 aliumlocum.

1408 3847 1596 3881 Amr-1031,
1618 3846 1669 3875 live
1692 3848 1881 3880 Atir'iQurN
1898 3866 1906 3879 ,
1928 3844 2034 3879 [is->mig
2055 3840 2099 3869 ..idi
2115 3855 2164 3877 μη,
2185 3838 2196 3869 ἢ
2216 3839 2263 3877 μὲν
2279 3837 2330 3877 ἂν]
2352 3837 2558 3882 Coniundlioil⁸

1446 3883 1657 3919 gnificatAlirer.
1671 3884 1722 3912 live
1736 3882 1889 3911 Aliomodo
1902 3903 1909 3914 ,
1926 3881 1969 3910 vel
1981 3881 2066 3916 Quod
2079 3880 2096 3908 fi
2112 3890 2168 3908 non
2180 3901 2188 3913 ,
2212 3879 2256 3908 vel
2268 3879 2365 3908 Praeter
2376 3879 2438 3908 hoc.
2461 3878 2515 3907 Cic.
2528 3884 2555 3905 m

1443 3919 1522 3951 Orat.
1532 3925 1577 3956 48.
1609 3920 1738 3956 Quorum
1747 3919 1781 3948 ab
1795 3919 1921 3949 Oratoris
1939 3919 2046 3954 judicio
2065 3917 2189 3947 delectus
2202 3926 2320 3956 magnus
2337 3916 2477 3947 adhibitus
2491 3913 2557 3988 ἓξὲξ

1806 2718 1902 2754 Quum
1911 2717 1944 2746 ab
1962 2717 2017 2746 alio
2027 2726 2087 2754 quis
2101 2718 2204 2746 alienat
2213 2719 2346 2753 animum,
2356 2718 2566 2751 studium-amo-
2596 2728 2599 2752 ι,

2237 2905 2383 2943 Tuamque
2393 2916 2407 2935 a
2415 2915 2460 2935 me
2468 2905 2565 2935 aliena·
2594 2910 2600 2950 ⁴,

1566 3322 1647 3357 bimi]
1667 3321 1736 3351 Adv.
1749 3320 1812 3353 loci,
1825 3320 1865 3348 Ad
1875 3318 1961 3348 alium
1969 3319 2064 3348 locum
2073 3318 2234 3356 significans.
2257 3319 2341 3348 Plaut.
2355 3318 2416 3348 Mil.
2433 3316 2494 3348 Alio
2504 3296 2561 3347 mis:
2602 3319 2604 3342 ¹,

2587 3620 2589 3633 ⁴
2602 3624 2604 3641 l

2586 3678 2588 3719 l
2598 3697 2604 3715 e

2590 3765 2604 3793 (ι

2585 3821 2587 3860 l
2599 3831 2604 3848 ε

2584 3863 2586 3875 l

2584 3922 2585 3932 l
2600 3925 2604 3939 4

2584 3954 2604 3973 ῚῚ1
