2600 4177
436 110 466 144 C
564 111 602 146 AE
698 113 726 147 L

45 188 160 220 Tractus
173 189 240 221 caeli.
262 190 326 225 virg
349 199 373 225 3.
388 191 450 221 AEn.
467 196 527 228 138.

45 226 145 256 Vertex
160 229 217 258 caeli
231 251 238 261 .
261 227 391 257 Altiffima
404 228 463 258 caeli
476 239 545 266 pars.
569 229 639 266 Virg.
655 239 678 258 1.
695 230 756 260 AEn.
769 239 832 265 229.

45 263 101 307 Via·³
113 266 196 295 caeli.⁴
221 266 290 309 Virg.
304 275 328 294 2.
346 265 445 302 Georg.
461 275 527 310 477.
551 267 839 305 Caeliviasintelligit,
859 275 906 299 aut
916 271 1009 301 Artes:
1031 276 1162 301 anteorte

65 302 189 332 Circulos
198 303 296 339 quibus
309 302 393 332 sidera
410 310 599 334 continentur.
638 305 757 335 Servius.

46 339 137 370 Altum
149 340 256 369 caelum.
280 340 349 376 Virg.
366 351 389 374 ς.
402 341 463 370 AEn.
473 351 536 378 727-

10 386 11 391 ¹
238 379 309 407 a&
322 377 388 406 caelo
400 378 514 408 tandem
528 379 668 409 miseratus
675 379 709 409 ab
721 380 777 410 alto
784 380 831 410 est.

45 414 186 453 Apertum.
208 413 281 451 Virg.
295 420 319 448 8.
332 415 393 444 AEn.
409 424 470 451 523.

46 452 211 484 Austrinum.
253 451 285 481 In
307 462 325 481 A
336 463 355 481 u
365 462 377 482 s
387 462 406 481 T
416 463 430 482 13
438 463 464 483 1³.

45 489 163 522 Bonum.
203 487 233 518 ln
254 500 268 518 B
278 500 294 519 o
306 499 326 518 N
337 499 385 520 us.

47 524 250 557 calamitosum.
292 528 323 557 ln
354 537 371 556 c
383 537 401 557 A
411 539 426 557 1.
437 538 457 557 A
466 537 561 558 M1TA
571 538 592 560 s.

48 563 241 601 Caliginosum.
273 563 304 594 ln
325 575 342 594 c
352 575 369 593 A
380 577 396 593 L
408 578 416 594 1
427 576 445 594 G
454 576 481 595 o.

47 602 202 639 Captivum.
224 602 307 632 Ovid.
323 612 345 632 1.
361 601 430 632 Met.
448 609 509 640 184.
531 603 573 634 De
582 604 750 642 gigantibus.

48 639 204 669 Coloratum
215 639 331 669 Tithoni
346 641 474 678 conjuge.
499 642 583 672 Ovid.
596 652 622 672 2.
640 645 731 673 Amor.
746 654 770 680 5.
783 651 827 680 35.

47 676 218 707 convexum.
246 678 328 707 Ovid.
347 688 369 707 1.
382 678 451 708 Met.
464 683 509 709 26.

40 713 473 784 ‘craffuffifflssifissnvessissii'ssiffif‘
483 717 765 786 Qssssfflffierssscaesse
776 718 969 794 Fami-yma..

287 775 295 789 ,
462 777 470 791 ,
629 779 635 785 .
710 779 716 785 .
880 781 885 786 .

46 789 295 865 Βειιεξέἒιιηὲεχξὶξ.
310 801 333 820 1.
348 791 447 830 Georg.
461 802 525 829 252.
558 794 643 831 Quod
660 803 736 839 nurrc
749 793 877 832 prospera
887 817 895 830 ‚
915 804 992 825 nunc
1004 794 1115 825 adversa
1126 794 1167 824 in·

47 864 135 896 Eoum
144 865 243 896 eaelum
254 888 261 901 ,
284 865 370 904 Regio
380 866 438 896 caeli
446 877 512 911 ’quae
523 867 558 898 ad
569 868 715 899 Orientem
724 869 821 907 vergit.
844 870 928 901 Ovid.
944 882 969 907 4.
980 871 1050 900 Met.
1065 875 1126 907 198.

136 904 607 979 Tempgussiggpos'urffigdffiosserius
619 944 720 974 incidis
731 945 824 975 undis.
942 946 985 977 De
998 946 1071 977 Sole.

46 976 186 1016 Fulgentis
198 980 289 1017 imago
298 980 365 1010 caeli.
388 980 472 1010 Ovid.
485 991 510 1011 2.
528 982 596 1011 Met.
613 991 654 1019 17.

48 1016 136 1046 Grave
145 1015 258 1052 caelum.
279 1018 297 1047 i.
311 1028 334 1047 e.
358 1017 499 1054 Noxium,
520 1019 664 1049 insalubre.
684 1020 759 1050 Suet.
770 1019 835 1050 Tib.
852 1030 912 1058 cap.
926 1023 970 1056 36.

47 1053 151 1085 Illustre
163 1054 261 1084 caelum
273 1077 281 1090 ,
303 1055 416 1085 Clarum
429 1058 454 1086 Sc
466 1057 601 1087 serenum.
623 1057 712 1088 Valet.
725 1063 752 1088 6.
764 1060 866 1096 Argon.
886 1064 948 1096 528.

47 1091 224 1123 Immensum.
247 1093 331 1122 Ovid.
344 1104 370 1129 4.
384 1093 453 1123 Met.
466 1098 530 1125 661.

47 1129 156 1160 Immite
165 1132 191 1159 &
199 1130 354 1161 turbidum.
385 1131 415 1161 V.
441 1142 450 1160 1
459 1143 479 1161 M
489 1144 509 1162 M
521 1144 529 1161 1
540 1142 560 1161 T
570 1144 579 1161 1
588 1142 609 1162 s.

47 1166 145 1198 Italum
158 1189 166 1201 ,
189 1167 271 1198 Italiae
282 1169 367 1206 regio.
390 1169 457 1199 Hor.
471 1179 496 1200 2.
511 1171 601 1200 Carm.
616 1180 641 1208 7.
653 1180 681 1207 4.

47 1204 185 1236 Liberum.
227 1206 258 1236 In
288 1218 304 1236 L
313 1217 322 1235 1
332 1217 347 1235 R
357 1217 370 1235 13
380 1216 405 1236 R.

46 1243 144 1274 Libero
155 1242 223 1273 caelo
232 1245 403 1288 permittere.
427 1245 547 1282 Quintil.
559 1245 607 1276 lib.
623 1256 649 1275 2.
662 1249 760 1285 cap.6.

47 1280 195 1318 Liquidum
207 1303 215 1316 ,
237 1292 256 1311 1.
267 1292 292 1311 e.
316 1282 425 1312 Purum.
447 1283 532 1314 Ovid.
545 1294 568 1314 1.
585 1284 655 1314 Met.
671 1293 716 1321 23.

48 1317 190 1356 magnum.
213 1319 298 1349 Ovid.
315 1330 336 1349 1.
349 1320 418 1350 Met.
434 1325 495 1357 176.

47 1356 228 1388 Nebulosum.
251 1357 311 1388 Cic.
327 1368 349 1388 1.
364 1357 446 1388 Tusc.
461 1363 506 1389 60.

44 1393 159 1432 Nigrius
172 1395 271 1424 caelum
286 1396 356 1434 pice.
381 1397 466 1426 Ovid.
480 1403 521 1432 18.
535 1396 618 1436 Epist.
631 1406 658 1435 7.
700 1396 732 1428 V.
754 1397 876 1428 piceum.

48 1432 146 1464 Nivale
156 1433 264 1462 caelum.
306 1433 338 1463 ln
367 1444 387 1463 N
399 1445 407 1463 1
418 1444 445 1464 x.

48 1470 212 1500 Obscurum.
238 1471 308 1509 Virg.
322 1481 346 1508 3.
357 1472 418 1502 AEn.
435 1475 496 1507 586.

48 1506 176 1539 Pacatum
189 1509 259 1538 nitet
268 1509 375 1539 caelum.
398 1510 504 1540 Lucret.
522 1510 570 1540 lib.
587 1519 610 1539 1.
622 1521 648 1546 9.
669 1512 687 1542 i.
704 1521 728 1541 e.
751 1509 896 1541 Serenum.

48 1544 145 1577 Patens
157 1547 255 1576 caelum
266 1557 300 1577 ex
310 1547 388 1577 omni
398 1556 475 1586 parte
485 1554 567 1585 atque
580 1556 715 1586 apertum.
738 1549 796 1579 Cic.
812 1559 835 1579 1.
848 1550 883 1578 de
893 1547 987 1579 Divin.
1000 1550 1029 1579 12

49 1583 183 1616 Pendens.
206 1585 290 1614 Ovid.
305 1594 329 1623 7.
345 1585 415 1615 Met.
433 1592 495 1621 580·

139 1622 322 1662 Membraque
333 1624 482 1661 pendentis
492 1624 612 1654 tendunt
620 1625 656 1655 ad
672 1624 758 1654 sidera
769 1625 837 1654 caeli.

48 1657 168 1691 Piceum.
191 1661 279 1691 Valet.
294 1672 317 1691 1.
333 1663 433 1699 Argon.
445 1666 508 1698 617.
531 1663 548 1692 i.
561 1673 585 1692 e.
610 1663 727 1700 Nigrum
740 1664 765 1693 Sc
775 1662 962 1693 tenebrosum.

48 1696 210 1734 Placidum,
231 1699 436 1738 Tranquillum.
458 1700 507 1730 Sil.
520 1700 568 1730 lib.
584 1710 626 1730 12.

49 1735 234 1774 Praelatiregia
244 1737 311 1768 caeli.
338 1737 439 1768 Lucan.
452 1737 500 1767 lib.
516 1742 594 1774 1.46.
618 1738 635 1768 i.
648 1748 672 1768 e.
695 1736 781 1768 Valde
792 1738 850 1768 lati.
891 1738 972 1775 [Nisi
992 1737 1170 1776 participium

67 1774 106 1803 est
121 1784 136 1803 a
147 1774 262 1805 Praefero
273 1798 282 1811 ,
302 1776 366 1813 quia
378 1775 465 1806 Caesar
474 1776 535 1806 caeli
544 1777 648 1814 regiam
658 1784 792 1807 terrarum
807 1778 924 1815 imperio
933 1776 1063 1815 praetulit.
1085 1776 1166 1807 Conf.

66 1810 140 1849 Virg.
153 1811 272 1843 Prooem.
285 1814 384 1851 Georg.

48 1847 182 1888 Praerupti
191 1858 286 1881 vertex
295 1852 364 1881 caeli.
387 1850 474 1882 Valer.
488 1861 513 1882 2.
528 1852 628 1890 Argon.
642 1857 687 1886 88.

49 1884 221 1918 Profundum
233 1911 240 1924 ,
261 1890 280 1919 i'.
294 1899 318 1919 e.
339 1889 474 1919 Sublime.
498 1889 570 1927 Virg.
583 1901 609 1927 4.
627 1890 683 1919 Ecl.
696 1899 738 1926 51.

129 1925 278 1965 Terrasque
288 1949 296 1963 ,
317 1927 472 1965 tractusque
482 1929 580 1964 maris,
601 1927 757 1966 caelumque
766 1928 947 1967 profundum.

49 1960 159 1994 Purum.
181 1964 238 1994 Cic.
253 1975 275 1995 1.
288 1965 323 1995 de
335 1965 426 1995 Divin.
442 1974 502 2002 ¹30·

49 2001 247 2040 Repurgatum.
270 2003 356 2033 Ovid.
370 2014 394 2039 5.
406 2003 475 2033 Met.
487 2005 551 2037 286·

141 2039 162 2069 F
164 2040 225 2070 usca
236 2048 382 2079 repurgato
392 2041 536 2079 fugiebant
545 2040 642 2071 nubila
655 2038 734 2071 caelo.

51 2075 223 2108 Rotundum.
247 2079 305 2109 Cic.
319 2088 343 2115 3.
356 2080 392 2109 de
402 2079 479 2109 Orat.
494 2081 557 2116 176.

51 2115 173 2146 Salubre.
197 2116 256 2146 Cic.
272 2127 295 2146 1.
309 2116 345 2147 de
356 2117 448 2147 Divin.
463 2126 525 2153 130.

52 2154 193 2184 Serenum.
217 2155 288 2193 Virg.
306 2165 327 2184 1.
342 2155 441 2193 Georg.
455 2156 519 2185 260.

13 2202 16 2207 ·
52 2191 204 2222 sidereum.
226 2193 310 2222 Ovid.
327 2202 367 2222 10.
382 2194 451 2223 Met.
463 2203 525 2229 140.

52 2228 184 2265 Stellans,
205 2230 422 2268 Stellisfulgens.
446 2230 554 2261 Lucret.
567 2230 618 2260 lib.
629 2238 731 2268 4213.

53 2267 228 2299 stelliferum.
269 2269 326 2299 Cic.
338 2269 476 2300 deSomn.
489 2270 565 2307 Scip.
581 2279 622 2299 12.
647 2269 741 2305 Quam
760 2268 798 2299 ob
806 2268 915 2299 causam
923 2267 1099 2298 summusille
1111 2265 1174 2297 caeli

69 2305 188 2373 stell}seri
197 2307 304 2344 cursus,
325 2308 403 2344 cujus
413 2307 554 2338 conversio
565 2307 605 2336 est
614 2308 772 2345 incitatior,
794 2314 878 2337 acuto
894 2309 922 2337 ἃ
939 2308 1062 2337 excitato
1079 2316 1174 2336 move-

70 2349 115 2373 tur
137 2354 202 2374 ono.

54 2380 186 2412 Sublime.
210 2382 295 2413 Ovid.
310 2394 333 2419 ς.
349 2381 417 2414 Fast.
430 2392 494 2421 715.

13 2427 16 2431 ·
53 2419 151 2450 Tacito
160 2420 229 2450 caelo
239 2421 361 2451 labentia
371 2422 465 2452 sidera.
489 2420 560 2459 Virg.
571 2430 594 2459 3.
608 2421 670 2451 AEn.
686 2430 748 2457 515.

54 2456 291 2490 Tenuecaelum&
302 2469 402 2497 purum
413 2482 420 2495 ,
443 2459 557 2489 salubre.
599 2459 657 2488 Cic.
669 2469 692 2489 1.
706 2459 742 2488 de
754 2457 847 2488 Divin.
863 2466 924 2495 130.
954 2458 1003 2488 Sin
1018 2458 1128 2488 illustris
1147 2458 1174 2487 &

71 2496 214 2534 perlucida
222 2497 297 2526 stella
307 2499 478 2536 apparuerit,
500 2496 644 2535 fignificari
661 2497 761 2526 caelum
780 2496 834 2526 esse
854 2503 957 2532 tenue,
979 2505 1135 2535 purumque
1147 2497 1174 2526 δι

72 2541 217 2573 propterea
229 2535 343 2565 salubre.

54 2570 121 2603 Non
132 2573 281 2604 tractabile.
324 2573 432 2612 Virg.4.
450 2571 511 2605 AEn.
525 2581 568 2611 53.
595 2572 616 2603 i.
631 2582 656 2603 e.
683 2573 769 2609 Cujus
786 2572 942 2611 tempestati
962 2572 1079 2602 resistere
1094 2570 1172 2602 nullo

74 2611 154 2648 pacto
168 2611 320 2649 possumus.

56 2646 219 2679 Turbidum.
251 2649 279 2679 V.
304 2659 389 2679 imm
399 2659 419 2679 τ
429 2658 468 2680 is.

55 2684 178 2716 Vacuum
188 2686 286 2717 caelum
296 2710 304 2723 ,
325 2698 376 2726 pro
387 2689 463 2718 Aere.
487 2687 559 2725 Virg.
574 2697 597 2723 5.
611 2686 671 2717 AEn.
687 2696 750 2723 515.

57 2721 185 2761 Varium,
206 2726 223 2755 i.
237 2735 261 2755 e.
285 2726 371 2756 Variis
381 2733 508 2756 ornatum
519 2726 637 2755 siderum
649 2726 706 2754 fimi
718 2723 808 2755 lactis.
831 2724 915 2755 Ovid.
927 2734 953 2755 2.
970 2724 1039 2755 Met.
1053 2733 1114 2762 193.

56 2760 186 2798 Varians,
207 2773 258 2801 pro
273 2764 349 2794 Aeris
358 2764 554 2794 vicissitudine.
577 2763 645 2793 Plin.
657 2763 704 2793 lib.
720 2774 762 2800 14.
777 2772 839 2800 cap.
850 2771 875 2792 2.

57 2797 149 2830 viride
160 2802 339 2832 acsineaura.
362 2802 670 2840 Plin.lib.17.cap.10.
692 2802 709 2830 i.
721 2811 744 2830 e.
766 2801 882 2830 Sudurn.

58 2838 189 2877 Accipere
203 2839 271 2869 caelo
288 2840 408 2877 aliquem
420 2862 427 2875 ,
457 2841 475 2869 i.
488 2849 512 2869 e.
544 2840 574 2869 ln
593 2840 710 2869 deorum
731 2848 879 2868 numerum
901 2838 1033 2877 recipere.
1056 2836 1129 2877 Virg.
1147 2847 1171 2869 1.

76 2876 136 2907 AEn.
147 2886 211 2914 293.
234 2878 268 2907 de
278 2876 353 2914 Julio
364 2878 467 2907 Caesare
476 2878 511 2907 ad
522 2877 656 2907 Venerem
665 2877 748 2906 verba
755 2877 831 2912 jovis
839 2898 848 2912 ,

134 2914 219 2945 Hunc
228 2921 257 2944 tu
268 2917 335 2945 olim
347 2915 415 2946 caelo
424 2937 432 2952 ‚
453 2915 549 2954 spoliis
560 2915 685 2946 Orientis
699 2916 828 2944 onustum
836 2935 846 2951 ,

135 2953 261 2991 Accipies
271 2954 371 2984 secura.

12 3016 17 3025 .
59 2989 173 3029 AEquare
182 2992 260 3021 caelo.
283 2992 356 3030 Virg.
372 3002 398 3027 4.
417 2991 534 3027 AEn.89.

225 3044 264 3050 -—
272 3036 430 3067 aequataque
441 3031 569 3060 machina
581 3028 658 3059 caelo.
735 3027 890 3058 Altitudine
899 3026 956 3057 scil.
994 3027 1041 3057 Sic

0 3091 2 3095 ,
59 3065 174 3104 AEquare
185 3067 284 3098 caeluni
293 3069 403 3098 videtur
414 3075 526 3106 pontus.
548 3068 631 3098 Ovid.
646 3077 657 3096 1
666 3077 688 3097 1.
699 3065 770 3097 Met.
781 3075 846 3103 497.

61 3104 182 3144 Allegere
191 3106 269 3136 caelo.
292 3106 356 3136 Seri.
367 3107 397 3135 in
406 3108 546 3143 Agamem.
559 3115 585 3141 9.

60 3142 185 3173 Annuere
196 3144 280 3174 alicui
289 3154 381 3174 arcem
388 3144 457 3174 caeli.
482 3144 552 3182 Virg.
566 3154 589 3174 1.
605 3143 668 3174 AEn.
682 3152 746 3180 254.

60 3180 184 3218 Aperitur
193 3183 301 3212 caelum.
341 3182 374 3212 In
401 3192 422 3211 A
431 3192 445 3211 P
454 3191 469 3211 E
477 3192 494 3210 a
504 3192 548 3211 10.

61 3219 179 3250 Afferere
189 3221 309 3258 aliquem
319 3220 397 3250 caelo.
438 3220 471 3250 In
490 3229 509 3249 A
517 3229 529 3249 s
537 3230 549 3249 s
558 3230 572 3249 Ε
581 3230 597 3249 R
605 3229 632 3249 o.
927 3255 933 3261 .

62 3256 199 3295 littingere
209 3258 309 3288 caelum
318 3258 424 3295 digito,
445 3257 485 3288 est
497 3258 684 3288 Vehementer
699 3256 804 3287 laudari
817 3277 825 3291 ,
846 3256 874 3285 &
886 3253 999 3298 felicem
1016 3251 1089 3283 effe:
1111 3251 1176 3298 vel,

77 3301 110 3325 ut
117 3296 176 3326 vult
184 3296 301 3326 Budaeus
311 3318 319 3331 ,
340 3296 477 3334 Magnum
487 3295 542 3326 esse
553 3297 651 3325 virum.
693 3296 749 3325 Cic.
758 3304 782 3324 2.
794 3297 846 3323 Att.
854 3303 876 3323 1.
899 3292 990 3337 N.⁰str¹
1000 3299 1094 3321 autem
1103 3302 1178 3330 prin-

80 3333 154 3372 cipes
166 3335 254 3372 digito
266 3335 291 3363 se
302 3334 401 3363 caelum
412 3340 512 3372 putent
523 3335 657 3371 attingere
666 3356 675 3369 ,
695 3333 712 3362 si
726 3332 805 3362 mulli
823 3331 947 3375 barbati,
964 3331 1015 3359 &c
1060 3329 1092 3359 V.
1116 3340 1136 3359 A
1145 3339 1178 3359 T-

78 3379 100 3400 'r
109 3382 118 3400 1
128 3382 147 3400 u
158 3381 176 3401 G
185 3382 211 3401 o.
233 3372 305 3402 infra
315 3372 346 3401 ln
360 3372 430 3402 caelo
443 3371 497 3402 effe
506 3394 514 3407 ,
536 3373 563 3401 ἃ
571 3373 693 3402 Tentare
702 3370 818 3401 caelestia
828 3391 836 3406 ,
856 3378 887 3398 m
905 3378 924 3397 c
933 3376 1051 3398 AELBST
1060 3377 1102 3398 ιε.

63 3408 191 3439 Attollere
201 3410 231 3439 in
247 3410 355 3439 caelum.
396 3410 427 3440 In
449 3420 468 3438 A
478 3419 498 3438 T
507 3419 526 3438 T
534 3419 551 3438 o
562 3422 577 3439 L
586 3421 603 3439 L
613 3419 640 3439 o.

61 3447 171 3478 Auferre
181 3448 278 3477 caelum
288 3448 463 3477 diciturnox.
484 3447 557 3485 Virg.
571 3457 595 3483 3.
611 3448 673 3479 AEn.
692 3452 754 3483 1953.

183 3486 254 3516 ——‘&
264 3496 320 3515 nox
330 3486 446 3515 humida
461 3485 560 3515 caelum
641 3485 766 3515 Abstulit.

63 3519 146 3553 Beate
157 3523 235 3553 caelo.
258 3524 324 3553 Hor.
337 3535 363 3559 4.
373 3524 463 3553 Carm.
472 3529 497 3557 8.
510 3533 555 3559 29.
578 3522 653 3552 Caelo
666 3523 742 3553 musa
755 3522 829 3552 beat.

64 3559 231 3591 Ceciderunt
240 3562 307 3591 caelo
317 3562 433 3599 fulgura.
453 3562 527 3599 Virg.
538 3572 560 3591 1.
577 3562 676 3599 Georg.
689 3567 754 3598 487.

13 3612 15 3614 ·
64 3597 144 3628 'Ciere
154 3600 252 3629 caelum
261 3610 345 3629 omne
354 3601 467 3629 tonitru.
490 3600 560 3636 Virg.
573 3611 598 3635 4.
615 3599 676 3629 AEn.
691 3609 752 3629 122.

65 3634 345 3675 Circumtegitomnia
358 3638 465 3667 caelum.
484 3637 593 3667 Lucret.
606 3637 652 3666 lib.
669 3647 691 3666 i.
708 3645 787 3672 1094.

65 3672 192 3705 Condere
201 3672 297 3705 ca'elum
307 3676 403 3705 umbra
412 3698 419 3709 ,
440 3675 542 3705 dicitur
554 3675 636 3704 Deus.
659 3674 730 3713 Virg.
743 3678 768 3704 6.
782 3671 920 3715 ,Ἧι-1271.

221 3727 259 3734 ·—
269 3713 319 3748 ubi
328 3714 427 3743 caelum
441 3713 572 3743 condidit
581 3713 677 3742 umbra
770 3711 907 3752 juppiter.

67 3746 229 3780 Contristare
239 3752 337 3781 caelum
349 3752 444 3789 pluvio
458 3752 560 3789 frigore
571 3773 579 3786 ,
600 3751 703 3780 dicitur
713 3750 812 3779 Auster.
833 3748 905 3784 Virg.
919 3753 945 3783 3.
962 3746 1063 3784 Georg.
1076 3753 1141 3783 279.

68 3784 329 3819 converterecaelos.
351 3790 458 3819 Luci-et.
469 3790 516 3818 lib.
529 3799 555 3818 2.
572 3793 650 3823 1096.
1146 3821 1158 3827 ἢ

68 3822 248 3863 corrumpere
259 3827 365 3857 caelum.
406 3827 517 3865 Ulpian.
529 3828 557 3856 in
573 3826 592 3856 l.
613 3828 640 3856 Si
653 3827 732 3860 cuius
748 3824 813 3854 inde
831 3822 982 3860 quaesitum.
1005 3820 1039 3852 D.
1062 3822 1098 3851 de
1115 3820 1183 3852 Ulu-

85 3862 164 3892 fruct.
176 3866 202 3893 δι
213 3866 448 3901 quemadmodum
459 3866 519 3902 quis
528 3872 619 3894 utatur
633 3866 660 3894 &
675 3864 788 3893 fruatur.
828 3861 856 3890 Si
876 3869 969 3890 tamen
989 3870 1049 3897 quae
1064 3859 1183 3889 instituit
1243 3874 1245 3878 v

85 3900 297 3970 υίέξηιέὶυειῑῐὶυε
306 3925 314 3939 ,
334 3911 381 3934 aut
388 3903 489 3934 caelum
498 3908 680 3940 corrumpant
690 3902 747 3940 agri
758 3921 767 3936 ,
777 3901 829 3930 διε,
858 3908 918 3928 non
930 3897 1040 3928 videtur
1051 3897 1120 3928 boni
1130 3898 1183 3928 viri

85 3946 115 3968 at
134 3945 216 3970 itratu
243 3942 293 3971 rui.

1610 117 1639 152 C
1738 116 1775 151 ΗΞ
1870 117 1897 152 L

1254 196 1373 227 Credere
1385 197 1410 226 se
1422 198 1498 227 crelo.
1522 199 1538 227 i.
1552 208 1575 228 e.
1600 198 1792 227 Committere.
1816 198 1888 235 Virg.
1900 202 1925 228 6.
1938 199 1999 229 JEn.
2014 209 2057 233 1ς.

2306 133 2374 170 389

2107 201 2142 230 de
2155 202 2277 234 Daedalo.

1294 235 1460 273 Praepetibus
1472 236 1570 273 pennis
1581 236 1658 266 ausus
1668 236 1693 265 se
1707 236 1818 265 credere
1832 236 1910 265 caelo.
1931 237 2004 273 quasi
2018 238 2119 268 Alienis
2132 240 2250 271 sedibus.
2259 243 2375 273 Servius.

1254 271 1397 301 Decedere
1413 273 1480 302 caelo
1493 274 1594 303 (licitur
1610 274 1715 303 umbra.
1738 273 1810 311 Virg.
1825 279 1851 307 8.
1867 274 1922 303 Ecl.
1938 284 1980 310 14.

1254 308 1402 339 Deduccre
1414 310 1517 340 Lunam
1529 311 1606 339 caelo.
1628 311 1700 348 Virg.
1715 317 1741 344 8.
1762 311 1818 340 Ecl.
1831 317 1873 345 69.

1255 346 1365 384 Delapsi
1381 348 1448 376 caclo
1461 370 1469 382 ,
1490 349 1533 377 vel
1548 348 1619 378 mim
1631 349 1794 378 dicebantur
1805 370 1812 383 ,
1834 356 1892 377 tuni
1905 349 1961 385 Qui
1972 350 2071 379 virtute
2082 351 2170 381 essent
2185 352 2256 388 qua'si
2269 353 2378 390 divina,

1275 390 1336 449 111111
1347 385 1513 452 (ὶυίἁρῗεῑω
1524 385 1599 423 spem
1610 387 1803 424 impendentia
1819 386 1891 416 mala
1906 387 2072 418 avertiss‘ent.
2094 389 2153 419 Cic.
2175 400 2226 427 pro
2240 390 2309 428 Lege
2321 392 2381 422 Ma-

1276 432 1384 457 111.41.
1412 426 1421 438 '¹
1457 424 1492 452 iv.
1510 433 1551 452 10.
1565 430 1590 456 8.

1256 457 1412 488 Demittere
1423 460 1490 489 caelo
1502 460 1621 490 nimbos.
1644 461 1727 490 Ovid.
1742 472 1765 491 1.
1779 461 1849 491 Met.
1860 465 1924 491 261.

1258 496 1414 525 Demittere
1427 498 1529 527 imbres
1541 498 1617 527 caulo.
1642 499 1726 528 Ovid.
1742 509 1767 528 2.
1781 500 1848 528 Met.
1864 508 1926 533 310.

1258 533 1418 562 Describere
1430 542 1535 564 meatus
1544 536 1602 564 caeli
1612 536 1698 565 radio.
1721 537 1792 573 Virg.
1806 541 1831 566 6.
1844 536 1905 566 AEn.
1920 543 1984 572 850.

1258 569 1411 600 Detrahere
1423 572 1458 600 de
1469 572 1545 601 caelo.
1585 573 1643 602 Cic.
1658 584 1683 603 2.
1696 574 1813 611 Philipp.
1830 584 1890 610 107.
1923 575 2065 611 Collegam
2077 575 2191 613 quidem
2203 576 2238 606 de
2249 577 2318 607 caelo
2334 578 2382 609 de.

1280 609 1391 637 traxisti.
1414 610 1431 638 i.
1444 619 1468 638 e.
1492 609 1531 638 Ex
1543 619 1641 646 magna
1656 612 1919 647 gloriadcturbasti,
1941 614 2167 650 inquitssudazus.

1258 645 1490 681 Dignarihonore
1505 647 1563 675 caeli
1576 648 1705 684 aliquem.
1728 650 1812 678 ovid.
1828 660 1850 678 1.
1868 650 1937 679 Met.
1954 660 2014 686 194.

1258 683 1408 726 Discedere
1418 684 1517 726 caelum
1527 685 1635 714 dicitur.
1676 687 1735 716 Cic.
1753 697 1775 716 1.
1790 687 1824 716 dc
1837 687 1927 716 Divin.
1941 699 1985 724 97.
2015 688 2046 717 Et
2064 689 2179 718 deorum
2193 689 2332 720 simulacra
2344 692 2385 721 su-

1277 721 1380 750 davisse
1391 743 1398 756 ,
1421 723 1447 751 δι
1462 723 1621 758 sanguinem
1632 724 1737 753 fluxisse
1748 746 1756 759 ,
1778 727 1802 753 ὁὶ
1814 724 1959 755 disceffiffe
1970 725 2076 756 emlum.
2099 727 2127 756 h.
2143 738 2167 757 e.
2190 728 2306 758 Scissum
2320 730 2385 759 fuis-

1278 758 1305 787 se
1316 761 1341 788 ἃ
1353 767 1478 796 apertum
1488 781 1496 793 ,
1518 761 1543 788 ὁὶ
1555 759 1633 788 velut
1643 761 1747 790 hiatum
1759 761 1861 791 fecisse.

1258 796 1333 825 Dare
1345 796 1465 825 sonitum
1478 796 1555 825 caelo.
1578 797 1649 834 Virg.
1661 808 1685 827 2.
1700 800 1798 835 Georg.
1817 804 1878 833 306.

1258 834 1370 864 Ducere
1381 835 1416 863 de
1428 835 1496 863 caelo
1508 835 1637 864 animam.
1676 836 1735 865 Cic.
1749 846 1798 872 pro
1812 836 1890 866 llosc.
1904 838 1991 867 Amer.
2004 847 2050 875 71.
2071 839 2112 869 Ita
2127 840 2225 870 vivunt
2242 841 2310 871 dum
2326 842 2387 880 pos-

1278 872 1344 901 sunt
1356 893 1366 907 ,
1386 878 1417 901 ut
1429 873 1532 901 ducere
1543 873 1663 901 animam
1676 874 1710 902 dc
1722 873 1790 902 caelo
1802 884 1858 902 non
1874 883 1986 911 queant.

1259 909 1385 977 Efllucere
1394 910 1498 939 molem
1506 909 1576 939 caelo
1587 932 1595 946 ,
1619 911 1637 939 i.
1649 920 1674 940 e.
1697 911 1786 947 Usque
1796 911 1832 940 ad
1842 913 1948 942 caelum.
1973 913 2043 951 Virg.
2058 924 2083 944 2.
2099 915 2160 945 AEn.
2178 919 2240 950 186.
2262 917 2299 947 de
2307 918 2384 955 Equo

1311 957 1416 983 roiano.

1261 985 1365 1015 Efferre
1379 986 1412 1014 ad
1422 984 1521 1015 caelum
1531 985 1652 1022 aliquem
1662 995 1781 1015 rumore.
1802 986 1867 1016 Hor.
1883 997 1906 1016 1.
1918 987 2001 1025 Epist.
2018 998 2060 1018 10.
2071 1000 2098 1025 9.

1262 1024 1288 1054 It
1303 1023 1408 1053 clamor
1419 1023 1487 1053 caelo
1499 1046 1507 1059 ,
1528 1023 1559 1053 In
1571 1023 1678 1052 caelum.
1701 1024 1771 1062 Virg.
1786 1035 1810 1060 ς.
1824 1025 1886 1055 AEn.
1899 1036 1962 1061 451.

1261 1061 1392 1099 Eripiunt
1402 1061 1501 1090 caelum
1517 1060 1606 1090 nubes
1621 1083 1629 1096 ‚
1649 1062 1668 1090 i.
1680 1072 1704 1090 e.
1727 1061 1838 1091 Lucem.
1862 1063 1934 1099 Virg.
1951 1073 1973 1092 1.
1988 1064 2051 1093 ffin.
2065 1074 2109 1100 92.

1268 1099 1420 1136 Exaequare
1431 1099 1500 1128 caelo
1512 1099 1642 1135 aliquem.
1665 1099 1774 1129 Lucret.
1791 1100 1840 1129 lib.
1861 1111 1883 1130 1.
1898 1107 1943 1133 80.

1263 1137 1340 1205 Egiit
1350 1137 1385 1166 ad
1398 1137 1499 1167 caelum
1518 1137 1600 1166 ramis
1617 1136 1748 1167 felicibus
1764 1137 1845 1168 arbos
1856 1161 1864 1175 ,
1885 1139 1903 1169 i.
1916 1148 1941 1168 e.
1963 1137 2091 1169 Excrevit
2109 1140 2243 1171 altiffime.
2274 1142 2345 1181 Virg.
2360 1153 2386 1174 2.

1310 1185 1357 1204 eor
1380 1198 1385 1204 .
1398 1181 1445 1209 81.

1262 1212 1347 1244 Ferre
1360 1185 1394 1242 in
1409 1212 1507 1242 caelum
1519 1234 1527 1248 ,
1548 1222 1599 1250 pro
1618 1211 1705 1242 Valde
1723 1213 1853 1249 laudare,
1873 1214 1902 1243 &
1917 1213 1994 1251 quod
2014 1213 2085 1251 Virg.
2104 1216 2190 1251 dicit,
2214 1217 2294 1248 Fama
2309 1219 2389 1257 super

1281 1252 1383 1281 aethera
1393 1251 1463 1280 ferre
1474 1273 1482 1285 ,
1503 1252 1528 1280 81
1540 1257 1638 1280 notum
1648 1251 1747 1281 facere.
1770 1252 1830 1281 Cic.
1843 1263 1868 1287 4.
1892 1253 1943 1281 titt.
1960 1261 2000 1281 12.
2025 1252 2103 1281 Nosti
2116 1264 2203 1291 genus
2212 1256 2389 1294 dialogorum

1283 1299 1411 1319 meorum
1422 1311 1431 1324 ,
1452 1296 1484 1318 ut
1494 1289 1523 1317 in
1531 1290 1656 1318 oratoriis
1667 1311 1674 1323 ‚
1696 1298 1765 1326 quos
1778 1297 1807 1319 tu
1820 1290 1849 1318 in
1860 1289 1960 1318 caelum
1968 1289 2021 1319 fers
2032 1312 2039 1325 ,
2051 1292 2103 1320 &a

1262 1327 1339 1357 Ferri
1351 1337 1400 1364 per
1410 1327 1509 1357 caelum
1522 1327 1591 1356 lanae
1603 1327 1711 1356 vellera.
1736 1327 1807 1365 Virg.
1822 1337 1845 1356 1.
1859 1327 1960 1365 Georg.
1972 1337 2037 1364 397.

1263 1365 1399 1395 Findetur
1409 1364 1507 1394 caelum
1518 1372 1615 1394 aratro.
1654 1365 1741 1394 Ovid.
1757 1375 1780 1394 1.
1798 1365 1880 1395 Trist.
1892 1374 1918 1401 7.
1935 1374 1959 1402 3.
1984 1365 2166 1396 Proverbialis
2183 1367 2221 1397 est
2241 1374 2389 1406 poetarum

1284 1402 1391 1432 locutio
1402 1404 1437 1432 de
1451 1403 1544 1432 Rebus
1555 1413 1613 1432 non
1623 1401 1815 1433 verisimilibus
1826 1425 1834 1436 ‚
1856 1409 1903 1432 aut
1915 1413 1974 1441 quae
1985 1403 2044 1432 fieri
2054 1411 2207 1442 nequeunt.

1264 1439 1371 1479 Fugere
1383 1441 1499 1476 caelum,
1521 1442 1539 1470 i.
1553 1450 1576 1470 e.
1600 1440 1713 1470 Lucem.
1736 1441 1808 1478 Virg.
1824 1450 1848 1478 3.
1864 1442 1964 1478 Georg.
1977 1450 2042 1477 417.

1265 1478 1387 1510 Immiffa
1396 1479 1464 1509 caelo
1475 1479 1570 1508 sidera.
1595 1478 1667 1516 Virg.
1680 1488 1696 1507 2
1721 1479 1820 1516 Georg.
1836 1487 1898 1515 342.
1920 1479 1997 1509 Caelo
2009 1502 2017 1515 ,
2038 1479 2150 1510 dativus
2162 1503 2170 1517 ,
2191 1479 2222 1510 In
2234 1481 2341 1514 caelum.

1264 1517 1386 1554 Implere
1396 1517 1495 1546 caelum
1506 1516 1652 1554 questibus.
1677 1516 1748 1554 Virg.
1764 1528 1789 1553 9.
1805 1517 1867 1547 AEn.
1879 1522 1942 1553 480.

1263 1554 1381 1586 Inficere
1393 1554 1491 1585 caelum
1500 1555 1550 1585 Iris
1564 1555 1683 1584 dicitur:
1702 1555 1719 1583 i.
1733 1564 1757 1584 e.
1779 1554 1893 1592 Pingere
1905 1556 1931 1585 8(
1942 1553 2078 1585 colorare.
2101 1555 2187 1586 Ovid.
2201 1559 2228 1586 6.
2246 1555 2316 1588 Met.
2327 1561 2373 1596 64.

1361 1593 1460 1630 Qualis
1470 1593 1504 1622 ab
1516 1592 1607 1622 imbre
1619 1592 1689 1621 solet
1701 1592 1842 1630 percussus
1854 1592 1955 1622 solibus
1965 1602 2044 1623 arcus
2057 1615 2066 1629 ,

1358 1631 1476 1661 Inficere
1488 1631 1597 1668 ingenti
1609 1630 1726 1667 longum
1737 1631 1897 1660 curvamine
1905 1631 2014 1660 caelum.

1266 1667 1401 1701 Invadere
1421 1669 1520 1698 caelum
1530 1691 1537 1705 ,
1558 1678 1611 1707 pro
1636 1669 1717 1697 Adire
1735 1668 1836 1698 caelum
1847 1691 1855 1703 ,
1876 1669 1949 1706 quasi
1970 1668 2077 1699 Vadere
2099 1669 2132 1699 in
2150 1669 2260 1701 13111111-
2278 1671 2343 1703 Sen.
2364 1672 2395 1703 in

1287 1708 1370 1737 Herc.
1384 1707 1475 1737 OEth.
1491 1716 1513 1736 1.
1536 1706 1574 1736 de
1588 1706 1759 1736 Animalibus
1771 1707 1799 1735 in
1812 1706 1899 1736 sidera
1907 1708 2031 1737 mutatis.

1265 1743 1364 1782 Irrigat
1375 1745 1473 1775 caelum
1483 1743 1605 1774 candore
1616 1743 1671 1773 Sol.
1691 1743 1799 1773 Lucret.
1815 1744 1863 1773 lib.
1879 1755 1903 1779 ς,
1917 1751 1980 1781 283.

1267 1783 1411 1813 Labuntur
1421 1783 1488 1813 caelo
1497 1782 1588 1812 stellae.
1610 1782 1684 1819 Virg.
1699 1793 1722 1811 1.
1739 1782 1838 1819 Georg.
1853 1786 1918 1819 366.

1267 1820 1384 1851 Ludunt
1394 1821 1524 1851 examina
1531 1820 1609 1850 caelo.
1633 1819 1707 1858 Virg.
1719 1831 1746 1856 4.
1758 1820 1858 1857 Georg.
1874 1829 1933 1856 103.
1946 1821 1984 1850 de
1995 1820 2104 1859 apibus.

1265 1858 1373 1890 minari
1385 1860 1414 1888 in
1423 1858 1521 1889 caelum
1532 1880 1542 1894 ,
1564 1867 1616 1902 1)qu
1627 1856 1758 1902 Eminere
1768 1858 1802 1887 ad
1813 1857 1913 1888 caelum
1926 1859 2021 1896 usque.
2043 1859 2118 1898 Virg.
2132 1869 2156 1890 1.
2174 1859 2236 1891 AEn.
2252 1869 2314 1898 17¹1.

1463 1912 1501 1918 —
1512 1906 1674 1933 geminique
1686 1902 1828 1926 minantur

1347 1932 1381 1964 'ln
1394 1933 1493 1964 caelum
1502 1933 1618 1972 scopuli.
1746 1933 1866 1964 Servius.

1268 1971 1390 2004 Miscere
1401 1973 1499 2002 caelum
1510 1972 1598 2002 terris.
1617 1969 1718 2007 Juven.
1731 1980 1758 2001 2.
1771 1972 1826 2002 Sat.
1842 1981 1887 2007 ²5-

1266 2011 1387 2055 Miscere
1398 2009 1497 2040 caelum
1508 2017 1676 2048 terramque.
1700 2010 1774 2048 Virg.
1789 2020 1812 2040 1.
1830 2009 1892 2040 AEn.
1909 2017 1972 2048 137.
1992 2010 2049 2041 i.e.
2071 2011 2258 2043 'Summaimis
2269 2013 2395 2053 miscere,

1267 2059 1387 2117 1111ᾙὲἱὲ
1399 2049 1581 2130 Effissssssa
1602 2083 1718 2130 Virg.-5.
1737 2084 1798 2116 ffin.
1813 2094 1879 2123 790.

1466 2140 1503 2145 —
1514 2134 1600 2153 maria
1609 2133 1705 2153 omnia
1714 2123 1782 2153 caelo

1364 2159 1494 2197 Miscuit,
1516 2162 1614 2192 IEoliis
1631 2162 1820 2199 nequicquam
1828 2162 1899 2192 freta
1910 2161 2050 2199 procellis.
2088 2161 2109 2192 i.
2123 2172 2147 2193 e.
2168 2161 2247 2195 Mare
2266 2165 2398 2203 usquead

1288 2198 1391 2230 caelum
1405 2200 1535 2230 fluetibus
1546 2199 1656 2229 extulit.

1268 2236 1405 2268 Miscetur
1414 2246 1556 2267 murmure
1563 2237 1673 2267 caelum.
1695 2236 1768 2275 Virg.
1781 2235 1882 2273 4.]Ε1ι.
1897 2239 1956 2267 160.
1983 2236 2146 2276 periphrasis
2156 2239 2195 2269 est
2206 2240 2348 2273 Tonitrus.

1269 2274 1382 2307 Mutare
1393 2275 1501 2306 caelum.
1523 2276 1590 2305 Hor.
1604 2285 1627 2304 1.
1641 2275 1723 2313 Epist.
1739 2284 1782 2305 11.
1793 2284 1839 2312 27.

1310 2351 1315 2357 .
1363 2313 1482 2350 Caelum,
1504 2323 1565 2343 non
1575 2314 1701 2344 animum
1709 2319 1821 2343 mutant
1832 2313 1881 2351 qui
1890 2318 1968 2343 trans
1976 2322 2052 2343 mare
2062 2320 2185 2345 currunt.

1310 2361 1413 2382 ionem.

1268 2362 1503 2427 Ngegaturcaelum
1512 2389 1591 2419 mihi.
1614 2390 1632 2419 i.
1647 2399 1672 2418 e.
1695 2387 1789 2418 Aditus
1801 2388 1831 2417 in
1842 2388 1950 2419 caelum.
1973 2388 2177 2419 Sen.OEtli.v.
2189 2399 2217 2427 7.

1269 2426 1431 2457 Praediscere
1443 2428 1503 2457 caeli
1516 2437 1624 2457 morem
1635 2426 1750 2457 varium.
1791 2426 1864 2463 Virg.
1881 2436 1903 2456 1.
1921 2428 2021 2464 Georg.
2035 2437 2079 2461 51.
2101 2428 2130 2457 h.
2142 2437 2166 2457 e.
2188 2435 2220 2458 ut
2230 2429 2339 2460 Servius
2352 2441 2398 2462 ex.

1289 2467 1388 2504 ponit,
1411 2466 1502 2495 Debes
1512 2465 1572 2495 caeli
1585 2487 1594 2501 .,
1615 2465 1645 2494 id
1664 2464 1702 2494 est
1720 2463 1790 2494 aeris
1809 2464 1973 2502 qualitatem
1983 2464 2077 2498 nosse,
2101 2472 2196 2495 utrum
2214 2466 2318 2505 pluviis
2333 2479 2398 2507 gau.

1288 2504 1370 2539 deat‚
1393 2513 1428 2533 an
1440 2510 1538 2542 tepore
1550 2525 1557 2539 ‚
1579 2503 1625 2533 vel
1635 2503 1747 2540 frigore.

1268 2540 1406 2572 Patettibi
1418 2541 1534 2571 caelum:
1556 2541 1575 2570 i.
1589 2550 1612 2570 e.
1635 2541 1666 2570 ln
1675 2539 1773 2570 caelum
1784 2538 1950 2570 admitteris.
1970 2539 2057 2571 Ovid.
2072 2550 2097 2578 ς.
2113 2539 2181 2571 Fast.
2193 2550 2258 2580 715.

1271 2580 1418 2610 Penetrare
1430 2579 1580 2612 incaelum.
1612 2579 1644 2609 In
1674 2588 1689 2606 Ρ
1699 2588 1713 2607 F.
1721 2587 1741 2607 Ν
1750 2588 1764 2607 11
1773 2587 1792 2607 T
1802 2588 1819 2607 R
1829 2588 1856 2607 ο.

1267 2616 1390 2647 Petimus
1402 2617 1500 2647 caelum
1518 2617 1607 2655 ipsum
1619 2615 1741 2646 stultitia.
1762 2616 1781 2645 i.
1794 2626 1820 2645 e.
1843 2614 2021 2646 Affec'tamus.
2044 2615 2113 2647 Hor.
2129 2627 2152 2647 1.
2166 2618 2256 2649 Carni.
2268 2628 2294 2656 3.
2309 2626 2353 2656 38.

1268 2656 1371 2685 Potens
1380 2655 1448 2685 caelo
1456 2654 1606 2691 ereboque.
1628 2654 1701 2692 Virg.
1713 2657 1739 2683 6.
1755 2653 1816 2683 AEn.
1831 2662 1895 2690 247.
1914 2654 1963 2683 Sic
1972 2662 2055 2684 vocat
2066 2655 2200 2686 Hecaten.

1268 2693 1510 2723 Recluditcaelum
1522 2693 1611 2721 aeitiva
1621 2692 1702 2728 luce;
1725 2691 1759 2720 de
1770 2691 1835 2721 Sole
1845 2692 1936 2729 inquit
1949 2692 2019 2729 Virg.
2032 2704 2058 2728 4.
2072 2693 2172 2731 Georg.
2189 2703 2231 2729 52.

1269 2732 1370 2798 Rligare
1384 2731 1486 2761 caelum
1503 2730 1552 2760 Sol
1568 2730 1689 2766 dicitur,
1709 2729 1785 2767 quasi
1804 2729 1938 2760 Flammis
1954 2731 2055 2760 caelum
2075 2731 2265 2770 conspergere.
2289 2732 2397 2764 Lucret.

1303 2771 1339 2799 ib.
1357 2781 1383 2804 4-
1394 2778 1458 2805 203.

1269 2806 1362 2838 Ruere
1377 2807 1486 2836 caelum.
1524 2804 1591 2835 Ter.
1606 2802 1708 2835 Heaut.
1721 2815 1748 2841 4.
1759 2814 1786 2835 2.
1796 2815 1841 2835 21.
1864 2805 1944 2843 Quid
1955 2805 2067 2836 firedeo
2081 2808 2116 2836 ad
2128 2807 2192 2837 illos
2202 2830 2210 2843 ,
2228 2809 2395 2846 quidicunt,

1289 2845 1370 2881 Quid
1379 2846 1398 2874 li
1408 2854 1485 2875 nunc
1497 2850 1558 2874 ruat
1567 2843 1686 2874 caelum?
1708 2843 1886 2874 Proverbialis
1906 2843 2015 2874 locutio
2035 2845 2071 2875 de
2090 2845 2143 2883 iis,
2164 2846 2212 2884 qui
2228 2847 2349 2878 inaniter
2361 2849 2395 2877 ti-

1289 2889 1378 2913 ment.
2195 2893 2197 2899 ·

1269 2920 1404 2951 Serenare
1415 2919 1515 2950 caelum
1523 2942 1532 2956 ,
1550 2918 1681 2958 ,Iuppiter
1690 2919 1802 2950 dicitur.
1824 2918 1898 2958 Virg.
1911 2928 1935 2950 1.
1947 2919 2010 2951 AEn.
2021 2929 2088 2957 ²59·

1269 2959 1387 2989 Servare
1398 2959 1433 2988 de
1444 2958 1523 2988 caelo.
1564 2958 1596 2988 ln
1617 2967 1629 2987 s
1641 2968 1654 2986 a
1662 2968 1679 2986 13.
1688 2968 1707 2987 v
1715 2968 1742 2987 o.

1270 2997 1387 3027 Solvere
1397 2997 1497 3026 caelum
1507 2997 1536 3025 in
1547 3001 1654 3026 tartara.
1678 2995 1806 3033 Virg.12.
1826 2995 1888 3026 AEn.
1901 3004 1967 3031 ²05·

1467 3049 1504 3054 -—
1512 3034 1530 3063 ii
1541 3033 1673 3064 tellurem
1680 3033 1810 3063 effundat
1820 3034 1849 3063 in
1860 3034 1949 3063 undas

1362 3071 1479 3102 Diluvio
1489 3072 1607 3102 miscens
1616 3093 1624 3107 ,
1645 3072 1781 3102 caelumve
1791 3073 1821 3101 in
1832 3078 1931 3101 tartara
1941 3068 2033 3101 solvat.

1271 3111 1403 3150 Spectare
1414 3110 1522 3139 caelum.
1545 3110 1633 3140 Ovid.
1647 3120 1688 3139 10.
1698 3109 1767 3139 Met.
1783 3120 1845 3146 140.

1270 3150 1388 3188 Sperare
1397 3147 1516 3184 caelum,
1538 3148 1666 3192 Honores
1678 3148 1806 3178 caelestes.
1828 3147 1900 3190 Virg.
1912 3157 1938 3182 4.
1950 3145 2047 3205 Gegrg.
2060 3153 2123 3183 ξας.

1270 3222 1429 3255 Subrubere
1440 3183 2008 3258 caeluxiiiutli‘idiiggaegiiiidipzirilriiidtilj3³32..

1270 3262 1428 3292 Succedere
1442 3262 1511 3291 caelo
1521 3284 1529 3296 ,
1551 3261 1649 3291 Subire
1660 3261 1767 3291 caelum.
1791 3261 1862 3297 Virg.
1876 3271 1902 3296 4.
1915 3259 2014 3296 Georg.
2027 3267 2091 3295 2²7-

1273 3300 1351 3330 Sum.
1365 3300 1396 3329 ln
1408 3300 1477 3330 caelo
1487 3300 1552 3335 effe,
1565 3309 1615 3338 pro
1626 3299 1780 3329 Hominum
1793 3298 1922 3327 laudibus
1932 3307 1965 3326 ac
1975 3296 2122 3334 praeconiis
2135 3297 2257 3327 maxima
2267 3298 2299 3328 in
2310 3300 2395 3338 gloria

1291 3338 1400 3368 versari.
1423 3337 1483 3368 Cic.
1494 3348 1519 3367 2.
1534 3340 1638 3372 Attii).
1662 3337 1780 3367 Bibulus
1790 3336 1819 3365 in
1829 3335 1899 3365 caelo
1911 3335 1959 3369 est,
1971 3345 2025 3364 nec
2036 3343 2120 3378 quare
2135 3334 2211 3365 scio:
2230 3336 2327 3368 sedita
2335 3339 2395 3369 ilau-

1290 3376 1382 3411 datur,
1401 3376 1475 3413 quasi
1547 3375 1626 3405 Unus
1641 3375 1728 3404 homo
1742 3374 1823 3403 nobis
1834 3372 1994 3402 cunctando
2005 3373 2122 3402 restituit
2130 3382 2200 3402 rem.

1273 3413 1416 3452 Suspicere
1426 3414 1535 3443 caelum.
1558 3413 1631 3450 Virg.
1647 3422 1670 3442 1.
1687 3413 1786 3449 Georg.
1799 3420 1859 3447 375.

1469 3467 1506 3471 —
1518 3459 1565 3480 aut
1575 3450 1677 3480 bucula
1689 3449 1787 3479 caelum

1366 3489 1526 3527 Suspiciens
1537 3511 1544 3523 ,
1566 3488 1668 3526 patulis
1680 3487 1799 3524 captavit
1811 3484 1924 3514 naribus
1937 3493 2025 3514 auras.

1274 3527 1388 3558 Tollere
1399 3537 1498 3556 manus
1506 3527 1541 3556 ad
1552 3527 1660 3556 caelurn.
1681 3525 1747 3554 Hor.
1760 3534 1785 3552 2.
1802 3524 1888 3552 Serm.
1901 3534 1925 3558 ς.
1937 3532 1982 3559 97.

1276 3565 1367 3603 Tangi
1381 3566 1415 3594 de
1425 3565 1495 3594 caelo
1507 3565 1638 3593 dicuntur
1650 3562 1776 3592 Fulmine
1787 3559 1918 3598 percussa.
1943 3560 2013 3598 Virg.
2029 3570 2053 3590 1.
2064 3558 2142 3592 Eccl.
2157 3570 2201 3599 17.

1358 3604 1398 3633 De
1409 3603 1476 3633 caelo
1486 3604 1571 3631 tactas
1579 3601 1695 3630 memini
1704 3599 1854 3637 praedicere
1864 3607 1990 3635 quercus.
2082 3599 2193 3629 Afflaetac
2201 3598 2334 3632 &leviter
2343 3602 2396 3633 ful-

1296 3640 1414 3672 minatas
1429 3641 1547 3677 exponit
1557 3639 1674 3668 Servius.

1277 3678 1409 3709 Tendere
1418 3679 1452 3707 ad
1462 3678 1559 3707 caelum
1568 3677 1676 3705 lumina
1687 3697 1696 3710 ,
1717 3674 1896 3712 Suspicerein
1905 3672 2013 3704 caelurn.
2042 3672 2118 3713 Virg.
2130 3684 2157 3705 2.
2169 3675 2232 3707 AEn.
2245 3687 2312 3715 4ος.

1275 3716 1408 3747 Tendere
1417 3716 1486 3744 caelo
1496 3715 1619 3752 palmas.
1642 3713 1681 3742 Ad
1694 3713 1802 3742 caelum.
1825 3712 1897 3748 Virg.
1910 3721 1935 3741 2.
1947 3712 2010 3741 IEn.
2024 3715 2089 3747 688.

1277 3754 1388 3785 Tenere
1399 3753 1498 3783 caelum
1509 3774 1517 3785 ,
1538 3761 1589 3789 pro
1602 3750 1661 3780 Effe
1672 3751 1700 3779 iri
1712 3750 1789 3779 caelo.
1813 3749 1897 3779 Ovid.
1909 3759 1934 3778 2.
1946 3749 2017 3780 Met.
2029 3759 2092 3788 513.

1471 3806 1508 3810 —
1519 3798 1570 3826 pro
1580 3798 1625 3818 me
1634 3794 1712 3817 tenet
1721 3787 1805 3817 altera
1815 3787 1925 3816 caelum.

1276 3828 1373 3859 Tonat
1383 3833 1463 3866 porta
1473 3827 1541 3856 caeli.
1585 3827 1658 3862 Virg.
1673 3835 1696 3861 3.
1709 3826 1885 3863 Georg.261.
1908 3824 1990 3854 Porta
2007 3824 2091 3861 caeli,
2111 3825 2130 3856 i.
2152 3836 2178 3857 e.
2210 3827 2261 3858 'Iler
2277 3829 2401 3860 nubibus

1298 3867 1412 3903 plenus,
1434 3875 1484 3903 per
1496 3864 1638 3901 quemiter
1652 3864 1681 3892 in
1696 3863 1794 3892 caelum
1805 3863 1851 3892 est.

1275 3903 1422 3941 Torquere
1434 3902 1535 3933 caelum
1545 3902 1619 3938 apud
1631 3909 1728 3939 poetas
1739 3900 1821 3930 solius
1832 3900 1870 3930 est
1878 3899 1964 3935 Jovis.
1986 3899 2060 3938 Virg.
2070 3911 2096 3937 4.
2109 3901 2171 3932 AEn.
2184 3907 2248 3938 269.

1471 3955 1509 3962 —
1519 3940 1620 3969 caelum
1640 3941 1667 3969 6<
1679 3946 1762 3969 terras
1772 3940 1819 3976 qui
1831 3939 1947 3968 numine
1959 3945 2080 3977 torquet.
2175 3940 2321 3979 Torquet,
2343 3943 2360 3971 i.
2374 3952 2399 3972 e.

1821 3976 1846 4004 C
1855 3985 1871 4006 c
1881 3985 1897 4006 c
1918 3985 1930 4012 3
2307 3979 2402 4017 Regit,

2264 2317 2285 2346 i.
2297 2327 2323 2348 e.
2346 2318 2400 2349 Re.
