2600 4177
0 2357 5 2373 0
2 2315 9 2330 a
0 2290 3 2295 -
0 2216 5 2257 u.-

0 3862 22 4070 -aeakffs-ae
0 3826 14 3843 ί-

492 105 520 147 {³2
618 112 653 145 Ο
748 111 775 146 F,

97 201 125 230 ‘o-
139 202 144 221 'x
163 197 329 227 msiocabqt
343 218 351 230 ,
372 201 403 225 ut
419 193 483 222 inde
503 193 633 228 questum
654 193 756 222 faceret
770 193 857 225 pluris
878 194 905 221 in.
925 193 1058 222 {irminam
1080 192 1209 222 locando.

100 232 275 273 Ulpianinl.
287 235 313 263 Si
327 243 398 262 vero,
410 233 430 268 (j
445 232 489 259 sed
507 233 531 260 ὃ(
544 231 637 267 siquis.
655 230 685 260 D.
701 232 735 258 de
753 227 795 259 his
809 232 853 266 qui
868 232 1029 263 (la-iecerunt
1046 232 1087 260 vel
1106 230 1211 258 effurie-

100 283 165 302 runr
178 295 185 306 ‚
207 274 233 301 Si
247 272 305 307 quis
316 269 526 300 coenaculariam
542 277 673 296 exercens
685 269 826 296 modicum
839 269 883 297 libi
900 269 1047 305 hospitium
1060 268 1211 307 retinuerit,

101 311 237 339 residuum
252 309 381 337 locaverit
395 306 518 343 pluribus
531 328 537 337 .
559 315 656 333 omncs
671 305 840 334 tenet-,untur
859 306 928 341 quas«.
946 309 973 335 in
993 306 1046 335 hoc
1065 309 1211 334 coenaculo

100 346 272 376 habitantes.
295 346 368 373 unde
379 344 496 379 ejectum
508 342 659 370 efl‘nsumve
671 343 716 370 est.
758 343 786 371 V.
810 344 890 372 etiam
907 343 981 372 Alex.
996 341 1029 372 ab
1042 343 1118 372 Alex.
1131 351 1154 375 ι.
1170 352 1210 375 ¹⁴·

63 386 150 416 Coeu
163 386 173 412 ῑ
188 393 225 410 1⁴0
237 405 245 416 ‚
265 386 318 410 are.
342 382 507 416 Frequenter
520 389 637 408 coenare.
679 380 771 414 Cic-9.
787 381 859 411 Fam.
872 390 897 418 7.
928 383 1021 417 ltaque
1041 390 1100 410 non
1119 379 1212 409 desino

102 421 176 459 apud
187 420 259 452 istos,
276 420 320 453 qui
333 428 406 447 nunc
416 418 603 451 dominantur,
625 418 768 446 coenitare.

102 459 134 489 In
150 457 261 494 publico
274 456 413 484 coenitare.
438 455 511 484 Suet.
524 455 552 483 in
564 455 668 484 Neron.
684 465 744 491 cap.
758 466 802 491 27.

101 495 208 525 Eodem
216 500 339 529 argi-nto.
382 493 446 521 Plin.
462 492 510 521 lib.
524 500 566 527 33.
579 502 639 529 cap.
655 502 694 520 ιι.
718 493 877 522 Invenimus
890 492 994 529 legatos
1007 491 1214 527 Carthaginien-

120 533 189 562 ‘fiunt
202 531 297 559 dixisse
308 553 315 563 ,
338 528 436 559 Nullos
448 530 594 558 hominum
604 530 752 566 benignius
767 532 837 559 inter
852 532 878 559 se
890 532 980 559 vivere
991 553 998 564 ,
1021 540 1101 567 quam
1115 530 1215 558 Roma-

121 578 181 599 nos.
221 568 323 597 Eodem
333 568 407 596 enim
419 574 531 605 argento
541 568 616 604 apud
628 577 724 596 omnes
743 568 913 598 coenitavisse
931 569 1010 606 ipsos.
1051 569 1069 597 i.
1085 578 1110 597 e.
1131 566 1214 596 Com-

120 606 197 636 muni
209 606 279 634 inter
290 615 386 634 ornnes
396 627 404 638 ,
425 605 469 634 seu
482 606 600 634 invicem
616 605 805 634 commodato.

102 644 241 674 'Coenitare
251 642 324 672 foris.
366 642 423 671 Cic.
437 652 461 678 7.
478 643 550 672 Fam.
568 647 610 672 16.
632 643 688 679 Ego
709 642 805 672 fifcris
825 644 1006 678 coenitarem,
1028 643 1078 672 Cn.
1095 641 1213 671 octavio

120 681 246 710 familiari
256 688 304 709 tuo
316 690 371 708 non
385 680 537 709 defuissem.

102 719 251 749 Sedentem
274 719 406 746 coenitare
431 728 494 746 curn
511 717 656 754 aliquibus.
696 716 784 746 Valet.
806 717 881 746 Max.
900 718 948 748 lib.
961 728 985 748 2.
1001 727 1023 746 r.
1036 727 1061 746 2.
1092 717 1214 747 Feminae

121 766 184 786 cum
201 756 263 784 viris
275 755 439 785 cubantibus
451 755 576 785 sedentes
587 755 765 784 monitabant.

101 794 198 824 Solum
210 794 350 822 coenitare.
391 794 466 823 Suet.
480 794 588 831 August.
601 803 662 831 cap.
675 797 719 829 76.
750 791 799 821 Vel
819 793 879 831 post
896 791 1036 822 dimissum
1052 792 1214 822 convivium

121 831 191 860 solus
203 831 363 860 coenitabat.

65 869 122 899 Coe
131 879 149 898 Ν
161 872 176 897 K
188 878 206 896 ‘r
216 871 231 897 ῠ
242 878 257 896 a
267 880 274 896 r
284 878 300 897 o
312 891 319 902 .
342 873 389 898 ire.
413 868 520 906 Cupere
532 877 652 898 coenare.
676 867 797 898 Martial.
810 867 858 897 lib.
871 878 912 898 11.
924 873 968 905 78.

195 905 351 935 Coenaturit
366 907 477 935 Vacerra
488 929 495 939 .
517 916 574 935 non
588 906 728 935 cacaturit.

67 944 152 974 Coen
163 953 252 978 aun„
275 944 496 973 Promontorium
509 944 620 973 Euboeae
637 942 794 981 Pomponio
811 943 893 973 Melae
904 966 911 979 ‚
933 943 980 973 lib.
991 952 1017 973 2.
1028 951 1054 980 7.
1093 942 1149 973 Sed
1165 941 1215 972 Ce-

50 983 57 1011 l
103 991 193 1010 naeum
203 980 380 1011 scribentium
393 992 417 1018 q.
437 981 467 1011 V.

68 1019 124 1049 Coe
135 1028 203 1047 noa
214 1029 277 1048 run
289 1041 296 1053 ,
314 1020 332 1047 i.
354 1030 380 1048 n.
404 1018 558 1055 [κοινά-ᾖον]
579 1018 668 1048 Locus
683 1018 731 1047 ubi
749 1019 906 1048 communis
921 1019 976 1048 vita
992 1018 1112 1048 ducitur.
1154 1017 1216 1048 Vox

102 1056 140 1093 est
147 1056 332 1086 ecclesiastica.
371 1057 402 1086 V.
425 1057 514 1086 Barth.
528 1057 563 1085 ad
575 1056 679 1085 Briton.
689 1057 809 1085 Aremor.
821 1068 847 1093 p.
860 1066 923 1093 745·
944 1059 970 1086 ἅ
988 1056 1143 1094 Hortinger.
1153 1066 1217 1086 ana.

103 1093 165 1123 lest.
178 1104 205 1131 p.
216 1103 260 1123 22.
274 1093 328 1131 seq.
376 1094 474 1124 Latine
490 1094 665 1123 Consortium
678 1093 793 1123 reddere
807 1094 881 1123 licet.

66 1132 125 1161 Coe
135 1141 202 1160 Noa
213 1141 277 1160 1TA
290 1153 298 1167 ,
320 1142 350 1161 ae.
372 1142 395 1161 c.
419 1132 523 1168 [Quasi
545 1141 581 1161 ex
600 1132 645 1161 Gr.
670 1131 794 1159 κσινοζίτκς
805 1154 813 1166 ,
835 1132 910 1169 quod
926 1138 1019 1161 tamen
1031 1142 1089 1160 non
1099 1130 1216 1168 legitur,

103 1179 187 1206 quum
202 1170 294 1206 potius
311 1168 436 1199 ,ςιινάέιῶι
456 1170 609 1199 dicendum
628 1170 686 1203 sit]
726 1169 783 1205 Qui
794 1170 821 1199 in
839 1168 970 1199 coenobio
984 1170 1062 1199 vivit.
1101 1170 1215 1199 Hieron.

102 1207 186 1244 Epist.
199 1216 243 1236 22.
259 1208 292 1236 ad
305 1202 431 1237 Eustoch.
443 1207 478 1237 de
488 1207 592 1237 custod.
605 1207 758 1244 Virginitat.
771 1217 830 1245 cap.
847 1218 888 1242 ις.
911 1207 977 1237 Tria
990 1208 1088 1238 suntin
1097 1208 1216 1245 ffigypto

103 1254 203 1281 genera
216 1245 427 1274 monachorum.
464 1246 585 1274 Primum
597 1245 752 1274 Coenobitae
763 1267 771 1279 ,
793 1246 868 1281 quod
886 1245 926 1275 illi
942 1246 1036 1275 Sauses
1053 1247 1149 1283 gentili
1164 1247 1219 1275 lin-

100 1291 281 1349 {ualvffiqany
303 1293 354 1312 nos
375 1285 403 1312 in
426 1283 571 1313 communi
590 1284 730 1319 viventes,
751 1282 894 1321 polsumus
917 1284 1057 1322 appellare
1067 1306 1075 1320 ‚
1092 1285 1143 1314 διο.
1183 1283 1216 1313 V.

126 1329 147 1348 ae
161 1341 166 1347 .
227 1331 242 1348 o
267 1345 271 1350 .
288 1331 330 1350 rc.
362 1343 367 1349 .

65 1356 243 1392 Coemvm‚vel
253 1332 492 1395 ροῑὶυδῒῖιῑΝυΜῄ.
503 1368 530 1387 n.
541 1357 696 1394 [βόςῗοςῶι]
707 1357 807 1388 Lutum
818 1358 1216 1397 dicitur.Plin.lib.14.cap.22.

103 1395 144 1425 Ad
154 1395 214 1425 haec
225 1397 366 1432 pertinent
376 1397 527 1434 peregrinae
539 1396 762 1431 exercitationes,
775 1398 800 1426 84
810 1397 942 1426 volutatio
953 1398 981 1426 in
993 1406 1086 1428 coeno.
1108 1397 1139 1427 V.
1163 1407 1219 1425 na-

101 1436 178 1462 ?Ha.
219 1434 278 1462 Cic.
291 1445 318 1469 4.
334 1433 415 1463 Tusc.
430 1444 472 1469 5¹·
494 1434 540 1463 Sic
557 1433 583 1462 se
602 1433 694 1462 dicere
706 1444 804 1464 onmes
821 1435 915 1464 stultos
937 1435 1072 1472 insanire,
1093 1440 1124 1465 ut
1145 1434 1218 1464 'male

103 1470 178 1500 olere
189 1481 271 1500 omne
281 1481 403 1502 coenum.
426 1472 494 1501 Hor.
506 1481 532 1501 2.
543 1471 630 1501 Serm.
643 1481 669 1507 7.
681 1481 727 1507 27.
835 1488 873 1494 —
887 1475 912 1503 S.-
921 1472 1024 1509 haeres,

194 1509 386 1546 Nequicquam
404 1519 488 1538 coeno
500 1510 616 1546 cupiens
629 1509 750 1539 evellere
761 1509 895 1548 plantam.

103 1546 181 1576 Odor
189 1547 262 1576 coeni
274 1548 369 1582 gravis.
392 1547 464 1581 Virg.
476 1558 501 1580 4.
516 1547 615 1584 Georg.
627 1558 672 1583 49.

103 1584 256 1614 Decot‘tum
272 1595 393 1614 coenum.
434 1586 509 1614 Curt.
522 1597 548 1620 4.
563 1595 585 1621 3.
595 1594 640 1620 25-
663 1584 783 1622 Clypeos
793 1595 857 1614 vero
868 1595 960 1615 aeneos
974 1585 1064 1615 multo
1082 1585 1146 1622 igne
1161 1591 1218 1614 tor-

120 1622 234 1658 rebant,
258 1633 327 1659 quos
334 1622 454 1660 repletos
466 1624 572 1653 fervida
579 1632 677 1659 arena,
699 1632 836 1661 coenoque
848 1624 978 1659 decocto.
999 1634 1015 1653 e
1029 1625 1115 1654 muris
1126 1623 1216 1653 subito

122 1660 316 1690 devolvebant.

102 1697 293 1728 Inelut‘ttibile.
315 1698 382 1728 Stat.
392 1709 418 1735 9.
433 1697 522 1728 Theb.
537 1708 598 1734 502.

194 1736 258 1765 Huc
268 1737 351 1766 undae
367 1743 487 1772 coeunt,
509 1739 535 1766 &
545 1735 722 1766 ineluctabile
732 1744 855 1767 coenum.

103 1773 209 1804 Tenax.
231 1774 329 1804 Claud.
343 1785 368 1804 2.
383 1775 412 1803 in
422 1774 536 1813 Eutrop.
552 1784 616 1810 443·

103 1841 118 1845 ,,
195 1812 244 1841 Per
252 1813 321 1841 vada
331 1812 457 1850 reptabat
466 1822 550 1842 coeno
558 1812 675 1842 'subnixa
684 1812 783 1842 tenaci.
1095 1844 1097 1846 ,

102 1846 236 1880 Dividere
247 1859 364 1879 caenum.
406 1850 477 1879 Flor.
489 1856 513 1886 3.
530 1859 571 1887 17.
583 1855 608 1880 6.
633 1850 714 1879 Extat
734 1860 787 1879 vox
805 1850 887 1887 ipsius
898 1871 905 1885 ,
926 1848 1005 1879 Nihil
1015 1848 1043 1880 se
1051 1850 1085 1880 ad
1094 1849 1217 1887 largitio.

122 1897 188 1916 nem
200 1887 248 1918 ulli
260 1887 397 1925 reliquisse
410 1910 418 1922 ‚
438 1889 487 1917 nisi
498 1888 515 1917 si
527 1888 587 1925 quis
595 1894 641 1917 aut
651 1898 759 1918 caenum
773 1888 896 1917 dividere
907 1888 1011 1923 vellet,
1031 1895 1078 1917 aut
1088 1887 1196 1918 caelum.

102 1925 135 1955 In
143 1926 263 1992 teiielbigs
277 1928 302 1955 ἃ
312 1936 395 1955 coeno
405 1925 497 1961 volvi,
519 1936 570 1965 pro
587 1926 678 1955 Vitam
690 1927 789 1963 degere
799 1926 934 1955 humilem
953 1927 979 1956 δι
993 1925 1141 1956 sordidam.
1163 1926 1216 1956 Lu-

121 1971 187 1992 cret.
219 1974 226 1992 1
250 1987 255 1993 .
268 1973 291 1997 3.
344 1986 350 1993 .

195 2000 245 2037 Ipsi
256 2001 282 2030 se
294 1973 455 2031 ir71⁷tenebris
464 2002 538 2031 volvi
551 2023 560 2037 ‚
580 2010 719 2038 coenoque
731 2008 890 2038 queruntur.

103 2037 242 2074 Coenum,
264 2040 301 2068 de
318 2039 438 2069 Homine
451 2040 524 2078 turpi
536 2061 543 2074 ,
565 2049 615 2078 per
634 2039 835 2077 metaphoram.
875 2039 933 2069 Cic.
942 2049 993 2077 pro
1007 2038 1101 2069 Domo
1111 2047 1155 2076 47.
1188 2038 1215 2068 O

122 2087 237 2107 coenum
246 2099 254 2112 ‚
275 2077 292 2105 ὁ
308 2084 467 2114 portentum
479 2099 486 2112 ,
508 2078 525 2106 ὁ
536 2077 639 2106 scelus!

101 2114 188 2146 Labe's
201 2121 284 2152 atque
295 2124 418 2145 coenum.
459 2116 516 2145 Cic.
528 2125 579 2153 pro
590 2116 664 2145 Sext.
677 2125 719 2144 10.
742 2114 840 2145 Habeo
851 2124 933 2152 quem
945 2120 1087 2153 opponam
1098 2109 1154 2144 labi
1165 2113 1218 2150 illi,

121 2162 148 2183 at
168 2164 202 2183 ue
211 2163 305 2182 coeno.

66 2164 197 2222 Coeuqos
208 2201 246 2220 us
259 2213 268 2226 ‚
287 2201 320 2225 a,
343 2200 399 2221 um.
421 2191 481 2226 Adj.
504 2188 692 2227 [eoggagdhe]
713 2191 812 2221 Plenus
831 2200 923 2221 creno.
954 2197 1000 2225 ut,
1020 2190 1108 2220 Lacus
1123 2200 1219 2220 coena¹

102 2226 156 2259 sus.
198 2227 335 2258 Columel.
349 2228 398 2258 lib.
410 2238 435 2265 7.
449 2239 510 2266 cap.
526 2239 587 2265 ¹05-
607 2229 668 2259 Nec
680 2228 734 2258 ulla
743 2239 773 2258 re
788 2230 873 2266 magis
890 2225 1010 2267 gau'dffh
1031 2238 1114 2266 quam
1133 2228 1197 2259 rivis
1208 2250 1219 2264 ‚

105 2275 187 2304 atque
201 2266 314 2296 coenoso
325 2266 384 2296 lacu
396 2266 523 2296 volutari.

105 2306 236 2342 Compar.¹
254 2312 306 2340 ut,
329 2304 429 2341 Liquor
444 2304 589 2334 coenofior.
609 2304 696 2333 Solin.
744 2315 771 2341 p.
785 2307 830 2333 62.

70 2342 124 2373 Coe
134 2353 153 2371 N
164 2354 180 2372 o
189 2353 201 2372 s
211 2352 249 2371 us
269 2343 365 2372 Portus
374 2364 382 2377 ‚
404 2339 534 2378 [πηλώὲὶις
546 2343 640 2377 λιμὸν]
660 2314 746 2372 susti.
771 2342 816 2371 lib.
831 2352 856 2379 7.
877 2342 937 2372 Post
959 2342 1126 2372 Orchinium
1138 2364 1146 2376 .,
1178 2342 1220 2371 in-

105 2382 180 2416 quit⁷
201 2387 277 2409 extat
296 2377 471 2410 Posidonium
487 2390 519 2410 ac
538 2380 703 2410 Buthrotum
720 2381 749 2409 in
765 2387 861 2418 portus
880 2391 927 2410 ore
946 2381 1113 2416 conditum,
1132 2389 1220 2418 quem

104 2417 253 2448 Coenosum
267 2418 416 2456 appellant.

69 2455 296 2487 Gomosmms
308 2478 315 2491 ,
336 2457 396 2485 atis.
418 2456 437 2486 f.
467 2455 629 2492 Fulgentius
649 2456 678 2484 in
695 2455 837 2492 Virgilian.
855 2456 1027 2485 continentia
1046 2466 1074 2493 p.
1088 2459 1150 2489 156.
1172 2456 1218 2486 ed.

107 2495 207 2524 Munk.
230 2494 262 2524 In
270 2493 441 2532 ‘temporales
452 2495 565 2532 gurgitis
576 2494 748 2523 coenositates
758 2504 923 2532 morumque
934 2494 1105 2523 faeculentias
1116 2494 1218 2524 transit.

71 2532 127 2563 Coe
136 2543 154 2561 N
166 2543 183 2562 u
195 2542 260 2561 Lan
270 2542 289 2560 T
299 2543 315 2561 u
325 2541 337 2561 s
349 2554 357 2565 ‚
379 2542 394 2561 a
405 2553 413 2567 ,
432 2541 491 2564 um.
512 2532 602 2562 Coeno
617 2531 785 2570 conspersus.
825 2532 944 2562 Tertull.
958 2532 994 2562 de
1008 2532 1092 2562 Pallio
1112 2542 1173 2570 cap.
1190 2542 1217 2568 4.

106 2571 190 2601 Pedes
200 2569 363 2600 coenulenti.

70 2607 94 2638 c
103 2614 130 2638 (e
138 2619 158 2638 N
168 2611 185 2637 ὅ
193 2612 209 2638 {2
218 2618 238 2638 N
250 2618 265 2637 U
274 2619 295 2637 Μ
306 2630 315 2643 s
335 2608 353 2638 i·
376 2617 404 2637 Π·
427 2607 588 2644 [Korama]
610 2607 764 2638 Germaniae
774 2607 838 2637 urbs
848 2607 1004 2637 Ptolemaeo.
1027 2606 1110 2645 vulgo
1124 2607 1222 2635 taum..

74 2659 85 2669 x
101 2647 149 2674 bur
165 2670 171 2676 .

70 2657 166 2715 cor-:g
178 2707 185 2720 ‚
207 2685 244 2713 ivi
262 2685 288 2714 ἃ
306 2683 343 2719 ii,
364 2685 456 2719 itum,
488 2682 601 2720 [σύνειμι
615 2705 622 2718 ,
652 2684 760 2719 comm,
791 2679 964 2720 cvyss'vopeou‚
989 2681 1148 2720 συνέρχεμαα]
1167 2686 1220 2713 ῖιτ.

105 2723 191 2754 Simul
202 2724 242 2752 ire
252 2744 259 2757 ‚
281 2722 439 2751 convenire.
460 2721 602 2751 Ter.Eun.
616 2730 639 2757 3.
649 2732 676 2757 4.
693 2731 716 2751 1.

198 2761 263 2790 Heri
282 2760 388 2796 aliquot
398 2759 597 2789 adolescentuli
617 2761 724 2788 coimus
738 2759 766 2787 in
779 2757 875 2788 Piraeo.
968 2758 1117 2788 Turnebus
1136 2759 1223 2788 inter-

105 2805 247 2837 pretatur,
268 2798 384 2827 Coimus
397 2820 405 2833 ‚
435 2797 453 2827 i.
467 2807 491 2826 e.
514 2797 682 2832 Coenamus,
703 2796 866 2835 epulamur,
886 2797 921 2826 de
942 2795 1073 2835 symbolis
1091 2797 1220 2833 edimus,

107 2836 215 2866 Advers.
229 2846 270 2872 19.
283 2845 325 2870 η.
348 2835 385 2864 Al.
401 2835 526 2865 Coiimus
537 2844 689 2873 perperam.

104 2874 187 2905 Coire
198 2897 206 2909 ,
229 2875 254 2904 ἃ
267 2873 428 2907 Dissultare,
449 2873 592 2903 contraria.
615 2872 721 2902 Lucret.
735 2871 784 2902 lib.
799 2882 823 2908 3.
836 2876 900 2910 396.

197 2912 367 2942 Concursare
378 2934 386 2947 ,
406 2912 480 2941 coire
490 2932 498 2947 ‚
519 2912 545 2940 <Sc
559 2911 697 2940 dissultare
709 2911 836 2940 vicissim.

87 2985 91 2988 q
105 2949 189 2980 Coire
200 2951 236 2980 ad
245 2949 365 2979 morsum
383 2958 489 2979 cornua
500 2948 705 2979 scarabaeorum.
746 2948 814 2978 Plin.
828 2949 875 2977 lib.
892 2952 934 2978 Π.
945 2953 990 2982 28.
1025 2948 1135 2978 Cornua
1153 2958 1223 2986 prae-

79 2985 82 2989 ’
124 2987 227 3025 longa,
248 2987 358 3017 bisulcis
370 2987 484 3017 dentata
495 2987 667 3026 forcipibus,
688 2987 717 3016 in
736 2987 881 3016 cacumine
893 2995 979 3023 quum
993 2985 1076 3017 libuit
1091 2987 1127 3017 ad
1148 2996 1221 3017 mor..

123 3025 183 3055 sum
193 3026 368 3059 coeuntibus.

107 3064 149 3093 Ad
158 3064 252 3093 locum
262 3063 383 3092 solitum.
404 3062 488 3092 Ovid.
500 3073 526 3099 4.
542 3062 611 3092 Met.
627 3067 672 3099 83.

106 3095 138 3131 Ϊη
147 3101 266 3141 aliquem
276 3101 380 3130 locum.
403 3100 462 3130 Cic.
472 3111 498 3138 7.
511 3101 564 3130 Att.
578 3109 604 3136 3.

94 3136 96 3150 '
107 3139 140 3170 In
150 3139 233 3169 iden».
272 3139 336 3169 Sen.
346 3139 394 3169 lib.
403 3148 429 3169 2.
442 3139 477 3168 de
485 3137 580 3168 Benef.
594 3148 655 3177 cap.
667 3147 712 3174 29·
732 3137 766 3168 Et
775 3146 861 3175 quum
872 3134 999 3175 quaedam
1010 3146 1063 3168 nec
1077 3137 1153 3168 coire
1164 3139 1222 3176 qui-

127 3178 230 3207 demin
241 3177 317 3206 idern
327 3183 422 3206 natura
437 3177 566 3214 patiatur.
690 3189 693 3191 “

107 3213 139 3245 In
148 3225 235 3245 unum
246 3215 330 3244 coire.
353 3215 425 3252 Virg.
442 3218 484 3244 ro.
501 3214 564 3245 AEn.
578 3224 642 3250 410.
1199 3228 1207 3231 ι

199 3252 266 3283 Non
286 3252 365 3282 aliter
382 3252 487 3282 socium
506 3253 592 3282 virtus
612 3251 670 3281 coit
691 3251 782 3281 omnis
794 3251 824 3280 in
838 3256 937 3280 unum.
1019 3250 1073 3280 Ubi
1090 3251 1201 3281 Servius
1213 3273 1222 3287 2

126 3291 301 3320 Unanimiter
311 3300 410 3320 omnes
419 3291 526 3320 fortiter
537 3291 651 3320 faciunt.
693 3289 750 3318 Liv.
764 3292 789 3319 6.
804 3299 828 3324 3.
850 3290 948 3325 Neque
967 3287 994 3318 se
1013 3289 1221 3326 conglobandi,

127 3330 302 3366 coeundique
316 3330 343 3357 in
352 3337 454 3364 unum,
474 3334 522 3358 aut
533 3338 607 3357 arma
618 3327 748 3365 capiendi
759 3327 838 3356 datur
847 3327 975 3365 spatium.

108 3364 229 3397 Immitia
239 3367 357 3405 placidis
375 3373 487 3396 coeunt.
530 3366 597 3395 Hor.
607 3366 637 3394 in
646 3366 709 3395 Arte
719 3365 791 3394 Poet.
807 3375 847 3394 12.
888 3363 916 3393 h.
927 3374 951 3393 e.
976 3364 1042 3394 Fera
1057 3366 1085 3395 δι
1101 3364 1224 3395 crudelia

126 3404 330 3435 connet‘tuntur
341 3412 422 3441 atque
432 3405 640 3441 conjunguntur
651 3413 716 3432 cum
727 3403 838 3432 lenibus
851 3412 883 3431 ac
890 3401 1015 3432 mitibus.

109 3441 200 3473 Miltia
209 3443 374 3472 crabronum
385 3449 496 3472 coeunt.
520 3442 604 3471 Ovid.
615 3450 638 3477 3.
654 3442 720 3470 Fast.
732 3450 775 3477 53.
790 3441 824 3469 de
833 3441 928 3470 Sileno
939 3461 948 3476 ,

199 3480 291 3511 Millia
299 3481 467 3510 crabronum
478 3486 583 3509 coeunt
592 3501 600 3512 .
623 3480 648 3509 ἃ
660 3479 763 3508 vertice
773 3479 850 3507 nudo

109 3550 114 3554 ,
237 3518 349 3556 Spicula
358 3517 500 3555 defigunt,
520 3527 624 3554 oraque
634 3518 720 3554 prima
730 3522 838 3546 notant.

109 3555 220 3585 Cornua
227 3555 310 3585 Lunae
318 3563 430 3585 coeunt.
451 3555 534 3585 Ovid.
544 3565 568 3592 7.
582 3556 652 3584 Met.
666 3560 724 3587 1530.

108 3592 159 3623 Par
167 3594 327 3631 paricoeat,
349 3595 540 3631 iungaturque.
563 3593 630 3622 Hor.
643 3603 665 3622 r.
678 3590 758 3629 Epist.
776 3602 800 3627 5.
813 3600 859 3625 25.
1004 3630 1015 3634 ..

111 3630 162 3661 Pus
172 3633 239 3662 coit.
279 3631 348 3661 Cels.
361 3631 409 3661 lib.
420 3642 445 3660 2.
456 3641 515 3669 cap,
527 3636 552 3664 8.
575 3631 637 3659 Sive
648 3631 677 3658 in
687 3639 788 3666 magno
799 3627 917 3659 abscessu
930 3627 1051 3658 multum
1060 3629 1136 3667 puris
1145 3629 1222 3665 coiit,

66 3663 68 3685 ³
113 3670 180 3702 ‚&c.
211 3670 229 3698 i.
242 3679 267 3698 e.
288 3669 449 3703 confluxit,
470 3669 627 3698 Colleftum
639 3668 684 3697 est.

110 3705 206 3773 Rggng
216 3707 283 3773 bin}
293 3717 356 3736 cum
366 3707 478 3745 populis
487 3706 581 3737 coisse.
603 3707 622 3736 i.
636 3715 660 3736 e.
683 3705 723 3735 Ex
730 3704 822 3742 regnis
831 3703 940 3734 duobus
949 3713 1037 3734 unum
1045 3703 1100 3734 effe
1108 3702 1222 3734 sactum.

110 3774 114 3779 ,
157 3746 184 3774 vi
207 3749 250 3774 .6.
285 3746 359 3779 asto
383 3768 389 3773 .

110 3781 225 3819 Sanguis
235 3783 293 3811 coit
303 3757 410 3819 gelidus
417 3781 574 3811 formidine.
596 3778 672 3818 Virg.
686 3789 711 3817 3.
722 3779 784 3810 ffin.
795 3789 839 3817 30.

110 3817 195 3849 Terra
203 3820 261 3849 coit
275 3820 382 3857 frigore.
401 3818 509 3851 Lucret.
520 3819 568 3848 lib.
580 3822 606 3848 6.
618 3824 682 3855 845·

111 3855 198 3887 Undae
207 3865 319 3887 coeunt.
341 3858 407 3888 Stat.
417 3868 442 3892 9.
456 3857 546 3888 Theb.
564 3867 625 3891 50²-
1070 3881 1074 3885 .

111 3894 198 3924 Verba
207 3903 319 3928 coeunt.
335 3896 439 3925 hlutuis
449 3895 539 3925 verbis
551 3895 623 3924 inter
630 3894 735 3931 aliquos
745 3892 920 3923 convenitur.
929 3891 1052 3929 Propert.
1059 3891 1107 3921 lib.
1120 3897 1224 3928 3.13.8.

150 3932 202 3960 Vix
212 3934 327 3963 memini
337 3933 418 3964 nobis
425 3933 507 3964 verba
517 3933 591 3963 coire
602 3932 707 3963 decem.
720 3931 823 3962 i.e.Vix
834 3931 934 3961 decem
943 3929 1027 3960 verba
1035 3929 1159 3967 colloqui
1166 3938 1226 3960 nos.

151 3969 233 4002 Ver..
253 3970 275 4002 I.

89 4007 107 4014 m.

1668 111 1955 149 ²00ss
2348 131 2413 165 555

1303 193 1496 222 Coeuntinter
1505 192 1540 222 se.
1578 193 1643 223 Caes.
1659 203 1682 222 1.
1693 193 1759 223 Bell.
1772 193 1850 223 Civil.
1862 202 1922 230 cap.
1936 203 1980 229 75.
2003 194 2113 231 Reliqui
2125 205 2229 227 coeunt
2240 197 2311 228 inter
2323 200 2365 235 se,
2392 204 2419 232 ἃ

1322 231 1469 295 {spontino
1491 231 1616 268 periculo
1634 232 1776 266 exterriti,
1798 231 1912 260 sinistras
1929 231 1997 269 sagis
2011 232 2159 262 involvunt
2173 256 2180 269 ‚
2203 235 2360 274 gladiosque
2380 241 2422 268 di.

1334 275 1384 295 tim
1408 276 1464 297 Usst.

1302 303 1377 333 Inter
1388 278 1413 333 se
1424 315 1510 335 cornu
1525 312 1636 335 curvata
1647 307 1737 343 capita
1748 312 1871 340 coeunt,
1893 306 1928 334 de
1941 308 2010 335 Arcu
2030 307 2117 337 tenso.
2139 307 2210 347 Virg.
2225 320 2267 340 ιι.
2278 311 2339 342 ffin.
2353 316 2418 347 8⁶0·

1396 342 1473 371 Dixit
1485 365 1492 377 ‚
1515 344 1539 372 S<
1551 351 1644 372 aurata
1655 345 1796 373 volucrem
1811 343 1934 373 Threissa
1944 343 2067 380 sagittam

1395 379 1573 417 Depromplit
1583 381 1709 417 pharetra
1718 403 1726 414 ,
1748 391 1890 418 cornuque
1902 381 2008 410 insensa
2016 382 2146 418 tetendit,

1395 417 1429 446 Et
1441 419 1520 446 duxit
1533 419 1614 453 longe
1628 441 1636 454 ‚
1657 420 1749 449 donec
1761 429 1872 449 curvata
1882 420 1991 449 coirent

1395 454 1469 483 lntcr
1479 455 1504 484 se
1515 456 1615 492 capita.

1304 490 1387 520 Coire
1399 514 1406 526 ,
1430 503 1480 529 pro
1496 492 1632 522 Glutinari
1645 516 1652 528 ,
1675 493 1843 524 Coalescere.
1863 494 1936 532 apud
1949 494 2018 524 Cels.
2033 494 2079 525 lib.
2091 505 2117 526 2.
2130 505 2191 535 cap.
2212 506 2255 527 ιο.
2278 499 2311 528 At
2326 502 2424 533 arteria

1326 528 1426 563 incisa,
1448 540 1538 566 neque
1553 532 1609 559 coit
1623 553 1630 565 ,
1651 542 1741 568 neque
1756 532 1878 561 sanescit.

1305 565 1426 595 Cicatrix
1440 568 1504 596 coit.
1547 568 1631 597 Plaut.
1647 570 1744 606 Amph.
1755 569 1871 608 Suppos.
1882 580 1907 604 4.
1919 581 1946 605 4.
1958 573 2003 606 63.

1361 641 1366 645 ᾖ
1397 605 1482 647 Signo
1495 604 1597 634 eodem
1608 615 1720 644 apparet
1729 607 1814 644 probe
1825 629 1833 641 .,
1855 615 1886 636 ut
1897 609 2018 645 primum
2029 609 2115 638 coivit
2123 610 2237 639 cicatrix
2248 612 2344 642 rusula.

1303 638 1397 670 Facies
1409 651 1436 669 in
1448 643 1598 671 monstrum
1611 645 1677 677 coit.
1689 645 1718 674 ln
1733 645 1845 674 monstri
1858 644 1979 682 speciem
1990 648 2176 684 componitur.
2189 649 2417 687 Sen.Hippol.1o

1305 678 1396 708 Gratia
1407 689 1463 707 non
1475 681 1540 709 coit.
1563 681 1629 710 Hor.
1644 691 1666 711 1.
1682 682 1763 719 Epist.
1779 692 1803 719 3.
1817 692 1859 718 32-
2063 699 2101 705 ——
2114 686 2156 714 An
2169 686 2241 716 male
2253 686 2321 719 sarta
2415 675 2423 685 ⁹

1385 718 1474 745 Gratia
1485 719 1671 755 nequicquam
1682 721 1759 752 coit.
1780 730 1812 750 ac
1821 720 1983 750 rescinditur
1993 721 2007 749 ’ἶ

1304 752 1408 782 Pontus
1423 755 1479 783 coit
1490 756 1590 793 frigore
1602 777 1610 790 ‚
1633 758 1873 794 Concrelcitgelu.
1896 758 1982 787 Ovid.
1994 770 2020 794 4.
2036 768 2070 788 ex
2080 759 2159 791 Pont.
2169 771 2194 796 9.
2206 766 2252 799 85.

1386 791 1508 821 Mentiar
1520 815 1528 827 ‚
1549 803 1583 822 an
1595 801 1675 823 coeat
1688 795 1800 825 duratus
1809 796 1909 832 frigore
1920 804 2031 833 pontus.

1306 828 1378 858 Saxa
1389 831 1464 859 coire
1475 831 1501 858 in
1516 831 1648 861 membra.
1673 831 1792 869 Propert.
1804 832 1854 862 lib.
1869 842 1893 869 3.
1906 843 1932 862 2.
1944 839 1971 863 6.

1385 866 1456 896 Saxa
1473 868 1637 899 Cithaeronis
1649 869 1762 899 Thebas
1773 871 1873 907 agitata
1887 880 1935 908 per
1946 878 2033 902 artem
2045 894 2053 908 ‚

1423 905 1530 943 Sponte
1541 905 1586 935 sua
1600 907 1629 935 in
1640 908 1710 935 muri
1729 909 1853 936 membra
1861 908 1945 938 coisse
1959 910 2062 939 ferunt.

1304 942 1447 974 structura
1456 944 1549 972 coitin
1559 944 1677 973 modum
1690 945 1798 974 carime.
1821 945 1896 975 Curt.
1915 955 1939 981 7.
1953 955 1976 982 3.
1988 957 2014 982 9.
2049 950 2067 978 i.
2084 957 2109 978 e.
2132 949 2321 981 Acuminatur.

1307 978 1428 1010 Vulnera
1438 988 1549 1011 coeunt.
1573 982 1659 1011 Ovid.
1676 992 1698 1011 1.
1712 983 1747 1011 dc
1760 983 1837 1012 l'ont.
1853 989 1930 1019 3.87.

1306 1016 1426 1046 Vulnera
1436 1020 1566 1048 coeuntia
1580 1029 1718 1058 rumpere.
1740 1021 1829 1050 ovid.
1842 1032 1868 1055 4·
1887 1021 2002 1058 Trist.4.
2019 1031 2065 1056 4¹-
2304 1039 2311 1043 -

1305 1054 1388 1098 Coire
1404 1056 1432 1084 in
1443 1056 1616 1087 densitatem.
1658 1056 1726 1088 Plin.
1739 1057 1788 1088 lib.
1802 1067 1846 1095 35.
1860 1068 1921 1097 cap.
1935 1069 1978 1095 15.
1999 1059 2151 1097 spissantur
2167 1061 2227 1092 haec
2245 1070 2377 1103 utraque,
2398 1068 2426 1097 ἀ

1326 1103 1355 1122 1n
1371 1093 1533 1124 densitatem
1547 1101 1658 1124 coeunt.

1306 1130 1389 1160 Coire
1400 1142 1463 1161 cum
1474 1132 1566 1170 aliquo
1583 1133 1754 1170 &conjungi
1767 1155 1775 1168 ‚
1796 1133 1980 1164 Concordare.
2022 1134 2081 1164 Cic.
2096 1146 2118 1164 r.
2138 1137 2191 1166 Att.
2207 1148 2248 1171 14-
2272 1139 2334 1169 Duo
2350 1142 2428 1173 enim

1324 1168 1375 1197 soli
1389 1169 1519 1199 dicuntur
1528 1171 1650 1208 petituri.
1690 1171 1788 1206 Caesar,
1801 1181 1866 1201 cum
1886 1182 1920 1202 eo
1933 1172 2007 1201 coire
2024 1183 2072 1209 per
2085 1174 2190 1204 Arrium
2204 1176 2322 1214 cogitat:
2345 1181 2371 1209 ἃ
2384 1180 2429 1210 Bi-

1326 1206 1418 1242 bulus,
1430 1218 1494 1236 curn
1505 1207 1560 1237 hoc
1572 1209 1597 1237 se
1609 1214 1688 1247 putat
1701 1218 1749 1246 per
1764 1209 1793 1238 C.
1808 1209 1933 1239 Pisonem
1948 1209 2023 1246 posse
2033 1211 2177 1249 conjungi.

1306 1244 1381 1274 'Cum
1391 1245 1446 1275 hoc
1454 1246 1528 1275 coire
1539 1246 1617 1276 ausus
1629 1246 1678 1276 es?
1698 1246 1756 1276 Cic.
1770 1247 1828 1276 Post
1838 1248 1894 1277 red.
1905 1249 1933 1277 in
1945 1248 2036 1277 Senat.
2052 1258 2094 1282 ις.

1306 1282 1357 1319 glus
1372 1283 1493 1312 coeundi
1504 1283 1564 1319 lege
1574 1284 1743 1321 permissum.
1765 1284 1933 1315 Callistratus
1945 1286 1973 1314 in
1989 1284 2007 1314 l.
2028 1285 2153 1321 Semper.
2170 1288 2192 1324 ς.
2213 1287 2300 1318 Divus
2317 1300 2429 1329 quoque

1327 1320 1400 1350 Pius.
1422 1321 1455 1350 D.
1471 1321 1580 1357 deJure
1591 1323 1772 1352 immunitatis
1783 1344 1791 1357 ‚
1813 1323 1989 1360 Quibusdam
2007 1323 2130 1361 collegiis
2142 1326 2185 1354 vel
2196 1328 2359 1363 corporibus
2369 1331 2430 1359 oui-

1326 1356 1380 1424 ξας
1393 1359 1501 1426 ἃτῑίᾗῗίἰί
1517 1359 1558 1390 sui
1579 1359 1658 1390 causa
1676 1361 1720 1396 jus
1736 1361 1858 1391 coeundi
1872 1361 1935 1399 lege
1954 1361 2114 1399 permissum
2130 1363 2184 1399 est,
2206 1364 2366 1396 immunitas
2377 1359 2432 1397 'tri-

1348 1403 1422 1426 urtur
1436 1419 1443 1431 Ἰ
1465 1406 1517 1426 cc.

1308 1434 1458 1476 Connubio
1466 1436 1549 1465 coire.
1588 1435 1741 1470 Curt.8.1.
1755 1445 1781 1471 9.
1805 1435 1948 1475 Principes
1961 1436 2154 1468 Macedonum
2173 1448 2239 1470 cum
2256 1441 2428 1478 primoribus

1326 1474 1380 1501 iuae
1392 1473 1480 1509 gentis
1495 1473 1638 1502 connubio
1658 1474 1733 1502 coire
1749 1479 1899 1511 pateretur.

1308 1510 1391 1540 Coire
1404 1511 1434 1539 in
1443 1510 1558 1541 foedera.
1579 1511 1652 1548 Virg.
1665 1521 1708 1541 11.
1723 1512 1784 1543 AEn.
1797 1521 1861 1547 292.

1595 1556 1741 1579 -coeant
1749 1550 1779 1578 in
1789 1549 1895 1579 foedera
1907 1549 2011 1580 dextrae

1401 1586 1465 1623 Qua
1485 1586 1574 1616 datur.

1307 1624 1392 1654 Coire
1409 1624 1437 1652 in
1448 1624 1656 1654 matrimonium
1669 1624 1762 1654 alicui.
1803 1624 1901 1656 Paulus
1917 1625 1947 1655 in
1956 1623 1976 1655 l.
1989 1625 2074 1656 Titia.
2095 1624 2130 1656 D.
2145 1626 2181 1657 de
2193 1628 2340 1660 verborum
2361 1631 2434 1661 obli.

1328 1668 1382 1697 gat.
1403 1661 1480 1691 Titia.
1491 1683 1498 1693 ‚
1518 1672 1578 1700 quae
1587 1672 1621 1692 ex
1633 1662 1688 1692 alio
1701 1662 1790 1692 filium
1797 1662 1916 1693 habebat
1925 1685 1933 1699 ‚
1956 1664 1986 1693 in
1996 1664 2207 1695 matrimonium
2218 1667 2277 1696 coit
2287 1668 2354 1697 Caio
2365 1670 2432 1700 Seio

1327 1699 1441 1729 habenti
1452 1699 1546 1730 filiam.

1306 1734 1422 1775 Nuptiis
1432 1739 1516 1768 coire.
1557 1737 1634 1767 Curt.
1644 1748 1672 1773 e.
1690 1747 1714 1768 ι.
1725 1742 1770 1768 26.
1792 1737 1905 1777 Nuptiis
1914 1745 2036 1776 coeunt,
2058 1748 2116 1768 non
2126 1750 2229 1778 genere
2241 1751 2273 1772 ac
2280 1743 2433 1775 nobilitate

1328 1775 1485 1811 conjunt‘tis
1498 1797 1507 1811 ‚
1528 1774 1591 1811 sed,
1611 1776 1663 1806 &c.

1305 1814 1473 1844 Societatem
1495 1823 1560 1843 cum
1578 1813 1682 1851 aliquo.
1722 1813 1780 1843 Cio.
1792 1813 1932 1850 proRo‘fe.
1950 1814 2037 1845 Amer.
2057 1819 2102 1851 0⁶·
2133 1815 2301 1855 Nullamque
2315 1819 2432 1851 societa.

1304 1887 1308 1890 ᾖ
1327 1858 1386 1880 tem
1397 1860 1488 1887 neque
1500 1851 1609 1880 sceleris
1620 1873 1628 1886 ,
1650 1861 1742 1887 neque
1749 1852 1854 1889 praemii
1865 1861 1930 1882 cum
1947 1852 2061 1882 homine
2073 1853 2131 1883 ullo
2143 1855 2259 1885 coieras.

1307 1889 1478 1920 Societatem
1489 1890 1564 1919 coire
1574 1911 1582 1925 ‚
1603 1890 1629 1919 ἃ
1642 1889 1794 1924 Dirimere‚
1816 1891 1961 1919 contraria.
2003 1890 2061 1920 Cic.
2075 1901 2102 1920 2.
2117 1892 2235 1929 Philipp.
2248 1903 2293 1930 ²4-
2317 1894 2433 1926 Utinam

1327 1927 1379 1956 Cn.
1397 1927 1510 1964 Pompei
1523 1937 1587 1956 cum
1604 1927 1634 1957 C.
1646 1926 1749 1957 Caesare
1759 1926 1918 1957 societatem
1937 1934 1984 1957 aut
1996 1938 2138 1966 nunquam
2156 1929 2273 1967 coiss'es,
2292 1940 2341 1962 aut
2359 1944 2438 1964 nun.

1327 1975 1408 2001 quam
1422 1964 1580 1994 diremisses.

1307 2003 1475 2032 Societatem
1487 2002 1672 2032 voluntariam
1684 2011 1749 2031 cum
1761 2001 1797 2032 ali
1819 2012 1866 2032 ee.
1889 2002 1947 2033 Cic.
1960 2013 2012 2042 pro
2026 2003 2125 2041 Quint.
2139 2008 2183 2042 76.

1306 2041 1479 2071 Societatem
1488 2041 1524 2070 ad
1533 2039 1686 2070 emendum
1695 2041 1778 2070 coire.
1801 2012 1926 2077 qupian.
1941 2041 1959 2071 l.
1983 2041 2055 2072 Cum
2068 2042 2187 2073 duobus.
2211 2044 2233 2080 §-
2249 2044 2277 2074 Si
2288 2046 2333 2083 qui
2346 2045 2434 2077 socie..

1326 2086 1423 2108 tatem.
1435 2078 1469 2107 D.
1487 2088 1536 2115 pro
1546 2078 1645 2113 Socio,
1664 2078 1693 2107 Si
1705 2078 1750 2114 qui
1759 2077 1921 2108 societatem
1932 2079 1967 2108 ad
1976 2080 2126 2110 emendum
2139 2082 2255 2118 coierit,
2272 2083 2376 2114 deinde
2388 2096 2434 2116 res

1328 2116 1440 2145 alterius
1452 2116 1518 2145 dolo
1528 2138 1536 2149 .
1558 2116 1603 2145 vel
1612 2114 1694 2152 culpa
1703 2123 1797 2152 empta
1806 2126 1864 2145 non
1873 2116 1905 2145 fit
1917 2126 1925 2146 ι
1944 2126 1997 2155 -pro
2013 2117 2088 2147 socio
2102 2118 2158 2148 esse
2167 2121 2306 2150 actionem
2316 2123 2435 2154 constat.

1308 2154 1477 2184 Societatem
1496 2154 1571 2183 coire
1587 2153 1623 2183 ad
1645 2153 1848 2190 obligationem
1864 2154 2070 2185 innocentium.
2109 2156 2241 2188 Martian.
2268 2159 2298 2189 in
2310 2159 2329 2190 l.
2349 2170 2374 2190 1.
2405 2162 2438 2191 itt

1331 2193 1420 2229 princ.
1438 2192 1471 2221 D.
1485 2192 1547 2221 adl.
1562 2190 1673 2220 Cornel.
1693 2191 1728 2220 de
1739 2190 1794 2221 sals.

1310 2230 1480 2260 Societatem
1496 2230 1571 2258 coire
1581 2228 1616 2257 de
1625 2238 1653 2257 re
1666 2228 1765 2265 aliqua.
1807 2228 1865 2258 Cic.
1878 2239 1928 2268 pro
1943 2228 2024 2259 Rosc.
2037 2230 2126 2261 Amer.
2137 2235 2183 2268 87.
2205 2233 2356 2265 Avaritiam
2368 2246 2438 2274 prae.

1330 2269 1390 2334 rep}
1397 2290 1404 2303 ,
1426 2268 1475 2305 qui
1486 2267 1647 2297 societatem
1666 2267 1764 2296 coieris
1775 2266 1810 2296 de
1820 2268 1972 2306 municipis
1984 2269 2151 2306 cognatique
2161 2270 2281 2302 fortunis
2291 2282 2358 2303 cum
2369 2274 2437 2304 alie-

1331 2316 1359 2334 m
1385 2315 1451 2334 imo.

1311 2344 1480 2374 Societatem
1498 2345 1532 2372 ex
1545 2342 1670 2380 partibus
1681 2342 1763 2371 coire.
1804 2341 1875 2372 Cels.
1894 2342 1950 2372 inl.
1976 2343 2005 2372 Si
2019 2344 2094 2373 coita
2106 2344 2146 2375 fit.
2169 2345 2201 2375 D.
2222 2357 2274 2384 pro
2284 2347 2368 2377 Socio
2378 2371 2386 2384 ‚
2406 2345 2438 2380 Si

1332 2382 1406 2411 coita
1417 2381 1447 2410 sit
1456 2381 1572 2410 societas
1582 2402 1590 2415 ‚
1611 2380 1689 2409 exiis
1703 2379 1826 2417 partibus
1840 2390 1907 2418 quas
1922 2379 2014 2411 Titius
2026 2381 2171 2413 arbitratus
2182 2383 2265 2414 fuerit
2276 2407 2284 2421 ,
2302 2386 2323 2415 fi
2342 2386 2439 2418 Titius

1333 2427 1483 2457 antequam
1495 2418 1670 2447 arbitraretur
1680 2417 1825 2447 decesserit
1836 2440 1844 2453 ,
1866 2418 1936 2447 nihil
1947 2420 2045 2456 agitur.
2349 2455 2351 2458 .

1313 2450 1484 2488 Societatem
1497 2457 1572 2486 coire
1582 2456 1611 2484 in
1621 2465 1680 2485 rem
1691 2463 1794 2484 certam
1805 2456 1954 2486 emendam
1965 2479 1973 2492 ,
1993 2465 2041 2487 aut
2050 2458 2275 2490 conducendam.
2297 2460 2397 2494 Paulus
2405 2463 2438 2494 in.

1330 2495 1351 2525 ἲ..
1367 2495 1484 2525 actione.
1506 2495 1528 2531 §.
1551 2494 1618 2523 Siin
1626 2503 1692 2523 rem.
1709 2493 1741 2522 D.
1753 2503 1806 2530 pro
1820 2493 1912 2524 Socio.

1314 2533 1482 2601 Sgcietatesm
1492 2533 1521 2574 in
1529 2538 1639 2569 tempus
1653 2531 1738 2560 coire.
1759 2530 1859 2561 Paulus
1872 2532 1901 2561 in
1913 2531 1932 2562 l.
1945 2532 2066 2563 afflone.
2088 2534 2111 2571 §.
2125 2533 2197 2565 Item
2208 2536 2255 2573 qui
2265 2535 2437 2569 societatem.

1364 2594 1370 2601 .
1407 2580 1435 2599 ro
1463 2579 1538 2599 ocro.

1315 2581 1484 2639 Σοοίἓῑεῑετη
1501 2617 1534 2637 ea
1547 2606 1712 2636 conditione
1728 2607 1812 2636 coire.
1850 2606 1984 2645 Pompon.
2000 2608 2063 2637 inl.
2087 2609 2115 2638 Si
2137 2609 2306 2641 societatem.
2328 2612 2362 2643 D.
2384 2623 2438 2651 pro

1333 2647 1418 2678 Socio
1427 2668 1435 2681 ‚
1456 2647 1484 2675 Si
1493 2644 1654 2674 societatem
1665 2654 1774 2673 mecum
1787 2644 1886 2674 coieris
1897 2655 1929 2674 ea
1939 2646 2105 2676 conditione
2118 2670 2126 2682 ‚
2147 2655 2178 2677 ut
2191 2655 2284 2686 partes
2297 2650 2439 2682 societatis

1335 2685 1515 2714 constitueres
1532 2705 1540 2716 ,
1560 2682 1595 2711 ad
1604 2682 1673 2711 boni
1687 2682 1736 2711 viri
1746 2683 1908 2712 arbitratum
1918 2693 1950 2712 ea
1960 2693 2001 2712 res
2011 2685 2164 2721 redigenda
2177 2686 2224 2716 est.

1314 2723 1485 2753 Societatem
1495 2720 1613 2756 alicujus
1627 2720 1666 2749 rei
1677 2720 1761 2749 coire.
1802 2720 1860 2750 Cic.
1873 2731 1924 2758 pro
1943 2721 1974 2751 C.
1987 2721 2083 2751 Rabir.
2101 2723 2225 2760 perduel.
2241 2733 2287 2755 reo
2299 2747 2307 2761 ‚
2326 2735 2371 2756 22.
2394 2728 2437 2757 An

1336 2770 1400 2790 cum
1413 2760 1501 2789 Nlario
1512 2781 1520 2792 ,
1542 2759 1645 2787 Scauro
1656 2779 1664 2793 ‚
1684 2757 1786 2787 Catulo
1798 2780 1806 2791 ,
1828 2758 1947 2788 Metello
1959 2781 1966 2794 ‚
1987 2759 2121 2795 Scaevola,
2142 2771 2207 2791 cum
2222 2762 2303 2792 bonis
2315 2762 2440 2802 denique

1336 2797 1468 2828 omnibus
1477 2797 1551 2826 coire
1562 2805 1620 2824 non
1631 2795 1717 2824 modo
1727 2795 1820 2826 salutis
1831 2818 1839 2831 ‚
1860 2806 1957 2832 verum
1969 2798 2052 2826 etiam
2061 2799 2178 2836 periculi
2188 2799 2347 2830 societatem
2359 2803 2372 2830 ἰ)

1315 2837 1484 2868 Societatem
1495 2834 1622 2863 omnium
1632 2832 1773 2862 bonorum
1783 2834 1865 2864 coire.
1899 2834 2037 2864 Paulus'in
2049 2835 2068 2865 1.
2090 2836 2128 2866 Ea
2140 2846 2215 2866 vero.
2236 2836 2270 2867 D.
2282 2849 2332 2876 pro
2341 2839 2438 2875 Socio,

1336 2874 1433 2912 Quum
1442 2872 1597 2911 specialiter
1610 2872 1739 2901 omnium
1748 2871 1887 2903 bonorum
1902 2872 2018 2903 societas
2034 2873 2110 2904 coita
2120 2874 2159 2904 est
2169 2896 2178 2911 ‚
2199 2881 2267 2905 tunc
2283 2879 2310 2906 ἃ
2323 2877 2440 2907 haeredi-

1336 2919 1378 2941 tas
1387 2933 1396 2947 ‚
1409 2913 1460 2941 &cu

1316 2947 1587 2983 Societatemlucri‚
1627 2946 1741 2981 uaestUS‚
1761 2947 2055 2985 &compendiicoiffi
2078 2949 2178 2980 Paulus
2188 2951 2218 2980 in
2235 2950 2254 2980 l.
2275 2951 2340 2981 Duo
2352 2951 2441 2983 socie·-

1334 2987 1431 3017 tatem.
1454 2987 1476 3023 §.
1498 2985 1562 3015 Duo
1573 2984 1617 3014 col
1632 2984 1723 3014 iberti.
1746 2985 1782 3014 D.
1799 2996 1850 3023 pro
1863 2987 1956 3016 Socio.

1315 3026 1489 3057 Societatem
1499 3022 1686 3053 universarum
1695 3023 1869 3053 sottunarum
1879 3025 1963 3053 coire.
2003 3023 2115 3062 Ulpian.
2134 3025 2164 3054 in
2177 3024 2200 3055 1.
2221 3026 2250 3055 Si
2267 3025 2443 3057 ‘societatem-

1336 3064 1372 3094 D.
1383 3073 1434 3101 pro
1445 3062 1528 3091 Socio
1540 3083 1548 3096 ‚
1567 3061 1596 3092 Si
1611 3061 1772 3090 societatem
1786 3061 1973 3091 universarum
1991 3062 2165 3092 fortunarum
2183 3064 2327 3098 coierunt,
2349 3066 2378 3094 id
2399 3063 2440 3095 est:

1335 3110 1431 3132 earum
1440 3108 1551 3137 quoque
1561 3108 1654 3128 rerum
1664 3108 1724 3135 quae
1735 3098 1828 3136 postea
1839 3100 1941 3136 cuique
1962 3101 2153 3136 acquirentur,
2173 3101 2365 3132 haereditatem
2383 3103 2443 3133 cui-

1337 3141 1379 3169 vis
1390 3147 1487 3168 eorum
1499 3136 1620 3166 delatam
1636 3137 1665 3165 in
1680 3146 1831 3166 commune
1841 3138 2032 3174 redigendam.

1316 3178 1486 3208 Societatem
1497 3174 1665 3213 periculivel
1676 3173 1777 3204 laboris
1784 3175 1870 3204 coire.
1902 3175 1961 3204 Cic.
1976 3186 2000 3210 5.
2014 3175 2089 3204 Fam.
2103 3184 2144 3209 19.
2167 3176 2243 3212 Quia
2251 3179 2444 3208 communica.

1334 3215 1377 3245 >tio
1395 3213 1500 3244 consilii
1520 3213 1567 3247 tali
1584 3219 1711 3250 tempore
1722 3234 1730 3246 ‚
1751 3212 1824 3249 quasi
1837 3213 1963 3250 quaedam
1977 3213 2133 3242 admonitio
2148 3215 2258 3244 videtur
2270 3213 2324 3244 esse
2334 3216 2418 3246 officii
2429 3238 2441 3253 ‚

1336 3253 1382 3282 vel
1390 3253 1484 3290 potius
1496 3251 1557 3279 effla
1578 3251 1655 3279 itatio
1665 3250 1701 3279 ad
1711 3250 1868 3279 coeundam
1881 3250 2039 3280 societatem
2049 3249 2095 3279 'vel
2106 3251 2222 3287 periculi
2232 3253 2279 3281 vel
2291 3252 2401 3284 laboris.

1315 3291 1495 3324 Societasre,
1517 3299 1563 3318 ver
1586 3289 1607 3318 is
1620 3310 1629 3323 ‚
1650 3289 1675 3318 ἃ
1700 3297 1749 3325 per
1766 3289 1897 3317 nuntium
1914 3289 2011 3318 coitur.
2035 3287 2210 3319 Modestinus
2228 3290 2257 3319 in
2275 3289 2295 3320 i.
2319 3292 2445 3322 Societa-

1338 3336 1405 3358 tem.
1425 3327 1460 3357 D.
1479 3336 1530 3364 prc
1546 3326 1631 3356 Socio
1642 3347 1649 3359 ‚
1670 3326 1840 3366 Societatem
1853 3327 1929 3355 coire
1940 3327 1965 3356 δε
1977 3334 2021 3360 rc,
2043 3327 2069 3355 ἃ
2079 3326 2187 3363 verbis,
2209 3329 2295 3366 &per
2302 3332 2441 3361 nuntium

1339 3366 1416 3404 posse
1426 3374 1493 3399 nos,
1515 3364 1632 3393 dubium
1643 3373 1700 3391 non
1713 3363 1758 3392 est.

1316 3403 1373 3434 Res
1383 3404 1545 3435 coeuntium
1555 3402 1713 3431 societatem
1727 3401 1978 3429 communicantur.
2018 3400 2117 3430 Paulus
2136 3400 2199 3431 inl.
2220 3411 2244 3432 r.
2267 3402 2301 3433 D.
2319 3414 2371 3441 pro
2392 3405 2444 3434 So-

1338 3443 1382 3472 cio
1394 3463 1402 3475 ,
1424 3441 1456 3471 In
1471 3440 1601 3469 societate
1621 3439 1749 3467 omniurn
1769 3439 1906 3467 bonorum
1923 3443 2021 3467 ornnes
2038 3448 2080 3468 res
2099 3444 2159 3476 qu'ae
2175 3441 2340 3470 coeuntium
2354 3441 2440 3479 sunt,

1339 3480 1477 3509 continuo
1493 3477 1743 3507 communicantur.

1321 3517 1403 3548 Coire
1414 3518 1439 3546 ἃ
1451 3516 1582 3552 congredi
1594 3514 1725 3543 dicuntur
1733 3512 1834 3541 milites
1845 3534 1853 3547 ‚
1874 3513 1986 3542 auctore
2004 3512 2114 3543 Donato
2126 3513 2161 3543 ad
2172 3514 2284 3544 Phorm.
2297 3526 2323 3545 2.
2333 3526 2359 3546 2.
2368 3523 2443 3548 extr.

1340 3564 1427 3592 quum
1447 3556 1564 3582 veniunt
1581 3552 1616 3580 ad
1634 3560 1741 3580 manus.
1780 3550 1846 3585 [De
1860 3550 2010 3587 Congreffu
2029 3560 2072 3579 res
2095 3558 2162 3580 nota
2180 3552 2236 3586 est,
2257 3554 2443 3586 de‘Coiricrne

1338 3591 1469 3629 exempla
1476 3590 1626 3626 sequuntur
1636 3610 1644 3624 ‚
1665 3588 1712 3617 sed
1722 3597 1756 3617 ex
1769 3588 1861 3625 poetis
1876 3588 2020 3617 duntaxat.

1322 3631 1388 3662 Sine
1399 3639 1476 3659 more
1487 3650 1495 3663 ,
1517 3630 1542 3656 o’t
1556 3634 1622 3655 arte.
1646 3627 1714 3655 Stat.
1733 3635 1773 3654 11.
1786 3624 1875 3654 Theb.
1891 3630 1956 3660 408.

1328 3697 1329 3700 ,
1417 3667 1482 3696 Haec
1493 3669 1590 3703 pugnae
1601 3663 1702 3693 facies:
1725 3669 1829 3692 coeunt
1837 3663 1891 3692 fine
1903 3665 1997 3698 more,
2018 3662 2075 3692 sine
2083 3669 2147 3694 arte.

1323 3705 1440 3743 Agmina
1450 3705 1572 3737 coeunt,
1594 3701 1816 3737 Coniunguntur.
1840 3700 1861 3728 V
1864 3699 1928 3729 aler.
1940 3706 1967 3735 8.
1979 3702 2078 3738 m-gon.
2090 3710 2156 3738 430.

1322 3744 1406 3773 Rates
1420 3747 1531 3770 coeunt.
1553 3738 1640 3768 Valer.
1657 3739 1724 3767 ibid.
1740 3739 1767 3767 ἃ
1780 3740 1806 3770 8.
1829 3739 1930 3774 Argon.
1943 3743 2008 3774 284.

1323 3781 1436 3810 Coeunt
1446 3780 1474 3807 in
1485 3776 1587 3815 praeiia.
1612 3775 1699 3806 Valet.
1713 3786 1736 3810 ς.
1751 3778 1850 3811 Argon.
1863 3780 1927 3811 ⁶35·

1325 3818 1422 3848 Coitur
1433 3838 1440 3847 .
1461 3814 1604 3853 passivum.
1627 3813 1727 3842 Lucan.
1741 3822 1766 3841 2.
1780 3819 1842 3847 ης.
1958 3828 1995 3834 ὴ
2004 3812 2180 3853 multum-que
2192 3816 2283 3847 coitur

1418 3852 1537 3883 Humani
1549 3852 1656 3887 generis
1667 3851 1771 3886 majore
1781 3850 1809 3878 in
1823 3848 1919 3887 praelia
1927 3850 2039 3880 damno.

1325 3892 1426 3926 Coire,
1446 3892 1481 3919 de
1505 3899 1534 3918 re
1549 3888 1670 3918 Venerea
1691 3889 1797 3923 [βιιὲη
1820 3887 1914 3923 bnv'flv]
1946 3888 2013 3918 Plin.
2033 3889 2081 3919 lib.
2098 3900 2140 3919 10.
2160 3900 2220 3929 cap.
2237 3901 2279 3928 53.
2306 3894 2443 3929 Quaedam

1345 3930 1424 3960 omni
1438 3936 1564 3965 tempore
1575 3934 1679 3957 coeunt
1688 3947 1695 3959 ,
1718 3932 1747 3956 ut
1759 3925 1874 3993 galigiae.
1916 3925 1958 3955 De
1973 3928 2066 3957 avium
2077 3929 2162 3959 coitu.
2332 3926 2340 3930 ’

1841 3973 1856 3993 a
1866 3970 1882 3990 a
1892 3972 1907 3992 a
1927 3973 1944 3993 2

2062 3589 2092 3618 V.
2110 3598 2256 3622 cor'rro.

2311 3968 2445 3998 Animalia
