2600 4177
510 127 539 163 C
638 129 673 164 O
770 127 804 161 N

182 210 257 241 Turn
267 209 312 240 illa
320 232 329 245 ,
349 216 380 240 ut
388 209 552 239 consuetum
560 208 642 239 facile
652 219 775 238 amorem
786 219 911 240 cerneres
921 232 927 243 .

190 250 298 284 Rejecit
308 248 333 277 se
345 249 373 276 in
382 257 445 276 eum
457 247 526 275 flens
536 269 544 282 ,
563 256 647 284 quam
655 246 835 277 familiariter.

108 285 183 316 Fata.
206 286 292 315 Valer.
304 297 330 321 4.
343 287 375 314 Ar
385 295 442 313 yori.
454 294 519 320 4⁴9-

108 323 216 353 Lectus.
240 324 323 352 Ovid.
337 332 362 359 3.
402 322 454 351 rist.
469 331 492 357 3.
507 324 550 356 39.

109 361 201 398 Vigor.
224 361 269 390 Sil.
285 361 333 390 lib.
344 364 371 389 ⁶.
383 369 417 396 27
424 369 446 388 1.
481 358 515 387 al.
538 359 632 395 Rigor.

109 398 344 428 Consuetiilimus.
366 396 474 433 Superl.
498 396 582 425 Ovid.
600 405 640 424 11.
655 395 723 425 Met.
737 399 800 432 637.

188 436 291 472 Adjicit
301 456 309 472 ,
329 437 355 465 ἃ
367 435 454 464 vestes
464 455 473 469 ,
494 432 731 464 &consuetissima
742 444 857 472 quaeque

188 474 285 503 Verba.

71 509 150 539 Con
160 521 172 540 s
182 520 249 540 uer
259 520 292 545 Β,
314 509 383 538 Adv.
406 509 542 538 Ammian.
560 518 603 545 23.
619 519 646 545 4.

69 547 251 578 Cousuer
262 558 270 575 i
281 557 298 576 ο
310 568 317 581 ,
339 547 410 576 onis.
432 548 451 576 f.
474 546 559 576 Plaut.
578 547 678 585 Amph.
699 556 722 576 1.
738 551 820 581 228.

188 586 221 615 Et
232 584 399 613 clandestina
417 591 448 613 ut
465 585 571 614 celetur
591 585 743 614 consuetio.
841 584 905 614 Non
924 586 999 614 enim
1017 583 1170 623 legendum
1187 583 1226 613 est

107 631 174 652 cum
185 621 346 657 nonnullis,
367 622 564 658 Consuetudo,
585 623 719 660 quoniam
736 622 789 657 juri
808 624 956 652 meretrico
975 623 1149 652 contradicit.
1189 621 1222 652 V.

109 660 211 690 Donat.
224 659 258 688 ad
269 659 333 689 Ter.
346 659 463 697 Adelph.
474 671 499 695 4.
517 671 541 694 ς.
556 670 597 696 32.
620 662 646 690 ἃ
659 660 772 696 Sciopp.
783 660 818 688 ad
833 660 886 689 loc.
927 660 968 690 Al.
988 660 1122 699 Suspicio.

70 697 120 728 Co
131 708 171 728 ivs
181 701 253 727 ufir
263 697 280 726 ΰ
291 708 308 726 n
318 707 335 726 0
347 720 354 731 ,
380 699 444 727 i‘nis.
466 697 484 726 f.
505 698 666 733 [συνήθειαι]
688 697 775 727 Plaut.
792 697 879 727 Mero.
896 709 919 734 5.
933 709 1017 734 441.

189 735 398 764 Consuetudine
408 735 515 765 animus
526 735 615 764 rursus
628 742 655 764 te
665 737 720 764 huc
730 735 855 764 inducet.

106 772 325 803 Consuetudo&
337 773 500 802 institutum.
538 774 598 802 Cic.
617 783 640 802 1.
656 773 729 801 Verr.
743 776 787 806 69.
809 773 894 809 Cujus
917 772 1126 803 consuetudinis
1143 778 1227 810 atque

127 811 244 840 instituti
254 817 345 848 patres
355 811 527 847 majoresque
538 811 644 840 nostros
653 820 710 839 non
721 810 888 847 poenitebat.

107 847 261 886 Disciplina
275 870 283 883 .
303 848 533 885 consuetudoque
552 849 680 878 civitatis.
720 847 778 876 Cic.
805 858 854 885 pro
872 848 965 878 Rabir.
982 848 1059 887 perd.
1082 857 1148 882 reo,
1179 852 1225 881 28.

130 887 244 915 Adeone
254 886 365 923 ignarus
376 896 406 916 es
420 886 575 924 disciplinae
585 884 846 922 consuetudinisque
856 887 952 916 nostrae
963 908 970 920 ,
990 886 1088 915 uthaec
1099 885 1202 915 nescias
1211 885 1226 914 ‘?

111 923 293 954 Consuetudo
315 925 550 961 exercitatioque,
571 925 598 953 ἃ
621 922 795 960 intelligendi
818 925 994 961 prudentiam
1011 925 1101 960 acuit,
1123 924 1151 953 ἀ
1170 922 1228 952 elo-

127 962 230 999 quendi
245 961 415 992 celeritatem
426 962 532 991 incitat.
556 961 615 991 Cic.
631 972 654 991 1.
671 961 707 990 de
721 960 800 990 Orat.
813 971 858 996 90.

107 999 320 1030 Consuetudine
332 1001 358 1030 ὃς
371 1000 569 1029 exercitatione
577 999 710 1035 adjuvari.
731 998 790 1028 Cic.
803 1008 830 1028 2.
844 999 879 1028 de
890 999 966 1029 Orat.
978 1005 1040 1035 358.

107 1039 151 1068 Ad
162 1038 321 1067 Graecorum
335 1038 567 1067 consuetudinem
577 1037 725 1074 disputare.
747 1036 806 1066 Cio.
819 1046 845 1066 2.
862 1038 897 1066 de
912 1037 989 1067 Orat.
1002 1046 1046 1074 33.

108 1076 151 1105 Ad
161 1076 390 1142 exlerpitationem
400 1074 687 1112 consuetudinemque
696 1074 820 1112 patiendi
833 1075 955 1105 remedia
972 1083 1143 1113 comparare.
1163 1074 1223 1105 Cic.

134 1123 159 1148 ς.
209 1123 225 1142 u
239 1123 262 1142 c.
315 1135 321 1142 .

106 1151 213 1181 Contra
227 1122 333 1180 mosgm
344 1149 630 1188 consuetudinemque
640 1149 753 1179 civilem
763 1149 864 1181 facere.
886 1151 944 1181 Cic.
958 1160 984 1181 1.
1002 1150 1060 1181 off.
1076 1159 1118 1187 13.

106 1190 136 1219 Si
150 1195 248 1227 praeter
260 1188 492 1219 consuetudinem
507 1188 630 1219 extiterit
649 1187 724 1224 quod
742 1189 848 1224 oritur,
868 1195 967 1227 praeter
987 1196 1113 1219 naturam
1133 1194 1228 1219 tamen

127 1236 186 1256 non
196 1227 285 1265 potest
296 1227 422 1256 existere.
443 1228 502 1257 Cic.
515 1237 539 1256 1.
549 1226 586 1255 de
599 1225 690 1255 Divin.
705 1229 750 1255 60.

106 1265 158 1295 Pro
168 1275 229 1294 mea
238 1264 438 1294 consuetudine
448 1265 515 1294 dixi.
557 1263 615 1292 Cic.
628 1272 678 1300 pro
689 1264 768 1293 Arch.
782 1272 825 1299 3²-
850 1264 921 1301 Quae
935 1265 971 1295 de
987 1263 1076 1301 causa,
1095 1275 1147 1303 pro
1165 1274 1228 1295 mea

126 1302 349 1338 consuetudine,
371 1300 711 1339 breviterlimpliciterque
730 1302 807 1337 dixi,
828 1302 957 1339 judices,
979 1312 1011 1332 ea
1024 1303 1136 1333 confido
1148 1326 1156 1340 ,
1172 1305 1225 1334 &c.

107 1341 270 1408 ngadum
292 1339 524 1371 consuetudinem
541 1339 762 1377 praecedentium
780 1346 948 1378 temporum.
970 1340 1081 1375 Trajan.
1094 1341 1165 1372 Plin.
1181 1352 1226 1372 10.

173 1379 179 1407 i
207 1402 211 1407 .
225 1384 269 1413 82.
306 1389 325 1408 r.

108 1389 391 1447 Adbonsueniliinem
399 1415 497 1445 redire.
527 1413 662 1450 Luccejus
672 1414 706 1444 ad
719 1413 778 1444 Cic.
791 1425 816 1452 ς.
834 1415 910 1446 Fam.
923 1426 966 1453 ¹4·
981 1422 1052 1447 extr.
1074 1417 1108 1447 Et
1117 1418 1152 1447 ad
1163 1426 1230 1447 con-

128 1456 233 1484 victum
247 1455 369 1484 nostrum
379 1454 485 1488 redeas,
500 1454 526 1483 &
539 1452 576 1482 ad
592 1452 834 1491 consuetudinem,
851 1455 896 1484 vel
907 1456 1026 1486 nostram
1036 1464 1228 1491 communem,

127 1493 174 1522 vel
185 1499 259 1522 tuam
272 1492 356 1521 solius
365 1501 397 1520 ac
407 1491 557 1529 propriam.

108 1530 197 1568 Supra
207 1529 438 1559 consuetudinem
449 1529 552 1566 aliquid
562 1527 662 1558 facere.
688 1527 758 1559 Cels.
770 1528 817 1558 lib.
828 1539 854 1559 2.
865 1540 928 1569 cap.
941 1540 967 1561 2.

109 1567 295 1605 Epistolarum
308 1566 491 1597 consuetudo
532 1566 589 1596 Cic.
602 1577 630 1602 4.
642 1566 718 1596 Fam.
733 1576 775 1603 η.
797 1567 889 1598 Unam
899 1570 975 1599 enim
994 1574 1102 1607 partem
1121 1570 1147 1599 δι
1165 1578 1231 1599 con-

127 1606 306 1650 suetudinem
316 1615 412 1635 earum
421 1603 598 1643 epistolarum
610 1626 619 1641 ,
640 1603 742 1642 quibus
753 1604 880 1637 secundis
898 1608 980 1637 rebus
1000 1608 1041 1637 uti
1054 1607 1230 1643 solebamus,

129 1650 240 1681 tempus
251 1650 401 1682 eripuerat.

110 1682 154 1749 Eg
172 1681 375 1749 ‹Bonsuetudine
389 1681 453 1711 vitae
467 1680 654 1719 sermonisque
675 1680 761 1710 nostri
779 1681 996 1721 interpretemur
1010 1683 1148 1713 virtutem.
1171 1682 1230 1713 Cic.

150 1730 165 1749 e
198 1726 286 1750 micit.
296 1729 342 1750 21.

110 1757 206 1788 Victus
214 1757 396 1788 consuetudo.
435 1756 494 1786 Cic.
509 1766 551 1787 12.
569 1757 624 1787 Att.
636 1765 682 1793 ας.
704 1755 743 1786 ΑΙ.
755 1759 801 1787 26.
823 1757 901 1787 Nosti
911 1758 1000 1788 Niciae
1010 1758 1094 1788 nostri
1107 1759 1234 1790 imbecil-

74 1819 76 1821 .
129 1795 253 1832 litatem,
276 1796 445 1830 mollitiam,
466 1795 697 1824 consuetudinem
707 1795 804 1824 victus.

110 1833 306 1871 Cognoscendi
315 1834 385 1864 ratio
396 1855 405 1869 ,
425 1832 621 1870 &ignoscendi
629 1832 810 1862 consuetudo.
832 1833 890 1862 Cic.
903 1843 953 1871 pro
964 1833 1042 1864 Rosc.
1058 1836 1146 1865 Amet.
1160 1844 1185 1872 3.

110 1871 260 1909 Loquendi
270 1871 443 1902 consuetudo
453 1871 528 1907 apud
538 1870 612 1901 Varr.
625 1871 661 1900 de
673 1870 702 1900 L.
715 1870 773 1900 Lat.
797 1871 867 1901 Vide
882 1871 951 1901 Usus
964 1872 1108 1909 loquendi.
1132 1872 1166 1902 H.
1175 1872 1216 1902 St.

110 1910 266 1940 Doctorum
276 1911 315 1940 est
324 1911 371 1939 ista
380 1908 555 1938 consuetudo
565 1930 574 1944 ‚
595 1918 681 1946 eaque
689 1909 860 1945 Graecorum,
881 1917 913 1940 ut
922 1911 955 1941 iis
963 1911 992 1940 id
1001 1917 1122 1948 ponatur
1132 1911 1167 1940 de
1177 1919 1233 1948 quo

133 1947 276 1985 disputent
289 1948 415 1985 quamvis
426 1946 526 1976 subito.
549 1946 607 1976 Cic.
619 1947 654 1976 de
667 1948 775 1976 Amicit.
793 1956 836 1985 17·
1136 1953 1139 1958 '

110 1985 294 2015 Consuetudo
304 1985 451 2024 peccandi.
474 1985 532 2014 Cic.
542 1995 568 2021 4.
583 1984 656 2014 Verr.
671 1994 732 2022 1²9-

110 2023 322 2053 Consuetudine
332 2023 438 2060 aliquid
454 2022 554 2052 facere.
577 2022 637 2051 Cic.
650 2033 701 2060 pro
710 2022 788 2052 Rosc.
804 2023 893 2054 Amer.
905 2034 951 2060 44.

109 2061 293 2092 Consuetudo
302 2062 393 2091 morbi
406 2061 479 2090 facta
488 2061 535 2090 est.
576 2060 647 2090 Cels.
662 2061 710 2090 lib.
722 2073 748 2096 4·
761 2070 820 2099 cap.
830 2061 880 2092 ult.
905 2062 991 2099 Quod
1008 2062 1028 2091 si
1044 2063 1098 2099 jam
1118 2061 1234 2092 consue-

130 2100 200 2129 tudo
210 2100 270 2135 ejus
280 2100 351 2129 facta
366 2099 404 2128 est
415 2120 423 2134 ‚
445 2098 535 2136 potest
545 2098 660 2135 quidem
674 2098 774 2135 aliquis
791 2100 846 2129 effe
858 2099 980 2130 securior
996 2100 1039 2129 his
1060 2100 1234 2138 temporibus

131 2137 232 2175 quibus
245 2137 327 2167 dolor
339 2137 365 2166 se
373 2137 482 2166 remisit.
513 2137 531 2166 i.
543 2145 567 2166 e.
590 2137 617 2165 Si
628 2137 700 2166 statis
713 2138 885 2175 temporibus
898 2139 920 2167 is
936 2138 1048 2167 morbus
1061 2138 1213 2169 revertitur.

109 2175 322 2205 Consuetudine
333 2175 407 2212 quasi
417 2174 503 2205 altera
514 2182 612 2204 natura
625 2174 751 2205 efficitur.
775 2176 833 2205 Cic.
849 2186 872 2212 ς.
889 2176 925 2205 de
941 2176 1002 2206 Fin.
1014 2185 1060 2213 74.

109 2213 228 2243 Affidua.
251 2213 371 2250 Quintil.
384 2212 434 2242 lib.
447 2223 470 2242 1.
484 2223 545 2250 cap.
561 2223 584 2242 1.

108 2251 261 2281 Communi
280 2251 481 2281 consuetudine
501 2251 635 2280 sermonis
652 2250 810 2284 abutimur.
836 2261 923 2288 quum
943 2251 982 2280 ita
1002 2251 1140 2287 dicimus,
1162 2250 1235 2282 velle
1288 2267 1292 2271 ν

127 2289 234 2327 aliquid
245 2290 404 2327 quempiam
414 2308 422 2318 ‚
446 2294 493 2318 aut
504 2288 580 2317 nolle
589 2288 645 2317 fine
657 2289 745 2318 causa.
769 2289 827 2318 Cic.
839 2290 874 2318 de
889 2289 956 2319 Fato
966 2299 1011 2324 24.

109 2326 228 2395 Bssfbm
246 2336 278 2357 ac
305 2327 435 2356 immanis
464 2325 639 2357 consuetudo
665 2327 814 2356 hominum
836 2327 1080 2357 immolandorum.
1101 2326 1160 2357 Cic.
1183 2336 1235 2365 pro

152 2371 210 2394 ont.
221 2375 268 2395 21.

107 2403 258 2433 Incondita
267 2401 442 2432 consuetudo
455 2402 580 2431 dicendi.
616 2401 648 2431 In
668 2412 678 2430 1
688 2411 708 2430 N
719 2412 760 2431 co
770 2411 818 2431 rm
829 2413 838 2431 ι
846 2411 866 2431 τ
875 2413 895 2432 υ
903 2412 924 2432 S.

108 2440 225 2472 Indocta
244 2440 427 2470 consuetudo.
469 2440 527 2469 Cic.
541 2441 570 2469 in
589 2439 668 2469 Orat.
682 2443 743 2469 161.
779 2440 865 2476 Quod
889 2441 908 2469 si
926 2439 1039 2470 indocta
1059 2440 1236 2470 consuetudo

128 2485 186 2508 tam
197 2478 235 2508 est
244 2478 345 2537 argifex
355 2477 493 2508 suavitatis
501 2499 510 2514 ,
532 2477 600 2516 quid
610 2477 645 2507 ab
656 2478 714 2516 ipsa
726 2478 840 2508 tandem
855 2485 913 2509 arte
925 2480 951 2509 δι
968 2479 1095 2509 doctrina
1105 2478 1238 2517 postulari

148 2523 261 2546 utamus
274 2540 280 2546 .

112 2527 281 2593 Iiiterrupta.
310 2553 342 2584 In
364 2562 481 2583 rurus
491 2562 626 2583 RUMPO.

108 2592 268 2624 Inveterata
277 2590 451 2622 consuetudo
465 2591 587 2630 prolege
598 2600 656 2620 non
671 2590 813 2621 immerito
827 2591 995 2621 custoditur:
1018 2593 1044 2622 ἃ
1062 2592 1118 2622 hoc
1136 2593 1174 2622 est
1193 2593 1238 2629 J'us

129 2631 207 2668 quod
218 2630 320 2660 dicitur
326 2630 449 2659 moribus
457 2629 786 2665 conffitutum.Julian.in
794 2629 852 2659 l.de
862 2629 962 2668 quibus
970 2630 1142 2661 caulis.D.de
1149 2631 1236 2669 legib.

113 2668 209 2705 Lapsa.
249 2668 282 2698 In
301 2678 319 2697 ι.
329 2677 350 2696 A
360 2677 375 2696 Β
384 2677 401 2697 0
409 2677 435 2696 n.

110 2706 212 2736 Libera
223 2705 369 2744 peccandi.
410 2705 441 2735 In
462 2714 518 2734 Lis
529 2714 544 2734 ιζ
553 2714 580 2734 R.

109 2744 216 2782 Longa.
239 2742 360 2781 Quintil.
378 2742 427 2772 lib.
440 2752 467 2772 2.
482 2752 544 2781 cap.
558 2753 583 2778 ς.

109 2782 197 2814 Mala.
234 2782 304 2812 Hor.
318 2792 340 2811 1.
359 2781 446 2811 Serm.
460 2790 485 2815 ι.
499 2785 543 2818 36.
568 2780 626 2810 Cic.
640 2790 663 2810 1.
678 2780 715 2810 de
723 2780 816 2819 Legib.
828 2788 873 2816 31.
895 2780 1016 2812 Tantam
1029 2782 1084 2812 effe
1092 2788 1236 2821 corrupte-

129 2821 186 2851 lam
198 2820 278 2850 malae
287 2818 496 2849 consuetudinis
504 2841 513 2854 ‚
534 2819 606 2848 utab
617 2829 648 2848 ea
659 2825 790 2856 tanquam
799 2819 912 2856 igniculi
925 2820 1122 2858 extinguantur
1131 2831 1146 2851 a
1154 2830 1235 2851 natu.

130 2869 160 2888 ra
172 2858 246 2893 dati,
267 2857 483 2894 exorianturque
495 2858 520 2886 &
536 2857 736 2886 confirmentur
748 2858 815 2888 vitia
823 2858 970 2889 contraria.

113 2896 234 2927 Mirifica
245 2896 372 2932 alicujus.
395 2895 453 2924 Cic.
469 2905 492 2924 1.
507 2895 543 2924 de
555 2895 634 2925 Orat.

113 2935 208 2965 Parva.
246 2933 279 2963 In
300 2943 314 2962 P
325 2943 345 2962 A
356 2943 371 2961 R
380 2942 398 2962 v
408 2943 458 2962 us.

111 2972 326 3010 Perpetuavitae.
351 2970 409 3000 Cic.
420 2980 470 3008 pro
484 2969 575 3000 Rabir.
588 2970 666 3009 perd.
685 2980 755 3005 reo,
778 2980 802 3000 1.

112 3010 199 3039 Vetus
208 3008 382 3039 consuetudo
394 3009 482 3039 fori&
495 3009 624 3047 pristinus
632 3018 694 3038 mos
704 3009 880 3043 judiciorum.
901 3008 960 3038 Cic.
977 3019 1028 3046 pro
1039 3008 1139 3040 Milon.
1152 3019 1176 3040 1.

111 3047 251 3082 Unfflor,
270 3046 498 3084 splendidiorque
522 3045 657 3083 loquendi
679 3044 862 3076 consuetudo.
902 3048 960 3076 Cic.
977 3048 1007 3076 in
1021 3048 1094 3076 Brut.
1107 3054 1151 3084 78.
1173 3046 1236 3084 Jam

131 3087 208 3116 enirn
218 3091 276 3114 erat
285 3085 396 3114 unctior
408 3085 544 3121 quaedam,
564 3084 794 3122 splendidiorque
808 3084 982 3114 consuetudo
994 3085 1138 3122 loquendi.
1179 3088 1197 3116 i.
1209 3096 1235 3116 e.

131 3123 268 3154 Nitidior.
309 3123 383 3152 Hinc
393 3122 441 3152 lib.
457 3132 480 3152 1.
494 3123 530 3151 de
539 3122 615 3151 Orat.
627 3127 672 3156 81.
695 3122 734 3151 ita
751 3122 860 3157 scribit,
883 3123 1011 3152 Nitidum
1030 3124 1171 3159 quoddam
1192 3134 1238 3162 ge-

130 3171 186 3192 nus
196 3161 235 3190 est
244 3160 392 3190 verborum
402 3182 411 3196 ,
432 3161 459 3190 &
469 3159 576 3194 laetum,
598 3159 645 3189 sed
659 3159 788 3198 palaestrae
800 3161 888 3197 magis
909 3161 935 3190 δι
955 3161 1027 3195 olei,
1049 3170 1130 3197 quam
1153 3161 1237 3198 hujus

131 3198 224 3230 civilis
232 3198 319 3228 turbae
328 3208 360 3228 ac
370 3199 431 3228 fori.
471 3198 499 3227 h.
512 3208 535 3227 e.
561 3197 684 3227 Ludicrae
695 3199 781 3235 magis
789 3199 997 3228 exercitationis
1005 3220 1012 3231 .
1034 3208 1117 3234 quam
1127 3201 1237 3235 generis

131 3238 218 3273 hujus
228 3236 351 3272 acrioris,
361 3246 417 3273 quo
430 3245 481 3266 nos
493 3236 597 3265 utimur
613 3237 642 3265 in
654 3236 777 3266 concilio
795 3238 822 3267 &
842 3236 961 3273 judicio.
1000 3236 1158 3266 Translatio
1168 3238 1206 3267 est
1220 3247 1237 3268 a

130 3275 262 3305 Palaestris
275 3297 282 3308 ,
305 3283 371 3311 quas
384 3281 475 3312 poetae
487 3273 593 3303 Unctae
603 3273 757 3312 appellant.

112 3313 250 3351 Vulgaris.
273 3312 394 3349 Quintil.
404 3311 451 3340 lib.
463 3322 489 3341 2.
501 3321 564 3349 cap.
580 3321 622 3346 ις.

112 3351 240 3388 Vulgaris
254 3349 427 3379 consuetudo
437 3371 445 3385 ‚
467 3350 494 3379 &
506 3349 666 3379 communis
675 3349 730 3379 vita
740 3349 897 3379 hominum.
921 3349 981 3378 Cic.
997 3359 1021 3378 1.
1034 3349 1071 3379 de
1082 3349 1159 3379 Orat.
1170 3355 1238 3386 ²48·

113 3389 269 3420 Abhorrere
284 3398 300 3417 a
313 3387 513 3417 consuetudine
525 3388 681 3419 communis
690 3385 792 3417 sensus.
814 3387 873 3418 Cic.
890 3397 915 3418 1.
926 3387 962 3417 de
971 3386 1050 3417 Orat.
1064 3396 1108 3418 12.

113 3427 275 3457 Abstrahere
289 3436 305 3456 a
317 3425 528 3455 consuetudine.
567 3424 601 3455 In
622 3435 642 3453 A
651 3435 666 3453 s
676 3435 688 3455 s
697 3434 717 3453 τ
727 3434 744 3453 R
753 3434 772 3454 A
781 3434 803 3454 Η
812 3434 839 3455 o.

113 3465 260 3495 Adducere
268 3464 304 3494 ad
313 3486 322 3499 ,
343 3463 388 3493 vel
400 3464 439 3493 in.
462 3462 527 3492 Caes.
535 3473 562 3499 4.
572 3461 640 3492 Bell.
651 3462 722 3493 Gall.
734 3472 759 3492 1.

111 3502 259 3533 Adhibere.
300 3502 333 3531 ln
354 3511 401 3530 An
413 3510 434 3530 H
443 3511 476 3529 13
486 3510 536 3530 eo.

113 3541 255 3571 Adimere.
293 3539 326 3570 In
347 3549 394 3569 AD
404 3549 444 3568 rm
454 3548 481 3568 o.

113 3577 226 3609 Afferre.
268 3577 299 3607 ln
320 3587 340 3606 A
351 3588 365 3606 ιτ
373 3588 387 3606 i=
395 3586 410 3606 iz
419 3586 436 3606 R
445 3586 471 3606 o.

114 3615 204 3646 Alere.
244 3614 276 3644 In
297 3624 318 3644 A
328 3626 345 3644 L
355 3624 381 3644 o.

114 3654 229 3691 Aperite
238 3652 425 3682 interclusam.
447 3651 506 3682 Cic.
518 3661 568 3690 pro
579 3649 621 3682 M.
630 3649 746 3681 Marcel.
759 3659 786 3681 α.

114 3691 262 3722 Asciscere.
302 3690 334 3719 In
355 3701 375 3720 A
384 3700 396 3719 s
406 3700 423 3719 c
432 3702 441 3719 1
450 3700 462 3719 s
472 3700 489 3720 c
499 3700 526 3719 o.

114 3729 198 3759 Cadit
206 3729 235 3757 in
247 3727 488 3757 consuetudinem.
530 3727 562 3756 In
583 3736 601 3755 c
609 3736 628 3755 A
637 3736 656 3755 r>
665 3735 692 3755 0.

113 3767 220 3805 Capere
231 3765 462 3795 consuetudinem
472 3764 769 3801 exercitationemque.
791 3763 849 3793 Cic.
863 3772 887 3792 r.
901 3761 959 3793 Off.
971 3772 1014 3799 59.

114 3804 272 3870 Convertit}i
283 3803 372 3870 suIbito
391 3814 406 3833 a
426 3803 630 3833 consuetudine
646 3802 775 3831 homines
788 3802 922 3839 sapientia
941 3811 1000 3831 non
1016 3802 1098 3841 inops
1115 3801 1238 3832 dicendi.

134 3844 191 3872 Cic.
209 3852 232 3871 r.
274 3850 289 3870 e
318 3848 412 3870 nvent.
432 3850 457 3877 3.

114 3881 236 3910 Defiexit
247 3879 384 3914 majorum
397 3877 569 3908 consuetudo
580 3877 615 3906 de
625 3876 773 3906 curriculo.
796 3876 854 3905 Cic.
868 3876 904 3905 de
915 3876 1026 3906 Amicit.
1038 3887 1084 3912 40.

1684 129 1714 163 c
1808 130 1843 164 o
1939 131 1975 165 N
2364 143 2430 185 (ἦ.

1316 210 1447 247 Gignitur
1460 210 1632 240 consuetudo
1643 220 1677 240 ex
1685 211 1893 240 exercitatione.
1918 212 1977 242 Cic.
1991 222 2016 241 ι.
2037 213 2072 242 de
2083 214 2159 245 Orat.
2177 222 2240 254 358.

1317 247 1421 276 Imitari
1434 248 1588 282 aliquorum
1599 249 1841 278 consuetudinem.
1867 249 1925 278 Cic.
1943 260 1964 278 i.
1980 250 2037 280 Off.
2048 257 2094 288 85.

1317 283 1473 314 Increbruit
1484 286 1663 316 consuetudo.
1706 287 1737 316 ln
1767 298 1776 316 1
1788 297 1806 316 Ν
1817 297 1879 316 css
1890 298 1904 315 B
1913 297 1929 315 a
1941 297 1974 317 ss
1984 298 2001 317 c
2011 298 2038 317 o.

1318 321 1455 352 Intlucere
1466 325 1492 352 in
1505 323 1743 354 consuetudinem.
1767 326 1826 354 Cic.
1843 334 1866 360 3.
1880 325 1916 361 Q.
1929 325 1988 355 frat.
2004 335 2029 362 3.

1317 358 1461 389 Instituere
1473 362 1712 391 consuetudinem.
1754 362 1786 391 In
1808 373 1817 390 1
1827 372 1868 391 ris
1876 372 1895 391 *r
1904 374 1914 392 r
1923 372 1944 391 'r
1955 373 1972 392 u
1980 373 2008 393 o.

1319 396 1514 427 intermittere.
1557 399 1587 428 ln
1609 410 1618 427 1
1628 410 1648 428 N
1658 409 1677 427 T
1686 410 1699 428 ii
1708 410 1723 428 a
1731 411 1750 429 Μ
1761 411 1769 428 ι
1780 409 1799 428 Τ
1808 409 1827 428 Τ
1835 410 1860 429 ο.

1318 434 1508 465 introducere.
1530 436 1588 465 Cic.
1602 447 1624 472 ς.
1639 438 1712 466 Verr.
1727 443 1785 473 ¹89-

1319 472 1352 502 In
1366 473 1407 501 vel
1422 474 1456 501 ad
1473 473 1703 503 consuetudinem
1716 485 1854 505 revocare.
1895 475 1953 505 Cic.
1966 486 1992 511 9.
2005 475 2079 506 Fam.
2095 485 2119 507 1.
2144 477 2369 516 Ignoscuntmihi
2381 504 2389 517 ,
2409 485 2437 513 ἀ

1338 518 1470 539 revocant
1482 512 1510 539 in
1522 511 1754 541 consuetudinem
1765 514 1919 550 pristinam:
1941 513 1983 543 Te
2005 524 2039 543 ue
2052 536 2060 549 ,
2080 516 2157 552 quod
2165 517 2195 546 in
2202 526 2234 547 ea
2244 519 2436 556 permanseris,

1338 547 1534 584 sapientiorem
1545 559 1628 585 quam
1640 559 1684 578 me
1695 550 1792 579 dicunt
1807 551 1894 580 fuisse.
1934 551 1974 580 Al.
2010 562 2027 580 n
2038 562 2081 582 eo.

1318 584 1598 623 Invalescitquotidie
1606 587 1701 621 magis.
1725 587 1845 624 Quintil.
1859 588 1907 617 lib.
1917 598 1942 618 2.
1953 598 2014 627 cap.
2031 599 2055 619 r.

1319 622 1449 665 Nancisci
1460 625 1497 653 rei
1507 624 1625 659 alicujus
1637 624 1877 656 consuetudinem.
1918 626 1976 656 Cic.
1989 637 2016 656 2.
2028 627 2064 664 Q.
2075 627 2134 657 frat.
2150 637 2191 665 13.
2214 629 2359 668 Inspiciam
2368 634 2438 669 quid

1339 660 1424 689 discat
1435 671 1517 697 quam
1528 661 1687 698 saepiffime:
1710 663 1847 692 &nisiille
1865 670 2048 700 contemnet,
2069 666 2155 695 etiam
2177 669 2335 704 magistrum
2350 679 2395 699 me
2410 672 2437 700 ei

1338 698 1506 764 profigqbor:
1528 700 1607 742 cujus
1616 699 1655 728 rei
1665 701 1832 730 nonnullam
1843 701 2074 732 consuetudinem
2088 706 2185 734 nactus
2202 705 2262 735 sum
2275 707 2305 735 in
2314 707 2369 738 hoc
2386 708 2438 738 ho-

1339 745 1401 764 rum
1432 746 1519 765 rerum
1532 744 1600 766 otio.

1319 771 1423 802 Patitur
1434 774 1616 803 consuetudo.
1657 774 1688 804 ln
1709 785 1723 803 P
1734 785 1753 804 A
1764 785 1783 804 T
1791 787 1800 804 1
1809 786 1826 806 o
1838 786 1862 806 R.

1320 810 1435 840 Referre
1448 821 1568 841 veterem
1580 810 1810 843 consuetudinem
1823 814 1908 851 longo
1922 814 2076 845 intervallo.
2117 815 2176 846 Cic.
2189 825 2213 854 3.
2227 817 2302 848 Verr.
2316 829 2358 855 ις.
2380 820 2440 859 Ego

1339 858 1435 878 meum
1445 849 1564 879 studium
1575 850 1603 878 in
1615 849 1754 887 Renipub.
1768 852 1824 887 jam
1842 852 1890 880 illo
1901 858 2027 889 tempore
2046 854 2169 889 ostendi,
2191 865 2277 892 quum
2290 858 2374 896 longo
2397 861 2440 889 in-

1340 886 1456 916 tervallo
1465 894 1585 917 veterem
1597 888 1828 918 consuetudinem
1839 889 1930 918 retuli.

1319 922 1451 962 Repetita
1459 932 1540 962 atque
1550 925 1634 954 relata
1642 925 1727 963 longo
1740 927 1885 956 intervallo
1896 928 2033 963 majorum
2041 928 2438 971 consuetudo.Cic.r.Verr.67.

1320 961 1495 999 Refugerea.
1536 962 1594 992 Cic.
1610 972 1632 993 1.
1646 964 1698 993 Att.
1713 972 1755 1001 13.
1777 964 1811 994 Et
1817 964 1910 1002 postea
1920 966 2027 1002 prorsus
2037 967 2073 996 ab
2082 967 2205 998 instituta
2221 970 2311 1000 nostra
2327 973 2442 1003 consue-

1341 1000 1440 1029 tudine
1451 999 1535 1037 longe
1542 1001 1650 1038 refugit.

1321 1037 1464 1067 Retinere.
1486 1038 1543 1067 Cic.
1558 1048 1599 1067 ιο.
1610 1039 1686 1069 Fam.
1698 1047 1741 1075 ξς.
1762 1038 1834 1068 Nam
1846 1040 1984 1070 exercitus
1992 1043 2109 1071 cunctus
2119 1043 2353 1076 consuetudinem
2362 1047 2436 1078 suam

1340 1076 1371 1104 in
1381 1076 1489 1105 civibus
1500 1076 1679 1106 observandis
1687 1099 1695 1112 ‚
1717 1078 1919 1115 communique
1928 1088 2013 1116 pace,
2036 1079 2172 1111 seditione
2183 1081 2253 1112 faeta
2266 1104 2275 1118 .‚
2296 1086 2420 1116 retinuit.

1322 1113 1416 1151 Serpit
1425 1123 1457 1143 ac
1468 1115 1572 1152 prodit.
1596 1115 1656 1145 Cic.
1674 1124 1697 1145 1.
1713 1114 1786 1145 Verr.
1803 1119 1849 1150 68.

1321 1152 1444 1181 Servare.
1468 1152 1525 1181 Cic.
1541 1163 1565 1187 ς.
1576 1152 1651 1182 Fam.
1666 1163 1691 1189 9.

1320 1189 1413 1219 Servit
1425 1189 1621 1219 consuetudini
1632 1191 1847 1228 Orthographia.
1870 1191 1991 1228 Quintil.
2004 1190 2054 1222 lib.
2071 1202 2095 1222 1.
2109 1203 2170 1231 cap.
2183 1203 2208 1229 7.

1318 1226 1432 1257 Tenere
1442 1226 1685 1258 consuetudinem.
1718 1230 1777 1258 Cic.
1791 1239 1812 1258 1.
1830 1229 1947 1267 Philipp.
1961 1239 2007 1266 ²7-
2030 1230 2094 1267 Quo
2106 1232 2198 1261 minus
2210 1232 2278 1262 mil-ii
2291 1235 2443 1266 inimicisl'i..

1339 1275 1402 1295 mus
1411 1265 1457 1300 lit,
1479 1275 1536 1295 non
1547 1266 1687 1302 recusabo,
1707 1262 2082 1305 siconsuetudinenflneam,
2104 1279 2186 1306 quam
2197 1271 2303 1309 semper
2312 1274 2340 1302 in
2351 1274 2442 1313 Repu.

1336 1304 1413 1333 -blica
1427 1303 1529 1339 habui,
1549 1310 1675 1334 tenuero.

1318 1341 1428 1371 Tenuit
1440 1342 1614 1371 consuetudo
1625 1365 1633 1378 ,
1654 1348 1693 1372 ut.
1717 1342 1837 1378 Quintil.
1848 1343 1896 1372 lib.
1907 1353 1933 1372 2.
1950 1336 1978 1372 ὁ.
2006 1367 2012 1373 .
2024 1353 2047 1374 1.
2060 1354 2101 1382 pr.

1321 1379 1571 1447 ''fitadi‘iffl‘atinss
1582 1380 1779 1447 ῗςέηίῖιεῑυάἰηί
1798 1381 1896 1411 Cicero
1914 1381 1962 1411 OE
2000 1383 2144 1412 nomicum
2156 1382 2366 1422 Xenophontis.
2391 1386 2444 1416 Con

1354 1428 1418 1447 ume
1434 1440 1439 1446 .
1455 1428 1483 1446 in
1497 1427 1692 1455 prae.1.12.

1321 1455 1423 1485 Venire
1430 1456 1465 1485 ad
1476 1456 1628 1485 dicendum
1641 1466 1656 1485 a
1666 1455 1868 1486 consuetudine
1877 1456 2025 1487 scribendi.
2051 1458 2109 1487 Cic.
2124 1468 2147 1488 1.
2158 1459 2194 1488 de
2206 1459 2282 1489 Orat.
2301 1470 2362 1496 15²·

1321 1493 1503 1561 Ugurparbaffb
1526 1493 1681 1530 aliquibus,
1703 1495 1729 1524 Sc
1746 1495 1777 1524 in
1794 1496 1935 1533 proverbii
1961 1495 2194 1526 consuetudinem
2216 1498 2322 1535 aliquid
2342 1500 2445 1531 venire.

1368 1541 1400 1561 ic.
1410 1541 1435 1561 2.
1502 1554 1508 1561 .
1523 1542 1566 1567 ςς.

1324 1569 1426 1598 Venire
1437 1579 1471 1599 ex
1481 1569 1608 1600 utilitatis
1619 1570 1728 1599 ratione
1739 1570 1767 1599 in
1776 1570 2016 1601 consuetudinem.
2039 1571 2098 1602 Cic.
2113 1581 2139 1601 2.
2152 1572 2187 1602 de
2195 1572 2306 1603 Invent.
2321 1578 2365 1612 65.

1323 1607 1413 1637 Vertit
1422 1608 1448 1636 in
1461 1607 1703 1637 consuetudinem.
1717 1608 1808 1638 Tacit.
1817 1609 1846 1638 in
1856 1609 1970 1647 dialogo
1981 1610 2017 1638 de
2026 1609 2103 1639 Orat.
2113 1620 2174 1648 cap.
2189 1621 2231 1640 12.
2252 1611 2306 1641 Nisi
2317 1613 2447 1652 frequens

1343 1655 1377 1675 ac
1388 1645 1491 1675 assidua
1500 1646 1584 1675 nobis
1591 1646 1737 1675 contentio
1745 1647 1800 1682 jam
1809 1656 1898 1685 prope
1906 1649 1937 1676 in
1948 1647 2182 1679 consuetudinem
2190 1649 2319 1680 vertisset.

1325 1683 1372 1712 Uti
1381 1684 1592 1713 consuetudine.
1615 1683 1675 1714 Cic.
1692 1693 1734 1719 η.
1751 1684 1826 1714 Fam.
1838 1694 1884 1722 ²3-

1325 1721 1506 1751 Consuetudo
1516 1722 1684 1759 quotidianae
1693 1723 1764 1752 vitae.
1787 1722 1852 1752 Ter.
1864 1723 1964 1753 Heaut.
1975 1732 2002 1752 2.
2017 1731 2042 1759 3.
2055 1732 2102 1760 42.

1419 1760 1492 1789 Nam
1502 1769 1535 1790 ea
1543 1769 1585 1789 res
1596 1760 1676 1789 dedit
1686 1767 1744 1790 turn
1755 1761 1932 1791 existimandi
1940 1761 2051 1800 copiam
2061 1784 2072 1798 ,

1419 1798 1600 1834 Quotidianae
1614 1798 1678 1827 vitae
1689 1798 1930 1829 consuetudinem.

1324 1834 1516 1871 Consuetudo,
1529 1834 1659 1872 [euwain]
1668 1836 1847 1866 Conversatio
1854 1837 1994 1874 frequens,
2004 1836 2382 1879 Familiaritas.Ter.And.3.3
2389 1847 2447 1877 ‚28-

1439 1873 1563 1903 Uxorem
1575 1874 1683 1903 demus.
1706 1873 1785 1912 spero
1796 1874 1999 1904 consuetudine
2009 1877 2035 1905 &

1444 1912 1583 1948 Coniugio
1602 1911 1710 1941 liberali
1729 1912 1888 1948 devictum,
1909 1913 2029 1942 Chreme
2041 1935 2050 1948 ,
2076 1914 2128 1943 ἃς.
2212 1914 2270 1945 Cic.
2282 1925 2308 1946 2.
2332 1915 2407 1947 Fam.
2423 1927 2449 1947 r.

1344 1949 1403 1987 Ego
1415 1955 1442 1978 te
1455 1949 1570 1979 abfuisse
1581 1950 1688 1979 tamdiu
1697 1959 1712 1979 a
1723 1950 1807 1979 nobis
1817 1952 1842 1980 δι
1853 1950 1949 1987 dolui,
1970 1952 2046 1988 quod
2059 1952 2135 1981 carui
2147 1951 2238 1982 fructu
2246 1954 2449 1989 jucundiffimae

1331 1987 1556 2017 -consuetudinis
1570 1997 1576 2016 :
1597 1989 1626 2017 &
1638 1988 1733 2023 laetor,
1754 1989 1846 2025 qnod,
1870 1991 1923 2019 &c

1325 2026 1480 2060 Amicitiae‚
1500 2025 1717 2055 consuetudines
1727 2047 1736 2060 ,
1757 2027 1923 2056 vicinitates.
1945 2027 2003 2057 Cic.
2012 2026 2074 2057 Post
2083 2027 2166 2058 redit.
2179 2028 2216 2058 ad
2226 2028 2305 2066 Quir.
2320 2039 2346 2067 3.

1324 2063 1508 2093 Consuetudo
1522 2065 1547 2094 ὃ(
1559 2063 1738 2093 familiaritas.
1761 2063 1819 2093 Cic.
1834 2074 1875 2095 10.
1887 2065 1964 2095 Fam.
1978 2074 2003 2101 ς.

1326 2101 1486 2139 Hospitium
1493 2111 1551 2131 non
1562 2102 1651 2130 modo
1659 2124 1668 2135 ,
1690 2112 1788 2131 verum
1796 2102 1879 2131 etiam
1889 2103 2071 2133 domesticum
2081 2102 2160 2134 usum
2172 2106 2199 2135 Se
2215 2104 2449 2137 consuetudinem

1343 2149 1412 2168 cum
1421 2139 1514 2176 aliquo
1525 2139 1587 2168 esse.
1612 2139 1670 2168 Cic.
1682 2150 1733 2177 pro
1745 2139 1824 2169 Rosc.
1839 2141 1928 2171 Amer.
1944 2151 1955 2170 1
1964 2151 2006 2177 15-

1326 2177 1473 2207 Vetustatis
1485 2179 1510 2207 ἃ
1522 2177 1732 2207 consuetudinis
1743 2178 1782 2207 vis
1794 2179 1924 2208 maxima.
1947 2178 2007 2208 Cic.
2018 2179 2054 2208 de
2065 2179 2175 2209 Amicit.
2190 2183 2236 2215 68.

1326 2215 1490 2245 Studiorum
1501 2215 1652 2244 similitudo
1663 2236 1672 2250 ,
1692 2215 1808 2245 suavitas
1829 2216 2038 2246 consuetudinis
2049 2239 2057 2252 ‚
2079 2217 2228 2248 delectatio
2245 2218 2308 2248 vitae
2320 2225 2401 2256 atque
2413 2220 2454 2249 vi.

1344 2254 1408 2282 c‘tus
1420 2275 1428 2288 ,
1450 2252 1583 2282 sermonis
1593 2252 1710 2283 societas
1722 2275 1730 2288 ,
1749 2253 1850 2283 litterae
1858 2254 2005 2285 interiores
2016 2276 2026 2291 ,
2046 2254 2158 2285 vincula
2170 2256 2232 2286 sunt
2251 2257 2352 2294 quibus
2363 2257 2457 2289 liberi-

1342 2290 1447 2320 tissime
1460 2291 1643 2328 astringimur.
1666 2291 1725 2320 Cic.
1738 2300 1761 2326 ι.
1781 2292 1855 2321 Fam.
1870 2302 1911 2321 10.

1327 2329 1455 2365 Officiis,
1477 2328 1524 2358 usu
1538 2350 1545 2363 ,
1566 2328 1770 2358 consuetudine
1780 2329 2021 2365 conjunctiffitnus
2031 2330 2128 2360 homo.
2150 2330 2208 2360 Cic.
2221 2341 2273 2368 pro
2282 2332 2358 2362 Sulla
2371 2344 2413 2370 57.

1326 2367 1503 2404 Quotidiana
1514 2366 1717 2396 consuetudine
1727 2373 1842 2405 augetur
1852 2368 2031 2398 familiaritas.
2054 2368 2113 2398 Cic.
2127 2378 2170 2405 13.
2187 2368 2260 2399 Fam.
2272 2379 2317 2399 20.

1327 2404 1708 2473 Agcederchonsuetudinem
1720 2404 1755 2434 ad
1765 2405 1999 2436 necessitudinem
2011 2427 2020 2442 ‚
2039 2407 2136 2444 magni
2149 2407 2295 2438 videbatur
2312 2409 2452 2441 interesse.

1374 2453 1408 2472 ic.
1422 2453 1447 2472 2.
1486 2452 1539 2472 am.
1553 2452 1593 2478 19.
1627 2452 1647 2472 r.

1330 2480 1433 2511 Clausit
1442 2481 1513 2509 mihi
1526 2453 1759 2510 consulsstudinem
1770 2481 1830 2517 eius
1843 2481 1944 2520 pudor.
1968 2481 2027 2511 Cic.
2038 2492 2065 2515 4.
2074 2482 2149 2512 Fam.
2163 2491 2205 2519 13.
2228 2481 2263 2512 Et
2279 2483 2309 2513 in
2319 2484 2378 2521 ejus
2388 2494 2455 2515 con.

1348 2518 1527 2548 suetudinem
1539 2540 1547 2553 ,
1570 2528 1653 2555 quam
1670 2518 1763 2548 adhuc
1771 2529 1852 2550 meus
1863 2520 1955 2556 pudor
1966 2520 2035 2549 mihi
2046 2520 2141 2550 clausit
2150 2542 2159 2555 ‚
2179 2520 2334 2551 insinuabo.

1328 2557 1431 2587 Facere
1440 2556 1671 2586 consuetudinem
1681 2556 1764 2585 alicui
1775 2566 1839 2586 cum
1847 2558 1943 2587 altero.
1984 2557 2041 2587 Cic.
2057 2568 2068 2587 1
2076 2568 2099 2593 ι.
2122 2558 2197 2588 Fam.
2208 2569 2253 2595 ²4·
2277 2561 2381 2590 Atticus
2402 2570 2452 2591 no-

1349 2595 1401 2624 ster
1412 2595 1546 2631 majorem
1559 2595 1645 2623 etiam
1656 2594 1726 2623 mihi
1738 2604 1802 2624 curn
1814 2595 1938 2625 Coffinio
1950 2596 2182 2626 consuetudinem
2190 2597 2267 2628 fecit.

1327 2633 1464 2663 Induc'tus
1474 2632 1674 2661 consuetudine
1687 2634 1712 2662 St
1723 2632 1917 2663 familiaritate.
1940 2633 1997 2663 Cic.
2008 2644 2060 2672 pro
2072 2635 2169 2671 Quint.
2186 2644 2228 2664 12.

1331 2671 1471 2708 Congredi
1485 2670 1647 2707 quotidiana
1656 2670 1859 2701 consuetudine
1871 2681 1935 2701 cum
1947 2671 2051 2709 aliquo.
2084 2672 2117 2702 In
2138 2683 2156 2702 c
2166 2683 2183 2701 o
2191 2682 2210 2702 Ν
2221 2683 2240 2702 c
2250 2683 2267 2702 a
2275 2683 2290 2703 a
2298 2684 2316 2703 n
2325 2684 2360 2704 ιο
2370 2684 2397 2704 R.

1330 2709 1481 2738 Devincire
1492 2709 1610 2738 domum
1619 2708 1774 2744 aliquorum
1785 2709 1996 2739 consuetudine.
2020 2710 2077 2740 Cic.
2092 2720 2142 2748 pro
2160 2711 2238 2740 Arch.
2248 2721 2297 2746 32.

1330 2746 1404 2776 Dare
1421 2747 1448 2776 se
1465 2748 1494 2775 in
1513 2746 1756 2776 consuetudinem.
1796 2746 1855 2777 Cic.
1869 2748 1898 2776 in
1913 2747 2002 2777 Pison.
2015 2753 2060 2782 68.
2089 2749 2173 2778 Dedit
2190 2749 2217 2778 se
2232 2750 2261 2778 in
2276 2748 2456 2779 consuetudi-

1350 2794 1416 2813 nem
1424 2806 1432 2820 ,
1455 2784 1492 2814 sic
1504 2784 1612 2822 prorsus
1623 2790 1655 2813 ut
1665 2793 1719 2813 una
1727 2784 1850 2820 viveret,
1873 2795 1926 2815 nec
1934 2786 1990 2815 fere
2000 2786 2033 2815 ab
2046 2786 2096 2816 isto
2106 2796 2228 2824 unquam
2242 2787 2405 2817 discederet.

1330 2822 1498 2857 immergere
1507 2822 1532 2851 se
1540 2822 1655 2860 penitus
1669 2823 1699 2851 in
1708 2821 1944 2853 consuetudinem
1954 2823 2071 2860 alicuius
2083 2823 2224 2854 blanditiis
2234 2827 2260 2854 ἃ
2268 2825 2456 2855 assentationi-

1350 2860 1412 2889 bus.
1436 2861 1493 2889 Cic.
1505 2870 1556 2898 pro
1569 2859 1678 2890 Cluent.
1694 2864 1737 2894 ³6·

1331 2898 1472 2936 Implicari
1486 2897 1697 2928 consuetudine.
1739 2897 1797 2928 Cic.
1810 2901 1836 2927 6.
1850 2898 1925 2929 Fam.
1937 2908 1980 2929 11.
2003 2899 2114 2929 Etenim
2131 2909 2228 2930 omnes
2245 2899 2356 2930 Caesaris
2375 2900 2456 2930 fami-

1351 2936 1432 2966 liares
1441 2935 1503 2966 satis
1512 2943 1673 2980 opportune
1685 2936 1775 2965 habeo
1786 2936 1946 2973 implicatos
1956 2937 2167 2967 consuetudine.

1280 2994 1283 2996 -
1331 2974 1475 3005 Insinuare
1483 2974 1547 3004 sein
1555 2974 1672 3010 alicujus
1682 2973 1923 3004 consuetudinem.
1946 2975 2003 3005 Cic.
2014 2987 2040 3011 4.
2054 2975 2128 3005 Fam.
2142 2984 2183 3012 ¹3-

1331 3013 1452 3079 Jungeffie
1460 3011 1689 3056 consuetudines,
1709 3012 1861 3049 amicitias,
1882 3022 1926 3042 res
1938 3035 1947 3049 ,
1971 3013 2146 3051 rationesque
2158 3017 2223 3043 'cum
2233 3012 2380 3051 aliquibus.
2394 3015 2455 3046 Cic.

1373 3061 1403 3079 ro
1442 3057 1507 3079 eiot.
1519 3059 1563 3087 ²7-
1754 3077 1759 3082 .

1331 3061 1530 3121 Cldnsuetudo.
1555 3097 1618 3125 pai-s
1627 3088 1743 3123 estjuris
1760 3087 1870 3123 civius,
1891 3089 1919 3117 in
1936 3088 1979 3117 his
1996 3088 2077 3118 rebus
2095 3088 2198 3126 posita,
2220 3093 2279 3126 quae
2297 3090 2457 3127 priusquam

1352 3127 1380 3155 in
1393 3126 1623 3155 consuetudinem
1632 3125 1768 3155 venili'erit
1780 3147 1788 3161 ,
1810 3132 1939 3163 poterant
1950 3127 2005 3155 line
2019 3126 2120 3156 scelere
2139 3127 2182 3156 vel
2196 3128 2386 3164 praetermitti,
2410 3129 2458 3159 vel

1352 3164 1465 3194 violari:
1489 3164 1632 3201 postquam
1646 3169 1740 3192 autem
1760 3163 1844 3199 longo
1863 3165 1989 3193 omnium
2003 3164 2050 3193 usu
2061 3165 2249 3202 comprobatae
2260 3165 2337 3200 sunt,
2381 3175 2458 3196 arem

1352 3201 1460 3239 legibus
1470 3202 1576 3231 habent
1586 3201 1761 3239 potestatem.
1795 3201 1869 3231 Hinc
1884 3201 1952 3230 illud
1973 3202 2141 3239 Hermogen.
2155 3202 2173 3231 1.
2190 3211 2232 3238 35.
2255 3202 2285 3232 D.
2303 3204 2338 3232 de
2367 3213 2409 3240 eg.
2431 3207 2459 3234 ἃ

1351 3240 1409 3269 sen.
1431 3240 1486 3270 Sed
1497 3250 1530 3269 ea
1546 3248 1606 3276 quae
1622 3239 1705 3276 longa
1727 3238 1929 3268 consuetudine
1945 3240 2126 3278 comprobata
2146 3240 2225 3274 sunt,
2246 3250 2278 3270 ac
2296 3251 2346 3278 per
2369 3251 2461 3271 annos

1351 3277 1490 3315 plurimos
1504 3278 1657 3311 observata,
1681 3276 1755 3305 velut
1769 3277 1853 3306 tacita
1866 3278 1968 3306 civium
1978 3279 2165 3306 conventione
2177 3301 2185 3312 ,
2205 3280 2459 3316 nonminusquam

1351 3325 1386 3345 ea
1398 3326 1457 3352 quae
1470 3315 1569 3353 scripta
1580 3314 1659 3349 sunt,
1678 3315 1737 3350 jura
1749 3314 1899 3343 servantur.
1934 3314 2034 3347 immo,
2056 3316 2147 3352 inquit
2156 3315 2254 3345 Paulus
2265 3338 2273 3351 ‚
2296 3326 2402 3353 magnai
2413 3327 2462 3346 au..

1351 3355 1487 3383 c‘tontatis
1500 3355 1553 3383 hoc
1562 3354 1605 3389 jus
1615 3352 1747 3381 habetur:
1770 3352 1846 3388 quod
1856 3353 1884 3380 in
1894 3358 2004 3381 tanturn
2013 3355 2161 3390 probatum
2172 3354 2218 3388 est,
2241 3360 2271 3382 ut
2282 3356 2325 3384 &c
2357 3355 2461 3384 Differt

1353 3398 1447 3421 autem
1458 3402 1473 3421 a
1487 3392 1559 3429 Lege
1568 3413 1576 3426 ‚
1598 3390 1673 3427 quod
1685 3390 1732 3418 illa
1742 3389 1814 3418 clam
1831 3391 1857 3419 ἃ
1868 3390 1981 3419 obscure
1995 3391 2114 3420 nascitur
2124 3413 2132 3427 ‚
2155 3391 2385 3429 pedetentimque
2396 3403 2459 3431 per.

1353 3429 1460 3459 ficitur:
1487 3430 1552 3459 Haec
1565 3434 1679 3465 repente
1694 3427 1767 3456 suam
1780 3429 1974 3457 auctoritatem
1984 3428 2101 3458 obtinet.
2146 3428 2273 3466 Proprius
2284 3437 2375 3459 autern
2392 3441 2461 3460 con-

1352 3467 1507 3497 suetudinis
1517 3467 1596 3496 locus
1609 3466 1646 3494 est
1657 3466 1684 3494 in
1695 3466 1728 3494 iis
1740 3487 1747 3498 ‚
1769 3475 1830 3501 quae
1842 3464 1948 3502 legibus
1959 3476 2017 3495 non
2030 3466 2092 3495 sunt
2111 3467 2310 3504 comprehensa
2323 3489 2331 3503 ,
2355 3468 2409 3497 live
2426 3478 2461 3498 ea

1354 3504 1447 3540 legem
1458 3513 1578 3534 veterem
1588 3504 1791 3540 interpretetur.
1828 3502 1886 3541 Cic.
1906 3503 1953 3532 lib.
1969 3514 1991 3532 1.
2006 3504 2159 3533 delnvent.
2173 3509 2218 3541 67.
2242 3505 2462 3536 Corisuetudinis

1353 3543 1400 3580 jus
1414 3543 1453 3572 cst
1464 3565 1472 3576 ,
1493 3542 1569 3579 quod
1580 3541 1725 3569 voluntate
1736 3540 1861 3569 omnium
1873 3541 1930 3570 line
1941 3541 2001 3579 lege
2013 3542 2127 3571 vetustas
2138 3543 2338 3579 comprobavit.
2378 3543 2410 3573 In
2428 3554 2461 3573 ea

1353 3588 1449 3610 autem
1463 3581 1520 3615 iura
1530 3579 1591 3608 sunt
1600 3579 1726 3614 quaedam
1737 3577 1792 3615 ipsa
1804 3578 1860 3613 jam
1871 3586 1944 3608 certa
1957 3587 2069 3616 propter
2079 3580 2252 3609 vetustatem.
2294 3581 2359 3617 Quo
2376 3583 2404 3610 in
2414 3592 2462 3619 ge.

1355 3628 1421 3648 nere
1432 3620 1457 3648 Sc
1467 3618 1517 3646 alia
1527 3617 1588 3646 sunt
1596 3617 1684 3645 inuita
1694 3637 1702 3649 ,
1724 3617 1749 3645 St
1759 3625 1854 3644 eorum
1864 3617 1955 3646 multo
1964 3618 2085 3646 maxima
2095 3627 2172 3654 pars,
2194 3627 2253 3655 quae
2265 3618 2392 3649 Praetores
2401 3620 2461 3649 edi-

1354 3665 1418 3685 cere
1434 3655 1645 3684 consueverunt.
1683 3653 1818 3689 Quaedam
1830 3661 1922 3683 autem
1932 3664 2033 3693 genera
2045 3655 2176 3690 jurisjarn
2193 3661 2269 3685 certa
2283 3658 2461 3686 consuetudi-

1355 3703 1391 3723 ne
1401 3694 1474 3722 fat‘ta
1485 3692 1564 3721 sunt:
1587 3690 1661 3728 quod
1675 3700 1778 3727 genus,
1799 3692 1929 3727 pactum,
1953 3702 2014 3730 par,
2036 3692 2201 3728 judicatum.
2242 3693 2311 3724 Haec
2332 3704 2366 3724 ex
2387 3696 2460 3725 Cori-

1355 3741 1430 3760 nano
1440 3753 1447 3765 ‚
1469 3730 1544 3767 apud
1559 3738 1641 3766 quem
1651 3728 1727 3765 plura
1737 3729 1801 3756 vide
1813 3728 1848 3756 de
1861 3729 2079 3759 Consuetudine.

1337 3767 1566 3834 Consuetludobest
1578 3765 1788 3804 optimalegum
1796 3767 1943 3803 interpres.
1965 3767 2040 3797 Paul.
2054 3769 2084 3796 in
2105 3767 2124 3798 1.
2142 3768 2162 3797 si
2175 3768 2210 3798 de
2220 3769 2460 3807 interpretatione.

1359 3807 1392 3835 D.
1406 3806 1440 3834 de
1467 3816 1480 3835 e
1502 3805 1508 3833 i
1533 3827 1538 3832 .

1336 3844 1456 3874 Firmata
1466 3815 1759 3876 cgnsuetudojudicio
1770 3840 1954 3870 contradicto.
1978 3840 2132 3880 Ulpian.in
2147 3842 2164 3874 l.
2188 3853 2273 3881 quum
2291 3843 2327 3873 dt
2347 3843 2461 3873 consue=

1357 3881 1466 3910 tudine.
1490 3881 1521 3909 D.
1542 3880 1578 3908 de
1595 3878 1720 3914 Legibus.

115 3918 182 3949 Non
192 3918 230 3947 est
241 3927 310 3946 meae
320 3915 538 3949 consuetudinis.
560 3915 641 3944 initio
650 3914 763 3943 dicendi
775 3914 912 3943 rationem
924 3915 1051 3950 reddere,
1068 3924 1122 3952 qua
1131 3914 1168 3945 de
1178 3923 1243 3944 cau-

1361 3928 1378 3946 rc
1390 3928 1400 3946 s
1411 3928 1428 3946 c
1439 3928 1456 3946 c
1467 3928 1474 3945 i
1486 3928 1501 3945 L
1510 3928 1526 3945 L
1536 3926 1553 3944 o
1590 3919 1645 3944 ¹Ere.
1676 3915 1820 3944 firmicus.

134 3955 162 3987 [a
171 3963 309 3995 quemque
320 3954 480 3985 defendam.
502 3954 561 3984 Cic.
575 3962 626 3993 pro
638 3952 730 3982 Rabir.
747 3952 825 3990 perd.
839 3961 888 3981 reo
898 3973 907 3987 ,
930 3961 953 3981 r.
1300 3919 1323 3949 C
1333 3929 1349 3947 ⁰
1562 3938 1569 3950 ’

1300 3954 1691 3992 Cousui.‚Consui.o,
1714 3955 1769 3983 ere.
1810 3953 1843 3984 In
1864 3962 2088 3985 consitium.
2372 3994 2395 4025 C

2403 4003 2460 4025 ort-
