2604 4222
117 184 184 222 652
543 173 572 208 C
671 173 706 207 O
800 169 834 203 N

445 259 471 288 &
484 257 650 289 decernere3
671 250 843 283 utSciscere,
865 246 940 277 unde
957 245 1062 275 Scitum
1072 242 1188 271 dierum.
1210 239 1271 269 Liv.

158 298 207 328 lib.
224 308 247 327 r.
265 307 307 333 3²-
330 296 414 333 Quod
426 296 541 325 Senatus
552 292 647 329 Populi
662 289 777 320 Romani
796 286 948 323 Quiritium
967 281 1091 315 censuit,
1114 277 1271 322 consensit,

158 335 309 372 conscivit,
330 342 361 364 ut
371 333 474 364 bellum
485 341 547 362 cum
557 329 650 367 priscis
661 327 764 356 Latinis
773 325 859 368 fieret,
876 324 927 352 &e
949 320 1076 364 Budaeus.
1114 317 1172 360 C.¹0'
1186 315 1233 345 lib.
1244 325 1269 351 3.

159 375 195 404 de
209 375 300 411 Legib.
317 384 358 403 10.
381 371 489 402 Creatio
501 368 721 405 magistratuum,
743 363 844 399 judicia
859 359 967 403 populi,
988 357 1066 393 Jufla,
1086 362 1171 384 vetita
1182 363 1269 391 quum

159 412 288 446 suffragio
303 411 518 442 consciscentur,
539 403 718 443 optimatibus
727 408 792 430 nota
803 422 811 435 ,
833 398 910 436 plebi
922 396 1007 439 libera
1019 394 1107 438 sunto,
1135 430 1141 436 ·
1250 428 1257 435 ι

160 445 283 481 Exilium
290 449 337 478 sibi
347 447 519 478 consciscere.
542 445 598 473 Liv.
611 452 654 477 29.
671 443 715 476 36.
728 446 795 468 extr.
811 437 903 479 Postea
912 433 1084 464 conseientia
1095 430 1202 474 sibimet
1212 438 1271 458 exi-

179 487 248 517 lium
261 486 458 516 consciscentes
470 506 479 519 ,
498 491 584 519 quum
599 479 723 510 absentes
734 477 856 506 damnati
872 472 975 507 essent,
992 469 1155 508 corporibus
1168 467 1271 497 subtra-

160 527 382 594 thciisnbfichic-
398 562 439 588 16.
454 558 526 588 Fam.
541 566 551 585 1
561 565 583 585 r.
605 554 702 591 Neque
714 549 863 581 incolumis
874 547 978 578 Caesare
989 547 1053 576 vivo
1065 545 1116 579 fui,
1132 543 1182 572 nisi
1197 544 1270 581 polt-

180 611 260 638 quam
274 599 342 628 illud
352 597 471 627 conscivi
482 595 599 624 facinus.

160 639 262 676 Fugam
283 636 330 666 sibi
348 645 383 664 ex
397 635 488 669 aliquo
511 633 582 674 loco.

181 676 350 712 exiliumque
361 682 393 702 ac
402 672 493 709 fugam
505 668 586 699 nobis
597 677 612 697 e

161 712 332 780 Οἳῗιζίῖξῐῗὲὲξὲ
351 747 463 784 (inquit
477 745 571 779 Valla)
591 743 648 772 fere
661 742 696 771 ad
710 746 827 771 mortem
838 738 968 776 pertinet.
1008 735 1172 771 Plerumque
1191 728 1268 762 enim

180 788 339 824 siclegimus
352 808 360 820 .
382 785 501 815 Mortem
513 782 558 811 sibi
570 781 627 819 ipse
637 779 789 813 conscivit,
812 778 934 807 Mortem
954 774 1004 803 tibi
1023 772 1079 816 ipse
1100 770 1265 815 consciscis,

177 826 298 856 Mortem
312 824 381 854 mihi
392 822 439 860 ipsi
450 820 615 851 consciscam
632 841 639 853 ,
662 818 766 854 Cogam
785 824 812 845 te
830 815 866 844 ad
889 821 1007 843 mortem
1024 811 1073 854 tibi
1087 819 1136 848 per
1147 808 1267 846 teipsum

177 862 408 893 consciscendain.
446 860 585 888 Hactenus
597 856 671 886 Valla
687 878 694 889 ,
714 855 760 884 lib.
773 865 795 890 5.
819 853 902 883 Nunc
913 860 977 880 cuni
988 850 1083 893 dativo
1095 870 1103 883 ,
1124 857 1201 876 nunc
1211 847 1268 875 sine

176 901 277 930 dativo.
317 900 375 928 Cic.
387 908 413 935 7.
429 897 502 926 Fam.
518 905 561 933 39.
592 896 645 924 Aut
667 893 820 931 capiendus
835 897 968 927 tanquam
986 888 1071 917 exilio
1092 885 1189 929 locus,
1218 890 1266 913 aut

176 937 367 968 consciscenda
380 945 452 965 mors
463 933 627 965 voluntaria.
657 931 735 962 Ideni
749 941 774 960 2.
788 931 824 959 de
833 929 897 958 Nat.
910 927 995 957 Deor.
1007 932 1032 959 8.
1054 925 1154 961 Jumus
1164 932 1266 953 necem

176 977 222 1005 sibi
236 975 291 1013 ipse
299 974 440 1004 conscivit.
693 1007 698 1012 Ι

157 1014 270 1043 Veneno
281 1020 397 1042 mortem
410 1010 457 1040 sibi
468 1007 645 1039 consciscere.
667 1007 725 1036 Cic.
740 1005 774 1034 de
783 1004 852 1034 Clar.
867 1003 943 1033 Orat.
953 1012 997 1045 4..
1156 1037 1162 1043 ι
1179 1038 1184 1044 ι

155 1051 269 1082 Ponitur
279 1060 328 1088 per
338 1049 545 1079 translationem
558 1056 608 1083 pro
620 1043 801 1074 Contraliere.
824 1039 962 1084 Columel.
979 1039 1027 1068 lib.
1042 1048 1068 1074 7.
1080 1040 1106 1067 6.
1128 1035 1264 1074 Diligens-

173 1099 227 1127 que
239 1087 469 1126 pastorstabulum
482 1085 607 1122 quotidie
627 1082 766 1112 converrit
779 1103 787 1115 ,
808 1089 861 1109 nec
877 1085 979 1116 patitur
995 1077 1096 1106 stercus
1116 1075 1265 1119 humorem

174 1125 406 1156 consciscere.Sed
418 1126 445 1153 in
455 1123 538 1153 codd.
552 1120 662 1151 emend.
674 1121 784 1149 Stercus
794 1126 840 1147 aut
850 1118 996 1159 humorem
1006 1114 1150 1157 consistere
1158 1114 1264 1150 legitur.

154 1164 305 1195 Sciendum
319 1173 384 1192 vero
405 1162 444 1191 est
460 1161 535 1198 quod
558 1157 720 1192 Conscisco,
741 1156 845 1186 Ascisco
857 1177 865 1190 ,
887 1153 1012 1198 Descisco
1024 1176 1032 1187 ,
1054 1151 1213 1199 Praescrsco,
1237 1153 1264 1181 8(

172 1202 296 1232 Rescisco
305 1202 410 1230 faciunt
419 1200 554 1237 praeterita
563 1198 591 1226 in
602 1197 637 1226 ivi
649 1218 656 1231 ,
678 1196 848 1224 sicuteorum
860 1199 1014 1235 primitiva:
1038 1192 1064 1234 8(
1075 1189 1194 1219 conseio
1205 1199 1265 1233 qui-

174 1241 254 1274 dem,
278 1238 376 1269 Descio
387 1240 412 1268 8(
423 1237 519 1267 Rescio
529 1245 588 1265 raro
598 1234 659 1263 sunt
674 1234 701 1262 in
713 1231 761 1262 usu
771 1254 778 1265 ,
798 1231 844 1260 sed
855 1239 942 1267 magis
952 1228 1095 1273 Conscisco
1107 1250 1115 1262 ,
1137 1227 1263 1272 Descisco

175 1280 201 1308 8(
212 1277 344 1307 Rescisco.
385 1275 460 1305 liscio
472 1272 617 1304 &Praescio
628 1271 808 1300 inveniuntur
819 1291 827 1304 ‚
849 1276 975 1304 quamvis
993 1266 1070 1295 Ascio
1087 1274 1143 1295 non
1163 1272 1199 1294 ita
1211 1265 1263 1294 fre-

171 1322 288 1353 quenter
310 1315 376 1344 sicut
391 1312 509 1342 Praescio.
550 1311 623 1340 Hinc
638 1308 741 1338 Ascisco
753 1310 778 1337 &
793 1305 947 1341 Pascis-20,
968 1304 1035 1333 licet
1049 1304 1135 1340 magis
1155 1303 1261 1333 Ascisco

173 1363 256 1389 quam
268 1351 404 1382 Praescisco
415 1373 423 1385 .,
443 1360 477 1380 eo
489 1348 562 1387 quod
573 1347 648 1376 Ascio
663 1347 754 1376 minus
765 1347 793 1374 in
812 1344 860 1374 usu
880 1344 927 1375 sit,
949 1342 1062 1372 Praescio
1082 1351 1147 1385 vero
1162 1342 1260 1379 magis.

173 1392 268 1427 Quum
277 1400 341 1427 ergo
352 1388 495 1418 Conscisco
504 1408 511 1416 ,
533 1385 657 1415 Descisoo
669 1387 695 1414 8(
710 1382 832 1413 Rescisco
846 1381 1020 1419 usurpentur.
1042 1389 1098 1408 non
1111 1389 1211 1408 mirum
1223 1380 1261 1409 est

174 1429 191 1457 li
204 1428 321 1457 Conscio
333 1450 341 1460 ,
363 1426 459 1456 Descio
476 1427 501 1455 &
516 1423 613 1453 Rescio
631 1422 844 1456 obsoleverunt,
864 1419 998 1456 quoniam
1017 1417 1074 1447 fere
1092 1417 1262 1463 superfluum

171 1466 237 1495 esset
248 1467 275 1495 in
287 1465 385 1495 eadem
398 1463 594 1501 significatione
605 1468 718 1496 utraque
728 1459 833 1488 haberi.
872 1458 894 1488 E
908 1456 1015 1486 diverso
1033 1462 1127 1485 autem
1139 1455 1261 1499 Scrofa:-

171 1504 279 1541 piffime
290 1503 439 1541 reperitur:
461 1501 546 1530 rarius
564 1505 655 1528 autem
666 1497 766 1527 Scisco.
806 1496 888 1534 Apud
903 1495 1028 1525 Plautum
1049 1501 1141 1537 tamen
1159 1493 1261 1537 legitur

170 1541 307 1575 Sciscam,
329 1542 357 1570 in
375 1540 473 1577 Amph.
493 1549 516 1574 ς.
534 1547 556 1566 r.
576 1546 618 1573 17.
647 1536 735 1565 Ocius
754 1543 888 1568 accurro,
909 1539 940 1562 ut
959 1532 1070 1561 sciscam
1093 1531 1163 1576 quid
1181 1531 1257 1560 velit.

170 1579 282 1609 Praescio
296 1579 324 1607 iri
336 1578 382 1608 usu
393 1578 430 1607 est
440 1599 449 1612 ,
470 1574 608 1606 Praescisco
618 1575 711 1604 minus
720 1595 729 1609 ,
749 1572 825 1610 quod
836 1579 930 1602 tamen
939 1572 966 1601 8(
976 1570 1066 1608 ipsum
1075 1569 1176 1607 legitur
1184 1570 1260 1607 apud

171 1616 244 1654 Virg.
258 1617 306 1646 lib.
316 1627 343 1650 4.
357 1616 456 1653 Georg.
472 1619 516 1649 69.
788 1649 794 1654 .
867 1647 874 1654 .

243 1654 439 1691 Continuoque
450 1652 557 1682 animos
570 1649 645 1687 vulgi
660 1672 669 1685 ‚
691 1648 892 1687 &trepidantia
905 1646 979 1677 bello

242 1692 333 1722 Corda
341 1692 408 1720 licet
420 1691 503 1728 longe
517 1688 693 1727 praesciscere.
786 1686 864 1716 Ascio
875 1685 950 1723 apud
961 1683 1146 1714 Columellam
1156 1684 1185 1713 in
1192 1693 1262 1722 prze-

169 1730 274 1759 fatione
284 1751 292 1764 ,
314 1729 347 1759 Et
358 1728 504 1767 pecoribus
513 1727 641 1765 parandis
654 1724 901 1761 conservandisque
912 1745 920 1758 ‚
941 1723 1071 1761 quoniam
1081 1724 1106 1752 8(
1115 1722 1187 1751 hanc
1195 1721 1261 1751 asci-

169 1777 247 1803 mus,
267 1767 339 1805 quasi
357 1766 528 1803 agriculturae
540 1770 656 1802 partem.
698 1761 762 1799 Quo
775 1768 869 1792 tamen
885 1761 950 1791 loco
972 1761 1162 1790 emendatiora
1176 1760 1260 1789 Colu-

167 1805 256 1834 mellae
276 1801 461 1842 exemplaria,
481 1803 629 1832 Ascivimus
647 1801 769 1836 habent,
796 1800 935 1839 praeterito
959 1806 1104 1838 tempore,
1125 1799 1202 1835 quod
1224 1798 1259 1828 ab

150 1870 155 1876 ,
170 1843 275 1873 Ascisco
283 1843 378 1881 potius
388 1851 468 1879 quam
479 1841 513 1871 ab
526 1839 602 1869 Ascio
613 1839 666 1869 effe
678 1839 796 1868 videtur.
1084 1874 1090 1879 ι

115 1882 136 1912 C
145 1891 161 1911 o
170 1891 209 1910 us
219 1885 255 1910 ci
265 1891 284 1910 τ
294 1891 311 1910 υ
320 1890 332 1910 s
342 1902 350 1915 ,
371 1875 572 1916 [ὢεγνωσμῖἆῶ
584 1896 592 1909 ,
609 1875 791 1912 eundumne&
804 1876 819 1911 ]
839 1875 938 1906 Partic.
959 1884 975 1904 a
993 1872 1153 1904 Consciscor
1174 1874 1261 1903 verbo

149 1919 260 1956 passim.
290 1918 360 1948 Plin.
373 1917 421 1948 lib.
433 1920 475 1954 36.
485 1926 546 1953 cap.
562 1925 604 1951 ις.
627 1914 724 1944 Paffim
741 1914 862 1944 conscita
881 1921 960 1948 nece,
977 1911 1133 1948 Quiritibus
1143 1913 1260 1942 taedium

149 1956 326 1994 fugientibus.
345 1955 402 1985 Liv.
411 1965 438 1991 9.
449 1958 494 1985 26.
514 1954 602 1990 Mors,
621 1952 698 1982 haud
708 1952 793 1983 dubie
813 1952 847 1982 ab
862 1950 925 1989 ipsis
935 1950 1065 1985 conscita,
1077 1950 1185 1986 judicio
1199 1950 1261 1980 sub-

150 2001 240 2025 traizit.

115 2032 138 2062 C
147 2042 163 2061 ο
172 2042 191 2061 N
200 2041 271 2061 seis
281 2041 298 2061 c,
306 2041 320 2061 B
329 2041 375 2061 ΝΒ
384 2041 402 2060 υ
413 2040 425 2060 s
435 2052 443 2066 ‚
464 2027 707 2066 [χᾳταψηῷιςέῷε]
727 2026 823 2057 Partic.
846 2026 905 2056 Cic.
915 2035 942 2063 7,
952 2026 1026 2056 Fam.
1038 2035 1063 2063 3.
1084 2026 1138 2056 Aut
1149 2025 1261 2063 capien-

151 2071 201 2100 dus
215 2077 344 2107 tanquam
354 2069 438 2099 exilio
450 2068 528 2097 locus
542 2089 551 2103 ,
571 2074 618 2097 aut
639 2065 833 2096 consciscenda
851 2074 925 2094 mors
936 2064 1099 2095 voluntaria.
1141 2064 1200 2093 Liv.
1212 2073 1257 2101 39.

154 2117 195 2142 19.
219 2107 262 2137 Ne
275 2107 370 2136 mortis
380 2105 579 2136 consciscendae
590 2103 817 2134 locumhaberet.

114 2145 135 2176 C
145 2155 162 2174 o
172 2155 189 2174 Ν
200 2154 212 2174 s
223 2154 240 2174 c
250 2156 259 2173 ι
268 2154 285 2173 υ
293 2154 305 2173 s
315 2166 323 2179 ,
344 2141 465 2180 [συιᾱδὼς
475 2161 482 2172 ,
503 2139 718 2177 συνεπηςάμὶμεῷή]
739 2141 799 2176 Adi.
820 2140 906 2169 modo
918 2139 944 2170 ls
955 2140 1057 2169 dicitur
1067 2140 1187 2177 quicum
1198 2139 1260 2169 aliis

148 2182 267 2220 aliquam
277 2191 334 2211 rem
345 2182 485 2219 cognitam
496 2180 588 2215 habet,
602 2181 688 2209 modo
697 2180 772 2208 idem
783 2179 858 2215 quod
869 2178 956 2208 Scius.
968 2178 1083 2214 Ovid.5.
1094 2178 1255 2214 Trist-5·¹8·

240 2220 300 2249 Nec
309 2220 366 2248 fore
375 2224 538 2258 perpetuam
548 2217 635 2256 sperat
648 2217 695 2246 sibi
709 2217 834 2245 numinis
845 2217 913 2245 iram
923 2237 932 2251 ‚

277 2256 408 2287 Conscius
418 2257 447 2286 in
459 2256 541 2294 culpa
553 2265 610 2284 non
619 2254 705 2284 scelus
716 2253 769 2284 ess'e
777 2253 831 2283 sua.

147 2295 278 2326 Conscius
289 2317 296 2329 ,
316 2294 477 2324 translatum
486 2294 520 2322 ad
531 2294 690 2322 inanimata.
728 2292 792 2322 Sen.
803 2290 919 2329 Hippol.
929 2301 954 2321 v.
969 2300 1030 2328 107.

236 2332 340 2368 Jatiare
347 2333 435 2362 tacitis
447 2331 568 2362 conscias
578 2330 657 2361 sacris
669 2331 751 2360 faces.
834 2329 923 2360 Valer.
933 2328 981 2359 lib.
995 2338 1019 2365 3.
1038 2328 1138 2367 Argon.
1151 2333 1214 2365 584.

426 2386 463 2390 —
475 2369 521 2398 tali
532 2369 558 2398 se
567 2370 689 2398 concitat
695 2368 794 2397 ardens

223 2408 254 2438 In
267 2408 329 2445 juga
343 2407 417 2437 senta
426 2408 504 2444 fuga:
526 2412 608 2444 pavet
617 2407 707 2436 omnis
718 2405 827 2436 conscia
843 2404 897 2434 late

222 2446 312 2480 Silva,
333 2451 568 2483 paventmontes‚
589 2446 640 2474 &c.
861 2450 867 2455 ·

144 2482 276 2512 Conscius
290 2484 411 2520 genitivo
420 2483 569 2519 aliquando
580 2482 714 2520 jungitur,
734 2481 907 2518 frequentius
922 2479 1026 2509 dativo.
1063 2478 1149 2509 Plaut.
1161 2478 1250 2509 Merc.

163 2531 187 2550 2.
202 2530 228 2550 2.
240 2525 284 2555 46.
307 2521 402 2556 Quum
416 2522 505 2549 amico
516 2520 622 2549 homini
637 2542 645 2555 ,
665 2520 760 2556 tuique
772 2518 884 2547 conscio
894 2540 901 2553 ,
921 2518 959 2547 ita
973 2517 1131 2548 succenseas
1142 2517 1250 2547 misere.

162 2559 219 2588 Cic.
236 2568 276 2594 14.
294 2558 412 2595 Philipp.
430 2564 471 2587 16.
501 2558 595 2594 ltaque
614 2557 642 2586 P.
656 2557 807 2595 Appuleius
827 2556 968 2585 Tribunus
992 2555 1082 2593 plebis
1094 2577 1102 2590 ,
1123 2565 1251 2585 meorum

161 2597 286 2625 omnium
301 2596 477 2625 consiliorum
489 2595 732 2633 periculorumque
742 2596 798 2630 jam
807 2594 873 2623 inde
883 2604 899 2623 a
912 2593 1055 2624 consulatu
1075 2603 1140 2624 meo
1156 2594 1230 2624 testis
1239 2615 1249 2629 ,

160 2634 286 2663 conscius
298 2655 305 2667 ,
326 2634 444 2668 adiutor.

141 2670 235 2700 ffither
246 2670 372 2701 conscius
384 2669 527 2700 connubii.
549 2669 622 2707 Virg.
633 2680 659 2704 4.
672 2669 733 2699 AEn.
746 2672 806 2706 167.

423 2723 459 2728 —
468 2707 564 2737 fulsere
578 2708 655 2743 ignes
664 2728 671 2742 ,
692 2708 717 2736 8(
729 2707 853 2736 conscius
863 2707 949 2736 aether

231 2746 381 2775 Connubii.
476 2745 517 2774 De
529 2745 673 2774 connubio
686 2745 778 2774 AEneae
789 2746 815 2775 &
825 2744 952 2775 Didonis.

140 2783 232 2812 Amor.
254 2784 338 2813 Ovid.
354 2794 379 2818 4.
395 2782 475 2820 Epist.
494 2793 536 2818 52-

141 2822 262 2850 Animus.
285 2821 390 2850 Lucret.
403 2832 429 2854 4.
446 2830 526 2856 1129.

139 2858 242 2896 Culpae.
266 2858 322 2888 Cic.
337 2867 359 2894 3.
374 2858 430 2888 Off.
446 2867 491 2895 73.

139 2896 290 2926 Commissi.
317 2896 400 2926 Ovid.
416 2906 442 2925 2.
458 2898 548 2925 Amor.
558 2903 584 2925 2.
597 2903 643 2931 27.

139 2933 272 2962 Curarum
281 2934 467 2971 conjugalium
475 2934 609 2971 interpres
618 2935 643 2963 8(
652 2931 760 2962 conscia
769 2932 851 2969 Juno.
874 2933 946 2972 Virg.
959 2943 984 2969 4.
998 2933 1059 2964 AEn.
1073 2936 1138 2969 603.

139 2970 220 3000 Fasti.
244 2971 313 3008 Virg.
328 2982 369 3001 11.
386 2972 522 3005 ffin.812.

138 3008 268 3038 Facinori.
291 3009 349 3039 Cic.
360 3019 408 3047 pro
419 3009 489 3038 Coel.
503 3018 546 3041 <2.
568 3018 618 3044 pro
631 3007 741 3037 Cluent.
759 3017 800 3042 ς9.
824 3007 963 3038 Maleficii.

137 3045 214 3075 Fibra
223 3046 332 3076 conscia
346 3049 462 3076 deorum
472 3069 480 3081 ,
502 3046 682 3084 Extispicium
693 3068 700 3081 ,
723 3046 869 3081 divinatio,
890 3056 949 3084 quae
960 3046 990 3076 fit
1002 3046 1132 3085 inspeetis
1140 3048 1245 3078 anima-

156 3082 220 3113 lium
232 3084 360 3113 caesorum
370 3084 511 3114 intestinis.
532 3084 626 3114 Tibul.
640 3084 686 3112 lib.
700 3094 722 3112 r.
737 3089 760 3117 8.
774 3092 799 3119 3.

215 3122 274 3150 Nec
286 3122 352 3151 mihi
364 3122 425 3151 sunt
432 3122 516 3152 sortes
528 3145 536 3157 ,
558 3132 609 3151 nec
622 3121 730 3150 conscia
741 3120 808 3150 fibra
816 3121 950 3151 deorum:

249 3159 372 3189 Przecinit
385 3168 500 3190 eventus
519 3169 572 3189 nec
582 3160 649 3189 milii
660 3166 756 3189 cantus
769 3159 836 3189 avis.
932 3159 961 3189 V.
983 3171 997 3189 ir
1006 3171 1015 3189 i
1025 3170 1103 3191 nxA.

137 3194 228 3224 Futuri
239 3197 369 3227 conscius.
394 3198 495 3227 Lucan.
513 3209 536 3233 ς.
549 3208 593 3233 90.

139 3232 206 3261 Mihi
219 3235 349 3264 conscius.
372 3235 429 3265 Cic.
450 3245 491 3265 ri.
514 3236 589 3266 Fam.
600 3240 645 3269 ²8.

138 3269 215 3299 Mens
223 3271 292 3300 bene
302 3272 408 3302 conscia
419 3274 438 3302 it
448 3273 482 3302 ad
495 3279 633 3302 extremos
644 3272 716 3302 orbis
725 3272 848 3302 colonos.
872 3272 939 3302 Hor.
978 3272 1078 3309 [Error
1088 3273 1134 3304 est.

138 3305 224 3336 Mens.
247 3309 309 3338 Sen.
324 3310 435 3348 Hippol.
446 3320 470 3340 v.
488 3316 532 3341 62.
555 3310 676 3340 Consciae
687 3311 788 3340 mentis
799 3319 896 3348 pavor.

138 3343 244 3373 manus.
265 3347 346 3376 Ovid.
363 3354 388 3381 3.
405 3348 472 3377 Met.
487 3358 549 3384 530.

137 3380 265 3412 Numina.
289 3384 360 3429 Virg.
373 3395 398 3414 2.
410 3386 469 3416 AEn.
484 3395 543 3422 ¹4¹-

137 3416 240 3447 Pcssus.
261 3422 324 3450 Seii.
344 3422 425 3451 slicb.
442 3433 464 3452 r.

136 3453 240 3497 Pectati
253 3457 297 3487 sibi
311 3459 442 3490 tonscius.
464 3459 547 3490 Ovid.
561 3469 586 3490 2.
601 3460 691 3490 Amor.
705 3468 730 3497 7.
746 3469 788 3490 ir.

136 3490 222 3521 liceri.
244 3494 314 3530 virg.
330 3507 352 3525 1.
366 3498 425 3527 AEn.
438 3502 501 3533 60⁴-

136 3527 241 3566 Religio
251 3532 362 3567 alicujus
373 3536 479 3565 conscia
490 3535 554 3564 sacri
568 3535 650 3573 pacti.
671 3534 758 3565 Valet.
772 3542 797 3569 8.
817 3535 915 3574 Argon.
928 3546 993 3573 401.

225 3568 385 3606 Quanquam
397 3573 451 3606 jura
463 3574 544 3602 ileum
557 3594 564 3606 ,
586 3572 650 3601 sacri
662 3572 707 3601 sibi
719 3573 825 3602 conscia
838 3575 911 3611 pasti

155 3641 160 3647 ¹
224 3604 340 3641 Relligio
351 3631 357 3642 ,
379 3610 515 3647 dulcisque
525 3618 638 3638 movent
651 3612 800 3648 praecordia
815 3612 900 3641 taedae.

133 3640 214 3684 Signa
227 3644 332 3673 consciri
346 3645 458 3679 alicuius
472 3650 519 3677 rei.
542 3648 624 3677 Ovid.
637 3657 662 3676 2.
678 3650 766 3678 Amor.
782 3659 805 3678 i.
822 3655 848 3683 8.

132 3678 329 3721 Serviconscii.
351 3683 407 3712 Cic.
419 3695 466 3720 pro
479 3685 547 3714 Coel.
563 3695 604 3719 5²-

131 3716 292 3760 Studiorum
304 3721 327 3747 8(
338 3720 489 3751 officiorum
500 3724 620 3752 maxime
628 3722 760 3753 conscius.
782 3723 840 3754 Cic.
855 3735 878 3761 5.
899 3723 972 3754 Fam.
986 3735 1011 3760 ς.

131 3752 290 3796 Temeritati
302 3757 326 3784 8(
338 3759 481 3787 mendacio
490 3760 604 3795 alicujus
614 3760 755 3791 conscium
769 3762 832 3792 effe.
856 3763 915 3793 Cic.
926 3766 952 3792 ⁶.
971 3762 1042 3793 Verr.
1055 3771 1120 3801 1240

132 3789 224 3819 Verbis
233 3792 364 3822 conscius.
389 3795 480 3824 Tibul.
493 3798 538 3826 lib.
555 3808 576 3826 ι.
592 3808 617 3833 9.
631 3808 675 3833 41.

130 3826 234 3857 Vultus.
258 3830 320 3859 Seri.
333 3830 411 3859 Herc.
425 3833 474 3860 fur.
487 3845 513 3866 9.

131 3864 190 3893 Vox
202 3867 318 3895 conscia.
340 3868 455 3897 Martiil.
469 3870 514 3899 lib.
531 3881 540 3899 ι
551 3881 571 3900 ι.
584 3875 627 3900 62.

130 3901 276 3932 Consciuin
289 3905 376 3933 {Licere
387 3905 513 3973 aliqqem.
553 3907 636 3937 Plaut.
649 3908 731 3938 Truc.
748 3919 770 3939 i.
784 3919 807 3940 r.
821 3920 866 3944 ⁴0-

146 3984 164 4005 ²
187 3941 284 4012 3Qu6tas
302 3952 386 3979 quum
400 3953 430 3973 ce
461 3954 538 3980 mus,
558 3946 593 3974 fic
614 3946 732 3976 faximus
750 3948 894 3983 conscios,
916 3949 969 3980 διο.

168 3998 173 4004 .
206 3999 211 4006 ,
227 3991 244 4013 4
266 4000 271 4006 .

157 261 283 290 statuere
294 258 367 298 apud
376 257 402 288 se
415 280 423 293 ,

619 629 677 658 Liv.
697 638 721 663 ς.
737 636 779 664 53.
800 623 993 655 Desereremus
1010 621 1125 651 Penates
1146 618 1270 663 nostros,

614 676 633 697 x
644 676 677 696 eo
686 666 749 695 loco
763 662 1012 697 conscisceremus,
1031 668 1115 697 quem
1126 663 1199 686 tueri
1209 666 1269 687 non

1052 3949 1138 3980 Plani.
1164 3950 1229 3981 Cist.

1785 152 1816 186 C
1910 152 1946 188 O
2039 154 2074 189 N

1462 233 1497 264 Et
1509 234 1564 263 scio
1577 238 1733 263 venturam.
1755 243 1803 263 Mt.
1826 244 1872 264 me
1882 235 2021 265 indicabit
2031 258 2039 271 ,
2061 238 2088 266 8(
2102 236 2163 267 suas

1463 273 1504 302 Ad
1515 281 1590 301 meas
1601 272 1720 301 miserias
1736 272 1829 301 addet.
1851 282 1898 302 PH.
1919 274 1963 303 fac
1974 284 2018 303 me
2029 274 2180 303 consciam.
2371 286 2374 288 ·

1370 308 1504 349 Conscius
1515 310 1549 339 de
1559 309 1600 338 liis
1611 309 1701 338 rebus.
1744 309 1802 339 Cic.
1815 311 1868 339 Ait.
1878 319 1905 340 2.
1921 321 1967 346 24.
1989 313 2024 341 Se
2036 311 2168 342 audivisse
2178 313 2217 342 ait
2227 321 2262 341 ex
2275 312 2398 343 Curione
2408 314 2452 343 his
2461 314 2498 343 de

1389 352 1472 377 rebus
1490 347 1633 376 conscium
1655 346 1709 376 effe
1730 346 1857 377 Pisonem
1876 358 2009 385 generum
2027 359 2120 379 meum
2133 372 2140 385 ,
2157 352 2210 379 &a
2251 351 2323 386 [Nili
2347 352 2497 387 distinguas

1388 386 1450 423 post
1464 386 1512 414 His
1522 386 1557 414 de
1571 385 1663 414 rebuS.
1692 384 1766 414 Nam
1777 387 1803 415 &
1818 386 1966 416 Consciuni
1978 387 2032 417 effe
2043 387 2112 425 saepe
2126 388 2250 417 absolute
2261 389 2386 426 ponitur,
2398 389 2497 419 subau-

1389 425 1451 452 dito
1464 424 1587 459 genitivo
1600 423 1664 458 Ejus
1675 423 1723 451 rei.

1368 461 1513 496 Conscius,
1526 461 1701 497 Contagione
1713 461 1837 490 criminis
1847 461 1977 491 astrictus.
1988 461 2127 498 Tacit-15.
2142 463 2305 502 Ann.66.pr.
2319 464 2445 494 Accensis
2455 465 2498 493 in-

1387 499 1498 528 dicibus
1506 499 1540 527 ad
1554 498 1734 536 prodendum
1747 498 1864 529 Fenium
1873 500 1989 535 Rufum,
2000 510 2082 536 quern
2094 501 2217 531 eundem
2227 501 2370 532 conscium
2380 502 2496 539 conqui-

1385 537 1549 574 sitoremque
1566 546 1624 564 non
1634 535 1799 566 tolerabant.
1839 537 1881 567 Al.
1903 537 1936 567 Et
1946 537 2144 575 inquisitorem.

1368 574 1503 604 Conscius
1515 574 1597 603 alicui
1612 574 1640 602 in
1653 574 1766 611 privatis
1779 574 1871 604 rebus.
1909 575 1967 605 Cic.
1986 586 2007 604 1.
2019 577 2072 605 Att.
2088 587 2130 612 ις.
2153 577 2211 613 Qui
2221 577 2289 606 mihi
2303 577 2328 607 8(
2341 577 2370 606 in
2382 576 2494 615 publica

1386 623 1417 641 re
1432 612 1538 646 socius,
1560 613 1585 641 &
1600 612 1629 640 in
1645 612 1758 648 privatis
1771 613 1904 643 omnibus
1914 613 2050 649 conscius,
2071 615 2098 643 8(
2112 615 2242 644 omnium
2253 624 2382 646 meorum
2392 615 2495 646 sermo-

1386 660 1454 679 num
1465 652 1490 679 &
1501 650 1680 679 consiliorum
1692 651 1841 688 particeps.

1366 687 1501 717 Conscius
1511 709 1519 722 ,
1544 687 1620 716 idem
1631 687 1706 724 quod
1718 687 1816 718 Testis.
1839 688 1924 718 Ovid.
1937 697 1961 724 3.
1981 687 2051 719 Met.
2064 698 2130 724 290.

1446 726 1567 762 Quoque
1578 727 1663 762 magis
1673 726 1772 756 credas
1784 748 1793 762 ‚
1814 726 1902 764 Stygii
1914 736 2026 762 quoque
2039 727 2151 757 conscia
2159 727 2240 760 sunto

1444 763 1570 793 Numina
1581 764 1719 793 torrentis.
1802 764 1872 794 Tale
1883 764 1921 793 est
1932 764 2004 794 illud
2016 764 2068 795 lib.
2078 775 2104 796 2.
2118 769 2166 802 46.

1633 817 1670 821 —
1678 801 1803 839 promissi
1813 803 1887 832 testis
1898 802 1993 832 adesto

1443 838 1504 869 Diis
1513 840 1631 876 juranda
1643 841 1732 876 palus.

1327 877 1349 907 C
1359 886 1375 906 o
1386 886 1407 906 N
1416 886 1428 907 s
1437 887 1469 906 ci
1479 888 1496 906 0
1506 889 1522 906 r„
1530 888 1549 906 u
1557 887 1569 906 s
1579 900 1587 913 ,
1610 878 1670 913 Adj.
1694 877 1792 907 dimin.
1814 884 1846 908 ut
1855 879 1970 915 quidam
1980 878 2078 917 legunt
2089 901 2097 915 ‚
2118 880 2195 918 apud
2209 879 2310 911 Catuli.
2328 883 2374 917 68.
2387 891 2434 919 41.

1454 916 1535 953 Saepe
1546 915 1625 945 illam
1635 916 1729 945 audivi
1741 917 1841 946 furtiva
1851 926 1922 946 voce
1933 916 2099 953 loquentem

1509 954 1604 984 Solam
1614 953 1764 984 consciolis
1773 954 1834 985 liaec
1840 954 1887 985 sua
1897 953 2011 993 flagitia.

1362 990 1470 1020 Voffius
1483 990 1612 1021 Caeciliis.

1325 1029 1346 1058 C
1356 1039 1371 1058 o
1380 1038 1398 1057 Ν
1408 1039 1420 1058 s
1429 1038 1446 1058 c
1455 1039 1464 1057 i
1473 1039 1561 1058 ΕΝτι
1572 1040 1591 1059 A
1603 1052 1610 1065 ,
1631 1041 1662 1060 ae.
1684 1030 1704 1060 f.
1725 1028 1896 1067 [συνάῶω-ις]
1917 1041 1932 1060 a
1957 1031 2075 1061 nomine
2095 1030 2231 1062 Conscius
2243 1042 2252 1069 ;
2275 1032 2314 1063 est
2333 1033 2489 1064 Certissima

1360 1067 1474 1096 scientia
1486 1089 1494 1103 ,
1516 1069 1542 1097 8(
1562 1069 1615 1103 (ut
1628 1069 1664 1098 sic
1675 1069 1791 1105 dicam)
1810 1069 1957 1099 Certitudo
1968 1070 2029 1105 ejus
2044 1069 2084 1099 rei
2103 1079 2163 1107 quae
2177 1070 2272 1100 animo
2288 1071 2381 1101 nostro
2396 1072 2485 1102 inest:

1360 1105 1414 1133 sive
1427 1105 1533 1135 bonurn
1544 1106 1585 1141 sit,
1607 1106 1661 1135 sive
1670 1107 1786 1137 malum.
1809 1107 1867 1137 Cic.
1880 1117 1931 1145 pro
1942 1107 2044 1137 Milon.
2058 1111 2102 1143 63.
2126 1108 2229 1146 Magna
2241 1110 2282 1138 vis
2291 1109 2330 1139 est
2341 1110 2488 1140 conscien-

1360 1144 1415 1178 tiae,
1426 1143 1558 1179 Judices,
1580 1146 1606 1174 8(
1618 1146 1754 1182 magnain
1764 1151 2020 1184 utramquepartem
2035 1155 2042 1175 :
2064 1151 2096 1175 ut
2115 1155 2207 1183 neque
2225 1147 2342 1177 timeant
2352 1148 2398 1185 qui
2414 1148 2486 1177 nihil

1359 1181 1558 1226 commiserint,
1575 1184 1600 1212 8(
1610 1192 1724 1220 poenam
1738 1183 1845 1221 semper
1856 1190 1921 1213 ante
1932 1182 2030 1213 oculos
2040 1183 2137 1213 versari
2147 1191 2258 1222 putent,
2270 1186 2318 1222 qui
2328 1186 2479 1223 peccarint.

1359 1219 1537 1249 ConsCientia
1548 1220 1619 1249 bene
1628 1223 1695 1250 astae
1705 1222 1768 1251 vitae
1776 1244 1784 1257 ,
1807 1223 1832 1251 8(
1843 1222 2000 1252 recordatio
2008 1222 2080 1252 bene
2089 1222 2235 1252 factorum.
2257 1222 2316 1252 Cic.
2330 1223 2366 1252 de
2375 1223 2486 1254 Seneei.

1378 1268 1403 1300 9.
1429 1258 1603 1288 Conscientia
1614 1258 1687 1289 bene
1698 1261 1764 1289 adtae
1777 1260 1850 1296 vitae,
1869 1260 2080 1298 multorumque
2095 1259 2167 1290 bene
2179 1260 2316 1290 sactorum
2327 1262 2485 1292 recordatio

1374 1295 1574 1331 jucundissima
1587 1297 1636 1327 esti

1357 1334 1451 1363 Animi
1461 1335 1660 1365 conscientiam
1670 1344 1728 1364 non
1737 1342 1813 1366 curat
1823 1335 1926 1366 callide
1937 1335 2092 1374 improbus.
2114 1336 2173 1366 Cic.
2183 1346 2209 1367 2.
2225 1337 2261 1367 de
2270 1335 2331 1367 Fin.
2345 1347 2390 1374 54.

1358 1372 1451 1415 Animi
1466 1372 1634 1403 conscientia
1643 1373 1771 1412 suspicari
1783 1375 1818 1404 de
1829 1375 1933 1411 aliquo.
1955 1374 2014 1404 Cic.
2029 1384 2072 1410 13.
2089 1375 2143 1406 Att.

1357 1410 1449 1439 Animi
1461 1411 1632 1441 conscientia
1642 1434 1649 1447 ,
1671 1422 1722 1450 pro
1734 1413 1834 1442 Animo
1848 1413 1985 1451 religione
1999 1412 2138 1442 obstricto.
2161 1413 2220 1443 Cic.
2232 1422 2284 1451 pro
2294 1412 2375 1443 Rosc.
2388 1414 2481 1445 Amer.

1377 1451 1423 1481 67.
1447 1448 1535 1478 Suum
1549 1459 1688 1487 quemque
1701 1449 1788 1480 scelus
1803 1451 1907 1488 agitat,
1929 1451 2109 1489 amentiaque
2126 1450 2226 1481 afficit:
2250 1451 2304 1481 suae
2315 1451 2395 1481 malae
2408 1454 2483 1485 coai-

1376 1487 1498 1516 tationes
1509 1509 1517 1522 ,
1539 1487 1773 1526 conscientiaeque
1786 1489 1872 1518 animi
1883 1495 1996 1519 terrent.
2443 1485 2458 1492 υ

1356 1521 1465 1554 Mentis
1476 1525 1588 1563 optimae
1599 1525 1769 1556 conscientia
1787 1526 1813 1557 se
1830 1527 1976 1557 consolari.
2014 1526 2074 1557 Cic.
2089 1527 2124 1556 de
2135 1525 2207 1557 Clar.
2221 1527 2298 1557 Orat.
2311 1537 2377 1563 ²50·
2411 1527 2481 1558 Lau.

1375 1563 1484 1592 dandus
1493 1563 1531 1592 est
1542 1586 1550 1599 ,
1572 1565 1618 1601 qui
1626 1565 1682 1594 hoc
1692 1570 1821 1602 tempore
1831 1566 1891 1602 ipso
1902 1575 1989 1603 quum
2002 1564 2094 1600 liceat,
2115 1566 2144 1594 in
2157 1566 2213 1594 hoc
2220 1567 2367 1595 communi
2375 1567 2479 1602 nostro,

1375 1602 1401 1630 8(
1412 1601 1483 1637 quali
1496 1601 1571 1631 fatali
1582 1602 1658 1632 malo
1667 1602 1824 1633 consoletur
1834 1604 1862 1633 se
1872 1626 1880 1640 ‚
1900 1614 1965 1633 cum
1977 1603 2149 1634 conscientia
2160 1603 2274 1642 optimae
2282 1605 2395 1642 mentis,
2418 1611 2478 1635 tum

1375 1639 1457 1668 etiam
1466 1639 1644 1678 usurpatione
1654 1642 1681 1670 &
1691 1642 1872 1672 renovatione
1888 1642 2033 1671 destrinae.

1356 1675 1538 1720 Consiliorum
1549 1688 1675 1708 meorum
1685 1679 1856 1710 conscientia
1870 1690 1915 1709 me
1926 1679 2094 1710 consolatur.
2121 1679 2180 1709 Cic.
2190 1690 2218 1715 4.
2231 1679 2306 1710 Fam.
2319 1690 2345 1717 3.

1353 1713 1519 1745 Facinorum
1538 1717 1665 1752 consilia,
1687 1717 1929 1754 conscientiaeque.
1970 1718 2028 1747 Cic.
2048 1727 2099 1756 pro
2122 1717 2235 1748 Cluent.
2252 1722 2296 1754 56.
2330 1720 2371 1748 An
2393 1719 2478 1749 etiam

1371 1753 1487 1783 consilia
1497 1754 1735 1792 conscientiasque
1746 1756 1882 1792 ejusmodi
1892 1756 2046 1786 facinorum
2054 1756 2192 1794 supplicio
2202 1756 2300 1793 dignas
2309 1754 2478 1793 judicarent.

1374 1790 1430 1835 Cur
1441 1801 1498 1821 non
1509 1792 1694 1823 Consiliorum
1704 1794 1885 1831 conscientia,
1905 1804 1957 1832 pro
1975 1794 2096 1824 Consilia
2113 1803 2145 1824 ac
2164 1794 2368 1825 Conscientiae?
2389 1794 2425 1826 H.
2436 1795 2477 1826 St.

1352 1827 1534 1859 Facinorisin
1547 1831 1747 1861 conscientiam
1762 1832 1869 1862 ascitus.
1891 1833 1983 1863 Tacit.
1999 1842 2022 1862 1.
2040 1832 2165 1869 Hist.25.

1352 1867 1560 1898 maleficiorum
1572 1869 1751 1900 conscientiae
1758 1871 1907 1900 stimulant.
1928 1870 1986 1901 Cic.
2000 1871 2031 1900 in
2044 1869 2139 1900 Parad.
2151 1879 2179 1901 2.

1353 1904 1450 1948 Officii
1465 1906 1504 1936 sui
1516 1907 1686 1937 conscientia
1696 1908 1758 1938 frui.
1781 1909 1840 1939 Cic.
1854 1918 1878 1942 τ.
1895 1909 1970 1939 Fam.
1984 1918 2012 1946 7.

1351 1943 1427 1973 Alius
1437 1944 1475 1988 est
1485 1945 1615 1976 dominus
1625 1955 1738 1976 exortus
1747 1956 1782 1976 ex
1794 1946 1965 1977 conscientia
1977 1953 2168 1985 peccatorum,
2178 1946 2271 1978 timor.
2283 1946 2477 1986 Cic.Parad.5·.

1351 1981 1469 2012 Sceleris
1478 1983 1648 2014 conscientia
1661 2007 1669 2020 ,
1690 1985 1867 2023 avaritiaeque
1875 1985 1938 2015 suae.
1960 1985 2020 2015 Cic.
2035 1996 2059 2020 ς.
2078 1985 2153 2015 Verr.

1349 2019 1468 2050 Sceleris
1480 2021 1679 2052 conscientiam
1689 2023 1761 2052 ferre
1776 2033 1834 2052 non
1844 2022 1931 2061 posse.
1953 2023 2029 2053 Suet.
2039 2024 2067 2052 in
2078 2023 2184 2054 Neron.
2197 2025 2259 2063 cap.
2271 2032 2316 2062 34.

1350 2057 1492 2100 Scelerum
1503 2058 1613 2089 suorum
1628 2061 1800 2091 conscientia
1810 2062 1941 2100 opprimi.
1966 2061 2024 2091 Cic.
2036 2062 2065 2090 in
2077 2060 2165 2091 Pison.
2177 2071 2221 2098 39.

1350 2096 1460 2132 Angore
1468 2097 1644 2127 conscientia:
1653 2121 1661 2133 ,
1682 2099 1840 2135 fraudisque
1852 2100 1975 2129 cruciatu
1986 2100 2090 2138 agitant
2106 2101 2133 2130 &
2149 2099 2317 2130 infestantur
2327 2100 2404 2130 furiae
2417 2099 2474 2131 sce-

1370 2133 1608 2177 lerumliomines.
1630 2137 1689 2167 Cic.
1704 2147 1727 2167 1.
1745 2137 1780 2167 de
1789 2137 1882 2175 Legib.
1895 2148 1941 2173 ⁴0·

1349 2170 1488 2209 contagio
1503 2173 1690 2204 conscientiae.
1731 2175 1790 2205 Cic.
1803 2185 1830 2212 7.
1846 2175 1920 2206 Verr.
1937 2181 1998 2210 ¹82-
2033 2175 2227 2205 Deliberatum
2251 2176 2290 2205 est
2300 2197 2309 2210 ‚
2331 2177 2384 2205 &c.
2413 2185 2472 2205 non

1368 2210 1455 2253 modo
1464 2220 1511 2254 eos
1526 2212 1669 2250 persequi,
1690 2213 1727 2242 ad
1747 2223 1816 2250 quos
1835 2215 1958 2244 maxime
1971 2213 2268 2252 culpa‚corrumpendi
2279 2213 2379 2250 judicii
2394 2235 2402 2250 ‚
2423 2213 2472 2244 sed

1369 2255 1453 2290 etiam
1467 2248 1530 2278 illos
1543 2271 1550 2283 ,
1572 2251 1605 2279 ad
1619 2260 1687 2287 quos
1699 2251 1878 2281 conscientiae
1894 2253 2026 2289 contagio
2041 2252 2203 2290 pertinebit.

1348 2283 1418 2315 Fide
1432 2286 1606 2317 conscientiae
1617 2290 1800 2320 commoveri.
1823 2290 1881 2319 Cic.
1893 2300 1944 2328 pro
1955 2290 2035 2320 Rosc.
2047 2290 2129 2320 Com.
2140 2293 2186 2326 4⁶.

1348 2322 1436 2353 Labes
1445 2324 1620 2356 conscientiae
1632 2328 1661 2356 in
1671 2328 1767 2357 animo
1784 2327 1896 2358 habere.
1920 2328 1978 2357 Cic.
1993 2337 2018 2363 3.
2040 2328 2098 2357 Off.
2110 2334 2156 2364 85.

1366 2361 1457 2405 Immo
1473 2362 1578 2399 Tabes,
1597 2365 1700 2394 utdico
1712 2366 1749 2395 in.
1772 2365 1806 2396 H.
1819 2366 1857 2396 St.
1898 2365 2099 2396 Innuitlocum
2117 2367 2147 2395 in
2161 2365 2331 2396 Schediasm.
2357 2365 2470 2396 suorum

1366 2399 1417 2428 lib.
1440 2411 1449 2428 1
1464 2410 1490 2444 v.
1508 2410 1553 2437 2ς.
1577 2402 1630 2432 Sed
1641 2403 1796 2433 adscribere
1808 2403 1900 2434 forsan
1908 2403 2013 2434 oblitus
2021 2404 2068 2434 est.
2109 2404 2310 2441 Conjetturam
2319 2413 2384 2433 vero
2397 2404 2470 2435 hanc

1365 2437 1440 2466 suain
1451 2449 1536 2468 niiror
1554 2439 1617 2470 ficui
1631 2441 1797 2478 probaverit.

1345 2474 1642 2520 Pondus-conscientiae
1659 2489 1741 2517 grave
1755 2479 1821 2509 effer
1831 2480 1888 2509 sine
1898 2479 1956 2510 ulla
1965 2480 2073 2510 virtutis
2087 2482 2113 2510 &
2125 2480 2258 2510 vitiorum
2275 2479 2370 2510 divina
2386 2480 2469 2510 ratio-

1365 2523 1409 2557 ne.
1431 2514 1490 2544 Cic.
1503 2523 1526 2549 3.
1540 2516 1574 2545 de
1586 2517 1649 2546 Nat.
1666 2517 1747 2547 Deor.
1758 2523 1804 2553 85.

1344 2551 1430 2595 Signa
1441 2553 1619 2583 conscientiae
1630 2555 1762 2585 describit
1777 2557 1853 2586 Auct.
1871 2556 1907 2586 ad
1920 2555 2024 2586 Heren.
2035 2564 2062 2584 2.
2073 2560 2100 2590 8.
2121 2555 2269 2585 Accusator
2279 2553 2370 2590 dicet,
2392 2555 2409 2585 ii
2419 2565 2469 2592 po-

1362 2595 1428 2633 terit
1437 2611 1445 2624 ‚
1466 2591 1650 2633 adversarium
1660 2615 1667 2628 ,
1689 2604 1776 2631 quum
1787 2595 1822 2623 ad
1832 2604 1896 2624 eum
1905 2600 2022 2623 ventum
2034 2593 2066 2622 sit
2077 2615 2084 2627 ,
2106 2593 2259 2628 erubuisse,
2283 2591 2446 2631 expalluisse
2455 2615 2464 2630 ,

1362 2628 1490 2671 titubasle
1501 2651 1510 2664 ,
1531 2631 1719 2660 inconstanter
1732 2632 1880 2669 loquutum
1889 2633 1945 2663 effe
1955 2654 1962 2668 ,
1984 2631 2136 2662 concidisse
2147 2653 2155 2669 ,
2176 2631 2340 2670 pollicitum
2351 2631 2406 2662 effe
2417 2631 2466 2661 ali,

1362 2666 1429 2702 quid
1441 2675 1462 2710 :-
1471 2676 1529 2704 quae
1540 2667 1611 2705 signa
1619 2669 1795 2699 eonscientiae
1807 2670 1878 2700 sunt.

1362 2703 1547 2734 Conscientiae
1560 2728 1568 2740 ,
1589 2717 1639 2744 pro
1658 2707 1739 2737 Nlalae
1752 2708 1937 2738 conscientiae.
1961 2707 1995 2737 H.
2011 2707 2052 2737 St.

1340 2741 1445 2785 Abesse·
1455 2752 1469 2771 a
1479 2743 1656 2774 conscientiae
1669 2745 1833 2783 suspicione.
1860 2746 1919 2776 Cic.
1930 2755 1980 2784 pro
1992 2745 2065 2774 Coel.
2078 2753 2123 2782 23.

1340 2779 1531 2823 Suspicionem
1542 2782 1721 2812 conscientiae
1731 2784 1814 2813 alicui
1830 2784 1962 2822 praebere.
1984 2783 2074 2812 Tacit.
2089 2795 2112 2812 1.
2126 2783 2192 2813 Hist.
2207 2788 2253 2818 28.

1340 2816 1516 2847 Conscientia
1526 2819 1609 2850 bona.
1649 2820 1719 2851 Piin.
1736 2832 1778 2851 10.
1790 2822 1873 2860 Epist.
1889 2832 1931 2851 12.
1956 2822 2026 2858 Quae
2038 2821 2139 2850 bonam
2150 2821 2349 2852 conscientiam
2358 2820 2464 2851 civium

1358 2862 1470 2885 tuorum
1482 2857 1516 2885 ad
1526 2858 1604 2887 usum
1614 2858 1796 2895 indulgentiae
1808 2867 1863 2889 tuae
1874 2867 2008 2898 provocat
2020 2861 2046 2890 8(
2058 2859 2172 2889 attollit.

1338 2892 1450 2922 Infelix.
1475 2894 1596 2931 Quintil.
1609 2897 1637 2925 in
1648 2907 1766 2934 procem.
1776 2898 1824 2927 lib.
1838 2902 1865 2927 6.

1337 2931 1456 2961 Abolere
1469 2932 1668 2963 conscientiam
1676 2935 1792 2965 humani
1802 2936 1921 2973 generis.
1946 2934 1978 2964 In
1998 2944 2019 2963 A
2030 2945 2045 2962 a
2055 2944 2072 2963 o
2082 2945 2098 2963 t.
2107 2943 2122 2963 iz
2132 2943 2160 2963 o.

1337 2969 1487 3012 Adhibere.
1512 2971 1543 3000 ln
1567 2981 1585 3000 A
1594 2982 1611 3000 o
1622 2982 1642 3001 H
1653 2983 1662 3001 r
1672 2983 1685 3001 is
1695 2983 1708 3001 iz
1719 2984 1745 3002 o.

1337 3007 1475 3042 Adjuvare
1484 3009 1682 3039 conscientiam
1693 3012 1829 3042 omnium.
1861 3009 1890 3040 V.
1913 3020 1933 3039 A
1943 3019 1981 3046 DJ
1990 3020 2009 3039 u
2020 3019 2038 3040 v
2047 3018 2074 3040 0.

1337 3045 1448 3074 Afferre.
1489 3046 1520 3076 ln
1542 3057 1561 3076 A
1572 3058 1585 3076 a
1593 3058 1606 3076 r
1615 3058 1630 3076 a
1640 3058 1654 3077 R
1663 3058 1689 3077 o.

1337 3083 1441 3112 Ardere
1448 3084 1627 3115 conscientia.
1668 3086 1699 3115 V.
1726 3096 1745 3115 A
1756 3096 1772 3115 a
1782 3096 1800 3115 u
1812 3095 1858 3116 im.

1339 3122 1436 3157 Arguit
1449 3121 1645 3152 conscientiam
1658 3133 1753 3162 pavor.
1774 3124 1863 3154 Tacit.
1878 3133 1901 3160 3.
1916 3123 1982 3153 Hist.
1996 3132 2039 3153 ro.

1335 3158 1528 3202 Comprimere
1538 3162 1737 3191 conscientiam
1749 3163 1833 3191 animi
1846 3162 1915 3191 nihil
1927 3162 1965 3191 est
1975 3160 2091 3199 negotii.
2123 3159 2181 3191 Cic.
2191 3169 2217 3190 2.
2231 3160 2267 3190 de
2282 3159 2341 3190 Fin.
2357 3170 2402 3197 54.

1335 3196 1489 3226 Convictus
1500 3198 1677 3229 conscicntia.
1699 3200 1758 3229 Cic.
1770 3210 1796 3229 2.
1813 3201 1842 3228 in
1855 3199 1936 3229 Catil.
1952 3208 1993 3235 13.
2354 3211 2362 3217 ”

1335 3233 1503 3300 Delbilitatus
1515 3243 1596 3274 atque
1605 3237 1731 3274 abjectus
1742 3237 1914 3268 conscientia
1925 3259 1933 3273 ,
1953 3243 2072 3275 repente
2089 3235 2235 3266 conticuit.
2258 3235 2317 3266 Cic.
2331 3245 2355 3273 3.
2367 3237 2396 3266 in
2407 3234 2456 3265 Ca-

1353 3279 1373 3301 ti
1391 3295 1395 3301 .
1413 3282 1455 3301 io.

1332 3309 1482 3353 Discedere
1495 3321 1509 3340 a
1524 3313 1597 3342 recia
1610 3311 1779 3343 conscientia
1791 3312 1970 3342 transversum
1982 3321 2104 3350 unguem
2119 3320 2177 3340 non
2194 3317 2306 3348 oportet
2317 3319 2456 3348 quemque

1352 3358 1380 3376 in
1396 3350 1475 3378 omni
1494 3351 1547 3378 vita
1561 3350 1614 3382 sua.
1639 3351 1696 3380 Cic.
1712 3360 1754 3386 13.
1771 3352 1822 3380 Art.
1838 3360 1883 3380 2ο.

1329 3384 1441 3414 Eminet
1453 3387 1480 3415 in
1492 3388 1579 3417 vultu.
1619 3389 1683 3417 Sen.
1699 3389 1734 3418 de
1745 3388 1840 3418 Benef.
1853 3388 1902 3418 lib.
1914 3397 1941 3418 2.
1961 3397 2022 3424 cap.
2033 3395 2079 3420 Ως.
2103 3385 2190 3415 Verba
2208 3384 2312 3414 Geffesst
2329 3384 2394 3415 licet
2406 3407 2413 3418 η
2435 3385 2454 3415 si

1350 3424 1588 3460 quemadmodum
1598 3425 1734 3455 debemus
1744 3425 1837 3455 affecti
1848 3425 1942 3455 sumus
1953 3447 1961 3461 ‚
1984 3423 2155 3454 conscientia
2167 3423 2303 3452 eminebit
2317 3423 2345 3452 in
2362 3423 2452 3452 vultu.

1329 3460 1487 3491 Exonerare
1499 3464 1696 3494 conscientiam
1707 3463 1792 3494 suam.
1815 3464 1891 3493 Curt.
1904 3463 1981 3492 lib.6.
1995 3469 2020 3496 8.
2036 3472 2078 3492 1².
2102 3461 2307 3492 Nicomachum
2320 3461 2453 3500 religione

1350 3509 1462 3536 quoque
1470 3500 1554 3530 deum
1566 3502 1707 3532 astrictum
1718 3501 1918 3531 conscientiam
1932 3500 2008 3530 suam
2020 3509 2172 3529 exonerare
2182 3497 2350 3536 properasse.

1330 3535 1441 3567 Habere
1456 3538 1657 3569 conscientiam
1675 3539 1921 3573 conditionissuae.
1945 3539 2011 3568 Plin.
2031 3547 2072 3566 io.
2092 3537 2172 3575 Epist.
2188 3547 2229 3570 ιο.

1329 3574 1439 3604 Haerere
1450 3585 1484 3605 ex
1494 3576 1666 3606 conscientia
1677 3577 1844 3606 infirmitatis
1855 3577 1916 3606 suae.
1939 3575 2059 3613 Quintil.
2076 3574 2123 3604 lib.
2140 3584 2159 3602 i.
2171 3583 2231 3612 cap.
2245 3583 2271 3604 2.

1329 3612 1485 3650 impeditur
1496 3616 1522 3643 8(
1539 3616 1706 3652 opprimitur
1717 3624 1796 3644 mens
1806 3615 1985 3643 conscientia.
2009 3614 2067 3643 Cic.
2079 3614 2107 3641 iu
2117 3611 2203 3642 Pison.
2216 3620 2262 3648 43.

1327 3650 1438 3688 Impelli
1451 3651 1617 3682 conscientia
1627 3654 1662 3682 ad
1674 3653 1830 3682 fatendum.
1853 3652 1973 3689 Quintil.
1985 3651 2032 3680 lib.
2046 3661 2069 3684 ς.
2081 3659 2142 3687 cap.
2157 3660 2166 3678 ι
2175 3659 2199 3685 3.

1327 3687 1685 3726 Implorareconscientiam
1702 3691 1866 3728 aliquorum.
1905 3690 1963 3719 Cic.
1981 3698 2032 3727 pro
2045 3687 2131 3717 Flacc.
2145 3692 2188 3723 38.
2213 3685 2402 3721 vociferarer,
2423 3686 2449 3716 8(

1346 3733 1482 3763 quantum
1495 3728 1614 3758 maxime
1624 3728 1731 3766 posl'em
1744 3751 1751 3765 ,
1773 3728 1978 3757 contenderem
1988 3749 1996 3762 ‚
2017 3726 2127 3755 testarer
2137 3724 2302 3762 publicaUOS
2314 3747 2322 3759 ‚
2349 3724 2450 3754 emita·

1344 3774 1404 3794 rena
1417 3766 1621 3801 negotiatores,
1642 3767 1758 3797 vestram
1776 3767 1859 3795 etiam
1873 3764 2072 3795 conscientiam
2085 3761 2283 3800 implorarem,
2305 3764 2357 3792 &a
2394 3763 2447 3791 i.e.

1344 3801 1504 3868 ἓρῑείὶᾳτετ
1512 3810 1542 3832 ut
1552 3803 1688 3834 sententia
1698 3804 1784 3834 vestra
1793 3826 1802 3840 ,
1825 3805 1852 3834 &
1862 3812 1939 3834 exeo
1951 3802 2028 3841 quod
2037 3800 2200 3831 existimatis
2212 3822 2221 3836 ‚
2242 3800 2277 3829 de
2287 3810 2316 3829 re
2338 3798 2395 3838 ipsa
2408 3798 2449 3835 ju-
2465 3814 2469 3821 κ

1367 3847 1483 3869 icaretis.

1325 3877 1446 3916 Jungere
1454 3878 1653 3910 conscientiam
1671 3888 1736 3909 cum
1755 3878 1873 3908 furibus.
1909 3876 2019 3907 Firmic.
2031 3874 2079 3905 lib.
2091 3885 2118 3910 ⁴·
2136 3884 2197 3913 cap.
2213 3885 2236 3905 r.
2259 3873 2396 3916 qufum
2410 3873 2448 3902 ef·

1343 3916 1507 3982 ΐτῆέὶιὲἕίῠιίε
1519 3917 1562 3946 vel
1573 3917 1679 3947 furibus
1691 3917 1890 3947 conscientiam
1900 3917 2017 3952 jungant
2027 3935 2035 3949 ,
2056 3913 2153 3950 velqui
2165 3919 2241 3942 certe
2257 3913 2305 3950 ipli
2315 3913 2388 3940 iures
2398 3911 2450 3940 sint

1343 3961 1390 3982 aut
1401 3963 1415 3982 e
1441 3961 1482 3982 rac
1499 3964 1567 3984 ores.

1324 3991 1431 4021 Mersus
1452 3992 1620 4022 conscientia
1636 3992 1806 4031 flagitiorum
1824 3990 2023 4026 scelerumque.
2066 3988 2169 4018 Patere.
2192 3986 2240 4018 lib.
2260 3995 2287 4018 2.
2308 3995 2352 4022 ⁹1-
2377 3990 2445 4014 extr.

2351 4023 2447 4059 Quum

2105 954 2162 986 Sed
2172 955 2220 986 alii
2231 955 2314 987 aliter
2322 956 2433 995 legunt:
2453 954 2486 990 Is.

2597 333 2604 403 i

2595 412 2604 546 l
