<?xml version="1.0" encoding="UTF-8"?>
<!DOCTYPE html PUBLIC "-//W3C//DTD XHTML 1.0 Transitional//EN"
    "http://www.w3.org/TR/xhtml1/DTD/xhtml1-transitional.dtd">
<html xmlns="http://www.w3.org/1999/xhtml" xml:lang="en" lang="en">
 <head>
  <title>
</title>
<meta http-equiv="Content-Type" content="text/html;charset=utf-8" />
  <meta name='ocr-system' content='tesseract 3.04.00' />
  <meta name='ocr-capabilities' content='ocr_page ocr_carea ocr_par ocr_line ocrx_word'/>
</head>
<body>
  <div class='ocr_page' id='page_1' title='image "./robertistephanil01esti_0090.png"; bbox 0 0 2667 4145; ppageno 0'>
   <div class='ocr_carea' id='block_1_1' title="bbox 207 69 984 142">
    <p class='ocr_par' dir='ltr' id='par_1_1' title="bbox 207 69 984 142">
     <span class='ocr_line' id='line_1_1' title="bbox 207 69 984 142; baseline -0.024 0"><span class='ocrx_word' id='word_1_1' title='bbox 207 108 251 142; x_wconf 85' lang='lat'>16</span> <span class='ocrx_word' id='word_1_2' title='bbox 518 69 522 71; x_wconf 38' lang='lat'><em>*</em></span> <span class='ocrx_word' id='word_1_3' title='bbox 721 95 750 130; x_wconf 82' lang='lat' dir='ltr'>A</span> <span class='ocrx_word' id='word_1_4' title='bbox 842 92 866 127; x_wconf 86' lang='lat' dir='ltr'>B</span> <span class='ocrx_word' id='word_1_5' title='bbox 962 88 984 123; x_wconf 84' lang='lat' dir='ltr'>S</span> 
     </span>
    </p>
   </div>
   <div class='ocr_carea' id='block_1_2' title="bbox 206 161 1365 626">
    <p class='ocr_par' dir='ltr' id='par_1_2' title="bbox 206 161 1365 626">
     <span class='ocr_line' id='line_1_2' title="bbox 243 161 1357 215; baseline -0.023 0"><span class='ocrx_word' id='word_1_6' title='bbox 243 183 305 215; x_wconf 89' lang='lat' dir='ltr'>casu</span> <span class='ocrx_word' id='word_1_7' title='bbox 318 180 458 213; x_wconf 79' lang='lat' dir='ltr'>absconsas</span> <span class='ocrx_word' id='word_1_8' title='bbox 474 178 618 208; x_wconf 85' lang='lat' dir='ltr'>inveniant</span> <span class='ocrx_word' id='word_1_9' title='bbox 630 174 783 205; x_wconf 76' lang='lat' dir='ltr'>facultates.</span> <span class='ocrx_word' id='word_1_10' title='bbox 824 171 902 202; x_wconf 86' lang='lat' dir='ltr'>Idem</span> <span class='ocrx_word' id='word_1_11' title='bbox 920 169 979 199; x_wconf 82' lang='lat' dir='ltr'>aliis</span> <span class='ocrx_word' id='word_1_12' title='bbox 992 174 1101 204; x_wconf 85' lang='lat' dir='ltr'>quoque</span> <span class='ocrx_word' id='word_1_13' title='bbox 1116 163 1185 192; x_wconf 89' lang='lat' dir='ltr'>locis</span> <span class='ocrx_word' id='word_1_14' title='bbox 1204 163 1258 192; x_wconf 84' lang='lat' dir='ltr'>hoc</span> <span class='ocrx_word' id='word_1_15' title='bbox 1275 161 1357 200; x_wconf 81' lang='lat' dir='ltr'>parti-</span> 
     </span>
     <span class='ocr_line' id='line_1_3' title="bbox 243 201 1217 261; baseline -0.026 -9"><span class='ocrx_word' id='word_1_16' title='bbox 243 223 318 261; x_wconf 83' lang='lat' dir='ltr'>cipio</span> <span class='ocrx_word' id='word_1_17' title='bbox 334 221 436 250; x_wconf 87' lang='lat' dir='ltr'>utitur:</span> <span class='ocrx_word' id='word_1_18' title='bbox 469 215 628 246; x_wconf 87' lang='lat' dir='ltr'>melioribus</span> <span class='ocrx_word' id='word_1_19' title='bbox 646 222 738 242; x_wconf 84' lang='lat' dir='ltr'>autem</span> <span class='ocrx_word' id='word_1_20' title='bbox 755 210 911 240; x_wconf 63' lang='lat' dir='ltr'>audioribus</span> <span class='ocrx_word' id='word_1_21' title='bbox 926 205 1085 247; x_wconf 82' lang='lat' dir='ltr'>inusitatum</span> <span class='ocrx_word' id='word_1_22' title='bbox 1097 201 1142 230; x_wconf 88' lang='lat' dir='ltr'>est.</span> <span class='ocrx_word' id='word_1_23' title='bbox 1166 238 1171 247; x_wconf 26' lang='grc' dir='ltr'>Ἰ</span> <span class='ocrx_word' id='word_1_24' title='bbox 1213 237 1217 243; x_wconf 44' lang='grc'>.</span> 
     </span>
     <span class='ocr_line' id='line_1_4' title="bbox 207 236 1358 293; baseline -0.025 -2"><span class='ocrx_word' id='word_1_25' title='bbox 207 262 369 293; x_wconf 62' lang='lat' dir='ltr'>Assscorxis</span> <span class='ocrx_word' id='word_1_26' title='bbox 380 268 392 286; x_wconf 75' lang='grc' dir='ltr'>ε</span> <span class='ocrx_word' id='word_1_27' title='bbox 402 279 410 291; x_wconf 79' lang='grc'>,</span> <span class='ocrx_word' id='word_1_28' title='bbox 431 256 498 285; x_wconf 91' lang='lat' dir='ltr'>Adv.</span> <span class='ocrx_word' id='word_1_29' title='bbox 526 253 662 282; x_wconf 86' lang='lat' dir='ltr'>Latenter.</span> <span class='ocrx_word' id='word_1_30' title='bbox 692 251 752 279; x_wconf 88' lang='lat' dir='ltr'>Vet.</span> <span class='ocrx_word' id='word_1_31' title='bbox 771 249 886 284; x_wconf 78' lang='lat' dir='ltr'>interpr.</span> <span class='ocrx_word' id='word_1_32' title='bbox 908 245 1005 285; x_wconf 64' lang='lat' dir='ltr'>Ireneqi</span> <span class='ocrx_word' id='word_1_33' title='bbox 1018 253 1043 284; x_wconf 73' lang='lat'>4.</span> <span class='ocrx_word' id='word_1_34' title='bbox 1063 250 1108 282; x_wconf 66' lang='lat'>49.</span> <span class='ocrx_word' id='word_1_35' title='bbox 1151 237 1298 274; x_wconf 73' lang='lat' dir='ltr'>Cogitabat</span> <span class='ocrx_word' id='word_1_36' title='bbox 1312 236 1358 265; x_wconf 86' lang='lat' dir='ltr'>ab-</span> 
     </span>
     <span class='ocr_line' id='line_1_5' title="bbox 243 275 1358 327; baseline -0.023 0"><span class='ocrx_word' id='word_1_37' title='bbox 243 297 336 327; x_wconf 90' lang='lat' dir='ltr'>sconse</span> <span class='ocrx_word' id='word_1_38' title='bbox 352 295 490 324; x_wconf 79' lang='lat' dir='ltr'>dimittere</span> <span class='ocrx_word' id='word_1_39' title='bbox 500 300 569 320; x_wconf 78' lang='lat' dir='ltr'>eam.</span> <span class='ocrx_word' id='word_1_40' title='bbox 597 290 668 319; x_wconf 83' lang='lat' dir='ltr'>Item</span> <span class='ocrx_word' id='word_1_41' title='bbox 677 288 779 325; x_wconf 80' lang='lat' dir='ltr'>Hygin.</span> <span class='ocrx_word' id='word_1_42' title='bbox 798 285 860 314; x_wconf 80' lang='lat' dir='ltr'>Fab.</span> <span class='ocrx_word' id='word_1_43' title='bbox 878 288 936 317; x_wconf 82' lang='lat'>184.</span> <span class='ocrx_word' id='word_1_44' title='bbox 977 280 992 308; x_wconf 58' lang='grc' dir='ltr'>Ικ</span> <span class='ocrx_word' id='word_1_45' title='bbox 999 279 1078 307; x_wconf 89' lang='lat' dir='ltr'>ilium</span> <span class='ocrx_word' id='word_1_46' title='bbox 1093 276 1228 305; x_wconf 70' lang='lat' dir='ltr'>infantem</span> <span class='ocrx_word' id='word_1_47' title='bbox 1240 275 1358 312; x_wconf 77' lang='lat' dir='ltr'>Merope</span> 
     </span>
     <span class='ocr_line' id='line_1_6' title="bbox 243 318 1320 365; baseline -0.027 0"><span class='ocrx_word' id='word_1_48' title='bbox 243 344 331 365; x_wconf 74' lang='lat' dir='ltr'>mater</span> <span class='ocrx_word' id='word_1_49' title='bbox 343 331 470 362; x_wconf 80' lang='lat' dir='ltr'>absconse</span> <span class='ocrx_word' id='word_1_50' title='bbox 484 329 519 358; x_wconf 86' lang='lat' dir='ltr'>ad</span> <span class='ocrx_word' id='word_1_51' title='bbox 530 327 665 365; x_wconf 80' lang='lat' dir='ltr'>hospitem</span> <span class='ocrx_word' id='word_1_52' title='bbox 680 326 707 353; x_wconf 91' lang='lat' dir='ltr'>in</span> <span class='ocrx_word' id='word_1_53' title='bbox 723 323 852 354; x_wconf 79' lang='lat' dir='ltr'>AEtoliam</span> <span class='ocrx_word' id='word_1_54' title='bbox 869 318 1023 359; x_wconf 48' lang='lat' dir='ltr'>mandavit.</span> <span class='ocrx_word' id='word_1_55' title='bbox 1315 350 1320 354; x_wconf 44' lang='lat'><em>-</em></span> 
     </span>
     <span class='ocr_line' id='line_1_7' title="bbox 208 350 1360 404; baseline -0.023 -1"><span class='ocrx_word' id='word_1_56' title='bbox 208 374 249 404; x_wconf 71' lang='lat' dir='ltr'>As</span> <span class='ocrx_word' id='word_1_57' title='bbox 259 383 270 402; x_wconf 92' lang='lat' dir='ltr'>s</span> <span class='ocrx_word' id='word_1_58' title='bbox 280 382 320 401; x_wconf 92' lang='lat' dir='ltr'>co</span> <span class='ocrx_word' id='word_1_59' title='bbox 330 381 348 399; x_wconf 78' lang='lat' dir='ltr'>N</span> <span class='ocrx_word' id='word_1_60' title='bbox 358 380 369 399; x_wconf 90' lang='lat' dir='ltr'>s</span> <span class='ocrx_word' id='word_1_61' title='bbox 379 379 437 402; x_wconf 72' lang='lat' dir='ltr'>os.</span> <span class='ocrx_word' id='word_1_62' title='bbox 467 365 590 395; x_wconf 83' lang='lat' dir='ltr'>Verbale.</span> <span class='ocrx_word' id='word_1_63' title='bbox 621 363 730 393; x_wconf 70' lang='lat' dir='ltr'>firmic.</span> <span class='ocrx_word' id='word_1_64' title='bbox 745 370 768 395; x_wconf 83' lang='lat'>3.</span> <span class='ocrx_word' id='word_1_65' title='bbox 789 366 813 393; x_wconf 79' lang='lat'>8.</span> <span class='ocrx_word' id='word_1_66' title='bbox 838 369 861 392; x_wconf 83' lang='grc' dir='ltr'>ς.</span> <span class='ocrx_word' id='word_1_67' title='bbox 901 356 1059 385; x_wconf 78' lang='lat' dir='ltr'>Mercurius</span> <span class='ocrx_word' id='word_1_68' title='bbox 1075 350 1250 394; x_wconf 81' lang='lat' dir='ltr'>absconsores</span> <span class='ocrx_word' id='word_1_69' title='bbox 1264 360 1321 378; x_wconf 86' lang='lat' dir='ltr'>auri</span> <span class='ocrx_word' id='word_1_70' title='bbox 1333 350 1360 379; x_wconf 69' lang='grc' dir='ltr'>ὃς</span> 
     </span>
     <span class='ocr_line' id='line_1_8' title="bbox 245 390 1308 439; baseline -0.024 0"><span class='ocrx_word' id='word_1_71' title='bbox 245 410 401 439; x_wconf 79' lang='lat' dir='ltr'>divitiarum</span> <span class='ocrx_word' id='word_1_72' title='bbox 416 406 506 434; x_wconf 80' lang='lat' dir='ltr'>faciet.</span> <span class='ocrx_word' id='word_1_73' title='bbox 536 403 570 432; x_wconf 88' lang='lat' dir='ltr'>Et</span> <span class='ocrx_word' id='word_1_74' title='bbox 583 411 643 439; x_wconf 89' lang='lat' dir='ltr'>cap.</span> <span class='ocrx_word' id='word_1_75' title='bbox 658 411 699 429; x_wconf 94' lang='lat'>11.</span> <span class='ocrx_word' id='word_1_76' title='bbox 740 396 921 427; x_wconf 86' lang='lat' dir='ltr'>Pecuniarum</span> <span class='ocrx_word' id='word_1_77' title='bbox 936 391 1109 421; x_wconf 73' lang='lat' dir='ltr'>absconsores</span> <span class='ocrx_word' id='word_1_78' title='bbox 1120 390 1212 431; x_wconf 79' lang='lat' dir='ltr'>faciet.</span> <span class='ocrx_word' id='word_1_79' title='bbox 1303 425 1308 430; x_wconf 36' lang='grc' dir='ltr'>ι</span> 
     </span>
     <span class='ocr_line' id='line_1_9' title="bbox 208 426 1362 478; baseline -0.022 -1"><span class='ocrx_word' id='word_1_80' title='bbox 208 449 228 478; x_wconf 84' lang='grc' dir='ltr'><strong>Α</strong></span> <span class='ocrx_word' id='word_1_81' title='bbox 237 459 250 475; x_wconf 69' lang='lat' dir='ltr'>a</span> <span class='ocrx_word' id='word_1_82' title='bbox 259 458 270 476; x_wconf 84' lang='lat' dir='ltr'>s</span> <span class='ocrx_word' id='word_1_83' title='bbox 279 457 296 475; x_wconf 88' lang='lat' dir='ltr'>c</span> <span class='ocrx_word' id='word_1_84' title='bbox 305 457 321 475; x_wconf 95' lang='lat' dir='ltr'>o</span> <span class='ocrx_word' id='word_1_85' title='bbox 330 456 350 474; x_wconf 83' lang='lat' dir='ltr'>N</span> <span class='ocrx_word' id='word_1_86' title='bbox 361 455 377 472; x_wconf 84' lang='lat' dir='ltr'>i&gt;</span> <span class='ocrx_word' id='word_1_87' title='bbox 388 446 424 472; x_wconf 71' lang='lat' dir='ltr'>i&#39;r</span> <span class='ocrx_word' id='word_1_88' title='bbox 433 454 449 472; x_wconf 94' lang='lat' dir='ltr'>o</span> <span class='ocrx_word' id='word_1_89' title='bbox 459 453 474 471; x_wconf 81' lang='lat' dir='ltr'>R</span> <span class='ocrx_word' id='word_1_90' title='bbox 485 464 493 478; x_wconf 80' lang='lat'>,</span> <span class='ocrx_word' id='word_1_91' title='bbox 514 439 639 469; x_wconf 85' lang='lat' dir='ltr'>Verbale.</span> <span class='ocrx_word' id='word_1_92' title='bbox 671 437 778 467; x_wconf 84' lang='lat' dir='ltr'>Firmic.</span> <span class='ocrx_word' id='word_1_93' title='bbox 797 433 844 462; x_wconf 89' lang='lat' dir='ltr'>lib.</span> <span class='ocrx_word' id='word_1_94' title='bbox 861 443 883 467; x_wconf 86' lang='lat'>5.</span> <span class='ocrx_word' id='word_1_95' title='bbox 900 441 960 468; x_wconf 87' lang='lat' dir='ltr'>cap.</span> <span class='ocrx_word' id='word_1_96' title='bbox 977 439 1018 466; x_wconf 87' lang='lat'>15.</span> <span class='ocrx_word' id='word_1_97' title='bbox 1058 428 1214 458; x_wconf 79' lang='lat' dir='ltr'>Mercurius</span> <span class='ocrx_word' id='word_1_98' title='bbox 1232 426 1362 455; x_wconf 85' lang='lat' dir='ltr'>homines</span> 
     </span>
     <span class='ocr_line' id='line_1_10' title="bbox 246 464 1359 514; baseline -0.022 0"><span class='ocrx_word' id='word_1_99' title='bbox 246 485 329 514; x_wconf 72' lang='lat' dir='ltr'>faciet</span> <span class='ocrx_word' id='word_1_100' title='bbox 337 481 515 514; x_wconf 81' lang='lat' dir='ltr'>simulatores,</span> <span class='ocrx_word' id='word_1_101' title='bbox 522 477 616 507; x_wconf 68' lang='lat' dir='ltr'>multae</span> <span class='ocrx_word' id='word_1_102' title='bbox 625 472 799 512; x_wconf 81' lang='lat' dir='ltr'>cogitationis</span> <span class='ocrx_word' id='word_1_103' title='bbox 809 480 840 499; x_wconf 86' lang='lat' dir='ltr'>ac</span> <span class='ocrx_word' id='word_1_104' title='bbox 850 479 941 498; x_wconf 87' lang='lat' dir='ltr'>rerum</span> <span class='ocrx_word' id='word_1_105' title='bbox 951 468 1134 497; x_wconf 84' lang='lat' dir='ltr'>humanarum</span> <span class='ocrx_word' id='word_1_106' title='bbox 1143 464 1359 493; x_wconf 86' lang='lat' dir='ltr'>absconditores.</span> 
     </span>
     <span class='ocr_line' id='line_1_11' title="bbox 206 500 1363 553; baseline -0.022 0"><span class='ocrx_word' id='word_1_107' title='bbox 206 523 431 553; x_wconf 70' lang='lat' dir='ltr'>AssscoNsro‚</span> <span class='ocrx_word' id='word_1_108' title='bbox 453 518 523 546; x_wconf 90' lang='lat' dir='ltr'>onis.</span> <span class='ocrx_word' id='word_1_109' title='bbox 546 513 669 543; x_wconf 88' lang='lat' dir='ltr'>Verbale.</span> <span class='ocrx_word' id='word_1_110' title='bbox 701 505 900 546; x_wconf 43' lang='grc' dir='ltr'>[ἀπέκρυψε]</span> <span class='ocrx_word' id='word_1_111' title='bbox 930 505 999 535; x_wconf 89' lang='lat' dir='ltr'>Plin.</span> <span class='ocrx_word' id='word_1_112' title='bbox 1013 505 1060 534; x_wconf 87' lang='lat' dir='ltr'>lib.</span> <span class='ocrx_word' id='word_1_113' title='bbox 1075 510 1100 538; x_wconf 78' lang='lat' dir='ltr'>S.</span> <span class='ocrx_word' id='word_1_114' title='bbox 1121 513 1180 540; x_wconf 84' lang='lat' dir='ltr'>cap.</span> <span class='ocrx_word' id='word_1_115' title='bbox 1197 505 1238 530; x_wconf 87' lang='lat'>16.</span> <span class='ocrx_word' id='word_1_116' title='bbox 1279 500 1363 529; x_wconf 87' lang='lat' dir='ltr'>Velut</span> 
     </span>
     <span class='ocr_line' id='line_1_12' title="bbox 246 539 1362 596; baseline -0.022 -7"><span class='ocrx_word' id='word_1_117' title='bbox 246 560 383 596; x_wconf 85' lang='lat' dir='ltr'>deputans</span> <span class='ocrx_word' id='word_1_118' title='bbox 403 553 579 585; x_wconf 87' lang='lat' dir='ltr'>absconsione</span> <span class='ocrx_word' id='word_1_119' title='bbox 599 548 809 588; x_wconf 82' lang='lat' dir='ltr'>turpitudinem.</span> <span class='ocrx_word' id='word_1_120' title='bbox 858 545 961 574; x_wconf 88' lang='lat' dir='ltr'>Verum</span> <span class='ocrx_word' id='word_1_121' title='bbox 982 543 1043 572; x_wconf 89' lang='lat' dir='ltr'>libri</span> <span class='ocrx_word' id='word_1_122' title='bbox 1066 550 1162 570; x_wconf 86' lang='lat' dir='ltr'>ornnes</span> <span class='ocrx_word' id='word_1_123' title='bbox 1181 539 1259 568; x_wconf 86' lang='lat' dir='ltr'>aliter</span> <span class='ocrx_word' id='word_1_124' title='bbox 1286 539 1362 567; x_wconf 85' lang='lat' dir='ltr'>liunc</span> 
     </span>
     <span class='ocr_line' id='line_1_13' title="bbox 242 575 1365 626; baseline -0.02 0"><span class='ocrx_word' id='word_1_125' title='bbox 242 597 338 626; x_wconf 90' lang='lat' dir='ltr'>locum</span> <span class='ocrx_word' id='word_1_126' title='bbox 355 594 466 623; x_wconf 83' lang='lat' dir='ltr'>liabent.</span> <span class='ocrx_word' id='word_1_127' title='bbox 507 589 646 620; x_wconf 86' lang='lat' dir='ltr'>Acerrimo</span> <span class='ocrx_word' id='word_1_128' title='bbox 663 585 742 616; x_wconf 89' lang='lat' dir='ltr'>cursu</span> <span class='ocrx_word' id='word_1_129' title='bbox 765 584 851 613; x_wconf 83' lang='lat' dir='ltr'>fertur</span> <span class='ocrx_word' id='word_1_130' title='bbox 868 605 877 619; x_wconf 78' lang='lat'>‚</span> <span class='ocrx_word' id='word_1_131' title='bbox 916 581 994 612; x_wconf 89' lang='lat' dir='ltr'>velut</span> <span class='ocrx_word' id='word_1_132' title='bbox 1010 579 1197 610; x_wconf 81' lang='lat' dir='ltr'>abscondente</span> <span class='ocrx_word' id='word_1_133' title='bbox 1214 575 1365 615; x_wconf 88' lang='lat' dir='ltr'>turpitudi-</span> 
     </span>
    </p>
   </div>
   <div class='ocr_carea' id='block_1_3' title="bbox 242 632 397 663">
    <p class='ocr_par' dir='ltr' id='par_1_3' title="bbox 242 632 397 663">
     <span class='ocr_line' id='line_1_14' title="bbox 242 632 397 663; baseline -0.019 0"><span class='ocrx_word' id='word_1_134' title='bbox 242 644 308 663; x_wconf 91' lang='lat' dir='ltr'>nem</span> <span class='ocrx_word' id='word_1_135' title='bbox 324 632 397 662; x_wconf 90' lang='lat' dir='ltr'>loco.</span> 
     </span>
    </p>
   </div>
   <div class='ocr_carea' id='block_1_4' title="bbox 206 666 1363 742">
    <p class='ocr_par' dir='ltr' id='par_1_4' title="bbox 206 666 1363 742">
     <span class='ocr_line' id='line_1_15' title="bbox 206 666 1243 704; baseline -0.027 -1"><span class='ocrx_word' id='word_1_136' title='bbox 206 666 550 703; x_wconf 63' lang='lat' dir='ltr'>Asssconoi&gt;rE‚Adv.</span> <span class='ocrx_word' id='word_1_137' title='bbox 581 700 589 704; x_wconf 27' lang='grc' dir='ltr'>ἱ</span> <span class='ocrx_word' id='word_1_138' title='bbox 890 696 894 701; x_wconf 41' lang='grc'><em>.</em></span> <span class='ocrx_word' id='word_1_139' title='bbox 1026 695 1031 699; x_wconf 26' lang='grc'>1</span> <span class='ocrx_word' id='word_1_140' title='bbox 1239 690 1243 695; x_wconf 34' lang='grc' dir='ltr'>ι</span> 
     </span>
     <span class='ocr_line' id='line_1_16' title="bbox 242 687 1363 742; baseline -0.019 -4"><span class='ocrx_word' id='word_1_141' title='bbox 242 710 300 738; x_wconf 82' lang='lat' dir='ltr'>luta</span> <span class='ocrx_word' id='word_1_142' title='bbox 313 708 368 741; x_wconf 76' lang='lat' dir='ltr'>est,</span> <span class='ocrx_word' id='word_1_143' title='bbox 390 715 449 742; x_wconf 75' lang='lat' dir='ltr'>quae</span> <span class='ocrx_word' id='word_1_144' title='bbox 461 703 515 741; x_wconf 86' lang='lat' dir='ltr'>ipsa</span> <span class='ocrx_word' id='word_1_145' title='bbox 533 703 561 730; x_wconf 93' lang='lat' dir='ltr'>in</span> <span class='ocrx_word' id='word_1_146' title='bbox 573 702 616 734; x_wconf 76' lang='lat' dir='ltr'>le.</span> <span class='ocrx_word' id='word_1_147' title='bbox 645 708 703 728; x_wconf 88' lang='lat' dir='ltr'>non</span> <span class='ocrx_word' id='word_1_148' title='bbox 722 704 754 726; x_wconf 88' lang='lat' dir='ltr'>ut</span> <span class='ocrx_word' id='word_1_149' title='bbox 765 695 910 733; x_wconf 77' lang='lat' dir='ltr'>negotialis</span> <span class='ocrx_word' id='word_1_150' title='bbox 926 694 1062 732; x_wconf 86' lang='lat' dir='ltr'>implicite</span> <span class='ocrx_word' id='word_1_151' title='bbox 1077 694 1103 722; x_wconf 73' lang='lat' dir='ltr'>Sc</span> <span class='ocrx_word' id='word_1_152' title='bbox 1114 691 1274 720; x_wconf 78' lang='lat' dir='ltr'>abscondite</span> <span class='ocrx_word' id='word_1_153' title='bbox 1286 711 1294 725; x_wconf 81' lang='grc'>,</span> <span class='ocrx_word' id='word_1_154' title='bbox 1314 687 1363 717; x_wconf 81' lang='lat' dir='ltr'>sed</span> 
     </span>
    </p>
   </div>
   <div class='ocr_carea' id='block_1_5' title="bbox 202 730 1365 1380">
    <p class='ocr_par' dir='ltr' id='par_1_5' title="bbox 202 730 1365 1380">
     <span class='ocr_line' id='line_1_17' title="bbox 242 730 1192 785; baseline -0.019 -9"><span class='ocrx_word' id='word_1_155' title='bbox 242 746 381 785; x_wconf 80' lang='lat' dir='ltr'>patentius</span> <span class='ocrx_word' id='word_1_156' title='bbox 393 745 418 773; x_wconf 65' lang='grc' dir='ltr'>ἃ</span> <span class='ocrx_word' id='word_1_157' title='bbox 430 740 585 779; x_wconf 80' lang='lat' dir='ltr'>expeditius</span> <span class='ocrx_word' id='word_1_158' title='bbox 595 737 662 767; x_wconf 57' lang='lat' dir='ltr'>resti</span> <span class='ocrx_word' id='word_1_159' title='bbox 677 738 703 766; x_wconf 69' lang='grc' dir='ltr'>δε</span> <span class='ocrx_word' id='word_1_160' title='bbox 713 745 772 764; x_wconf 90' lang='lat' dir='ltr'>non</span> <span class='ocrx_word' id='word_1_161' title='bbox 782 735 848 764; x_wconf 73' lang='lat' dir='ltr'>recti</span> <span class='ocrx_word' id='word_1_162' title='bbox 860 733 1040 772; x_wconf 73' lang='lat' dir='ltr'>qucestionein</span> <span class='ocrx_word' id='word_1_163' title='bbox 1057 730 1192 760; x_wconf 88' lang='lat' dir='ltr'>eontinet.</span> 
     </span>
     <span class='ocr_line' id='line_1_18' title="bbox 204 781 1350 817; baseline -0.021 -2"><span class='ocrx_word' id='word_1_164' title='bbox 204 781 554 817; x_wconf 56' lang='lat' dir='ltr'>ABSEN371n.³.1÷SUM.</span> <span class='ocrx_word' id='word_1_165' title='bbox 1007 806 1014 811; x_wconf 37' lang='grc'>,</span> <span class='ocrx_word' id='word_1_166' title='bbox 1061 807 1066 811; x_wconf 89' lang='lat'>.</span> <span class='ocrx_word' id='word_1_167' title='bbox 1261 802 1266 808; x_wconf 38' lang='lat'>¹</span> <span class='ocrx_word' id='word_1_168' title='bbox 1314 801 1350 808; x_wconf 92' lang='lat'>..</span> 
     </span>
     <span class='ocr_line' id='line_1_19' title="bbox 202 803 1364 852; baseline -0.018 -1"><span class='ocrx_word' id='word_1_169' title='bbox 202 824 225 852; x_wconf 89' lang='lat' dir='ltr'>A</span> <span class='ocrx_word' id='word_1_170' title='bbox 233 833 248 851; x_wconf 75' lang='lat' dir='ltr'>s</span> <span class='ocrx_word' id='word_1_171' title='bbox 257 832 268 851; x_wconf 91' lang='lat' dir='ltr'>s</span> <span class='ocrx_word' id='word_1_172' title='bbox 278 831 291 850; x_wconf 77' lang='grc' dir='ltr'>ε</span> <span class='ocrx_word' id='word_1_173' title='bbox 299 830 346 849; x_wconf 84' lang='lat' dir='ltr'>NT</span> <span class='ocrx_word' id='word_1_174' title='bbox 354 830 362 847; x_wconf 85' lang='lat' dir='ltr'>i</span> <span class='ocrx_word' id='word_1_175' title='bbox 371 828 387 847; x_wconf 93' lang='lat' dir='ltr'>o</span> <span class='ocrx_word' id='word_1_176' title='bbox 397 840 405 852; x_wconf 77' lang='grc'>,</span> <span class='ocrx_word' id='word_1_177' title='bbox 426 817 445 845; x_wconf 91' lang='lat' dir='ltr'>si</span> <span class='ocrx_word' id='word_1_178' title='bbox 455 838 462 852; x_wconf 83' lang='lat'><strong>‚</strong></span> <span class='ocrx_word' id='word_1_179' title='bbox 483 815 551 844; x_wconf 86' lang='lat' dir='ltr'>sum.</span> <span class='ocrx_word' id='word_1_180' title='bbox 574 811 750 850; x_wconf 54' lang='lat' dir='ltr'>[larg-oms&#39;os]</span> <span class='ocrx_word' id='word_1_181' title='bbox 778 810 858 840; x_wconf 87' lang='lat' dir='ltr'>Idem</span> <span class='ocrx_word' id='word_1_182' title='bbox 871 808 948 846; x_wconf 86' lang='lat' dir='ltr'>quod</span> <span class='ocrx_word' id='word_1_183' title='bbox 958 807 1096 837; x_wconf 78' lang='lat' dir='ltr'>distentio.</span> <span class='ocrx_word' id='word_1_184' title='bbox 1136 803 1211 835; x_wconf 88' lang='lat' dir='ltr'>Nam</span> <span class='ocrx_word' id='word_1_185' title='bbox 1221 812 1268 840; x_wconf 90' lang='lat' dir='ltr'>qui</span> <span class='ocrx_word' id='word_1_186' title='bbox 1281 811 1364 831; x_wconf 83' lang='lat' dir='ltr'>mini-</span> 
     </span>
     <span class='ocr_line' id='line_1_20' title="bbox 241 847 862 889; baseline -0.019 -1"><span class='ocrx_word' id='word_1_187' title='bbox 241 869 285 888; x_wconf 88' lang='lat' dir='ltr'>nie</span> <span class='ocrx_word' id='word_1_188' title='bbox 300 855 431 886; x_wconf 80' lang='lat' dir='ltr'>convenit</span> <span class='ocrx_word' id='word_1_189' title='bbox 441 876 448 889; x_wconf 78' lang='lat'>‚</span> <span class='ocrx_word' id='word_1_190' title='bbox 470 852 604 882; x_wconf 90' lang='lat' dir='ltr'>absentire</span> <span class='ocrx_word' id='word_1_191' title='bbox 615 850 734 880; x_wconf 83' lang='lat' dir='ltr'>videtur.</span> <span class='ocrx_word' id='word_1_192' title='bbox 767 847 862 885; x_wconf 87' lang='lat' dir='ltr'>Calep.</span> 
     </span>
     <span class='ocr_line' id='line_1_21' title="bbox 202 892 1266 927; baseline -0.019 -1"><span class='ocrx_word' id='word_1_193' title='bbox 202 892 590 927; x_wconf 66' lang='lat' dir='ltr'>Assamo.1nm÷sum.</span> <span class='ocrx_word' id='word_1_194' title='bbox 1261 915 1266 921; x_wconf 38' lang='lat'>¹</span> 
     </span>
     <span class='ocr_line' id='line_1_22' title="bbox 203 914 1364 966; baseline -0.018 -3"><span class='ocrx_word' id='word_1_195' title='bbox 203 936 246 964; x_wconf 76' lang='lat' dir='ltr'>AB</span> <span class='ocrx_word' id='word_1_196' title='bbox 256 943 340 963; x_wconf 74' lang='lat' dir='ltr'>811.AE</span> <span class='ocrx_word' id='word_1_197' title='bbox 351 954 359 966; x_wconf 75' lang='lat'>‚</span> <span class='ocrx_word' id='word_1_198' title='bbox 381 927 529 966; x_wconf 57' lang='grc' dir='ltr'>[Α’ψίλαᾳ]</span> <span class='ocrx_word' id='word_1_199' title='bbox 558 925 700 965; x_wconf 87' lang='lat' dir='ltr'>Stephano</span> <span class='ocrx_word' id='word_1_200' title='bbox 709 947 717 959; x_wconf 85' lang='lat'><strong>‚</strong></span> <span class='ocrx_word' id='word_1_201' title='bbox 737 922 837 961; x_wconf 78' lang='lat' dir='ltr'>Populi</span> <span class='ocrx_word' id='word_1_202' title='bbox 849 921 913 951; x_wconf 86' lang='lat' dir='ltr'>Asiae</span> <span class='ocrx_word' id='word_1_203' title='bbox 925 931 940 950; x_wconf 87' lang='lat' dir='ltr'>a</span> <span class='ocrx_word' id='word_1_204' title='bbox 951 919 1020 950; x_wconf 92' lang='lat' dir='ltr'>Plin.</span> <span class='ocrx_word' id='word_1_205' title='bbox 1038 918 1086 948; x_wconf 86' lang='lat' dir='ltr'>lib.</span> <span class='ocrx_word' id='word_1_206' title='bbox 1101 920 1126 947; x_wconf 92' lang='lat'>6.</span> <span class='ocrx_word' id='word_1_207' title='bbox 1143 925 1204 954; x_wconf 90' lang='lat' dir='ltr'>cap.</span> <span class='ocrx_word' id='word_1_208' title='bbox 1216 927 1243 952; x_wconf 89' lang='lat'>4.</span> <span class='ocrx_word' id='word_1_209' title='bbox 1259 924 1289 944; x_wconf 90' lang='lat' dir='ltr'>in</span> <span class='ocrx_word' id='word_1_210' title='bbox 1299 914 1364 944; x_wconf 72' lang='lat' dir='ltr'>Col-</span> 
     </span>
     <span class='ocr_line' id='line_1_23' title="bbox 241 961 829 1007; baseline -0.019 -7"><span class='ocrx_word' id='word_1_211' title='bbox 241 970 323 1000; x_wconf 86' lang='lat' dir='ltr'>chide</span> <span class='ocrx_word' id='word_1_212' title='bbox 340 977 428 1007; x_wconf 80' lang='lat' dir='ltr'>prope</span> <span class='ocrx_word' id='word_1_213' title='bbox 445 966 550 996; x_wconf 82' lang='lat' dir='ltr'>Phasim</span> <span class='ocrx_word' id='word_1_214' title='bbox 564 973 675 994; x_wconf 85' lang='lat' dir='ltr'>amnem</span> <span class='ocrx_word' id='word_1_215' title='bbox 691 961 829 991; x_wconf 85' lang='lat' dir='ltr'>collocati.</span> 
     </span>
     <span class='ocr_line' id='line_1_24' title="bbox 203 989 1363 1042; baseline -0.017 -4"><span class='ocrx_word' id='word_1_216' title='bbox 203 1009 371 1042; x_wconf 51' lang='lat' dir='ltr'>Assum,</span> <span class='ocrx_word' id='word_1_217' title='bbox 401 1000 582 1042; x_wconf 58' lang='grc' dir='ltr'>[ἁποπηδὶέω]</span> <span class='ocrx_word' id='word_1_218' title='bbox 608 1006 658 1031; x_wconf 77' lang='lat' dir='ltr'>ire.</span> <span class='ocrx_word' id='word_1_219' title='bbox 698 1000 740 1030; x_wconf 77' lang='lat' dir='ltr'>Ex</span> <span class='ocrx_word' id='word_1_220' title='bbox 757 999 791 1029; x_wconf 87' lang='lat' dir='ltr'>ab</span> <span class='ocrx_word' id='word_1_221' title='bbox 808 997 910 1028; x_wconf 81' lang='lat' dir='ltr'>&amp;salio</span> <span class='ocrx_word' id='word_1_222' title='bbox 927 994 1130 1033; x_wconf 81' lang='lat' dir='ltr'>compositum,</span> <span class='ocrx_word' id='word_1_223' title='bbox 1151 991 1220 1021; x_wconf 86' lang='lat' dir='ltr'>saltu</span> <span class='ocrx_word' id='word_1_224' title='bbox 1231 989 1363 1021; x_wconf 75' lang='lat' dir='ltr'>alicunde</span> 
     </span>
     <span class='ocr_line' id='line_1_25' title="bbox 239 1041 687 1075; baseline -0.016 0"><span class='ocrx_word' id='word_1_225' title='bbox 239 1045 350 1075; x_wconf 86' lang='lat' dir='ltr'>recedo.</span> <span class='ocrx_word' id='word_1_226' title='bbox 380 1043 489 1073; x_wconf 88' lang='lat' dir='ltr'>Lucret.</span> <span class='ocrx_word' id='word_1_227' title='bbox 504 1041 552 1071; x_wconf 94' lang='lat' dir='ltr'>lib.</span> <span class='ocrx_word' id='word_1_228' title='bbox 565 1044 591 1070; x_wconf 91' lang='lat'>6.</span> <span class='ocrx_word' id='word_1_229' title='bbox 608 1048 687 1074; x_wconf 86' lang='lat'>1213.</span> 
     </span>
     <span class='ocr_line' id='line_1_26' title="bbox 313 1067 1162 1118; baseline -0.019 -6"><span class='ocrx_word' id='word_1_230' title='bbox 313 1081 461 1118; x_wconf 82' lang='lat' dir='ltr'>Multaque</span> <span class='ocrx_word' id='word_1_231' title='bbox 479 1079 557 1109; x_wconf 88' lang='lat' dir='ltr'>humi</span> <span class='ocrx_word' id='word_1_232' title='bbox 573 1088 638 1107; x_wconf 89' lang='lat' dir='ltr'>curn</span> <span class='ocrx_word' id='word_1_233' title='bbox 655 1076 798 1105; x_wconf 86' lang='lat' dir='ltr'>inhumata</span> <span class='ocrx_word' id='word_1_234' title='bbox 814 1074 936 1109; x_wconf 83' lang='lat' dir='ltr'>jacerent</span> <span class='ocrx_word' id='word_1_235' title='bbox 951 1079 1067 1108; x_wconf 86' lang='lat' dir='ltr'>corpora</span> <span class='ocrx_word' id='word_1_236' title='bbox 1082 1067 1162 1107; x_wconf 83' lang='lat' dir='ltr'>supra</span> 
     </span>
     <span class='ocr_line' id='line_1_27' title="bbox 313 1109 1069 1158; baseline -0.019 -9"><span class='ocrx_word' id='word_1_237' title='bbox 313 1119 484 1158; x_wconf 87' lang='lat' dir='ltr'>Corporibus</span> <span class='ocrx_word' id='word_1_238' title='bbox 493 1140 500 1152; x_wconf 58' lang='lat'>7</span> <span class='ocrx_word' id='word_1_239' title='bbox 521 1124 616 1146; x_wconf 83' lang='lat' dir='ltr'>tamen</span> <span class='ocrx_word' id='word_1_240' title='bbox 627 1114 745 1144; x_wconf 82' lang='lat' dir='ltr'>alituum</span> <span class='ocrx_word' id='word_1_241' title='bbox 756 1121 842 1149; x_wconf 82' lang='lat' dir='ltr'>genus</span> <span class='ocrx_word' id='word_1_242' title='bbox 854 1117 935 1147; x_wconf 84' lang='lat' dir='ltr'>atque</span> <span class='ocrx_word' id='word_1_243' title='bbox 949 1109 1069 1137; x_wconf 87' lang='lat' dir='ltr'>ferarum</span> 
     </span>
     <span class='ocr_line' id='line_1_28' title="bbox 313 1147 1346 1195; baseline -0.019 -8"><span class='ocrx_word' id='word_1_244' title='bbox 313 1159 368 1187; x_wconf 87' lang='lat' dir='ltr'>Aut</span> <span class='ocrx_word' id='word_1_245' title='bbox 378 1156 477 1195; x_wconf 92' lang='lat' dir='ltr'>procul</span> <span class='ocrx_word' id='word_1_246' title='bbox 488 1153 629 1184; x_wconf 86' lang='lat' dir='ltr'>absiliebat</span> <span class='ocrx_word' id='word_1_247' title='bbox 638 1175 646 1187; x_wconf 80' lang='lat'>.</span> <span class='ocrx_word' id='word_1_248' title='bbox 667 1158 699 1181; x_wconf 91' lang='lat' dir='ltr'>ut</span> <span class='ocrx_word' id='word_1_249' title='bbox 710 1160 800 1180; x_wconf 88' lang='lat' dir='ltr'>acrem</span> <span class='ocrx_word' id='word_1_250' title='bbox 811 1149 899 1177; x_wconf 75' lang='lat' dir='ltr'>exiret</span> <span class='ocrx_word' id='word_1_251' title='bbox 911 1147 1036 1176; x_wconf 88' lang='lat' dir='ltr'>odorem.</span> <span class='ocrx_word' id='word_1_252' title='bbox 1341 1177 1346 1183; x_wconf 35' lang='grc' dir='ltr'>ι</span> 
     </span>
     <span class='ocr_line' id='line_1_29' title="bbox 203 1179 1362 1231; baseline -0.018 -4"><span class='ocrx_word' id='word_1_253' title='bbox 203 1198 391 1227; x_wconf 65' lang='lat' dir='ltr'>assumtis</span> <span class='ocrx_word' id='word_1_254' title='bbox 401 1217 409 1231; x_wconf 90' lang='lat'>‚</span> <span class='ocrx_word' id='word_1_255' title='bbox 440 1192 607 1230; x_wconf 54' lang='lat' dir='ltr'>[ivdffior&amp;]</span> <span class='ocrx_word' id='word_1_256' title='bbox 635 1189 759 1220; x_wconf 85' lang='lat' dir='ltr'>Multum</span> <span class='ocrx_word' id='word_1_257' title='bbox 779 1185 922 1216; x_wconf 78' lang='lat' dir='ltr'>dissimilis.</span> <span class='ocrx_word' id='word_1_258' title='bbox 963 1184 997 1213; x_wconf 90' lang='lat' dir='ltr'>Et</span> <span class='ocrx_word' id='word_1_259' title='bbox 1013 1184 1070 1212; x_wconf 88' lang='lat' dir='ltr'>fere</span> <span class='ocrx_word' id='word_1_260' title='bbox 1088 1181 1212 1218; x_wconf 89' lang='lat' dir='ltr'>jungitur</span> <span class='ocrx_word' id='word_1_261' title='bbox 1227 1188 1263 1209; x_wconf 86' lang='lat' dir='ltr'>ne</span> <span class='ocrx_word' id='word_1_262' title='bbox 1283 1179 1362 1208; x_wconf 86' lang='lat' dir='ltr'>ativis</span> 
     </span>
     <span class='ocr_line' id='line_1_30' title="bbox 238 1217 1363 1274; baseline -0.018 -10"><span class='ocrx_word' id='word_1_263' title='bbox 238 1233 398 1274; x_wconf 79' lang='lat' dir='ltr'>particulis,</span> <span class='ocrx_word' id='word_1_264' title='bbox 418 1242 490 1266; x_wconf 71' lang='lat' dir='ltr'>nec.</span> <span class='ocrx_word' id='word_1_265' title='bbox 511 1240 619 1266; x_wconf 79' lang='lat' dir='ltr'>neque.</span> <span class='ocrx_word' id='word_1_266' title='bbox 641 1238 716 1262; x_wconf 76' lang='lat' dir='ltr'>non,</span> <span class='ocrx_word' id='word_1_267' title='bbox 738 1228 764 1256; x_wconf 72' lang='lat' dir='ltr'>Sc</span> <span class='ocrx_word' id='word_1_268' title='bbox 777 1224 859 1254; x_wconf 86' lang='lat' dir='ltr'>haud.</span> <span class='ocrx_word' id='word_1_269' title='bbox 883 1222 993 1252; x_wconf 90' lang='lat' dir='ltr'>Colum.</span> <span class='ocrx_word' id='word_1_270' title='bbox 1007 1221 1054 1249; x_wconf 89' lang='lat' dir='ltr'>lib.</span> <span class='ocrx_word' id='word_1_271' title='bbox 1068 1223 1093 1248; x_wconf 91' lang='lat'>6.</span> <span class='ocrx_word' id='word_1_272' title='bbox 1108 1229 1167 1256; x_wconf 88' lang='lat' dir='ltr'>cap.</span> <span class='ocrx_word' id='word_1_273' title='bbox 1184 1227 1224 1254; x_wconf 90' lang='lat'>17.</span> <span class='ocrx_word' id='word_1_274' title='bbox 1288 1217 1363 1259; x_wconf 80' lang='lat' dir='ltr'>doris</span> 
     </span>
     <span class='ocr_line' id='line_1_31' title="bbox 240 1254 1365 1307; baseline -0.016 -6"><span class='ocrx_word' id='word_1_275' title='bbox 240 1273 327 1306; x_wconf 58' lang='lat' dir='ltr'>atavis</span> <span class='ocrx_word' id='word_1_276' title='bbox 337 1293 345 1306; x_wconf 82' lang='lat'>‚</span> <span class='ocrx_word' id='word_1_277' title='bbox 366 1280 456 1307; x_wconf 90' lang='lat' dir='ltr'>neque</span> <span class='ocrx_word' id='word_1_278' title='bbox 471 1267 598 1298; x_wconf 87' lang='lat' dir='ltr'>absimilis</span> <span class='ocrx_word' id='word_1_279' title='bbox 609 1265 748 1296; x_wconf 86' lang='lat' dir='ltr'>bitumini.</span> <span class='ocrx_word' id='word_1_280' title='bbox 770 1264 845 1293; x_wconf 88' lang='lat' dir='ltr'>Suet.</span> <span class='ocrx_word' id='word_1_281' title='bbox 858 1263 888 1291; x_wconf 91' lang='lat' dir='ltr'>in</span> <span class='ocrx_word' id='word_1_282' title='bbox 899 1260 1013 1290; x_wconf 82' lang='lat' dir='ltr'>Othone</span> <span class='ocrx_word' id='word_1_283' title='bbox 1021 1281 1030 1295; x_wconf 64' lang='lat' dir='ltr'>a</span> <span class='ocrx_word' id='word_1_284' title='bbox 1051 1267 1111 1295; x_wconf 86' lang='lat' dir='ltr'>cap.</span> <span class='ocrx_word' id='word_1_285' title='bbox 1129 1267 1152 1286; x_wconf 96' lang='lat'>1.</span> <span class='ocrx_word' id='word_1_286' title='bbox 1181 1256 1248 1286; x_wconf 88' lang='lat' dir='ltr'>Non</span> <span class='ocrx_word' id='word_1_287' title='bbox 1257 1254 1365 1285; x_wconf 82' lang='lat' dir='ltr'>absimi-</span> 
     </span>
     <span class='ocr_line' id='line_1_32' title="bbox 239 1302 609 1345; baseline -0.016 -6"><span class='ocrx_word' id='word_1_288' title='bbox 239 1302 274 1339; x_wconf 85' lang='lat' dir='ltr'>lis</span> <span class='ocrx_word' id='word_1_289' title='bbox 284 1309 400 1339; x_wconf 90' lang='lat' dir='ltr'>Tiberio</span> <span class='ocrx_word' id='word_1_290' title='bbox 411 1307 533 1345; x_wconf 84' lang='lat' dir='ltr'>principi</span> <span class='ocrx_word' id='word_1_291' title='bbox 548 1306 609 1334; x_wconf 89' lang='lat' dir='ltr'>fuit.</span> 
     </span>
     <span class='ocr_line' id='line_1_33' title="bbox 202 1345 793 1380; baseline -0.017 -3"><span class='ocrx_word' id='word_1_292' title='bbox 202 1348 465 1380; x_wconf 74' lang='lat' dir='ltr'>Asser&#39;rr-HUM,</span> <span class='ocrx_word' id='word_1_293' title='bbox 485 1345 517 1374; x_wconf 90' lang='lat' dir='ltr'>V.</span> <span class='ocrx_word' id='word_1_294' title='bbox 538 1349 793 1372; x_wconf 60' lang='lat' dir='ltr'>Assvu‘rniun.</span> 
     </span>
    </p>
   </div>
   <div class='ocr_carea' id='block_1_6' title="bbox 203 1383 1365 1457">
    <p class='ocr_par' dir='ltr' id='par_1_6' title="bbox 203 1383 1365 1457">
     <span class='ocr_line' id='line_1_34' title="bbox 279 1391 599 1413; baseline -0.013 0"><span class='ocrx_word' id='word_1_295' title='bbox 279 1397 286 1413; x_wconf 89' lang='lat' dir='ltr'>i</span> <span class='ocrx_word' id='word_1_296' title='bbox 378 1393 384 1412; x_wconf 94' lang='lat' dir='ltr'>i</span> <span class='ocrx_word' id='word_1_297' title='bbox 403 1407 408 1412; x_wconf 97' lang='lat'>.</span> <span class='ocrx_word' id='word_1_298' title='bbox 463 1406 469 1412; x_wconf 95' lang='lat'>.</span> <span class='ocrx_word' id='word_1_299' title='bbox 493 1405 500 1411; x_wconf 73' lang='lat'>.</span> <span class='ocrx_word' id='word_1_300' title='bbox 520 1391 571 1410; x_wconf 79' lang='lat' dir='ltr'>Psi</span> <span class='ocrx_word' id='word_1_301' title='bbox 593 1403 599 1410; x_wconf 95' lang='lat'>.</span> 
     </span>
     <span class='ocr_line' id='line_1_35' title="bbox 203 1383 1365 1457; baseline -0.016 -5"><span class='ocrx_word' id='word_1_302' title='bbox 203 1387 332 1453; x_wconf 45' lang='lat'>2313}</span> <span class='ocrx_word' id='word_1_303' title='bbox 340 1385 377 1457; x_wconf 55' lang='lat' dir='ltr'>dc}</span> <span class='ocrx_word' id='word_1_304' title='bbox 388 1383 468 1455; x_wconf 51' lang='lat' dir='ltr'>Sstitis.</span> <span class='ocrx_word' id='word_1_305' title='bbox 491 1391 667 1456; x_wconf 38' lang='lat' dir='ltr'>[qdmsic-n&#39;w]</span> <span class='ocrx_word' id='word_1_306' title='bbox 695 1425 749 1445; x_wconf 90' lang='lat' dir='ltr'>ere.</span> <span class='ocrx_word' id='word_1_307' title='bbox 779 1414 800 1443; x_wconf 89' lang='lat' dir='ltr'>A</span> <span class='ocrx_word' id='word_1_308' title='bbox 813 1413 877 1443; x_wconf 87' lang='lat' dir='ltr'>loco</span> <span class='ocrx_word' id='word_1_309' title='bbox 888 1411 933 1441; x_wconf 91' lang='lat' dir='ltr'>vel</span> <span class='ocrx_word' id='word_1_310' title='bbox 944 1420 959 1440; x_wconf 85' lang='lat' dir='ltr'>a</span> <span class='ocrx_word' id='word_1_311' title='bbox 970 1421 999 1440; x_wconf 90' lang='lat' dir='ltr'>re</span> <span class='ocrx_word' id='word_1_312' title='bbox 1011 1409 1101 1446; x_wconf 89' lang='lat' dir='ltr'>aliqua</span> <span class='ocrx_word' id='word_1_313' title='bbox 1120 1406 1268 1436; x_wconf 86' lang='lat' dir='ltr'>discedere.</span> <span class='ocrx_word' id='word_1_314' title='bbox 1311 1404 1365 1434; x_wconf 86' lang='lat' dir='ltr'>Cui</span> 
     </span>
    </p>
   </div>
   <div class='ocr_carea' id='block_1_7' title="bbox 240 1443 1369 1986">
    <p class='ocr_par' dir='ltr' id='par_1_7' title="bbox 240 1443 1362 1605">
     <span class='ocr_line' id='line_1_36' title="bbox 240 1443 1362 1498; baseline -0.018 -7"><span class='ocrx_word' id='word_1_315' title='bbox 240 1461 393 1498; x_wconf 86' lang='lat' dir='ltr'>opponitur</span> <span class='ocrx_word' id='word_1_316' title='bbox 402 1459 533 1488; x_wconf 80' lang='lat' dir='ltr'>Allistere.</span> <span class='ocrx_word' id='word_1_317' title='bbox 573 1455 608 1485; x_wconf 88' lang='lat' dir='ltr'>Et</span> <span class='ocrx_word' id='word_1_318' title='bbox 618 1455 676 1485; x_wconf 88' lang='lat' dir='ltr'>fere</span> <span class='ocrx_word' id='word_1_319' title='bbox 692 1453 816 1490; x_wconf 81' lang='lat' dir='ltr'>jungitur</span> <span class='ocrx_word' id='word_1_320' title='bbox 827 1451 946 1481; x_wconf 89' lang='lat' dir='ltr'>ablativo</span> <span class='ocrx_word' id='word_1_321' title='bbox 958 1448 1013 1478; x_wconf 89' lang='lat' dir='ltr'>sine</span> <span class='ocrx_word' id='word_1_322' title='bbox 1025 1446 1227 1486; x_wconf 70' lang='lat' dir='ltr'>praepositione.</span> <span class='ocrx_word' id='word_1_323' title='bbox 1250 1443 1323 1482; x_wconf 90' lang='lat' dir='ltr'>Virg.</span> <span class='ocrx_word' id='word_1_324' title='bbox 1336 1447 1362 1473; x_wconf 92' lang='lat'>6.</span> 
     </span>
     <span class='ocr_line' id='line_1_37' title="bbox 240 1500 859 1541; baseline -0.018 -11"><span class='ocrx_word' id='word_1_325' title='bbox 240 1500 303 1530; x_wconf 77' lang='lat' dir='ltr'>AEn.</span> <span class='ocrx_word' id='word_1_326' title='bbox 317 1504 381 1534; x_wconf 82' lang='lat'>258.</span> <span class='ocrx_word' id='word_1_327' title='bbox 515 1533 522 1541; x_wconf 39' lang='grc' dir='ltr'>Α</span> <span class='ocrx_word' id='word_1_328' title='bbox 854 1526 859 1532; x_wconf 45' lang='grc'><em>.</em></span> 
     </span>
     <span class='ocr_line' id='line_1_38' title="bbox 317 1527 1015 1605; baseline -0.019 -2"><span class='ocrx_word' id='word_1_329' title='bbox 317 1527 949 1605; x_wconf 49' lang='grc' dir='ltr'>ΟοῖὲἷιᾞξιῖῙνέῖξὲῗΕἲὲῑὲἓῑεΡὲἓὲἳὲἓέἸυεο.</span> <span class='ocrx_word' id='word_1_330' title='bbox 1011 1599 1015 1605; x_wconf 38' lang='grc'><strong><em>,</em></strong></span> 
     </span>
    </p>

    <p class='ocr_par' dir='ltr' id='par_1_8' title="bbox 241 1598 1154 1642">
     <span class='ocr_line' id='line_1_39' title="bbox 241 1598 1154 1642; baseline -0.016 0"><span class='ocrx_word' id='word_1_331' title='bbox 241 1611 320 1642; x_wconf 84' lang='lat' dir='ltr'>Bello</span> <span class='ocrx_word' id='word_1_332' title='bbox 332 1611 464 1640; x_wconf 85' lang='lat' dir='ltr'>absistere.</span> <span class='ocrx_word' id='word_1_333' title='bbox 486 1609 575 1638; x_wconf 84' lang='lat' dir='ltr'>Tacit.</span> <span class='ocrx_word' id='word_1_334' title='bbox 588 1607 654 1636; x_wconf 84' lang='lat' dir='ltr'>Hist.</span> <span class='ocrx_word' id='word_1_335' title='bbox 666 1617 692 1642; x_wconf 88' lang='lat'>4.</span> <span class='ocrx_word' id='word_1_336' title='bbox 713 1614 756 1642; x_wconf 86' lang='lat'>32.</span> <span class='ocrx_word' id='word_1_337' title='bbox 788 1603 819 1633; x_wconf 90' lang='lat' dir='ltr'>V.</span> <span class='ocrx_word' id='word_1_338' title='bbox 840 1601 923 1632; x_wconf 86' lang='lat' dir='ltr'>Drak.</span> <span class='ocrx_word' id='word_1_339' title='bbox 941 1599 977 1630; x_wconf 85' lang='lat' dir='ltr'>ad</span> <span class='ocrx_word' id='word_1_340' title='bbox 989 1598 1037 1630; x_wconf 78' lang='lat' dir='ltr'>Sil.</span> <span class='ocrx_word' id='word_1_341' title='bbox 1048 1607 1074 1629; x_wconf 86' lang='lat'>2.</span> <span class='ocrx_word' id='word_1_342' title='bbox 1090 1606 1154 1635; x_wconf 84' lang='lat'>325.</span> 
     </span>
    </p>

    <p class='ocr_par' dir='ltr' id='par_1_9' title="bbox 242 1644 696 1683">
     <span class='ocr_line' id='line_1_40' title="bbox 242 1644 696 1683; baseline -0.018 -3"><span class='ocrx_word' id='word_1_343' title='bbox 242 1650 354 1680; x_wconf 85' lang='lat' dir='ltr'>Furore.</span> <span class='ocrx_word' id='word_1_344' title='bbox 383 1648 440 1678; x_wconf 91' lang='lat' dir='ltr'>Liv.</span> <span class='ocrx_word' id='word_1_345' title='bbox 452 1658 478 1683; x_wconf 92' lang='lat'>4.</span> <span class='ocrx_word' id='word_1_346' title='bbox 494 1646 598 1676; x_wconf 84' lang='lat' dir='ltr'>Decad.</span> <span class='ocrx_word' id='word_1_347' title='bbox 610 1644 657 1673; x_wconf 89' lang='lat' dir='ltr'>lib.</span> <span class='ocrx_word' id='word_1_348' title='bbox 670 1653 696 1681; x_wconf 78' lang='lat'>7.</span> 
     </span>
    </p>

    <p class='ocr_par' dir='ltr' id='par_1_10' title="bbox 241 1682 717 1725">
     <span class='ocr_line' id='line_1_41' title="bbox 241 1682 717 1725; baseline -0.017 -7"><span class='ocrx_word' id='word_1_349' title='bbox 241 1688 381 1725; x_wconf 88' lang='lat' dir='ltr'>Incoepto.</span> <span class='ocrx_word' id='word_1_350' title='bbox 403 1686 459 1715; x_wconf 86' lang='lat' dir='ltr'>Liv.</span> <span class='ocrx_word' id='word_1_351' title='bbox 472 1697 497 1721; x_wconf 93' lang='lat'>4.</span> <span class='ocrx_word' id='word_1_352' title='bbox 513 1683 618 1713; x_wconf 84' lang='lat' dir='ltr'>Decad.</span> <span class='ocrx_word' id='word_1_353' title='bbox 631 1682 679 1711; x_wconf 88' lang='lat' dir='ltr'>lib.</span> <span class='ocrx_word' id='word_1_354' title='bbox 694 1691 717 1710; x_wconf 93' lang='lat'>1.</span> 
     </span>
    </p>

    <p class='ocr_par' dir='ltr' id='par_1_11' title="bbox 241 1720 709 1763">
     <span class='ocr_line' id='line_1_42' title="bbox 241 1720 709 1763; baseline -0.015 -8"><span class='ocrx_word' id='word_1_355' title='bbox 241 1726 373 1763; x_wconf 88' lang='lat' dir='ltr'>Imperio.</span> <span class='ocrx_word' id='word_1_356' title='bbox 395 1724 452 1753; x_wconf 89' lang='lat' dir='ltr'>Liv.</span> <span class='ocrx_word' id='word_1_357' title='bbox 465 1735 490 1759; x_wconf 84' lang='lat'>4.</span> <span class='ocrx_word' id='word_1_358' title='bbox 506 1721 610 1751; x_wconf 87' lang='lat' dir='ltr'>Decad.</span> <span class='ocrx_word' id='word_1_359' title='bbox 624 1720 670 1749; x_wconf 90' lang='lat' dir='ltr'>lib.</span> <span class='ocrx_word' id='word_1_360' title='bbox 684 1725 709 1753; x_wconf 86' lang='lat'>8.</span> 
     </span>
    </p>

    <p class='ocr_par' dir='ltr' id='par_1_12' title="bbox 243 1750 1210 1801">
     <span class='ocr_line' id='line_1_43' title="bbox 243 1750 1210 1801; baseline -0.016 -8"><span class='ocrx_word' id='word_1_361' title='bbox 243 1763 482 1801; x_wconf 77' lang='lat' dir='ltr'>Oppugnatione,</span> <span class='ocrx_word' id='word_1_362' title='bbox 501 1759 545 1790; x_wconf 87' lang='lat' dir='ltr'>vel</span> <span class='ocrx_word' id='word_1_363' title='bbox 557 1759 708 1788; x_wconf 78' lang='lat' dir='ltr'>obsidione.</span> <span class='ocrx_word' id='word_1_364' title='bbox 738 1755 796 1786; x_wconf 90' lang='lat' dir='ltr'>Liv.</span> <span class='ocrx_word' id='word_1_365' title='bbox 810 1764 853 1794; x_wconf 87' lang='lat'>37.</span> <span class='ocrx_word' id='word_1_366' title='bbox 872 1764 915 1792; x_wconf 87' lang='lat'>17.</span> <span class='ocrx_word' id='word_1_367' title='bbox 937 1752 1055 1782; x_wconf 84' lang='lat' dir='ltr'>Conatu.</span> <span class='ocrx_word' id='word_1_368' title='bbox 1071 1750 1113 1781; x_wconf 90' lang='lat' dir='ltr'>Id.</span> <span class='ocrx_word' id='word_1_369' title='bbox 1127 1757 1169 1787; x_wconf 84' lang='lat'>33.</span> <span class='ocrx_word' id='word_1_370' title='bbox 1186 1758 1210 1785; x_wconf 88' lang='grc' dir='ltr'>ς.</span> 
     </span>
    </p>

    <p class='ocr_par' dir='ltr' id='par_1_13' title="bbox 242 1796 684 1838">
     <span class='ocr_line' id='line_1_44' title="bbox 242 1796 684 1838; baseline -0.016 -7"><span class='ocrx_word' id='word_1_371' title='bbox 242 1801 346 1838; x_wconf 79' lang='lat' dir='ltr'>Pugna.</span> <span class='ocrx_word' id='word_1_372' title='bbox 367 1800 425 1830; x_wconf 94' lang='lat' dir='ltr'>Liv.</span> <span class='ocrx_word' id='word_1_373' title='bbox 437 1811 463 1835; x_wconf 92' lang='lat'>4.</span> <span class='ocrx_word' id='word_1_374' title='bbox 479 1798 583 1828; x_wconf 89' lang='lat' dir='ltr'>Decad.</span> <span class='ocrx_word' id='word_1_375' title='bbox 599 1796 646 1825; x_wconf 89' lang='lat' dir='ltr'>lib.</span> <span class='ocrx_word' id='word_1_376' title='bbox 661 1806 684 1825; x_wconf 76' lang='grc' dir='ltr'>Ι.</span> 
     </span>
    </p>

    <p class='ocr_par' dir='ltr' id='par_1_14' title="bbox 242 1821 1368 1880">
     <span class='ocr_line' id='line_1_45' title="bbox 242 1821 1368 1880; baseline -0.016 -11"><span class='ocrx_word' id='word_1_377' title='bbox 242 1839 372 1870; x_wconf 69' lang='lat' dir='ltr'>Absistere</span> <span class='ocrx_word' id='word_1_378' title='bbox 383 1848 406 1868; x_wconf 89' lang='lat' dir='ltr'>a.</span> <span class='ocrx_word' id='word_1_379' title='bbox 438 1836 506 1880; x_wconf 76' lang='lat' dir='ltr'>Plin.</span> <span class='ocrx_word' id='word_1_380' title='bbox 529 1835 576 1864; x_wconf 93' lang='lat' dir='ltr'>lib.</span> <span class='ocrx_word' id='word_1_381' title='bbox 589 1845 619 1878; x_wconf 43' lang='lat'>2..</span> <span class='ocrx_word' id='word_1_382' title='bbox 629 1844 689 1872; x_wconf 87' lang='lat' dir='ltr'>cap.</span> <span class='ocrx_word' id='word_1_383' title='bbox 701 1838 727 1867; x_wconf 81' lang='lat'>8.</span> <span class='ocrx_word' id='word_1_384' title='bbox 764 1831 804 1861; x_wconf 91' lang='lat' dir='ltr'>Ab</span> <span class='ocrx_word' id='word_1_385' title='bbox 814 1830 870 1860; x_wconf 91' lang='lat' dir='ltr'>sole</span> <span class='ocrx_word' id='word_1_386' title='bbox 881 1837 1026 1867; x_wconf 86' lang='lat' dir='ltr'>nunquam</span> <span class='ocrx_word' id='word_1_387' title='bbox 1036 1826 1162 1856; x_wconf 83' lang='lat' dir='ltr'>absistens</span> <span class='ocrx_word' id='word_1_388' title='bbox 1182 1822 1305 1863; x_wconf 82' lang='lat' dir='ltr'>partibus</span> <span class='ocrx_word' id='word_1_389' title='bbox 1321 1821 1368 1852; x_wconf 85' lang='lat' dir='ltr'>sex</span> 
     </span>
    </p>

    <p class='ocr_par' dir='ltr' id='par_1_15' title="bbox 240 1873 1369 1986">
     <span class='ocr_line' id='line_1_46' title="bbox 240 1873 1369 1949; baseline -0.017 -4"><span class='ocrx_word' id='word_1_390' title='bbox 240 1873 708 1949; x_wconf 42' lang='grc' dir='ltr'>18ῗὲΕὲῑὲῗῆίέἶιῗξὲἑῗὲὲἓῗιεὲἒὺο</span> <span class='ocrx_word' id='word_1_391' title='bbox 740 1917 770 1937; x_wconf 90' lang='lat' dir='ltr'>ro</span> <span class='ocrx_word' id='word_1_392' title='bbox 787 1905 916 1949; x_wconf 82' lang='lat' dir='ltr'>ablativo.</span> <span class='ocrx_word' id='word_1_393' title='bbox 946 1903 1006 1947; x_wconf 66' lang='lat' dir='ltr'>Liv:</span> <span class='ocrx_word' id='word_1_394' title='bbox 1018 1914 1045 1938; x_wconf 94' lang='lat'>4.</span> <span class='ocrx_word' id='word_1_395' title='bbox 1060 1902 1115 1931; x_wconf 91' lang='lat' dir='ltr'>bel.</span> <span class='ocrx_word' id='word_1_396' title='bbox 1130 1901 1198 1931; x_wconf 89' lang='lat' dir='ltr'>Pun.</span> <span class='ocrx_word' id='word_1_397' title='bbox 1239 1898 1369 1928; x_wconf 85' lang='lat' dir='ltr'>Absistere</span> 
     </span>
     <span class='ocr_line' id='line_1_47' title="bbox 261 1918 1368 1986; baseline -0.014 -4"><span class='ocrx_word' id='word_1_398' title='bbox 261 1951 424 1982; x_wconf 86' lang='lat' dir='ltr'>obsidendo.</span> <span class='ocrx_word' id='word_1_399' title='bbox 475 1949 527 1979; x_wconf 90' lang='lat' dir='ltr'>Pro</span> <span class='ocrx_word' id='word_1_400' title='bbox 550 1958 584 1978; x_wconf 93' lang='lat' dir='ltr'>eo</span> <span class='ocrx_word' id='word_1_401' title='bbox 608 1948 685 1986; x_wconf 91' lang='lat' dir='ltr'>quod</span> <span class='ocrx_word' id='word_1_402' title='bbox 703 1918 742 1977; x_wconf 61' lang='lat' dir='ltr'>est</span> <span class='ocrx_word' id='word_1_403' title='bbox 759 1945 793 1975; x_wconf 83' lang='lat' dir='ltr'>ab</span> <span class='ocrx_word' id='word_1_404' title='bbox 812 1944 956 1973; x_wconf 76' lang='lat' dir='ltr'>obiidione</span> <span class='ocrx_word' id='word_1_405' title='bbox 976 1940 1136 1976; x_wconf 81' lang='lat' dir='ltr'>discedere,</span> <span class='ocrx_word' id='word_1_406' title='bbox 1166 1938 1221 1969; x_wconf 86' lang='lat' dir='ltr'>sive</span> <span class='ocrx_word' id='word_1_407' title='bbox 1244 1936 1368 1967; x_wconf 85' lang='lat' dir='ltr'>desistere</span> 
     </span>
    </p>
   </div>
   <div class='ocr_carea' id='block_1_8' title="bbox 573 649 1364 698">
    <p class='ocr_par' dir='ltr' id='par_1_16' title="bbox 573 649 1364 698">
     <span class='ocr_line' id='line_1_48' title="bbox 573 649 1364 698; baseline -0.02 -4"><span class='ocrx_word' id='word_1_408' title='bbox 573 660 725 698; x_wconf 69' lang='grc' dir='ltr'><strong><em>[κξνφίως]</em></strong></span> <span class='ocrx_word' id='word_1_409' title='bbox 755 658 884 689; x_wconf 89' lang='lat' dir='ltr'>Occulte.</span> <span class='ocrx_word' id='word_1_410' title='bbox 916 656 973 686; x_wconf 86' lang='lat' dir='ltr'>Cic.</span> <span class='ocrx_word' id='word_1_411' title='bbox 987 666 1012 685; x_wconf 87' lang='lat'>2.</span> <span class='ocrx_word' id='word_1_412' title='bbox 1030 656 1065 684; x_wconf 87' lang='lat' dir='ltr'>de</span> <span class='ocrx_word' id='word_1_413' title='bbox 1075 654 1183 684; x_wconf 76' lang='lat' dir='ltr'>invent.</span> <span class='ocrx_word' id='word_1_414' title='bbox 1196 656 1240 687; x_wconf 76' lang='lat'>69.</span> <span class='ocrx_word' id='word_1_415' title='bbox 1281 649 1364 680; x_wconf 88' lang='lat' dir='ltr'>Abso-</span> 
     </span>
    </p>
   </div>
   <div class='ocr_carea' id='block_1_9' title="bbox 209 1990 1384 3717">
    <p class='ocr_par' dir='ltr' id='par_1_17' title="bbox 260 1990 414 2019">
     <span class='ocr_line' id='line_1_49' title="bbox 260 1990 414 2019; baseline -0.006 0"><span class='ocrx_word' id='word_1_416' title='bbox 260 1990 414 2019; x_wconf 78' lang='lat' dir='ltr'>obsidione.</span> 
     </span>
    </p>

    <p class='ocr_par' dir='ltr' id='par_1_18' title="bbox 242 2023 794 2065">
     <span class='ocr_line' id='line_1_50' title="bbox 242 2023 794 2065; baseline -0.014 -7"><span class='ocrx_word' id='word_1_417' title='bbox 242 2028 342 2059; x_wconf 85' lang='lat' dir='ltr'>Absiste</span> <span class='ocrx_word' id='word_1_418' title='bbox 354 2026 504 2065; x_wconf 88' lang='lat' dir='ltr'>precando.</span> <span class='ocrx_word' id='word_1_419' title='bbox 525 2025 599 2063; x_wconf 89' lang='lat' dir='ltr'>Virg.</span> <span class='ocrx_word' id='word_1_420' title='bbox 611 2030 637 2059; x_wconf 82' lang='lat'>8.</span> <span class='ocrx_word' id='word_1_421' title='bbox 656 2023 717 2053; x_wconf 66' lang='grc' dir='ltr'>ΖΕΗ.</span> <span class='ocrx_word' id='word_1_422' title='bbox 729 2031 794 2059; x_wconf 86' lang='lat'>403.</span> 
     </span>
    </p>

    <p class='ocr_par' dir='ltr' id='par_1_19' title="bbox 243 2056 1070 2102">
     <span class='ocr_line' id='line_1_51' title="bbox 243 2056 1070 2102; baseline -0.015 -6"><span class='ocrx_word' id='word_1_423' title='bbox 243 2066 390 2102; x_wconf 78' lang='lat' dir='ltr'>Abfistere,</span> <span class='ocrx_word' id='word_1_424' title='bbox 412 2065 468 2094; x_wconf 87' lang='lat' dir='ltr'>sine</span> <span class='ocrx_word' id='word_1_425' title='bbox 480 2063 541 2093; x_wconf 86' lang='lat' dir='ltr'>casu</span> <span class='ocrx_word' id='word_1_426' title='bbox 551 2086 559 2099; x_wconf 74' lang='lat'>,</span> <span class='ocrx_word' id='word_1_427' title='bbox 580 2073 631 2101; x_wconf 90' lang='lat' dir='ltr'>pro</span> <span class='ocrx_word' id='word_1_428' title='bbox 642 2061 772 2090; x_wconf 89' lang='lat' dir='ltr'>definere.</span> <span class='ocrx_word' id='word_1_429' title='bbox 802 2058 875 2095; x_wconf 87' lang='lat' dir='ltr'>Virg.</span> <span class='ocrx_word' id='word_1_430' title='bbox 890 2067 913 2086; x_wconf 94' lang='lat'>1.</span> <span class='ocrx_word' id='word_1_431' title='bbox 929 2056 991 2087; x_wconf 87' lang='lat' dir='ltr'>AEn.</span> <span class='ocrx_word' id='word_1_432' title='bbox 1007 2058 1070 2090; x_wconf 82' lang='lat'>196.</span> 
     </span>
    </p>

    <p class='ocr_par' dir='ltr' id='par_1_20' title="bbox 244 2095 1158 2244">
     <span class='ocr_line' id='line_1_52' title="bbox 318 2095 1048 2141; baseline -0.014 -8"><span class='ocrx_word' id='word_1_433' title='bbox 318 2104 380 2133; x_wconf 92' lang='lat' dir='ltr'>Nec</span> <span class='ocrx_word' id='word_1_434' title='bbox 394 2103 469 2141; x_wconf 87' lang='lat' dir='ltr'>prius</span> <span class='ocrx_word' id='word_1_435' title='bbox 481 2101 596 2136; x_wconf 78' lang='lat' dir='ltr'>absistit,</span> <span class='ocrx_word' id='word_1_436' title='bbox 618 2109 701 2137; x_wconf 89' lang='lat' dir='ltr'>quam</span> <span class='ocrx_word' id='word_1_437' title='bbox 710 2098 816 2136; x_wconf 88' lang='lat' dir='ltr'>septem</span> <span class='ocrx_word' id='word_1_438' title='bbox 825 2095 950 2134; x_wconf 85' lang='lat' dir='ltr'>ingentia</span> <span class='ocrx_word' id='word_1_439' title='bbox 960 2095 1048 2124; x_wconf 58' lang='lat' dir='ltr'>visitor</span> 
     </span>
     <span class='ocr_line' id='line_1_53' title="bbox 319 2138 991 2179; baseline -0.013 -8"><span class='ocrx_word' id='word_1_440' title='bbox 319 2141 444 2179; x_wconf 82' lang='lat' dir='ltr'>Corpora</span> <span class='ocrx_word' id='word_1_441' title='bbox 456 2140 555 2168; x_wconf 80' lang='lat' dir='ltr'>fundat</span> <span class='ocrx_word' id='word_1_442' title='bbox 564 2138 652 2168; x_wconf 88' lang='lat' dir='ltr'>humi.</span> <span class='ocrx_word' id='word_1_443' title='bbox 988 2157 991 2166; x_wconf 71' lang='grc'><strong><em>,</em></strong></span> 
     </span>
     <span class='ocr_line' id='line_1_54' title="bbox 244 2168 1158 2214; baseline -0.014 -4"><span class='ocrx_word' id='word_1_444' title='bbox 244 2179 393 2214; x_wconf 86' lang='lat' dir='ltr'>Abfistere,</span> <span class='ocrx_word' id='word_1_445' title='bbox 414 2187 479 2208; x_wconf 89' lang='lat' dir='ltr'>cum</span> <span class='ocrx_word' id='word_1_446' title='bbox 490 2177 644 2211; x_wconf 83' lang='lat' dir='ltr'>infinitivo,</span> <span class='ocrx_word' id='word_1_447' title='bbox 665 2184 716 2213; x_wconf 92' lang='lat' dir='ltr'>pro</span> <span class='ocrx_word' id='word_1_448' title='bbox 731 2173 861 2203; x_wconf 89' lang='lat' dir='ltr'>desinere.</span> <span class='ocrx_word' id='word_1_449' title='bbox 891 2171 965 2209; x_wconf 88' lang='lat' dir='ltr'>Virg.</span> <span class='ocrx_word' id='word_1_450' title='bbox 977 2173 1003 2200; x_wconf 91' lang='lat'>6.</span> <span class='ocrx_word' id='word_1_451' title='bbox 1017 2168 1080 2200; x_wconf 82' lang='lat' dir='ltr'>AEn.</span> <span class='ocrx_word' id='word_1_452' title='bbox 1096 2176 1158 2206; x_wconf 87' lang='lat'>399.</span> 
     </span>
     <span class='ocr_line' id='line_1_55' title="bbox 394 2213 670 2244; baseline -0.011 1"><span class='ocrx_word' id='word_1_453' title='bbox 394 2215 538 2244; x_wconf 83' lang='lat' dir='ltr'>—Absiste</span> <span class='ocrx_word' id='word_1_454' title='bbox 556 2213 670 2243; x_wconf 91' lang='lat' dir='ltr'>moveri.</span> 
     </span>
    </p>

    <p class='ocr_par' dir='ltr' id='par_1_21' title="bbox 246 2247 973 2290">
     <span class='ocr_line' id='line_1_56' title="bbox 246 2247 973 2290; baseline -0.015 -5"><span class='ocrx_word' id='word_1_455' title='bbox 246 2254 358 2285; x_wconf 90' lang='lat' dir='ltr'>Colum.</span> <span class='ocrx_word' id='word_1_456' title='bbox 373 2254 422 2283; x_wconf 92' lang='lat' dir='ltr'>lib.</span> <span class='ocrx_word' id='word_1_457' title='bbox 438 2263 479 2283; x_wconf 88' lang='lat'>12.</span> <span class='ocrx_word' id='word_1_458' title='bbox 497 2262 556 2290; x_wconf 86' lang='lat' dir='ltr'>cap.</span> <span class='ocrx_word' id='word_1_459' title='bbox 571 2262 613 2287; x_wconf 92' lang='lat'>19.</span> <span class='ocrx_word' id='word_1_460' title='bbox 647 2251 709 2280; x_wconf 90' lang='lat' dir='ltr'>Nec</span> <span class='ocrx_word' id='word_1_461' title='bbox 720 2249 825 2279; x_wconf 85' lang='lat' dir='ltr'>absistat</span> <span class='ocrx_word' id='word_1_462' title='bbox 835 2247 864 2276; x_wconf 88' lang='lat' dir='ltr'>id</span> <span class='ocrx_word' id='word_1_463' title='bbox 875 2247 973 2275; x_wconf 83' lang='lat' dir='ltr'>facere.</span> 
     </span>
    </p>

    <p class='ocr_par' dir='ltr' id='par_1_22' title="bbox 209 2276 1372 2406">
     <span class='ocr_line' id='line_1_57' title="bbox 209 2276 1372 2328; baseline -0.015 -4"><span class='ocrx_word' id='word_1_464' title='bbox 209 2294 457 2327; x_wconf 61' lang='lat' dir='ltr'>Ansisrrrniz,</span> <span class='ocrx_word' id='word_1_465' title='bbox 488 2289 599 2328; x_wconf 88' lang='lat' dir='ltr'>Impers.</span> <span class='ocrx_word' id='word_1_466' title='bbox 633 2286 836 2325; x_wconf 57' lang='lat' dir='ltr'>[dms-manu]</span> <span class='ocrx_word' id='word_1_467' title='bbox 867 2284 926 2314; x_wconf 93' lang='lat' dir='ltr'>Liv.</span> <span class='ocrx_word' id='word_1_468' title='bbox 942 2294 966 2313; x_wconf 91' lang='lat'>1.</span> <span class='ocrx_word' id='word_1_469' title='bbox 987 2281 1055 2312; x_wconf 88' lang='lat' dir='ltr'>Bell.</span> <span class='ocrx_word' id='word_1_470' title='bbox 1074 2281 1144 2311; x_wconf 90' lang='lat' dir='ltr'>Pun.</span> <span class='ocrx_word' id='word_1_471' title='bbox 1187 2279 1282 2317; x_wconf 84' lang='lat' dir='ltr'>Legati</span> <span class='ocrx_word' id='word_1_472' title='bbox 1300 2276 1372 2308; x_wconf 76' lang='lat' dir='ltr'>missi</span> 
     </span>
     <span class='ocr_line' id='line_1_58' title="bbox 248 2317 1372 2368; baseline -0.013 -8"><span class='ocrx_word' id='word_1_473' title='bbox 248 2330 441 2368; x_wconf 79' lang='lat' dir='ltr'>Carthaginem</span> <span class='ocrx_word' id='word_1_474' title='bbox 452 2351 459 2363; x_wconf 82' lang='lat'>,</span> <span class='ocrx_word' id='word_1_475' title='bbox 481 2327 499 2357; x_wconf 91' lang='lat' dir='ltr'>si</span> <span class='ocrx_word' id='word_1_476' title='bbox 510 2338 568 2356; x_wconf 90' lang='lat' dir='ltr'>non</span> <span class='ocrx_word' id='word_1_477' title='bbox 583 2326 752 2356; x_wconf 85' lang='lat' dir='ltr'>absisteretur</span> <span class='ocrx_word' id='word_1_478' title='bbox 762 2323 836 2354; x_wconf 84' lang='lat' dir='ltr'>bello</span> <span class='ocrx_word' id='word_1_479' title='bbox 847 2345 855 2359; x_wconf 89' lang='lat'>‚</span> <span class='ocrx_word' id='word_1_480' title='bbox 877 2322 913 2352; x_wconf 87' lang='lat' dir='ltr'>ad</span> <span class='ocrx_word' id='word_1_481' title='bbox 930 2322 1033 2351; x_wconf 87' lang='lat' dir='ltr'>ducem</span> <span class='ocrx_word' id='word_1_482' title='bbox 1048 2319 1140 2358; x_wconf 85' lang='lat' dir='ltr'>ipsum</span> <span class='ocrx_word' id='word_1_483' title='bbox 1155 2317 1186 2347; x_wconf 83' lang='lat' dir='ltr'>in</span> <span class='ocrx_word' id='word_1_484' title='bbox 1196 2327 1311 2356; x_wconf 85' lang='lat' dir='ltr'>poenam</span> <span class='ocrx_word' id='word_1_485' title='bbox 1320 2317 1372 2346; x_wconf 82' lang='lat' dir='ltr'>foe-</span> 
     </span>
     <span class='ocr_line' id='line_1_59' title="bbox 247 2365 644 2406; baseline -0.013 -8"><span class='ocrx_word' id='word_1_486' title='bbox 247 2369 320 2398; x_wconf 91' lang='lat' dir='ltr'>deris</span> <span class='ocrx_word' id='word_1_487' title='bbox 334 2368 410 2406; x_wconf 85' lang='lat' dir='ltr'>rupti</span> <span class='ocrx_word' id='word_1_488' title='bbox 427 2365 644 2404; x_wconf 88' lang='lat' dir='ltr'>deposcendum.</span> 
     </span>
    </p>

    <p class='ocr_par' dir='ltr' id='par_1_23' title="bbox 210 2391 1374 2511">
     <span class='ocr_line' id='line_1_60' title="bbox 210 2391 1374 2440; baseline -0.015 -3"><span class='ocrx_word' id='word_1_489' title='bbox 210 2408 427 2440; x_wconf 73' lang='grc' dir='ltr'>ΑΒεῐεΤΕΝς,</span> <span class='ocrx_word' id='word_1_490' title='bbox 447 2404 543 2433; x_wconf 85' lang='lat' dir='ltr'>Partic.</span> <span class='ocrx_word' id='word_1_491' title='bbox 572 2401 748 2439; x_wconf 67' lang='grc' dir='ltr'>[οὶποςυιτιῖῖν]</span> <span class='ocrx_word' id='word_1_492' title='bbox 776 2399 834 2429; x_wconf 92' lang='lat' dir='ltr'>Liv.</span> <span class='ocrx_word' id='word_1_493' title='bbox 847 2409 873 2434; x_wconf 92' lang='lat'>4.</span> <span class='ocrx_word' id='word_1_494' title='bbox 890 2396 959 2427; x_wconf 91' lang='lat' dir='ltr'>Bell.</span> <span class='ocrx_word' id='word_1_495' title='bbox 971 2396 1040 2425; x_wconf 90' lang='lat' dir='ltr'>Pun.</span> <span class='ocrx_word' id='word_1_496' title='bbox 1082 2394 1191 2424; x_wconf 81' lang='lat' dir='ltr'>Tamen</span> <span class='ocrx_word' id='word_1_497' title='bbox 1209 2392 1255 2430; x_wconf 90' lang='lat' dir='ltr'>spe</span> <span class='ocrx_word' id='word_1_498' title='bbox 1272 2391 1374 2421; x_wconf 79' lang='lat' dir='ltr'>labefa-</span> 
     </span>
     <span class='ocr_line' id='line_1_61' title="bbox 248 2431 1373 2511; baseline -0.014 -37"><span class='ocrx_word' id='word_1_499' title='bbox 248 2444 355 2511; x_wconf 50' lang='lat' dir='ltr'>ffidae</span> <span class='ocrx_word' id='word_1_500' title='bbox 366 2443 431 2509; x_wconf 69' lang='lat' dir='ltr'>fidsi</span> <span class='ocrx_word' id='word_1_501' title='bbox 443 2442 519 2471; x_wconf 84' lang='lat' dir='ltr'>haud</span> <span class='ocrx_word' id='word_1_502' title='bbox 527 2441 662 2476; x_wconf 83' lang='lat' dir='ltr'>absistens,</span> <span class='ocrx_word' id='word_1_503' title='bbox 676 2438 813 2477; x_wconf 82' lang='lat' dir='ltr'>Salapiam</span> <span class='ocrx_word' id='word_1_504' title='bbox 823 2436 923 2466; x_wconf 86' lang='lat' dir='ltr'>tendit.</span> <span class='ocrx_word' id='word_1_505' title='bbox 945 2434 1008 2464; x_wconf 89' lang='lat' dir='ltr'>Hoc</span> <span class='ocrx_word' id='word_1_506' title='bbox 1019 2433 1057 2463; x_wconf 88' lang='lat' dir='ltr'>est</span> <span class='ocrx_word' id='word_1_507' title='bbox 1065 2455 1074 2469; x_wconf 84' lang='lat'>,</span> <span class='ocrx_word' id='word_1_508' title='bbox 1089 2441 1148 2461; x_wconf 91' lang='lat' dir='ltr'>non</span> <span class='ocrx_word' id='word_1_509' title='bbox 1158 2431 1295 2466; x_wconf 85' lang='lat' dir='ltr'>desistens,</span> <span class='ocrx_word' id='word_1_510' title='bbox 1314 2439 1373 2459; x_wconf 89' lang='lat' dir='ltr'>non</span> 
     </span>
    </p>

    <p class='ocr_par' dir='ltr' id='par_1_24' title="bbox 269 2488 461 2511">
     <span class='ocr_line' id='line_1_62' title="bbox 269 2488 461 2511; baseline -0.01 0"><span class='ocrx_word' id='word_1_511' title='bbox 269 2492 284 2511; x_wconf 94' lang='lat' dir='ltr'>e</span> <span class='ocrx_word' id='word_1_512' title='bbox 318 2488 394 2511; x_wconf 90' lang='lat' dir='ltr'>tutus</span> <span class='ocrx_word' id='word_1_513' title='bbox 437 2490 461 2509; x_wconf 90' lang='lat' dir='ltr'>e.</span> 
     </span>
    </p>

    <p class='ocr_par' dir='ltr' id='par_1_25' title="bbox 211 2490 1373 2560">
     <span class='ocr_line' id='line_1_63' title="bbox 211 2490 1373 2560; baseline -0.015 -10"><span class='ocrx_word' id='word_1_514' title='bbox 211 2521 254 2550; x_wconf 67' lang='lat' dir='ltr'>Ais</span> <span class='ocrx_word' id='word_1_515' title='bbox 263 2530 275 2549; x_wconf 91' lang='lat' dir='ltr'>s</span> <span class='ocrx_word' id='word_1_516' title='bbox 284 2521 301 2549; x_wconf 81' lang='grc' dir='ltr'>ὅ</span> <span class='ocrx_word' id='word_1_517' title='bbox 310 2531 326 2548; x_wconf 86' lang='lat' dir='ltr'>L</span> <span class='ocrx_word' id='word_1_518' title='bbox 334 2529 348 2547; x_wconf 74' lang='lat' dir='ltr'>r.</span> <span class='ocrx_word' id='word_1_519' title='bbox 356 2528 373 2547; x_wconf 93' lang='lat' dir='ltr'>o</span> <span class='ocrx_word' id='word_1_520' title='bbox 384 2541 392 2553; x_wconf 81' lang='grc'><em>,</em></span> <span class='ocrx_word' id='word_1_521' title='bbox 414 2490 450 2547; x_wconf 62' lang='grc' dir='ltr'>ξε.</span> <span class='ocrx_word' id='word_1_522' title='bbox 473 2511 702 2560; x_wconf 52' lang='grc' dir='ltr'>[ιξπαςχιςάςμιᾳ]</span> <span class='ocrx_word' id='word_1_523' title='bbox 727 2512 772 2542; x_wconf 85' lang='lat' dir='ltr'>Est</span> <span class='ocrx_word' id='word_1_524' title='bbox 787 2512 820 2541; x_wconf 83' lang='lat' dir='ltr'>ab</span> <span class='ocrx_word' id='word_1_525' title='bbox 837 2510 886 2541; x_wconf 90' lang='lat' dir='ltr'>usu</span> <span class='ocrx_word' id='word_1_526' title='bbox 897 2509 1017 2540; x_wconf 84' lang='lat' dir='ltr'>recedo:</span> <span class='ocrx_word' id='word_1_527' title='bbox 1047 2506 1123 2537; x_wconf 88' lang='lat' dir='ltr'>unde</span> <span class='ocrx_word' id='word_1_528' title='bbox 1135 2505 1272 2536; x_wconf 89' lang='lat' dir='ltr'>absoletus</span> <span class='ocrx_word' id='word_1_529' title='bbox 1283 2504 1373 2539; x_wconf 88' lang='lat' dir='ltr'>locus,</span> 
     </span>
    </p>

    <p class='ocr_par' dir='ltr' id='par_1_26' title="bbox 213 2550 1372 2664">
     <span class='ocr_line' id='line_1_64' title="bbox 213 2550 1372 2631; baseline -0.012 -7"><span class='ocrx_word' id='word_1_530' title='bbox 213 2568 267 2625; x_wconf 60' lang='lat' dir='ltr'>Ar?</span> <span class='ocrx_word' id='word_1_531' title='bbox 265 2567 284 2624; x_wconf 83' lang='lat' dir='ltr'>se</span> <span class='ocrx_word' id='word_1_532' title='bbox 286 2557 395 2623; x_wconf 45' lang='lat'>{1533</span> <span class='ocrx_word' id='word_1_533' title='bbox 402 2554 692 2628; x_wconf 43' lang='grc' dir='ltr'>ἓῖῗὲᾱέίῗῗὸἑξῗοῖἔέὸ</span> <span class='ocrx_word' id='word_1_534' title='bbox 704 2550 921 2631; x_wconf 52' lang='grc' dir='ltr'>ξιῗὲῖᾗρῑῖιωᾙεῐί.</span> <span class='ocrx_word' id='word_1_535' title='bbox 943 2583 1050 2615; x_wconf 90' lang='lat' dir='ltr'>Tertul.</span> <span class='ocrx_word' id='word_1_536' title='bbox 1061 2583 1175 2613; x_wconf 77' lang='lat' dir='ltr'>Exhort.</span> <span class='ocrx_word' id='word_1_537' title='bbox 1190 2581 1259 2612; x_wconf 88' lang='lat' dir='ltr'>Cast.</span> <span class='ocrx_word' id='word_1_538' title='bbox 1272 2591 1331 2619; x_wconf 84' lang='lat' dir='ltr'>cap.</span> <span class='ocrx_word' id='word_1_539' title='bbox 1345 2584 1372 2610; x_wconf 90' lang='lat'>6.</span> 
     </span>
     <span class='ocr_line' id='line_1_65' title="bbox 250 2621 1142 2664; baseline -0.013 -2"><span class='ocrx_word' id='word_1_540' title='bbox 250 2631 393 2662; x_wconf 86' lang='lat' dir='ltr'>absolescit</span> <span class='ocrx_word' id='word_1_541' title='bbox 408 2630 527 2660; x_wconf 88' lang='lat' dir='ltr'>Crescite</span> <span class='ocrx_word' id='word_1_542' title='bbox 539 2629 608 2658; x_wconf 88' lang='lat' dir='ltr'>illud</span> <span class='ocrx_word' id='word_1_543' title='bbox 620 2629 646 2657; x_wconf 73' lang='lat' dir='ltr'>Sc</span> <span class='ocrx_word' id='word_1_544' title='bbox 657 2624 891 2664; x_wconf 82' lang='lat' dir='ltr'>multiplicamini.</span> <span class='ocrx_word' id='word_1_545' title='bbox 913 2623 987 2653; x_wconf 89' lang='lat' dir='ltr'>conf.</span> <span class='ocrx_word' id='word_1_546' title='bbox 1001 2623 1067 2652; x_wconf 91' lang='lat' dir='ltr'>Not.</span> <span class='ocrx_word' id='word_1_547' title='bbox 1079 2621 1142 2656; x_wconf 89' lang='lat' dir='ltr'>Jun.</span> 
     </span>
    </p>

    <p class='ocr_par' dir='ltr' id='par_1_27' title="bbox 213 2656 1376 2775">
     <span class='ocr_line' id='line_1_66' title="bbox 213 2656 1376 2704; baseline -0.013 -4"><span class='ocrx_word' id='word_1_548' title='bbox 213 2670 398 2704; x_wconf 69' lang='lat' dir='ltr'>A1350tvo‚</span> <span class='ocrx_word' id='word_1_549' title='bbox 419 2669 463 2703; x_wconf 76' lang='lat' dir='ltr'>vi.</span> <span class='ocrx_word' id='word_1_550' title='bbox 484 2671 581 2703; x_wconf 72' lang='lat' dir='ltr'>sitnm,</span> <span class='ocrx_word' id='word_1_551' title='bbox 611 2660 753 2701; x_wconf 60' lang='grc' dir='ltr'>[ἀπολύω.</span> <span class='ocrx_word' id='word_1_552' title='bbox 780 2660 949 2696; x_wconf 57' lang='grc' dir='ltr'>οἰπ-αλὶκοέτῗω]</span> <span class='ocrx_word' id='word_1_553' title='bbox 979 2670 1033 2690; x_wconf 89' lang='lat' dir='ltr'>ere.</span> <span class='ocrx_word' id='word_1_554' title='bbox 1064 2659 1199 2689; x_wconf 83' lang='lat' dir='ltr'>Liberare.</span> <span class='ocrx_word' id='word_1_555' title='bbox 1237 2656 1376 2695; x_wconf 87' lang='lat' dir='ltr'>Multipli-</span> 
     </span>
     <span class='ocr_line' id='line_1_67' title="bbox 250 2694 1376 2775; baseline -0.012 -38"><span class='ocrx_word' id='word_1_556' title='bbox 250 2718 313 2775; x_wconf 55' lang='grc' dir='ltr'>ἔξω</span> <span class='ocrx_word' id='word_1_557' title='bbox 330 2707 414 2736; x_wconf 83' lang='lat' dir='ltr'>habet</span> <span class='ocrx_word' id='word_1_558' title='bbox 438 2705 517 2736; x_wconf 90' lang='lat' dir='ltr'>usum</span> <span class='ocrx_word' id='word_1_559' title='bbox 534 2715 541 2734; x_wconf 91' lang='lat'>:</span> <span class='ocrx_word' id='word_1_560' title='bbox 579 2703 627 2733; x_wconf 88' lang='lat' dir='ltr'>sed</span> <span class='ocrx_word' id='word_1_561' title='bbox 643 2702 763 2732; x_wconf 77' lang='lat' dir='ltr'>maxime</span> <span class='ocrx_word' id='word_1_562' title='bbox 785 2700 820 2730; x_wconf 89' lang='lat' dir='ltr'>ad</span> <span class='ocrx_word' id='word_1_563' title='bbox 844 2699 949 2738; x_wconf 87' lang='lat' dir='ltr'>judicia</span> <span class='ocrx_word' id='word_1_564' title='bbox 967 2698 1091 2728; x_wconf 86' lang='lat' dir='ltr'>refertur.</span> <span class='ocrx_word' id='word_1_565' title='bbox 1141 2696 1317 2726; x_wconf 85' lang='lat' dir='ltr'>Contrarium</span> <span class='ocrx_word' id='word_1_566' title='bbox 1337 2694 1376 2724; x_wconf 89' lang='lat' dir='ltr'>est</span> 
     </span>
    </p>

    <p class='ocr_par' dir='ltr' id='par_1_28' title="bbox 270 2755 390 2775">
     <span class='ocr_line' id='line_1_68' title="bbox 270 2755 390 2775; baseline -0.008 0"><span class='ocrx_word' id='word_1_567' title='bbox 270 2755 390 2775; x_wconf 85' lang='lat' dir='ltr'>amnare.</span> 
     </span>
    </p>

    <p class='ocr_par' dir='ltr' id='par_1_29' title="bbox 251 2775 997 2850">
     <span class='ocr_line' id='line_1_69' title="bbox 251 2775 997 2814; baseline -0.015 -1"><span class='ocrx_word' id='word_1_568' title='bbox 251 2782 360 2814; x_wconf 86' lang='lat' dir='ltr'>Absolvi</span> <span class='ocrx_word' id='word_1_569' title='bbox 377 2781 507 2812; x_wconf 88' lang='lat' dir='ltr'>omnibus</span> <span class='ocrx_word' id='word_1_570' title='bbox 524 2779 678 2809; x_wconf 86' lang='lat' dir='ltr'>sententiis.</span> <span class='ocrx_word' id='word_1_571' title='bbox 713 2776 771 2807; x_wconf 88' lang='lat' dir='ltr'>Cic.</span> <span class='ocrx_word' id='word_1_572' title='bbox 786 2775 862 2806; x_wconf 90' lang='lat' dir='ltr'>Verr.</span> <span class='ocrx_word' id='word_1_573' title='bbox 883 2786 910 2812; x_wconf 89' lang='lat'>4.</span> <span class='ocrx_word' id='word_1_574' title='bbox 935 2783 997 2804; x_wconf 80' lang='lat'>100.</span> 
     </span>
     <span class='ocr_line' id='line_1_70' title="bbox 271 2817 729 2850; baseline -0.013 0"><span class='ocrx_word' id='word_1_575' title='bbox 271 2820 401 2850; x_wconf 89' lang='lat' dir='ltr'>omnibus</span> <span class='ocrx_word' id='word_1_576' title='bbox 414 2819 558 2849; x_wconf 89' lang='lat' dir='ltr'>sententiis</span> <span class='ocrx_word' id='word_1_577' title='bbox 572 2817 729 2847; x_wconf 81' lang='lat' dir='ltr'>absolvitur.</span> 
     </span>
    </p>

    <p class='ocr_par' dir='ltr' id='par_1_30' title="bbox 254 2845 1378 3044">
     <span class='ocr_line' id='line_1_71' title="bbox 254 2845 1378 2895; baseline -0.013 -7"><span class='ocrx_word' id='word_1_578' title='bbox 254 2858 397 2889; x_wconf 87' lang='lat' dir='ltr'>Absolvere</span> <span class='ocrx_word' id='word_1_579' title='bbox 413 2856 606 2895; x_wconf 72' lang='lat' dir='ltr'>improbitatis.</span> <span class='ocrx_word' id='word_1_580' title='bbox 639 2854 697 2884; x_wconf 92' lang='lat' dir='ltr'>Cic.</span> <span class='ocrx_word' id='word_1_581' title='bbox 714 2853 788 2882; x_wconf 89' lang='lat' dir='ltr'>Verr.</span> <span class='ocrx_word' id='word_1_582' title='bbox 803 2862 825 2881; x_wconf 88' lang='lat'>1.</span> <span class='ocrx_word' id='word_1_583' title='bbox 841 2860 884 2888; x_wconf 91' lang='lat'>72.</span> <span class='ocrx_word' id='word_1_584' title='bbox 925 2849 992 2879; x_wconf 91' lang='lat' dir='ltr'>Non</span> <span class='ocrx_word' id='word_1_585' title='bbox 1004 2854 1031 2877; x_wconf 90' lang='lat' dir='ltr'>te</span> <span class='ocrx_word' id='word_1_586' title='bbox 1041 2846 1198 2877; x_wconf 87' lang='lat' dir='ltr'>absolutum</span> <span class='ocrx_word' id='word_1_587' title='bbox 1210 2845 1263 2875; x_wconf 84' lang='lat' dir='ltr'>effe</span> <span class='ocrx_word' id='word_1_588' title='bbox 1275 2846 1378 2883; x_wconf 79' lang='lat' dir='ltr'>impro-</span> 
     </span>
     <span class='ocr_line' id='line_1_72' title="bbox 274 2883 1377 2931; baseline -0.014 -5"><span class='ocrx_word' id='word_1_589' title='bbox 274 2897 383 2931; x_wconf 82' lang='lat' dir='ltr'>bitatis,</span> <span class='ocrx_word' id='word_1_590' title='bbox 404 2894 450 2925; x_wconf 91' lang='lat' dir='ltr'>sed</span> <span class='ocrx_word' id='word_1_591' title='bbox 465 2894 528 2924; x_wconf 84' lang='lat' dir='ltr'>illos</span> <span class='ocrx_word' id='word_1_592' title='bbox 545 2894 689 2922; x_wconf 87' lang='lat' dir='ltr'>damnatos</span> <span class='ocrx_word' id='word_1_593' title='bbox 707 2890 760 2920; x_wconf 79' lang='lat' dir='ltr'>esse</span> <span class='ocrx_word' id='word_1_594' title='bbox 773 2889 865 2919; x_wconf 66' lang='lat' dir='ltr'>caedis.</span> <span class='ocrx_word' id='word_1_595' title='bbox 907 2886 1015 2917; x_wconf 87' lang='lat' dir='ltr'>Absolvi</span> <span class='ocrx_word' id='word_1_596' title='bbox 1034 2885 1195 2921; x_wconf 85' lang='lat' dir='ltr'>injuriarum</span> <span class='ocrx_word' id='word_1_597' title='bbox 1206 2906 1213 2919; x_wconf 82' lang='lat'><em>‚</em></span> <span class='ocrx_word' id='word_1_598' title='bbox 1235 2885 1330 2913; x_wconf 64' lang='lat' dir='ltr'>aii-{tor</span> <span class='ocrx_word' id='word_1_599' title='bbox 1341 2883 1377 2912; x_wconf 87' lang='lat' dir='ltr'>ad</span> 
     </span>
     <span class='ocr_line' id='line_1_73' title="bbox 274 2922 1377 2967; baseline -0.015 -3"><span class='ocrx_word' id='word_1_600' title='bbox 274 2935 375 2964; x_wconf 85' lang='lat' dir='ltr'>Heren.</span> <span class='ocrx_word' id='word_1_601' title='bbox 387 2943 412 2963; x_wconf 86' lang='lat'>2.</span> <span class='ocrx_word' id='word_1_602' title='bbox 437 2942 477 2967; x_wconf 89' lang='lat'>19.</span> <span class='ocrx_word' id='word_1_603' title='bbox 518 2931 625 2961; x_wconf 88' lang='lat' dir='ltr'>Absolvi</span> <span class='ocrx_word' id='word_1_604' title='bbox 644 2928 798 2965; x_wconf 83' lang='lat' dir='ltr'>majestatis.</span> <span class='ocrx_word' id='word_1_605' title='bbox 829 2926 887 2956; x_wconf 86' lang='lat' dir='ltr'>Cic.</span> <span class='ocrx_word' id='word_1_606' title='bbox 907 2934 958 2963; x_wconf 90' lang='lat' dir='ltr'>pro</span> <span class='ocrx_word' id='word_1_607' title='bbox 973 2923 1112 2953; x_wconf 79' lang='lat' dir='ltr'>Cluentio.</span> <span class='ocrx_word' id='word_1_608' title='bbox 1152 2922 1184 2952; x_wconf 88' lang='lat' dir='ltr'>In</span> <span class='ocrx_word' id='word_1_609' title='bbox 1203 2922 1257 2950; x_wconf 90' lang='lat' dir='ltr'>lioc</span> <span class='ocrx_word' id='word_1_610' title='bbox 1277 2930 1377 2959; x_wconf 85' lang='lat' dir='ltr'>genere</span> 
     </span>
     <span class='ocr_line' id='line_1_74' title="bbox 275 2958 1377 3008; baseline -0.013 -7"><span class='ocrx_word' id='word_1_611' title='bbox 275 2972 408 3008; x_wconf 89' lang='lat' dir='ltr'>loquendi</span> <span class='ocrx_word' id='word_1_612' title='bbox 423 2970 584 3000; x_wconf 82' lang='lat' dir='ltr'>subauditur</span> <span class='ocrx_word' id='word_1_613' title='bbox 600 2968 698 3005; x_wconf 84' lang='lat' dir='ltr'>aliquis</span> <span class='ocrx_word' id='word_1_614' title='bbox 709 2965 860 2995; x_wconf 76' lang='lat' dir='ltr'>ablativus:</span> <span class='ocrx_word' id='word_1_615' title='bbox 891 2970 938 2998; x_wconf 87' lang='lat' dir='ltr'>ut,</span> <span class='ocrx_word' id='word_1_616' title='bbox 960 2962 1092 2992; x_wconf 85' lang='lat' dir='ltr'>crimine:</span> <span class='ocrx_word' id='word_1_617' title='bbox 1121 2960 1191 2990; x_wconf 80' lang='lat' dir='ltr'>ficut</span> <span class='ocrx_word' id='word_1_618' title='bbox 1204 2961 1230 2990; x_wconf 76' lang='lat' dir='ltr'>Sc</span> <span class='ocrx_word' id='word_1_619' title='bbox 1244 2960 1273 2988; x_wconf 90' lang='lat' dir='ltr'>in</span> <span class='ocrx_word' id='word_1_620' title='bbox 1288 2958 1377 2988; x_wconf 88' lang='lat' dir='ltr'>verbis</span> 
     </span>
     <span class='ocr_line' id='line_1_75' title="bbox 276 3003 838 3044; baseline -0.014 -5"><span class='ocrx_word' id='word_1_621' title='bbox 276 3009 438 3044; x_wconf 82' lang='lat' dir='ltr'>accusandi,</span> <span class='ocrx_word' id='word_1_622' title='bbox 459 3018 524 3037; x_wconf 91' lang='lat' dir='ltr'>cum</span> <span class='ocrx_word' id='word_1_623' title='bbox 537 3008 691 3043; x_wconf 65' lang='lat' dir='ltr'>junguntur</span> <span class='ocrx_word' id='word_1_624' title='bbox 707 3003 838 3041; x_wconf 81' lang='lat' dir='ltr'>genitivo.</span> 
     </span>
    </p>

    <p class='ocr_par' dir='ltr' id='par_1_31' title="bbox 258 3036 1379 3151">
     <span class='ocr_line' id='line_1_76' title="bbox 258 3036 1379 3083; baseline -0.013 -6"><span class='ocrx_word' id='word_1_625' title='bbox 258 3046 401 3076; x_wconf 82' lang='lat' dir='ltr'>Absolvere</span> <span class='ocrx_word' id='word_1_626' title='bbox 413 3047 534 3083; x_wconf 79' lang='lat' dir='ltr'>aliquem</span> <span class='ocrx_word' id='word_1_627' title='bbox 545 3036 628 3074; x_wconf 83' lang='lat' dir='ltr'>bello.</span> <span class='ocrx_word' id='word_1_628' title='bbox 651 3042 741 3072; x_wconf 80' lang='lat' dir='ltr'>Tacit.</span> <span class='ocrx_word' id='word_1_629' title='bbox 752 3042 822 3070; x_wconf 89' lang='lat' dir='ltr'>Ann.</span> <span class='ocrx_word' id='word_1_630' title='bbox 835 3039 884 3068; x_wconf 93' lang='lat' dir='ltr'>lib.</span> <span class='ocrx_word' id='word_1_631' title='bbox 896 3049 922 3074; x_wconf 91' lang='lat'>4.</span> <span class='ocrx_word' id='word_1_632' title='bbox 935 3047 979 3074; x_wconf 80' lang='lat'>23.</span> <span class='ocrx_word' id='word_1_633' title='bbox 1018 3036 1044 3066; x_wconf 92' lang='lat' dir='ltr'>Is</span> <span class='ocrx_word' id='word_1_634' title='bbox 1054 3036 1169 3065; x_wconf 90' lang='lat' dir='ltr'>demum</span> <span class='ocrx_word' id='word_1_635' title='bbox 1185 3045 1273 3064; x_wconf 87' lang='lat' dir='ltr'>annus</span> <span class='ocrx_word' id='word_1_636' title='bbox 1289 3044 1379 3072; x_wconf 81' lang='lat' dir='ltr'>popu-</span> 
     </span>
     <span class='ocr_line' id='line_1_77' title="bbox 277 3072 1375 3151; baseline -0.012 -37"><span class='ocrx_word' id='word_1_637' title='bbox 277 3083 336 3151; x_wconf 55' lang='lat' dir='ltr'>}ulm</span> <span class='ocrx_word' id='word_1_638' title='bbox 347 3084 504 3150; x_wconf 43' lang='lat' dir='ltr'>{onignum</span> <span class='ocrx_word' id='word_1_639' title='bbox 519 3083 604 3120; x_wconf 88' lang='lat' dir='ltr'>longo</span> <span class='ocrx_word' id='word_1_640' title='bbox 622 3079 766 3111; x_wconf 88' lang='lat' dir='ltr'>adversum</span> <span class='ocrx_word' id='word_1_641' title='bbox 776 3077 929 3108; x_wconf 77' lang='lat' dir='ltr'>Numidam</span> <span class='ocrx_word' id='word_1_642' title='bbox 944 3075 1148 3106; x_wconf 78' lang='lat' dir='ltr'>Tacfarinatem</span> <span class='ocrx_word' id='word_1_643' title='bbox 1165 3072 1240 3104; x_wconf 83' lang='lat' dir='ltr'>bello</span> <span class='ocrx_word' id='word_1_644' title='bbox 1252 3072 1375 3102; x_wconf 81' lang='lat' dir='ltr'>absolvit.</span> 
     </span>
    </p>

    <p class='ocr_par' dir='ltr' id='par_1_32' title="bbox 292 3122 1027 3151">
     <span class='ocr_line' id='line_1_78' title="bbox 292 3122 1027 3151; baseline -0.008 -1"><span class='ocrx_word' id='word_1_645' title='bbox 292 3132 302 3150; x_wconf 74' lang='lat' dir='ltr'>t</span> <span class='ocrx_word' id='word_1_646' title='bbox 324 3124 348 3150; x_wconf 79' lang='lat' dir='ltr'>el</span> <span class='ocrx_word' id='word_1_647' title='bbox 410 3122 416 3150; x_wconf 88' lang='lat' dir='ltr'>i</span> <span class='ocrx_word' id='word_1_648' title='bbox 439 3122 531 3151; x_wconf 83' lang='lat' dir='ltr'>cravit.</span> <span class='ocrx_word' id='word_1_649' title='bbox 1025 3126 1027 3128; x_wconf 84' lang='lat'>·</span> 
     </span>
    </p>

    <p class='ocr_par' dir='ltr' id='par_1_33' title="bbox 260 3144 1379 3233">
     <span class='ocr_line' id='line_1_79' title="bbox 260 3144 1379 3196; baseline -0.013 -7"><span class='ocrx_word' id='word_1_650' title='bbox 260 3144 385 3196; x_wconf 71' lang='lat' dir='ltr'>Aliquem</span> <span class='ocrx_word' id='word_1_651' title='bbox 402 3158 553 3196; x_wconf 82' lang='lat' dir='ltr'>suspicione</span> <span class='ocrx_word' id='word_1_652' title='bbox 571 3157 655 3194; x_wconf 85' lang='lat' dir='ltr'>regni.</span> <span class='ocrx_word' id='word_1_653' title='bbox 687 3154 745 3185; x_wconf 92' lang='lat' dir='ltr'>Liv.</span> <span class='ocrx_word' id='word_1_654' title='bbox 766 3153 814 3183; x_wconf 89' lang='lat' dir='ltr'>lib.</span> <span class='ocrx_word' id='word_1_655' title='bbox 827 3163 853 3182; x_wconf 87' lang='lat'>2.</span> <span class='ocrx_word' id='word_1_656' title='bbox 868 3158 894 3187; x_wconf 83' lang='lat'>8.</span> <span class='ocrx_word' id='word_1_657' title='bbox 915 3161 956 3190; x_wconf 87' lang='lat' dir='ltr'>pr.</span> <span class='ocrx_word' id='word_1_658' title='bbox 993 3149 1067 3180; x_wconf 75' lang='lat' dir='ltr'>Latae</span> <span class='ocrx_word' id='word_1_659' title='bbox 1084 3149 1187 3179; x_wconf 86' lang='lat' dir='ltr'>deinde</span> <span class='ocrx_word' id='word_1_660' title='bbox 1203 3147 1296 3185; x_wconf 86' lang='lat' dir='ltr'>leges,</span> <span class='ocrx_word' id='word_1_661' title='bbox 1319 3156 1379 3184; x_wconf 83' lang='lat' dir='ltr'>quae</span> 
     </span>
     <span class='ocr_line' id='line_1_80' title="bbox 280 3188 1176 3233; baseline -0.012 -7"><span class='ocrx_word' id='word_1_662' title='bbox 280 3196 422 3226; x_wconf 87' lang='lat' dir='ltr'>consulem</span> <span class='ocrx_word' id='word_1_663' title='bbox 433 3197 508 3233; x_wconf 75' lang='lat' dir='ltr'>regni</span> <span class='ocrx_word' id='word_1_664' title='bbox 520 3196 674 3233; x_wconf 87' lang='lat' dir='ltr'>suspicione</span> <span class='ocrx_word' id='word_1_665' title='bbox 684 3191 864 3223; x_wconf 87' lang='lat' dir='ltr'>absolverent.</span> <span class='ocrx_word' id='word_1_666' title='bbox 900 3189 934 3219; x_wconf 89' lang='lat' dir='ltr'>Id</span> <span class='ocrx_word' id='word_1_667' title='bbox 944 3188 982 3218; x_wconf 90' lang='lat' dir='ltr'>est</span> <span class='ocrx_word' id='word_1_668' title='bbox 991 3210 999 3225; x_wconf 80' lang='lat'>,</span> <span class='ocrx_word' id='word_1_669' title='bbox 1019 3188 1176 3217; x_wconf 77' lang='lat' dir='ltr'>liberarent.</span> 
     </span>
    </p>

    <p class='ocr_par' dir='ltr' id='par_1_34' title="bbox 263 3227 1021 3271">
     <span class='ocr_line' id='line_1_81' title="bbox 263 3227 1021 3271; baseline -0.011 -8"><span class='ocrx_word' id='word_1_670' title='bbox 263 3234 304 3264; x_wconf 93' lang='lat' dir='ltr'>De</span> <span class='ocrx_word' id='word_1_671' title='bbox 316 3235 546 3271; x_wconf 72' lang='lat' dir='ltr'>proevaricatione.</span> <span class='ocrx_word' id='word_1_672' title='bbox 575 3233 633 3263; x_wconf 90' lang='lat' dir='ltr'>Cic.</span> <span class='ocrx_word' id='word_1_673' title='bbox 648 3232 683 3261; x_wconf 87' lang='lat' dir='ltr'>ad</span> <span class='ocrx_word' id='word_1_674' title='bbox 694 3231 791 3268; x_wconf 80' lang='lat' dir='ltr'>Quint.</span> <span class='ocrx_word' id='word_1_675' title='bbox 805 3229 864 3258; x_wconf 87' lang='lat' dir='ltr'>frat.</span> <span class='ocrx_word' id='word_1_676' title='bbox 876 3227 924 3256; x_wconf 92' lang='lat' dir='ltr'>lib.</span> <span class='ocrx_word' id='word_1_677' title='bbox 937 3237 962 3256; x_wconf 92' lang='lat'>2.</span> <span class='ocrx_word' id='word_1_678' title='bbox 980 3230 1021 3256; x_wconf 83' lang='lat'>16.</span> 
     </span>
    </p>

    <p class='ocr_par' dir='ltr' id='par_1_35' title="bbox 264 3265 1178 3301">
     <span class='ocr_line' id='line_1_82' title="bbox 264 3265 1178 3301; baseline -0.012 0"><span class='ocrx_word' id='word_1_679' title='bbox 264 3272 354 3301; x_wconf 85' lang='lat' dir='ltr'>Reum</span> <span class='ocrx_word' id='word_1_680' title='bbox 365 3271 419 3300; x_wconf 84' lang='lat' dir='ltr'>line</span> <span class='ocrx_word' id='word_1_681' title='bbox 430 3271 499 3300; x_wconf 84' lang='lat' dir='ltr'>casu.</span> <span class='ocrx_word' id='word_1_682' title='bbox 521 3271 578 3300; x_wconf 88' lang='lat' dir='ltr'>Cic.</span> <span class='ocrx_word' id='word_1_683' title='bbox 594 3281 617 3300; x_wconf 90' lang='lat'>1.</span> <span class='ocrx_word' id='word_1_684' title='bbox 630 3270 705 3300; x_wconf 91' lang='lat' dir='ltr'>Verr.</span> <span class='ocrx_word' id='word_1_685' title='bbox 736 3268 810 3298; x_wconf 84' lang='lat' dir='ltr'>Reus</span> <span class='ocrx_word' id='word_1_686' title='bbox 822 3273 853 3296; x_wconf 90' lang='lat' dir='ltr'>ut</span> <span class='ocrx_word' id='word_1_687' title='bbox 870 3265 1024 3295; x_wconf 73' lang='lat' dir='ltr'>absolvatur</span> <span class='ocrx_word' id='word_1_688' title='bbox 1034 3272 1092 3292; x_wconf 89' lang='lat' dir='ltr'>non</span> <span class='ocrx_word' id='word_1_689' title='bbox 1103 3267 1178 3300; x_wconf 89' lang='lat' dir='ltr'>peto.</span> 
     </span>
    </p>

    <p class='ocr_par' dir='ltr' id='par_1_36' title="bbox 264 3297 1380 3422">
     <span class='ocr_line' id='line_1_83' title="bbox 264 3297 1379 3346; baseline -0.013 -7"><span class='ocrx_word' id='word_1_690' title='bbox 264 3309 432 3346; x_wconf 64' lang='lat' dir='ltr'>Qut-inpiam</span> <span class='ocrx_word' id='word_1_691' title='bbox 446 3308 533 3338; x_wconf 85' lang='lat' dir='ltr'>alteri.</span> <span class='ocrx_word' id='word_1_692' title='bbox 567 3308 625 3338; x_wconf 82' lang='lat' dir='ltr'>Cic.</span> <span class='ocrx_word' id='word_1_693' title='bbox 638 3320 664 3344; x_wconf 86' lang='lat'>4.</span> <span class='ocrx_word' id='word_1_694' title='bbox 684 3306 760 3336; x_wconf 89' lang='lat' dir='ltr'>Verr.</span> <span class='ocrx_word' id='word_1_695' title='bbox 780 3315 824 3335; x_wconf 90' lang='lat'>22.</span> <span class='ocrx_word' id='word_1_696' title='bbox 870 3303 954 3333; x_wconf 88' lang='lat' dir='ltr'>Hune</span> <span class='ocrx_word' id='word_1_697' title='bbox 972 3301 1116 3331; x_wconf 88' lang='lat' dir='ltr'>hominem</span> <span class='ocrx_word' id='word_1_698' title='bbox 1132 3299 1233 3328; x_wconf 88' lang='lat' dir='ltr'>Veneri</span> <span class='ocrx_word' id='word_1_699' title='bbox 1250 3297 1379 3333; x_wconf 87' lang='lat' dir='ltr'>absolvit,</span> 
     </span>
     <span class='ocr_line' id='line_1_84' title="bbox 282 3335 1380 3379; baseline -0.012 -3"><span class='ocrx_word' id='word_1_700' title='bbox 282 3347 331 3376; x_wconf 81' lang='lat' dir='ltr'>libi</span> <span class='ocrx_word' id='word_1_701' title='bbox 343 3346 519 3375; x_wconf 82' lang='lat' dir='ltr'>condemnat.</span> <span class='ocrx_word' id='word_1_702' title='bbox 542 3346 640 3375; x_wconf 81' lang='lat' dir='ltr'>maluit</span> <span class='ocrx_word' id='word_1_703' title='bbox 648 3344 779 3374; x_wconf 88' lang='lat' dir='ltr'>videlicet</span> <span class='ocrx_word' id='word_1_704' title='bbox 789 3343 916 3372; x_wconf 88' lang='lat' dir='ltr'>homines</span> <span class='ocrx_word' id='word_1_705' title='bbox 925 3348 1051 3379; x_wconf 82' lang='lat' dir='ltr'>peccare,</span> <span class='ocrx_word' id='word_1_706' title='bbox 1070 3347 1152 3375; x_wconf 87' lang='lat' dir='ltr'>quam</span> <span class='ocrx_word' id='word_1_707' title='bbox 1161 3337 1237 3366; x_wconf 69' lang='lat' dir='ltr'>deos</span> <span class='ocrx_word' id='word_1_708' title='bbox 1260 3335 1322 3365; x_wconf 84' lang='lat' dir='ltr'>Hoc</span> <span class='ocrx_word' id='word_1_709' title='bbox 1333 3335 1380 3371; x_wconf 75' lang='lat' dir='ltr'>est,</span> 
     </span>
     <span class='ocr_line' id='line_1_85' title="bbox 284 3381 843 3422; baseline -0.007 -9"><span class='ocrx_word' id='word_1_710' title='bbox 284 3384 359 3422; x_wconf 90' lang='lat' dir='ltr'>quod</span> <span class='ocrx_word' id='word_1_711' title='bbox 372 3384 406 3412; x_wconf 88' lang='lat' dir='ltr'>ad</span> <span class='ocrx_word' id='word_1_712' title='bbox 416 3384 551 3413; x_wconf 83' lang='lat' dir='ltr'>Venerem</span> <span class='ocrx_word' id='word_1_713' title='bbox 562 3384 698 3421; x_wconf 79' lang='lat' dir='ltr'>pertinet,</span> <span class='ocrx_word' id='word_1_714' title='bbox 720 3381 843 3412; x_wconf 85' lang='lat' dir='ltr'>absolvit.</span> 
     </span>
    </p>

    <p class='ocr_par' dir='ltr' id='par_1_37' title="bbox 265 3410 1384 3532">
     <span class='ocr_line' id='line_1_86' title="bbox 265 3410 1380 3458; baseline -0.012 -7"><span class='ocrx_word' id='word_1_715' title='bbox 265 3422 300 3452; x_wconf 88' lang='lat' dir='ltr'>Se</span> <span class='ocrx_word' id='word_1_716' title='bbox 319 3421 422 3457; x_wconf 88' lang='lat' dir='ltr'>judicio</span> <span class='ocrx_word' id='word_1_717' title='bbox 442 3421 475 3450; x_wconf 85' lang='lat' dir='ltr'>ab</span> <span class='ocrx_word' id='word_1_718' title='bbox 483 3421 597 3458; x_wconf 80' lang='lat' dir='ltr'>aliquo,</span> <span class='ocrx_word' id='word_1_719' title='bbox 627 3420 677 3450; x_wconf 89' lang='lat' dir='ltr'>Pro</span> <span class='ocrx_word' id='word_1_720' title='bbox 694 3430 727 3449; x_wconf 86' lang='lat' dir='ltr'>eo</span> <span class='ocrx_word' id='word_1_721' title='bbox 745 3419 821 3457; x_wconf 88' lang='lat' dir='ltr'>quod</span> <span class='ocrx_word' id='word_1_722' title='bbox 832 3418 887 3453; x_wconf 77' lang='lat' dir='ltr'>est,</span> <span class='ocrx_word' id='word_1_723' title='bbox 907 3416 941 3446; x_wconf 87' lang='lat' dir='ltr'>ab</span> <span class='ocrx_word' id='word_1_724' title='bbox 952 3416 1012 3451; x_wconf 82' lang='lat' dir='ltr'>ejus</span> <span class='ocrx_word' id='word_1_725' title='bbox 1030 3413 1204 3443; x_wconf 70' lang='lat' dir='ltr'>accusatione</span> <span class='ocrx_word' id='word_1_726' title='bbox 1216 3411 1242 3440; x_wconf 83' lang='lat' dir='ltr'>se</span> <span class='ocrx_word' id='word_1_727' title='bbox 1257 3410 1380 3440; x_wconf 81' lang='lat' dir='ltr'>liberare.</span> 
     </span>
     <span class='ocr_line' id='line_1_87' title="bbox 286 3448 1384 3496; baseline -0.012 -7"><span class='ocrx_word' id='word_1_728' title='bbox 286 3460 344 3489; x_wconf 91' lang='lat' dir='ltr'>Cic.</span> <span class='ocrx_word' id='word_1_729' title='bbox 357 3469 406 3496; x_wconf 86' lang='lat' dir='ltr'>pro</span> <span class='ocrx_word' id='word_1_730' title='bbox 419 3458 496 3488; x_wconf 82' lang='lat' dir='ltr'>Rosc.</span> <span class='ocrx_word' id='word_1_731' title='bbox 511 3459 588 3487; x_wconf 87' lang='lat' dir='ltr'>Com.</span> <span class='ocrx_word' id='word_1_732' title='bbox 603 3467 613 3494; x_wconf 88' lang='lat'>3</span> <span class='ocrx_word' id='word_1_733' title='bbox 623 3469 645 3494; x_wconf 80' lang='grc' dir='ltr'>ς.</span> <span class='ocrx_word' id='word_1_734' title='bbox 682 3458 737 3487; x_wconf 86' lang='lat' dir='ltr'>Cur</span> <span class='ocrx_word' id='word_1_735' title='bbox 748 3464 803 3486; x_wconf 88' lang='lat' dir='ltr'>tam</span> <span class='ocrx_word' id='word_1_736' title='bbox 815 3455 942 3493; x_wconf 87' lang='lat' dir='ltr'>imperite</span> <span class='ocrx_word' id='word_1_737' title='bbox 954 3454 1019 3483; x_wconf 72' lang='lat' dir='ltr'>facit</span> <span class='ocrx_word' id='word_1_738' title='bbox 1028 3474 1036 3488; x_wconf 59' lang='lat'>2</span> <span class='ocrx_word' id='word_1_739' title='bbox 1058 3458 1089 3481; x_wconf 90' lang='lat' dir='ltr'>ut</span> <span class='ocrx_word' id='word_1_740' title='bbox 1099 3460 1152 3480; x_wconf 86' lang='lat' dir='ltr'>nec</span> <span class='ocrx_word' id='word_1_741' title='bbox 1161 3448 1291 3479; x_wconf 84' lang='lat' dir='ltr'>Roscium</span> <span class='ocrx_word' id='word_1_742' title='bbox 1300 3448 1384 3487; x_wconf 87' lang='lat' dir='ltr'>stipu-</span> 
     </span>
     <span class='ocr_line' id='line_1_88' title="bbox 285 3490 1063 3532; baseline -0.01 -6"><span class='ocrx_word' id='word_1_743' title='bbox 285 3497 388 3526; x_wconf 80' lang='lat' dir='ltr'>latione</span> <span class='ocrx_word' id='word_1_744' title='bbox 399 3495 508 3532; x_wconf 70' lang='lat' dir='ltr'>alliget‚</span> <span class='ocrx_word' id='word_1_745' title='bbox 529 3506 618 3532; x_wconf 80' lang='lat' dir='ltr'>neque</span> <span class='ocrx_word' id='word_1_746' title='bbox 630 3506 645 3524; x_wconf 83' lang='lat' dir='ltr'>a</span> <span class='ocrx_word' id='word_1_747' title='bbox 654 3495 757 3525; x_wconf 82' lang='lat' dir='ltr'>Fannio</span> <span class='ocrx_word' id='word_1_748' title='bbox 768 3494 874 3531; x_wconf 86' lang='lat' dir='ltr'>judicio</span> <span class='ocrx_word' id='word_1_749' title='bbox 884 3492 910 3521; x_wconf 90' lang='lat' dir='ltr'>se</span> <span class='ocrx_word' id='word_1_750' title='bbox 922 3490 1063 3521; x_wconf 76' lang='lat' dir='ltr'>absolvat?</span> 
     </span>
    </p>

    <p class='ocr_par' dir='ltr' id='par_1_38' title="bbox 267 3522 1381 3608">
     <span class='ocr_line' id='line_1_89' title="bbox 267 3522 1381 3571; baseline -0.01 -8"><span class='ocrx_word' id='word_1_751' title='bbox 267 3534 411 3564; x_wconf 88' lang='lat' dir='ltr'>Absolvere</span> <span class='ocrx_word' id='word_1_752' title='bbox 423 3533 540 3571; x_wconf 81' lang='lat' dir='ltr'>copiose.</span> <span class='ocrx_word' id='word_1_753' title='bbox 563 3533 594 3562; x_wconf 88' lang='lat' dir='ltr'>ld</span> <span class='ocrx_word' id='word_1_754' title='bbox 606 3533 643 3561; x_wconf 86' lang='lat' dir='ltr'>est</span> <span class='ocrx_word' id='word_1_755' title='bbox 653 3554 660 3567; x_wconf 79' lang='lat'><em>‚</em></span> <span class='ocrx_word' id='word_1_756' title='bbox 680 3533 773 3562; x_wconf 91' lang='lat' dir='ltr'>multis</span> <span class='ocrx_word' id='word_1_757' title='bbox 783 3531 933 3561; x_wconf 85' lang='lat' dir='ltr'>sententiis.</span> <span class='ocrx_word' id='word_1_758' title='bbox 956 3529 1015 3558; x_wconf 87' lang='lat' dir='ltr'>Cic.</span> <span class='ocrx_word' id='word_1_759' title='bbox 1028 3527 1076 3557; x_wconf 90' lang='lat' dir='ltr'>lib.</span> <span class='ocrx_word' id='word_1_760' title='bbox 1090 3537 1116 3557; x_wconf 88' lang='lat'>2.</span> <span class='ocrx_word' id='word_1_761' title='bbox 1129 3525 1164 3556; x_wconf 84' lang='lat' dir='ltr'>ad</span> <span class='ocrx_word' id='word_1_762' title='bbox 1174 3524 1271 3562; x_wconf 79' lang='lat' dir='ltr'>Quint.</span> <span class='ocrx_word' id='word_1_763' title='bbox 1283 3522 1342 3553; x_wconf 86' lang='lat' dir='ltr'>frat.</span> <span class='ocrx_word' id='word_1_764' title='bbox 1357 3534 1381 3560; x_wconf 87' lang='lat'>5.</span> 
     </span>
     <span class='ocr_line' id='line_1_90' title="bbox 287 3569 783 3608; baseline -0.006 -7"><span class='ocrx_word' id='word_1_765' title='bbox 287 3574 449 3601; x_wconf 81' lang='lat' dir='ltr'>Senatorum</span> <span class='ocrx_word' id='word_1_766' title='bbox 464 3581 527 3599; x_wconf 78' lang='lat' dir='ltr'>urnii</span> <span class='ocrx_word' id='word_1_767' title='bbox 541 3570 651 3608; x_wconf 83' lang='lat' dir='ltr'>copiose</span> <span class='ocrx_word' id='word_1_768' title='bbox 662 3569 783 3599; x_wconf 86' lang='lat' dir='ltr'>absolvit.</span> 
     </span>
    </p>

    <p class='ocr_par' dir='ltr' id='par_1_39' title="bbox 270 3606 1095 3646">
     <span class='ocr_line' id='line_1_91' title="bbox 270 3606 1095 3646; baseline -0.005 -8"><span class='ocrx_word' id='word_1_769' title='bbox 270 3609 412 3638; x_wconf 82' lang='lat' dir='ltr'>Absolvere</span> <span class='ocrx_word' id='word_1_770' title='bbox 424 3619 472 3646; x_wconf 80' lang='lat' dir='ltr'>per</span> <span class='ocrx_word' id='word_1_771' title='bbox 484 3609 682 3645; x_wconf 79' lang='lat' dir='ltr'>metaphoram.</span> <span class='ocrx_word' id='word_1_772' title='bbox 704 3608 770 3636; x_wconf 88' lang='lat' dir='ltr'>Hor.</span> <span class='ocrx_word' id='word_1_773' title='bbox 784 3617 808 3636; x_wconf 92' lang='lat'>2.</span> <span class='ocrx_word' id='word_1_774' title='bbox 824 3608 878 3636; x_wconf 84' lang='lat' dir='ltr'>Sat.</span> <span class='ocrx_word' id='word_1_775' title='bbox 893 3606 979 3636; x_wconf 86' lang='lat' dir='ltr'>Serm.</span> <span class='ocrx_word' id='word_1_776' title='bbox 993 3613 1016 3642; x_wconf 84' lang='lat'>3.</span> <span class='ocrx_word' id='word_1_777' title='bbox 1031 3613 1095 3640; x_wconf 85' lang='lat'>297.</span> 
     </span>
    </p>

    <p class='ocr_par' dir='ltr' id='par_1_40' title="bbox 345 3645 1112 3717">
     <span class='ocr_line' id='line_1_92' title="bbox 417 3645 889 3674; baseline -0.002 0"><span class='ocrx_word' id='word_1_778' title='bbox 417 3656 494 3674; x_wconf 78' lang='lat' dir='ltr'>——an</span> <span class='ocrx_word' id='word_1_779' title='bbox 507 3652 653 3674; x_wconf 71' lang='lat' dir='ltr'>eommotze</span> <span class='ocrx_word' id='word_1_780' title='bbox 665 3654 779 3673; x_wconf 87' lang='lat' dir='ltr'>crimine</span> <span class='ocrx_word' id='word_1_781' title='bbox 789 3645 889 3673; x_wconf 84' lang='lat' dir='ltr'>mentis</span> 
     </span>
     <span class='ocr_line' id='line_1_93' title="bbox 345 3678 1112 3717; baseline -0.007 -5"><span class='ocrx_word' id='word_1_782' title='bbox 345 3683 472 3712; x_wconf 81' lang='lat' dir='ltr'>Absolves</span> <span class='ocrx_word' id='word_1_783' title='bbox 485 3683 625 3712; x_wconf 82' lang='lat' dir='ltr'>hominem</span> <span class='ocrx_word' id='word_1_784' title='bbox 634 3704 642 3717; x_wconf 84' lang='lat'><em>‚</em></span> <span class='ocrx_word' id='word_1_785' title='bbox 664 3681 804 3711; x_wconf 79' lang='lat' dir='ltr'>&amp;sceleris</span> <span class='ocrx_word' id='word_1_786' title='bbox 816 3681 958 3711; x_wconf 83' lang='lat' dir='ltr'>damnabis</span> <span class='ocrx_word' id='word_1_787' title='bbox 969 3678 1112 3710; x_wconf 72' lang='lat' dir='ltr'>eundem?</span> 
     </span>
    </p>
   </div>
   <div class='ocr_carea' id='block_1_10' title="bbox 1043 2770 1375 2802">
    <p class='ocr_par' dir='ltr' id='par_1_41' title="bbox 1043 2770 1375 2802">
     <span class='ocr_line' id='line_1_94' title="bbox 1043 2770 1375 2802; baseline -0.009 0"><span class='ocrx_word' id='word_1_788' title='bbox 1043 2772 1153 2802; x_wconf 82' lang='lat' dir='ltr'>Servius</span> <span class='ocrx_word' id='word_1_789' title='bbox 1172 2770 1220 2800; x_wconf 90' lang='lat' dir='ltr'>ille</span> <span class='ocrx_word' id='word_1_790' title='bbox 1238 2771 1375 2800; x_wconf 86' lang='lat' dir='ltr'>innocens</span> 
     </span>
    </p>
   </div>
   <div class='ocr_carea' id='block_1_11' title="bbox 272 3707 1389 3832">
    <p class='ocr_par' dir='ltr' id='par_1_42' title="bbox 272 3707 1389 3832">
     <span class='ocr_line' id='line_1_95' title="bbox 272 3707 1388 3762; baseline -0.008 -11"><span class='ocrx_word' id='word_1_791' title='bbox 272 3720 432 3762; x_wconf 76' lang='lat' dir='ltr'>Absolvere‚</span> <span class='ocrx_word' id='word_1_792' title='bbox 463 3721 610 3755; x_wconf 77' lang='lat' dir='ltr'>Perficere,</span> <span class='ocrx_word' id='word_1_793' title='bbox 641 3722 667 3748; x_wconf 69' lang='lat' dir='ltr'>ok</span> <span class='ocrx_word' id='word_1_794' title='bbox 684 3720 721 3747; x_wconf 83' lang='lat' dir='ltr'>rei</span> <span class='ocrx_word' id='word_1_795' title='bbox 738 3719 820 3748; x_wconf 84' lang='lat' dir='ltr'>finem</span> <span class='ocrx_word' id='word_1_796' title='bbox 835 3720 978 3757; x_wconf 86' lang='lat' dir='ltr'>imponere</span> <span class='ocrx_word' id='word_1_797' title='bbox 1010 3716 1176 3754; x_wconf 53' lang='grc' dir='ltr'>[αῖτιπλέἱνι</span> <span class='ocrx_word' id='word_1_798' title='bbox 1206 3707 1388 3749; x_wconf 52' lang='lat' dir='ltr'>Qved‘flflv]</span> 
     </span>
     <span class='ocr_line' id='line_1_96' title="bbox 291 3749 1388 3799; baseline -0.008 -13"><span class='ocrx_word' id='word_1_799' title='bbox 291 3758 473 3799; x_wconf 55' lang='lat' dir='ltr'>utfiblolvcre</span> <span class='ocrx_word' id='word_1_800' title='bbox 490 3757 588 3786; x_wconf 91' lang='lat' dir='ltr'>librum</span> <span class='ocrx_word' id='word_1_801' title='bbox 600 3779 607 3791; x_wconf 90' lang='lat'><strong>‚</strong></span> <span class='ocrx_word' id='word_1_802' title='bbox 628 3764 675 3786; x_wconf 80' lang='lat' dir='ltr'>aut</span> <span class='ocrx_word' id='word_1_803' title='bbox 686 3757 761 3785; x_wconf 81' lang='lat' dir='ltr'>aliud</span> <span class='ocrx_word' id='word_1_804' title='bbox 776 3766 854 3794; x_wconf 83' lang='lat' dir='ltr'>opus.</span> <span class='ocrx_word' id='word_1_805' title='bbox 883 3758 940 3785; x_wconf 88' lang='lat' dir='ltr'>Cic.</span> <span class='ocrx_word' id='word_1_806' title='bbox 954 3766 977 3792; x_wconf 84' lang='lat'>3.</span> <span class='ocrx_word' id='word_1_807' title='bbox 999 3755 1056 3785; x_wconf 84' lang='lat' dir='ltr'>Off.</span> <span class='ocrx_word' id='word_1_808' title='bbox 1073 3764 1114 3783; x_wconf 92' lang='lat'>10.</span> <span class='ocrx_word' id='word_1_809' title='bbox 1151 3752 1189 3782; x_wconf 93' lang='lat' dir='ltr'>Ut</span> <span class='ocrx_word' id='word_1_810' title='bbox 1201 3759 1285 3781; x_wconf 90' lang='lat' dir='ltr'>nemo</span> <span class='ocrx_word' id='word_1_811' title='bbox 1300 3749 1388 3788; x_wconf 55' lang='lat' dir='ltr'>pistor</span> 
     </span>
     <span class='ocr_line' id='line_1_97' title="bbox 290 3787 1389 3832; baseline -0.01 -7"><span class='ocrx_word' id='word_1_812' title='bbox 290 3797 357 3825; x_wconf 83' lang='lat' dir='ltr'>ellet</span> <span class='ocrx_word' id='word_1_813' title='bbox 375 3796 500 3823; x_wconf 80' lang='lat' dir='ltr'>inventus</span> <span class='ocrx_word' id='word_1_814' title='bbox 515 3796 560 3830; x_wconf 74' lang='lat' dir='ltr'>qui</span> <span class='ocrx_word' id='word_1_815' title='bbox 574 3796 638 3824; x_wconf 64' lang='lat' dir='ltr'>Coae</span> <span class='ocrx_word' id='word_1_816' title='bbox 655 3794 768 3823; x_wconf 86' lang='lat' dir='ltr'>Veneris</span> <span class='ocrx_word' id='word_1_817' title='bbox 782 3804 842 3822; x_wconf 84' lang='lat' dir='ltr'>cain</span> <span class='ocrx_word' id='word_1_818' title='bbox 853 3802 958 3832; x_wconf 88' lang='lat' dir='ltr'>partem</span> <span class='ocrx_word' id='word_1_819' title='bbox 969 3816 977 3827; x_wconf 75' lang='lat'><strong>‚</strong></span> <span class='ocrx_word' id='word_1_820' title='bbox 1007 3802 1088 3830; x_wconf 81' lang='lat' dir='ltr'>quani</span> <span class='ocrx_word' id='word_1_821' title='bbox 1103 3789 1213 3829; x_wconf 87' lang='lat' dir='ltr'>Apelles</span> <span class='ocrx_word' id='word_1_822' title='bbox 1231 3787 1389 3818; x_wconf 75' lang='lat' dir='ltr'>inchoatam</span> 
     </span>
    </p>
   </div>
   <div class='ocr_carea' id='block_1_12' title="bbox 292 3832 596 3869">
    <p class='ocr_par' dir='ltr' id='par_1_43' title="bbox 292 3832 596 3869">
     <span class='ocr_line' id='line_1_98' title="bbox 292 3832 596 3869; baseline -0.007 -7"><span class='ocrx_word' id='word_1_823' title='bbox 292 3833 418 3869; x_wconf 76' lang='lat' dir='ltr'>reliquit.</span> <span class='ocrx_word' id='word_1_824' title='bbox 440 3832 596 3861; x_wconf 78' lang='lat' dir='ltr'>absolveret.</span> 
     </span>
    </p>
   </div>
   <div class='ocr_carea' id='block_1_13' title="bbox 275 3865 1399 3906">
    <p class='ocr_par' dir='ltr' id='par_1_44' title="bbox 275 3865 1399 3906">
     <span class='ocr_line' id='line_1_99' title="bbox 275 3865 1399 3906; baseline -0.007 -7"><span class='ocrx_word' id='word_1_825' title='bbox 275 3870 417 3900; x_wconf 80' lang='lat' dir='ltr'>Absolvcre</span> <span class='ocrx_word' id='word_1_826' title='bbox 434 3877 479 3898; x_wconf 84' lang='lat' dir='ltr'>aut</span> <span class='ocrx_word' id='word_1_827' title='bbox 494 3870 631 3906; x_wconf 75' lang='lat' dir='ltr'>pei-ficere.</span> <span class='ocrx_word' id='word_1_828' title='bbox 662 3869 719 3898; x_wconf 90' lang='lat' dir='ltr'>Cic.</span> <span class='ocrx_word' id='word_1_829' title='bbox 732 3879 757 3897; x_wconf 80' lang='lat'>2.</span> <span class='ocrx_word' id='word_1_830' title='bbox 779 3868 814 3897; x_wconf 86' lang='lat' dir='ltr'>de</span> <span class='ocrx_word' id='word_1_831' title='bbox 829 3868 893 3898; x_wconf 86' lang='lat' dir='ltr'>Nat.</span> <span class='ocrx_word' id='word_1_832' title='bbox 914 3867 997 3898; x_wconf 82' lang='lat' dir='ltr'>Deor.</span> <span class='ocrx_word' id='word_1_833' title='bbox 1011 3876 1054 3903; x_wconf 82' lang='lat'>35.</span> <span class='ocrx_word' id='word_1_834' title='bbox 1093 3865 1217 3898; x_wconf 73' lang='lat' dir='ltr'>Inonmi</span> <span class='ocrx_word' id='word_1_835' title='bbox 1229 3870 1326 3894; x_wconf 86' lang='lat' dir='ltr'>natura</span> <span class='ocrx_word' id='word_1_836' title='bbox 1344 3871 1399 3892; x_wconf 85' lang='lat' dir='ltr'>ne-·</span> 
     </span>
    </p>
   </div>
   <div class='ocr_carea' id='block_1_14' title="bbox 293 3905 813 3944">
    <p class='ocr_par' dir='ltr' id='par_1_45' title="bbox 293 3905 813 3944">
     <span class='ocr_line' id='line_1_100' title="bbox 293 3905 813 3944; baseline -0.008 -7"><span class='ocrx_word' id='word_1_837' title='bbox 293 3907 362 3937; x_wconf 81' lang='lat' dir='ltr'>celse</span> <span class='ocrx_word' id='word_1_838' title='bbox 374 3908 411 3936; x_wconf 86' lang='lat' dir='ltr'>cst</span> <span class='ocrx_word' id='word_1_839' title='bbox 423 3906 524 3935; x_wconf 84' lang='lat' dir='ltr'>absolvi</span> <span class='ocrx_word' id='word_1_840' title='bbox 536 3906 639 3943; x_wconf 81' lang='lat' dir='ltr'>aliquid</span> <span class='ocrx_word' id='word_1_841' title='bbox 651 3914 697 3936; x_wconf 87' lang='lat' dir='ltr'>aut</span> <span class='ocrx_word' id='word_1_842' title='bbox 710 3905 813 3944; x_wconf 84' lang='lat' dir='ltr'>perfici.</span> 
     </span>
    </p>
   </div>
   <div class='ocr_carea' id='block_1_15' title="bbox 1800 72 2066 112">
    <p class='ocr_par' dir='ltr' id='par_1_46' title="bbox 1800 72 2066 112">
     <span class='ocr_line' id='line_1_101' title="bbox 1800 72 2066 112; baseline -0.011 0"><span class='ocrx_word' id='word_1_843' title='bbox 1800 76 1828 112; x_wconf 81' lang='lat' dir='ltr'>A</span> <span class='ocrx_word' id='word_1_844' title='bbox 1923 75 1947 110; x_wconf 90' lang='lat' dir='ltr'>B</span> <span class='ocrx_word' id='word_1_845' title='bbox 2044 72 2066 109; x_wconf 88' lang='lat' dir='ltr'>S</span> 
     </span>
    </p>
   </div>
   <div class='ocr_carea' id='block_1_16' title="bbox 1444 148 2579 1442">
    <p class='ocr_par' dir='ltr' id='par_1_47' title="bbox 1445 148 2567 226">
     <span class='ocr_line' id='line_1_102' title="bbox 1445 148 2567 226; baseline -0.01 -36"><span class='ocrx_word' id='word_1_846' title='bbox 1445 159 1589 226; x_wconf 47' lang='lat' dir='ltr'>Cogisfipere</span> <span class='ocrx_word' id='word_1_847' title='bbox 1608 160 1634 189; x_wconf 64' lang='grc' dir='ltr'>δε</span> <span class='ocrx_word' id='word_1_848' title='bbox 1653 158 1800 187; x_wconf 87' lang='lat' dir='ltr'>absolvere.</span> <span class='ocrx_word' id='word_1_849' title='bbox 1839 157 1897 187; x_wconf 91' lang='lat' dir='ltr'>Cic.</span> <span class='ocrx_word' id='word_1_850' title='bbox 1921 156 1969 185; x_wconf 84' lang='lat' dir='ltr'>lib.</span> <span class='ocrx_word' id='word_1_851' title='bbox 1986 165 2027 192; x_wconf 85' lang='lat'>13.</span> <span class='ocrx_word' id='word_1_852' title='bbox 2050 156 2085 185; x_wconf 83' lang='lat' dir='ltr'>ad</span> <span class='ocrx_word' id='word_1_853' title='bbox 2102 155 2155 184; x_wconf 86' lang='lat' dir='ltr'>Att.</span> <span class='ocrx_word' id='word_1_854' title='bbox 2178 162 2220 189; x_wconf 84' lang='lat'>19.</span> <span class='ocrx_word' id='word_1_855' title='bbox 2261 149 2393 188; x_wconf 83' lang='lat' dir='ltr'>Dialogos</span> <span class='ocrx_word' id='word_1_856' title='bbox 2413 148 2523 178; x_wconf 87' lang='lat' dir='ltr'>confeci</span> <span class='ocrx_word' id='word_1_857' title='bbox 2539 149 2567 179; x_wconf 62' lang='grc' dir='ltr'>ὃς</span> 
     </span>
    </p>

    <p class='ocr_par' dir='ltr' id='par_1_48' title="bbox 1463 208 1575 227">
     <span class='ocr_line' id='line_1_103' title="bbox 1463 208 1575 227; baseline -0.009 0"><span class='ocrx_word' id='word_1_858' title='bbox 1463 209 1478 227; x_wconf 86' lang='lat' dir='ltr'>a</span> <span class='ocrx_word' id='word_1_859' title='bbox 1512 208 1527 226; x_wconf 90' lang='lat' dir='ltr'>o</span> <span class='ocrx_word' id='word_1_860' title='bbox 1541 208 1575 226; x_wconf 87' lang='lat' dir='ltr'>vi.</span> 
     </span>
    </p>

    <p class='ocr_par' dir='ltr' id='par_1_49' title="bbox 1444 224 2568 308">
     <span class='ocr_line' id='line_1_104' title="bbox 1444 224 2568 268; baseline -0.012 -4"><span class='ocrx_word' id='word_1_861' title='bbox 1444 236 1576 265; x_wconf 79' lang='lat' dir='ltr'>Persicere</span> <span class='ocrx_word' id='word_1_862' title='bbox 1588 236 1613 263; x_wconf 73' lang='lat' dir='ltr'>Sc</span> <span class='ocrx_word' id='word_1_863' title='bbox 1626 232 1773 262; x_wconf 87' lang='lat' dir='ltr'>absolvere.</span> <span class='ocrx_word' id='word_1_864' title='bbox 1797 233 1854 261; x_wconf 88' lang='lat' dir='ltr'>Cic.</span> <span class='ocrx_word' id='word_1_865' title='bbox 1866 242 1891 268; x_wconf 86' lang='lat'>4.</span> <span class='ocrx_word' id='word_1_866' title='bbox 1912 232 1947 261; x_wconf 91' lang='lat' dir='ltr'>de</span> <span class='ocrx_word' id='word_1_867' title='bbox 1957 231 2018 261; x_wconf 84' lang='lat' dir='ltr'>Fin.</span> <span class='ocrx_word' id='word_1_868' title='bbox 2050 231 2121 268; x_wconf 83' lang='lat' dir='ltr'>Quae</span> <span class='ocrx_word' id='word_1_869' title='bbox 2134 229 2284 265; x_wconf 70' lang='lat' dir='ltr'>conjuncta</span> <span class='ocrx_word' id='word_1_870' title='bbox 2293 235 2358 256; x_wconf 90' lang='lat' dir='ltr'>cum</span> <span class='ocrx_word' id='word_1_871' title='bbox 2367 224 2489 254; x_wconf 88' lang='lat' dir='ltr'>honestis</span> <span class='ocrx_word' id='word_1_872' title='bbox 2499 246 2507 259; x_wconf 83' lang='lat'>,</span> <span class='ocrx_word' id='word_1_873' title='bbox 2527 224 2568 253; x_wconf 73' lang='lat' dir='ltr'>v?-</span> 
     </span>
     <span class='ocr_line' id='line_1_105' title="bbox 1464 269 1999 308; baseline -0.007 -6"><span class='ocrx_word' id='word_1_874' title='bbox 1464 280 1521 302; x_wconf 83' lang='lat' dir='ltr'>tam</span> <span class='ocrx_word' id='word_1_875' title='bbox 1537 273 1644 301; x_wconf 80' lang='lat' dir='ltr'>beatam</span> <span class='ocrx_word' id='word_1_876' title='bbox 1656 271 1799 308; x_wconf 80' lang='lat' dir='ltr'>perficiant</span> <span class='ocrx_word' id='word_1_877' title='bbox 1812 272 1837 300; x_wconf 64' lang='grc' dir='ltr'>ὃς</span> <span class='ocrx_word' id='word_1_878' title='bbox 1850 269 1999 299; x_wconf 85' lang='lat' dir='ltr'>absolvant.</span> 
     </span>
    </p>

    <p class='ocr_par' dir='ltr' id='par_1_50' title="bbox 1446 298 2571 459">
     <span class='ocr_line' id='line_1_106' title="bbox 1446 298 2571 345; baseline -0.012 -5"><span class='ocrx_word' id='word_1_879' title='bbox 1446 310 1591 341; x_wconf 81' lang='lat' dir='ltr'>Absolvere</span> <span class='ocrx_word' id='word_1_880' title='bbox 1610 311 1634 338; x_wconf 66' lang='lat' dir='ltr'>St</span> <span class='ocrx_word' id='word_1_881' title='bbox 1652 308 1686 337; x_wconf 86' lang='lat' dir='ltr'>ad</span> <span class='ocrx_word' id='word_1_882' title='bbox 1707 309 1812 336; x_wconf 76' lang='lat' dir='ltr'>exitum</span> <span class='ocrx_word' id='word_1_883' title='bbox 1833 308 1994 345; x_wconf 87' lang='lat' dir='ltr'>perducere.</span> <span class='ocrx_word' id='word_1_884' title='bbox 2031 306 2089 335; x_wconf 90' lang='lat' dir='ltr'>Cic.</span> <span class='ocrx_word' id='word_1_885' title='bbox 2104 315 2130 334; x_wconf 92' lang='lat'>2.</span> <span class='ocrx_word' id='word_1_886' title='bbox 2148 305 2182 333; x_wconf 87' lang='lat' dir='ltr'>de</span> <span class='ocrx_word' id='word_1_887' title='bbox 2193 304 2253 333; x_wconf 87' lang='lat' dir='ltr'>Fin.</span> <span class='ocrx_word' id='word_1_888' title='bbox 2293 302 2354 331; x_wconf 90' lang='lat' dir='ltr'>Nec</span> <span class='ocrx_word' id='word_1_889' title='bbox 2373 301 2450 329; x_wconf 90' lang='lat' dir='ltr'>enim</span> <span class='ocrx_word' id='word_1_890' title='bbox 2465 298 2571 328; x_wconf 82' lang='lat' dir='ltr'>absolvi</span> 
     </span>
     <span class='ocr_line' id='line_1_107' title="bbox 1466 336 2570 382; baseline -0.011 -6"><span class='ocrx_word' id='word_1_891' title='bbox 1466 349 1522 377; x_wconf 78' lang='lat' dir='ltr'>vita</span> <span class='ocrx_word' id='word_1_892' title='bbox 1541 348 1620 376; x_wconf 79' lang='lat' dir='ltr'>beata</span> <span class='ocrx_word' id='word_1_893' title='bbox 1637 345 1765 382; x_wconf 81' lang='lat' dir='ltr'>sapientis</span> <span class='ocrx_word' id='word_1_894' title='bbox 1777 367 1785 380; x_wconf 82' lang='lat'><em>‚</em></span> <span class='ocrx_word' id='word_1_895' title='bbox 1815 354 1906 382; x_wconf 88' lang='lat' dir='ltr'>neque</span> <span class='ocrx_word' id='word_1_896' title='bbox 1925 345 1959 373; x_wconf 88' lang='lat' dir='ltr'>ad</span> <span class='ocrx_word' id='word_1_897' title='bbox 1978 345 2085 374; x_wconf 79' lang='lat' dir='ltr'>exitum</span> <span class='ocrx_word' id='word_1_898' title='bbox 2105 342 2219 380; x_wconf 86' lang='lat' dir='ltr'>perduci</span> <span class='ocrx_word' id='word_1_899' title='bbox 2239 340 2350 378; x_wconf 86' lang='lat' dir='ltr'>poterit.</span> <span class='ocrx_word' id='word_1_900' title='bbox 2390 336 2570 367; x_wconf 86' lang='lat' dir='ltr'>Testimoniis</span> 
     </span>
     <span class='ocr_line' id='line_1_108' title="bbox 1467 378 2570 420; baseline -0.011 -6"><span class='ocrx_word' id='word_1_901' title='bbox 1467 387 1593 414; x_wconf 84' lang='lat' dir='ltr'>evincere</span> <span class='ocrx_word' id='word_1_902' title='bbox 1615 383 1701 412; x_wconf 81' lang='lat' dir='ltr'>Solia.</span> <span class='ocrx_word' id='word_1_903' title='bbox 1721 393 1780 420; x_wconf 83' lang='lat' dir='ltr'>cap.</span> <span class='ocrx_word' id='word_1_904' title='bbox 1799 389 1824 417; x_wconf 88' lang='lat'>8.</span> <span class='ocrx_word' id='word_1_905' title='bbox 1865 383 1975 413; x_wconf 83' lang='lat' dir='ltr'>Boclius</span> <span class='ocrx_word' id='word_1_906' title='bbox 1998 381 2132 416; x_wconf 83' lang='lat' dir='ltr'>absolvit,</span> <span class='ocrx_word' id='word_1_907' title='bbox 2162 378 2306 409; x_wconf 86' lang='lat' dir='ltr'>Gallorum</span> <span class='ocrx_word' id='word_1_908' title='bbox 2325 382 2452 406; x_wconf 88' lang='lat' dir='ltr'>veterum</span> <span class='ocrx_word' id='word_1_909' title='bbox 2470 383 2570 413; x_wconf 86' lang='lat' dir='ltr'>propa-</span> 
     </span>
     <span class='ocr_line' id='line_1_109' title="bbox 1468 420 1772 459; baseline -0.007 -7"><span class='ocrx_word' id='word_1_910' title='bbox 1468 424 1559 459; x_wconf 74' lang='lat' dir='ltr'>ginem</span> <span class='ocrx_word' id='word_1_911' title='bbox 1576 420 1694 450; x_wconf 89' lang='lat' dir='ltr'>Umbros</span> <span class='ocrx_word' id='word_1_912' title='bbox 1711 420 1772 450; x_wconf 80' lang='lat' dir='ltr'>effe.</span> 
     </span>
    </p>

    <p class='ocr_par' dir='ltr' id='par_1_51' title="bbox 1449 457 2032 492">
     <span class='ocr_line' id='line_1_110' title="bbox 1449 457 2032 492; baseline -0.007 -2"><span class='ocrx_word' id='word_1_913' title='bbox 1449 459 1593 490; x_wconf 82' lang='lat' dir='ltr'>Absolvere</span> <span class='ocrx_word' id='word_1_914' title='bbox 1606 458 1720 487; x_wconf 89' lang='lat' dir='ltr'>bellum.</span> <span class='ocrx_word' id='word_1_915' title='bbox 1750 457 1851 487; x_wconf 83' lang='lat' dir='ltr'>Lucan.</span> <span class='ocrx_word' id='word_1_916' title='bbox 1868 457 1916 486; x_wconf 89' lang='lat' dir='ltr'>lib.</span> <span class='ocrx_word' id='word_1_917' title='bbox 1928 467 1954 486; x_wconf 92' lang='lat'>2.</span> <span class='ocrx_word' id='word_1_918' title='bbox 1969 467 2032 492; x_wconf 78' lang='lat'>250.</span> 
     </span>
    </p>

    <p class='ocr_par' dir='ltr' id='par_1_52' title="bbox 1451 487 2572 684">
     <span class='ocr_line' id='line_1_111' title="bbox 1451 487 2570 533; baseline -0.01 -7"><span class='ocrx_word' id='word_1_919' title='bbox 1451 498 1622 528; x_wconf 82' lang='lat' dir='ltr'>Creditoreni</span> <span class='ocrx_word' id='word_1_920' title='bbox 1633 518 1640 530; x_wconf 76' lang='lat'>.</span> <span class='ocrx_word' id='word_1_921' title='bbox 1662 502 1709 524; x_wconf 88' lang='lat' dir='ltr'>aut</span> <span class='ocrx_word' id='word_1_922' title='bbox 1720 497 1844 533; x_wconf 88' lang='lat' dir='ltr'>quemvis</span> <span class='ocrx_word' id='word_1_923' title='bbox 1855 496 1940 524; x_wconf 88' lang='lat' dir='ltr'>alium</span> <span class='ocrx_word' id='word_1_924' title='bbox 1952 495 1998 530; x_wconf 80' lang='lat' dir='ltr'>qui</span> <span class='ocrx_word' id='word_1_925' title='bbox 2011 493 2159 531; x_wconf 85' lang='lat' dir='ltr'>pecuniam</span> <span class='ocrx_word' id='word_1_926' title='bbox 2170 492 2249 529; x_wconf 89' lang='lat' dir='ltr'>petit.</span> <span class='ocrx_word' id='word_1_927' title='bbox 2270 489 2335 519; x_wconf 87' lang='lat' dir='ltr'>Ter.</span> <span class='ocrx_word' id='word_1_928' title='bbox 2350 487 2426 518; x_wconf 91' lang='lat' dir='ltr'>Adel.</span> <span class='ocrx_word' id='word_1_929' title='bbox 2439 497 2465 517; x_wconf 89' lang='lat'>2.</span> <span class='ocrx_word' id='word_1_930' title='bbox 2480 497 2507 523; x_wconf 93' lang='lat'>4.</span> <span class='ocrx_word' id='word_1_931' title='bbox 2525 494 2570 523; x_wconf 79' lang='lat'>13.</span> 
     </span>
     <span class='ocr_line' id='line_1_112' title="bbox 1469 524 2572 573; baseline -0.011 -8"><span class='ocrx_word' id='word_1_932' title='bbox 1469 536 1526 573; x_wconf 70' lang='lat' dir='ltr'>Ego</span> <span class='ocrx_word' id='word_1_933' title='bbox 1544 535 1578 563; x_wconf 85' lang='lat' dir='ltr'>ad</span> <span class='ocrx_word' id='word_1_934' title='bbox 1589 534 1680 562; x_wconf 85' lang='lat' dir='ltr'>sorum</span> <span class='ocrx_word' id='word_1_935' title='bbox 1695 533 1759 569; x_wconf 76' lang='lat' dir='ltr'>ibo,</span> <span class='ocrx_word' id='word_1_936' title='bbox 1780 541 1811 563; x_wconf 90' lang='lat' dir='ltr'>ut</span> <span class='ocrx_word' id='word_1_937' title='bbox 1827 534 1902 562; x_wconf 88' lang='lat' dir='ltr'>hunc</span> <span class='ocrx_word' id='word_1_938' title='bbox 1919 532 2065 561; x_wconf 82' lang='lat' dir='ltr'>absolvam.</span> <span class='ocrx_word' id='word_1_939' title='bbox 2108 530 2160 559; x_wconf 93' lang='lat' dir='ltr'>Ubi</span> <span class='ocrx_word' id='word_1_940' title='bbox 2178 530 2320 561; x_wconf 79' lang='lat' dir='ltr'>Donatus.</span> <span class='ocrx_word' id='word_1_941' title='bbox 2341 526 2379 555; x_wconf 92' lang='lat' dir='ltr'>Ut</span> <span class='ocrx_word' id='word_1_942' title='bbox 2395 526 2471 555; x_wconf 91' lang='lat' dir='ltr'>hunc</span> <span class='ocrx_word' id='word_1_943' title='bbox 2485 524 2572 555; x_wconf 85' lang='lat' dir='ltr'>absol-</span> 
     </span>
     <span class='ocr_line' id='line_1_113' title="bbox 1469 564 2571 607; baseline -0.012 -5"><span class='ocrx_word' id='word_1_944' title='bbox 1469 583 1548 607; x_wconf 70' lang='lat' dir='ltr'>vam,</span> <span class='ocrx_word' id='word_1_945' title='bbox 1569 572 1601 601; x_wconf 86' lang='lat' dir='ltr'>ld</span> <span class='ocrx_word' id='word_1_946' title='bbox 1611 572 1665 605; x_wconf 73' lang='lat' dir='ltr'>est,</span> <span class='ocrx_word' id='word_1_947' title='bbox 1687 579 1718 600; x_wconf 91' lang='lat' dir='ltr'>ut</span> <span class='ocrx_word' id='word_1_948' title='bbox 1727 572 1802 601; x_wconf 85' lang='lat' dir='ltr'>hunc</span> <span class='ocrx_word' id='word_1_949' title='bbox 1812 571 1922 600; x_wconf 89' lang='lat' dir='ltr'>reddito</span> <span class='ocrx_word' id='word_1_950' title='bbox 1933 569 1973 598; x_wconf 92' lang='lat' dir='ltr'>illi</span> <span class='ocrx_word' id='word_1_951' title='bbox 1987 570 2076 607; x_wconf 88' lang='lat' dir='ltr'>pretio</span> <span class='ocrx_word' id='word_1_952' title='bbox 2089 568 2236 596; x_wconf 79' lang='lat' dir='ltr'>dimittam.</span> <span class='ocrx_word' id='word_1_953' title='bbox 2257 565 2343 594; x_wconf 89' lang='lat' dir='ltr'>Plaut.</span> <span class='ocrx_word' id='word_1_954' title='bbox 2355 564 2427 601; x_wconf 87' lang='lat' dir='ltr'>Epid</span> <span class='ocrx_word' id='word_1_955' title='bbox 2451 574 2473 598; x_wconf 85' lang='grc' dir='ltr'>ς.</span> <span class='ocrx_word' id='word_1_956' title='bbox 2488 573 2510 592; x_wconf 89' lang='lat'>1.</span> <span class='ocrx_word' id='word_1_957' title='bbox 2524 572 2571 597; x_wconf 83' lang='lat'>25.</span> 
     </span>
     <span class='ocr_line' id='line_1_114' title="bbox 1469 600 2571 647; baseline -0.01 -8"><span class='ocrx_word' id='word_1_958' title='bbox 1469 614 1523 647; x_wconf 74' lang='lat' dir='ltr'>Age</span> <span class='ocrx_word' id='word_1_959' title='bbox 1535 632 1542 645; x_wconf 83' lang='lat'>,</span> <span class='ocrx_word' id='word_1_960' title='bbox 1563 611 1635 646; x_wconf 73' lang='lat' dir='ltr'>Age,</span> <span class='ocrx_word' id='word_1_961' title='bbox 1656 609 1765 638; x_wconf 88' lang='lat' dir='ltr'>absolve</span> <span class='ocrx_word' id='word_1_962' title='bbox 1777 616 1858 645; x_wconf 85' lang='lat' dir='ltr'>atque</span> <span class='ocrx_word' id='word_1_963' title='bbox 1875 615 2020 644; x_wconf 75' lang='lat' dir='ltr'>argentum</span> <span class='ocrx_word' id='word_1_964' title='bbox 2034 616 2165 640; x_wconf 83' lang='lat' dir='ltr'>numera,</span> <span class='ocrx_word' id='word_1_965' title='bbox 2187 614 2222 633; x_wconf 89' lang='lat' dir='ltr'>ne</span> <span class='ocrx_word' id='word_1_966' title='bbox 2238 603 2354 632; x_wconf 87' lang='lat' dir='ltr'>comites</span> <span class='ocrx_word' id='word_1_967' title='bbox 2367 603 2466 631; x_wconf 55' lang='lat' dir='ltr'>morer:</span> <span class='ocrx_word' id='word_1_968' title='bbox 2506 600 2571 630; x_wconf 86' lang='lat' dir='ltr'>Hoc</span> 
     </span>
     <span class='ocr_line' id='line_1_115' title="bbox 1469 645 2151 684; baseline -0.007 -8"><span class='ocrx_word' id='word_1_969' title='bbox 1469 650 1552 677; x_wconf 77' lang='lat' dir='ltr'>etiam</span> <span class='ocrx_word' id='word_1_970' title='bbox 1564 648 1664 676; x_wconf 88' lang='lat' dir='ltr'>dicitur</span> <span class='ocrx_word' id='word_1_971' title='bbox 1675 656 1723 683; x_wconf 90' lang='lat' dir='ltr'>per</span> <span class='ocrx_word' id='word_1_972' title='bbox 1737 647 1851 684; x_wconf 74' lang='lat' dir='ltr'>simplex</span> <span class='ocrx_word' id='word_1_973' title='bbox 1862 646 1954 676; x_wconf 88' lang='lat' dir='ltr'>Solvo.</span> <span class='ocrx_word' id='word_1_974' title='bbox 1982 645 2014 673; x_wconf 87' lang='lat' dir='ltr'>V.</span> <span class='ocrx_word' id='word_1_975' title='bbox 2030 654 2041 673; x_wconf 83' lang='lat' dir='ltr'>s</span> <span class='ocrx_word' id='word_1_976' title='bbox 2051 654 2067 672; x_wconf 93' lang='lat' dir='ltr'>o</span> <span class='ocrx_word' id='word_1_977' title='bbox 2076 655 2092 671; x_wconf 81' lang='lat' dir='ltr'>L</span> <span class='ocrx_word' id='word_1_978' title='bbox 2100 653 2116 672; x_wconf 94' lang='lat' dir='ltr'>v</span> <span class='ocrx_word' id='word_1_979' title='bbox 2125 653 2151 671; x_wconf 88' lang='lat' dir='ltr'>o.</span> 
     </span>
    </p>

    <p class='ocr_par' dir='ltr' id='par_1_53' title="bbox 1469 675 2572 720">
     <span class='ocr_line' id='line_1_116' title="bbox 1469 675 2572 720; baseline -0.01 -6"><span class='ocrx_word' id='word_1_980' title='bbox 1469 686 1550 716; x_wconf 90' lang='lat' dir='ltr'>Diem</span> <span class='ocrx_word' id='word_1_981' title='bbox 1560 707 1568 720; x_wconf 70' lang='grc'><em>,</em></span> <span class='ocrx_word' id='word_1_982' title='bbox 1589 686 1606 713; x_wconf 89' lang='lat' dir='ltr'>i.</span> <span class='ocrx_word' id='word_1_983' title='bbox 1617 693 1639 712; x_wconf 51' lang='lat' dir='ltr'>e.</span> <span class='ocrx_word' id='word_1_984' title='bbox 1659 685 1744 713; x_wconf 84' lang='lat' dir='ltr'>vitam</span> <span class='ocrx_word' id='word_1_985' title='bbox 1755 684 1842 713; x_wconf 85' lang='lat' dir='ltr'>finire.</span> <span class='ocrx_word' id='word_1_986' title='bbox 1864 684 1983 712; x_wconf 89' lang='lat' dir='ltr'>Avienus</span> <span class='ocrx_word' id='word_1_987' title='bbox 1996 682 2097 715; x_wconf 68' lang='lat' dir='ltr'>Perieg.</span> <span class='ocrx_word' id='word_1_988' title='bbox 2112 690 2138 710; x_wconf 93' lang='lat' dir='ltr'>v.</span> <span class='ocrx_word' id='word_1_989' title='bbox 2150 690 2216 716; x_wconf 73' lang='lat'>455.</span> <span class='ocrx_word' id='word_1_990' title='bbox 2251 677 2436 708; x_wconf 86' lang='lat' dir='ltr'>Terentianus</span> <span class='ocrx_word' id='word_1_991' title='bbox 2448 675 2572 709; x_wconf 83' lang='lat' dir='ltr'>Maurus,</span> 
     </span>
    </p>

    <p class='ocr_par' dir='ltr' id='par_1_54' title="bbox 1472 713 2573 791">
     <span class='ocr_line' id='line_1_117' title="bbox 1527 713 2573 759; baseline -0.011 -6"><span class='ocrx_word' id='word_1_992' title='bbox 1527 723 1552 753; x_wconf 85' lang='lat' dir='ltr'>T</span> <span class='ocrx_word' id='word_1_993' title='bbox 1554 731 1647 752; x_wconf 84' lang='lat' dir='ltr'>antam</span> <span class='ocrx_word' id='word_1_994' title='bbox 1665 722 1755 751; x_wconf 86' lang='lat' dir='ltr'>nostra</span> <span class='ocrx_word' id='word_1_995' title='bbox 1770 722 1868 759; x_wconf 88' lang='lat' dir='ltr'>nequit</span> <span class='ocrx_word' id='word_1_996' title='bbox 1886 720 2013 750; x_wconf 86' lang='lat' dir='ltr'>mensura</span> <span class='ocrx_word' id='word_1_997' title='bbox 2030 718 2169 749; x_wconf 85' lang='lat' dir='ltr'>absolvere</span> <span class='ocrx_word' id='word_1_998' title='bbox 2188 717 2276 747; x_wconf 84' lang='lat' dir='ltr'>litem.</span> <span class='ocrx_word' id='word_1_999' title='bbox 2370 714 2403 745; x_wconf 75' lang='lat' dir='ltr'>id</span> <span class='ocrx_word' id='word_1_1000' title='bbox 2418 714 2458 746; x_wconf 80' lang='lat' dir='ltr'>est</span> <span class='ocrx_word' id='word_1_1001' title='bbox 2471 735 2481 751; x_wconf 83' lang='lat'>‚</span> <span class='ocrx_word' id='word_1_1002' title='bbox 2509 713 2573 743; x_wconf 82' lang='lat' dir='ltr'>diri-</span> 
     </span>
     <span class='ocr_line' id='line_1_118' title="bbox 1472 771 1555 791; baseline -0.024 0"><span class='ocrx_word' id='word_1_1003' title='bbox 1472 771 1555 791; x_wconf 87' lang='lat' dir='ltr'>mere.</span> 
     </span>
    </p>

    <p class='ocr_par' dir='ltr' id='par_1_55' title="bbox 1451 797 1780 835">
     <span class='ocr_line' id='line_1_119' title="bbox 1451 797 1780 835; baseline -0.009 -5"><span class='ocrx_word' id='word_1_1004' title='bbox 1451 798 1570 832; x_wconf 83' lang='lat' dir='ltr'>Martial.</span> <span class='ocrx_word' id='word_1_1005' title='bbox 1588 797 1680 835; x_wconf 82' lang='lat' dir='ltr'>Epigr.</span> <span class='ocrx_word' id='word_1_1006' title='bbox 1695 808 1718 827; x_wconf 86' lang='lat'>1.</span> <span class='ocrx_word' id='word_1_1007' title='bbox 1735 803 1780 831; x_wconf 79' lang='lat'>82.</span> 
     </span>
    </p>

    <p class='ocr_par' dir='ltr' id='par_1_56' title="bbox 1451 835 2577 1093">
     <span class='ocr_line' id='line_1_120' title="bbox 1489 835 2010 874; baseline -0.006 -7"><span class='ocrx_word' id='word_1_1008' title='bbox 1489 838 1556 867; x_wconf 68' lang='lat' dir='ltr'>erc</span> <span class='ocrx_word' id='word_1_1009' title='bbox 1573 845 1632 873; x_wconf 73' lang='lat' dir='ltr'>quae</span> <span class='ocrx_word' id='word_1_1010' title='bbox 1650 835 1764 873; x_wconf 88' lang='lat' dir='ltr'>pulvere</span> <span class='ocrx_word' id='word_1_1011' title='bbox 1780 835 1905 874; x_wconf 74' lang='lat' dir='ltr'>dissipata</span> <span class='ocrx_word' id='word_1_1012' title='bbox 1921 835 2010 864; x_wconf 92' lang='lat' dir='ltr'>multo</span> 
     </span>
     <span class='ocr_line' id='line_1_121' title="bbox 1488 873 1999 911; baseline -0.004 -7"><span class='ocrx_word' id='word_1_1013' title='bbox 1488 875 1595 911; x_wconf 77' lang='lat' dir='ltr'>Longas</span> <span class='ocrx_word' id='word_1_1014' title='bbox 1612 874 1736 910; x_wconf 86' lang='lat' dir='ltr'>porticus</span> <span class='ocrx_word' id='word_1_1015' title='bbox 1754 873 1875 910; x_wconf 79' lang='lat' dir='ltr'>explicat</span> <span class='ocrx_word' id='word_1_1016' title='bbox 1892 874 1999 908; x_wconf 81' lang='lat' dir='ltr'>ruinas,</span> 
     </span>
     <span class='ocr_line' id='line_1_122' title="bbox 1490 911 1966 949; baseline -0.002 -7"><span class='ocrx_word' id='word_1_1017' title='bbox 1490 913 1531 942; x_wconf 87' lang='lat' dir='ltr'>En</span> <span class='ocrx_word' id='word_1_1018' title='bbox 1545 918 1647 949; x_wconf 82' lang='lat' dir='ltr'>quanta</span> <span class='ocrx_word' id='word_1_1019' title='bbox 1663 912 1734 945; x_wconf 79' lang='lat' dir='ltr'>iacet</span> <span class='ocrx_word' id='word_1_1020' title='bbox 1749 911 1872 940; x_wconf 87' lang='lat' dir='ltr'>absoluta</span> <span class='ocrx_word' id='word_1_1021' title='bbox 1888 911 1966 942; x_wconf 82' lang='lat' dir='ltr'>casu!</span> 
     </span>
     <span class='ocr_line' id='line_1_123' title="bbox 1471 948 2046 985; baseline -0.007 -5"><span class='ocrx_word' id='word_1_1022' title='bbox 1471 950 1600 980; x_wconf 82' lang='lat' dir='ltr'>Absoluta</span> <span class='ocrx_word' id='word_1_1023' title='bbox 1610 972 1617 983; x_wconf 73' lang='lat'>.</span> <span class='ocrx_word' id='word_1_1024' title='bbox 1639 949 1668 978; x_wconf 89' lang='lat' dir='ltr'>id</span> <span class='ocrx_word' id='word_1_1025' title='bbox 1680 949 1718 977; x_wconf 86' lang='lat' dir='ltr'>est</span> <span class='ocrx_word' id='word_1_1026' title='bbox 1727 971 1734 983; x_wconf 84' lang='lat'>‚</span> <span class='ocrx_word' id='word_1_1027' title='bbox 1756 949 1863 985; x_wconf 65' lang='lat' dir='ltr'>dejeela</span> <span class='ocrx_word' id='word_1_1028' title='bbox 1874 951 1900 979; x_wconf 69' lang='lat' dir='ltr'>St</span> <span class='ocrx_word' id='word_1_1029' title='bbox 1912 949 1947 978; x_wconf 86' lang='lat' dir='ltr'>fic</span> <span class='ocrx_word' id='word_1_1030' title='bbox 1959 948 2046 978; x_wconf 86' lang='lat' dir='ltr'>finita.</span> 
     </span>
     <span class='ocr_line' id='line_1_124' title="bbox 1451 987 1856 1020; baseline -0.01 -3"><span class='ocrx_word' id='word_1_1031' title='bbox 1451 988 1557 1020; x_wconf 79' lang='lat' dir='ltr'>fidem.</span> <span class='ocrx_word' id='word_1_1032' title='bbox 1586 987 1676 1016; x_wconf 81' lang='lat' dir='ltr'>Tacit.</span> <span class='ocrx_word' id='word_1_1033' title='bbox 1694 987 1760 1016; x_wconf 88' lang='lat' dir='ltr'>Hist.</span> <span class='ocrx_word' id='word_1_1034' title='bbox 1774 997 1798 1016; x_wconf 92' lang='lat'>2.</span> <span class='ocrx_word' id='word_1_1035' title='bbox 1812 991 1856 1016; x_wconf 91' lang='lat'>60.</span> 
     </span>
     <span class='ocr_line' id='line_1_125' title="bbox 1451 1016 2577 1093; baseline -0.009 -38"><span class='ocrx_word' id='word_1_1036' title='bbox 1451 1026 1596 1093; x_wconf 51' lang='lat' dir='ltr'>Agstlssvere</span> <span class='ocrx_word' id='word_1_1037' title='bbox 1610 1034 1727 1060; x_wconf 84' lang='lat' dir='ltr'>navem,</span> <span class='ocrx_word' id='word_1_1038' title='bbox 1748 1024 1817 1060; x_wconf 88' lang='lat' dir='ltr'>Pro,</span> <span class='ocrx_word' id='word_1_1039' title='bbox 1838 1025 1950 1055; x_wconf 84' lang='lat' dir='ltr'>solvere..</span> <span class='ocrx_word' id='word_1_1040' title='bbox 1980 1022 2163 1054; x_wconf 65' lang='lat' dir='ltr'>Plautmjlit.</span> <span class='ocrx_word' id='word_1_1041' title='bbox 2174 1031 2201 1058; x_wconf 89' lang='lat'>4.</span> <span class='ocrx_word' id='word_1_1042' title='bbox 2218 1029 2243 1059; x_wconf 90' lang='lat'>7.</span> <span class='ocrx_word' id='word_1_1043' title='bbox 2268 1029 2310 1057; x_wconf 86' lang='lat'>17.</span> <span class='ocrx_word' id='word_1_1044' title='bbox 2353 1017 2408 1048; x_wconf 87' lang='lat' dir='ltr'>Sed</span> <span class='ocrx_word' id='word_1_1045' title='bbox 2419 1016 2458 1047; x_wconf 86' lang='lat' dir='ltr'>ibi</span> <span class='ocrx_word' id='word_1_1046' title='bbox 2475 1016 2577 1055; x_wconf 83' lang='lat' dir='ltr'>legitur</span> 
     </span>
     <span class='ocr_line' id='line_1_126' title="bbox 1490 1073 1590 1093; baseline -0.01 0"><span class='ocrx_word' id='word_1_1047' title='bbox 1490 1074 1506 1093; x_wconf 92' lang='lat' dir='ltr'>o</span> <span class='ocrx_word' id='word_1_1048' title='bbox 1518 1073 1590 1093; x_wconf 91' lang='lat' dir='ltr'>vere.</span> 
     </span>
    </p>

    <p class='ocr_par' dir='ltr' id='par_1_57' title="bbox 1452 1091 2578 1144">
     <span class='ocr_line' id='line_1_127' title="bbox 1452 1091 2578 1144; baseline -0.009 -13"><span class='ocrx_word' id='word_1_1049' title='bbox 1452 1101 1577 1144; x_wconf 83' lang='lat' dir='ltr'>Pensum.</span> <span class='ocrx_word' id='word_1_1050' title='bbox 1592 1102 1595 1105; x_wconf 87' lang='lat'>&#39;</span> <span class='ocrx_word' id='word_1_1051' title='bbox 1609 1100 1694 1130; x_wconf 84' lang='lat' dir='ltr'>Varro</span> <span class='ocrx_word' id='word_1_1052' title='bbox 1715 1101 1750 1129; x_wconf 87' lang='lat' dir='ltr'>de</span> <span class='ocrx_word' id='word_1_1053' title='bbox 1764 1100 1798 1130; x_wconf 89' lang='lat' dir='ltr'>R.</span> <span class='ocrx_word' id='word_1_1054' title='bbox 1817 1100 1850 1130; x_wconf 89' lang='lat' dir='ltr'>R.</span> <span class='ocrx_word' id='word_1_1055' title='bbox 1870 1099 1917 1130; x_wconf 91' lang='lat' dir='ltr'>lib.</span> <span class='ocrx_word' id='word_1_1056' title='bbox 1928 1110 1953 1130; x_wconf 86' lang='lat'>2.</span> <span class='ocrx_word' id='word_1_1057' title='bbox 1972 1110 2032 1138; x_wconf 86' lang='lat' dir='ltr'>cap.</span> <span class='ocrx_word' id='word_1_1058' title='bbox 2046 1109 2072 1129; x_wconf 93' lang='lat'>2.</span> <span class='ocrx_word' id='word_1_1059' title='bbox 2112 1097 2290 1128; x_wconf 87' lang='lat' dir='ltr'>Translatum</span> <span class='ocrx_word' id='word_1_1060' title='bbox 2306 1105 2323 1125; x_wconf 86' lang='lat' dir='ltr'>a</span> <span class='ocrx_word' id='word_1_1061' title='bbox 2339 1093 2461 1123; x_wconf 84' lang='lat' dir='ltr'>lanificio</span> <span class='ocrx_word' id='word_1_1062' title='bbox 2479 1091 2578 1122; x_wconf 90' lang='lat' dir='ltr'>mulie-</span> 
     </span>
    </p>

    <p class='ocr_par' dir='ltr' id='par_1_58' title="bbox 1458 1130 2578 1207">
     <span class='ocr_line' id='line_1_128' title="bbox 1458 1130 2578 1206; baseline -0.012 -34"><span class='ocrx_word' id='word_1_1063' title='bbox 1458 1169 1459 1172; x_wconf 64' lang='lat'>,</span> <span class='ocrx_word' id='word_1_1064' title='bbox 1473 1140 1580 1206; x_wconf 42' lang='lat' dir='ltr'>mig-111³</span> <span class='ocrx_word' id='word_1_1065' title='bbox 1594 1148 1649 1205; x_wconf 52' lang='grc' dir='ltr'>(Ἦ)</span> <span class='ocrx_word' id='word_1_1066' title='bbox 1662 1138 1773 1176; x_wconf 82' lang='lat' dir='ltr'>smgulis</span> <span class='ocrx_word' id='word_1_1067' title='bbox 1790 1145 1897 1168; x_wconf 89' lang='lat' dir='ltr'>certum</span> <span class='ocrx_word' id='word_1_1068' title='bbox 1906 1137 1977 1168; x_wconf 81' lang='lat' dir='ltr'>lanae</span> <span class='ocrx_word' id='word_1_1069' title='bbox 1993 1137 2106 1176; x_wconf 87' lang='lat' dir='ltr'>pondus</span> <span class='ocrx_word' id='word_1_1070' title='bbox 2117 1137 2147 1166; x_wconf 92' lang='lat' dir='ltr'>in</span> <span class='ocrx_word' id='word_1_1071' title='bbox 2166 1145 2237 1174; x_wconf 88' lang='lat' dir='ltr'>opus</span> <span class='ocrx_word' id='word_1_1072' title='bbox 2254 1132 2474 1164; x_wconf 87' lang='lat' dir='ltr'>distribuebatur.</span> <span class='ocrx_word' id='word_1_1073' title='bbox 2514 1130 2578 1160; x_wconf 90' lang='lat' dir='ltr'>Pro-</span> 
     </span>
     <span class='ocr_line' id='line_1_129' title="bbox 1470 1186 1646 1207; baseline -0.017 -1"><span class='ocrx_word' id='word_1_1074' title='bbox 1470 1187 1517 1207; x_wconf 92' lang='lat' dir='ltr'>ver</span> <span class='ocrx_word' id='word_1_1075' title='bbox 1539 1187 1563 1206; x_wconf 83' lang='lat' dir='ltr'>ia</span> <span class='ocrx_word' id='word_1_1076' title='bbox 1576 1186 1590 1206; x_wconf 91' lang='lat' dir='ltr'>e</span> <span class='ocrx_word' id='word_1_1077' title='bbox 1602 1186 1616 1205; x_wconf 91' lang='lat' dir='ltr'>e</span> <span class='ocrx_word' id='word_1_1078' title='bbox 1642 1198 1646 1203; x_wconf 97' lang='lat'>.</span> 
     </span>
    </p>

    <p class='ocr_par' dir='ltr' id='par_1_59' title="bbox 1452 1206 2579 1332">
     <span class='ocr_line' id='line_1_130' title="bbox 1452 1206 2578 1258; baseline -0.008 -14"><span class='ocrx_word' id='word_1_1079' title='bbox 1452 1215 1571 1258; x_wconf 61' lang='lat' dir='ltr'>Pignus3</span> <span class='ocrx_word' id='word_1_1080' title='bbox 1592 1214 1642 1258; x_wconf 70' lang='lat' dir='ltr'>Pro</span> <span class='ocrx_word' id='word_1_1081' title='bbox 1652 1214 1728 1243; x_wconf 87' lang='lat' dir='ltr'>luere</span> <span class='ocrx_word' id='word_1_1082' title='bbox 1739 1215 1849 1253; x_wconf 82' lang='lat' dir='ltr'>pignus.</span> <span class='ocrx_word' id='word_1_1083' title='bbox 1870 1213 1945 1244; x_wconf 87' lang='lat' dir='ltr'>Paul.</span> <span class='ocrx_word' id='word_1_1084' title='bbox 1959 1223 1985 1243; x_wconf 89' lang='lat'>2.</span> <span class='ocrx_word' id='word_1_1085' title='bbox 2002 1213 2127 1243; x_wconf 86' lang='lat' dir='ltr'>Sentent.</span> <span class='ocrx_word' id='word_1_1086' title='bbox 2143 1222 2202 1249; x_wconf 89' lang='lat' dir='ltr'>cap.</span> <span class='ocrx_word' id='word_1_1087' title='bbox 2216 1222 2240 1247; x_wconf 86' lang='lat'>5.</span> <span class='ocrx_word' id='word_1_1088' title='bbox 2280 1207 2436 1239; x_wconf 87' lang='lat' dir='ltr'>Creditorsi</span> <span class='ocrx_word' id='word_1_1089' title='bbox 2449 1206 2578 1244; x_wconf 72' lang='lat' dir='ltr'>simplici-</span> 
     </span>
     <span class='ocr_line' id='line_1_131' title="bbox 1472 1244 2579 1290; baseline -0.007 -8"><span class='ocrx_word' id='word_1_1090' title='bbox 1472 1260 1513 1282; x_wconf 89' lang='lat' dir='ltr'>ter</span> <span class='ocrx_word' id='word_1_1091' title='bbox 1524 1252 1572 1282; x_wconf 86' lang='lat' dir='ltr'>sibi</span> <span class='ocrx_word' id='word_1_1092' title='bbox 1585 1262 1684 1290; x_wconf 80' lang='lat' dir='ltr'>pigrius</span> <span class='ocrx_word' id='word_1_1093' title='bbox 1698 1252 1853 1290; x_wconf 86' lang='lat' dir='ltr'>depositum</span> <span class='ocrx_word' id='word_1_1094' title='bbox 1870 1252 2016 1281; x_wconf 85' lang='lat' dir='ltr'>distrahere</span> <span class='ocrx_word' id='word_1_1095' title='bbox 2033 1251 2118 1285; x_wconf 75' lang='lat' dir='ltr'>velit.</span> <span class='ocrx_word' id='word_1_1096' title='bbox 2144 1256 2186 1279; x_wconf 91' lang='lat' dir='ltr'>ter</span> <span class='ocrx_word' id='word_1_1097' title='bbox 2198 1255 2261 1278; x_wconf 86' lang='lat' dir='ltr'>ante</span> <span class='ocrx_word' id='word_1_1098' title='bbox 2277 1247 2442 1278; x_wconf 86' lang='lat' dir='ltr'>denuntiare</span> <span class='ocrx_word' id='word_1_1099' title='bbox 2457 1244 2579 1275; x_wconf 87' lang='lat' dir='ltr'>debitori</span> 
     </span>
     <span class='ocr_line' id='line_1_132' title="bbox 1472 1288 2249 1332; baseline -0.005 -12"><span class='ocrx_word' id='word_1_1100' title='bbox 1472 1291 1520 1320; x_wconf 92' lang='lat' dir='ltr'>suo</span> <span class='ocrx_word' id='word_1_1101' title='bbox 1532 1290 1614 1332; x_wconf 66' lang='lat' dir='ltr'>debet</span> <span class='ocrx_word' id='word_1_1102' title='bbox 1623 1313 1631 1325; x_wconf 64' lang='lat'>7</span> <span class='ocrx_word' id='word_1_1103' title='bbox 1652 1296 1684 1319; x_wconf 89' lang='lat' dir='ltr'>ut</span> <span class='ocrx_word' id='word_1_1104' title='bbox 1694 1291 1794 1328; x_wconf 84' lang='lat' dir='ltr'>pignus</span> <span class='ocrx_word' id='word_1_1105' title='bbox 1805 1289 1941 1325; x_wconf 80' lang='lat' dir='ltr'>absolvat,</span> <span class='ocrx_word' id='word_1_1106' title='bbox 1962 1300 1998 1319; x_wconf 88' lang='lat' dir='ltr'>ne</span> <span class='ocrx_word' id='word_1_1107' title='bbox 2010 1300 2025 1318; x_wconf 89' lang='lat' dir='ltr'>a</span> <span class='ocrx_word' id='word_1_1108' title='bbox 2038 1289 2064 1318; x_wconf 88' lang='lat' dir='ltr'>se</span> <span class='ocrx_word' id='word_1_1109' title='bbox 2077 1288 2249 1318; x_wconf 87' lang='lat' dir='ltr'>distrahatur.</span> 
     </span>
    </p>

    <p class='ocr_par' dir='ltr' id='par_1_60' title="bbox 1453 1327 2176 1365">
     <span class='ocr_line' id='line_1_133' title="bbox 1453 1327 2176 1365; baseline -0.007 -6"><span class='ocrx_word' id='word_1_1110' title='bbox 1453 1329 1624 1359; x_wconf 83' lang='lat' dir='ltr'>Promissum.</span> <span class='ocrx_word' id='word_1_1111' title='bbox 1652 1328 1736 1357; x_wconf 86' lang='lat' dir='ltr'>Varro</span> <span class='ocrx_word' id='word_1_1112' title='bbox 1748 1338 1773 1358; x_wconf 88' lang='lat'>2.</span> <span class='ocrx_word' id='word_1_1113' title='bbox 1788 1329 1822 1357; x_wconf 91' lang='lat' dir='ltr'>de</span> <span class='ocrx_word' id='word_1_1114' title='bbox 1835 1328 1867 1358; x_wconf 91' lang='lat' dir='ltr'>R.</span> <span class='ocrx_word' id='word_1_1115' title='bbox 1879 1327 1912 1356; x_wconf 85' lang='lat' dir='ltr'>R.</span> <span class='ocrx_word' id='word_1_1116' title='bbox 1925 1338 1985 1365; x_wconf 87' lang='lat' dir='ltr'>cap.</span> <span class='ocrx_word' id='word_1_1117' title='bbox 2000 1338 2010 1356; x_wconf 90' lang='lat'>1</span> <span class='ocrx_word' id='word_1_1118' title='bbox 2020 1337 2043 1356; x_wconf 92' lang='lat'>1.</span> <span class='ocrx_word' id='word_1_1119' title='bbox 2172 1332 2176 1333; x_wconf 52' lang='lat'><em>⁷</em></span> 
     </span>
    </p>

    <p class='ocr_par' dir='ltr' id='par_1_61' title="bbox 1456 1360 2513 1401">
     <span class='ocr_line' id='line_1_134' title="bbox 1456 1360 2513 1401; baseline -0.008 -4"><span class='ocrx_word' id='word_1_1120' title='bbox 1456 1365 1722 1397; x_wconf 88' lang='lat' dir='ltr'>Orbemabsolvere.</span> <span class='ocrx_word' id='word_1_1121' title='bbox 1751 1366 1784 1395; x_wconf 90' lang='lat' dir='ltr'>Id</span> <span class='ocrx_word' id='word_1_1122' title='bbox 1795 1366 1849 1401; x_wconf 76' lang='lat' dir='ltr'>est.</span> <span class='ocrx_word' id='word_1_1123' title='bbox 1871 1365 2071 1395; x_wconf 81' lang='lat' dir='ltr'>consumere&amp;</span> <span class='ocrx_word' id='word_1_1124' title='bbox 2103 1364 2205 1393; x_wconf 88' lang='lat' dir='ltr'>erdere.</span> <span class='ocrx_word' id='word_1_1125' title='bbox 2228 1362 2333 1392; x_wconf 86' lang='lat' dir='ltr'>Lucan.</span> <span class='ocrx_word' id='word_1_1126' title='bbox 2347 1360 2397 1391; x_wconf 88' lang='lat' dir='ltr'>lib.</span> <span class='ocrx_word' id='word_1_1127' title='bbox 2410 1370 2435 1398; x_wconf 89' lang='lat'>7.</span> <span class='ocrx_word' id='word_1_1128' title='bbox 2449 1365 2513 1397; x_wconf 86' lang='lat'>870-</span> 
     </span>
    </p>

    <p class='ocr_par' dir='ltr' id='par_1_62' title="bbox 1532 1400 2341 1442">
     <span class='ocr_line' id='line_1_135' title="bbox 1532 1400 2341 1442; baseline -0.005 -10"><span class='ocrx_word' id='word_1_1129' title='bbox 1532 1404 1609 1440; x_wconf 80' lang='lat' dir='ltr'>Quid</span> <span class='ocrx_word' id='word_1_1130' title='bbox 1621 1410 1713 1433; x_wconf 90' lang='lat' dir='ltr'>totum</span> <span class='ocrx_word' id='word_1_1131' title='bbox 1723 1404 1847 1442; x_wconf 89' lang='lat' dir='ltr'>premitis</span> <span class='ocrx_word' id='word_1_1132' title='bbox 1856 1400 1954 1440; x_wconf 68' lang='lat' dir='ltr'>‚0un</span> <span class='ocrx_word' id='word_1_1133' title='bbox 1965 1410 2057 1433; x_wconf 90' lang='lat' dir='ltr'>totum</span> <span class='ocrx_word' id='word_1_1134' title='bbox 2071 1413 2085 1432; x_wconf 87' lang='lat' dir='ltr'>a</span> <span class='ocrx_word' id='word_1_1135' title='bbox 2106 1401 2209 1431; x_wconf 89' lang='lat' dir='ltr'>solvitis</span> <span class='ocrx_word' id='word_1_1136' title='bbox 2221 1400 2318 1430; x_wconf 91' lang='lat' dir='ltr'>orbem</span> <span class='ocrx_word' id='word_1_1137' title='bbox 2326 1401 2341 1429; x_wconf 62' lang='grc' dir='ltr'><strong><em>Ἴ</em></strong></span> 
     </span>
    </p>
   </div>
   <div class='ocr_carea' id='block_1_17' title="bbox 1456 1433 2640 1478">
    <p class='ocr_par' dir='ltr' id='par_1_63' title="bbox 1456 1433 2640 1478">
     <span class='ocr_line' id='line_1_136' title="bbox 1456 1433 2640 1478; baseline -0.009 -6"><span class='ocrx_word' id='word_1_1138' title='bbox 1456 1442 1618 1477; x_wconf 79' lang='lat' dir='ltr'>Absolvere,</span> <span class='ocrx_word' id='word_1_1139' title='bbox 1639 1442 1740 1471; x_wconf 85' lang='lat' dir='ltr'>Finire.</span> <span class='ocrx_word' id='word_1_1140' title='bbox 1766 1441 1872 1471; x_wconf 82' lang='lat' dir='ltr'>Sallust.</span> <span class='ocrx_word' id='word_1_1141' title='bbox 1905 1451 1966 1478; x_wconf 86' lang='lat'>.31.</span> <span class='ocrx_word' id='word_1_1142' title='bbox 2001 1441 2130 1478; x_wconf 80' lang='lat' dir='ltr'>Namque</span> <span class='ocrx_word' id='word_1_1143' title='bbox 2147 1440 2190 1469; x_wconf 87' lang='lat' dir='ltr'>uti</span> <span class='ocrx_word' id='word_1_1144' title='bbox 2210 1438 2306 1477; x_wconf 89' lang='lat' dir='ltr'>paucis</span> <span class='ocrx_word' id='word_1_1145' title='bbox 2321 1446 2419 1468; x_wconf 87' lang='lat' dir='ltr'>verum</span> <span class='ocrx_word' id='word_1_1146' title='bbox 2432 1433 2581 1466; x_wconf 85' lang='lat' dir='ltr'>absolvam.</span> <span class='ocrx_word' id='word_1_1147' title='bbox 2634 1451 2640 1461; x_wconf 57' lang='lat'><strong>⁴</strong></span> 
     </span>
    </p>
   </div>
   <div class='ocr_carea' id='block_1_18' title="bbox 1422 1478 2631 2656">
    <p class='ocr_par' dir='ltr' id='par_1_64' title="bbox 1474 1478 2293 1515">
     <span class='ocr_line' id='line_1_137' title="bbox 1474 1478 2293 1515; baseline -0.004 -6"><span class='ocrx_word' id='word_1_1148' title='bbox 1474 1480 1561 1510; x_wconf 89' lang='lat' dir='ltr'>Plaut.</span> <span class='ocrx_word' id='word_1_1149' title='bbox 1573 1479 1645 1508; x_wconf 91' lang='lat' dir='ltr'>Rud.</span> <span class='ocrx_word' id='word_1_1150' title='bbox 1672 1479 1735 1509; x_wconf 89' lang='lat' dir='ltr'>Uno</span> <span class='ocrx_word' id='word_1_1151' title='bbox 1749 1479 1834 1509; x_wconf 90' lang='lat' dir='ltr'>verbo</span> <span class='ocrx_word' id='word_1_1152' title='bbox 1846 1479 1879 1509; x_wconf 89' lang='lat' dir='ltr'>ab</span> <span class='ocrx_word' id='word_1_1153' title='bbox 1893 1479 2001 1515; x_wconf 74' lang='lat' dir='ltr'>olvam,</span> <span class='ocrx_word' id='word_1_1154' title='bbox 2024 1479 2089 1508; x_wconf 90' lang='lat' dir='ltr'>leno</span> <span class='ocrx_word' id='word_1_1155' title='bbox 2101 1478 2147 1507; x_wconf 88' lang='lat' dir='ltr'>est.</span> <span class='ocrx_word' id='word_1_1156' title='bbox 2172 1487 2196 1515; x_wconf 85' lang='lat'>3.</span> <span class='ocrx_word' id='word_1_1157' title='bbox 2211 1487 2235 1506; x_wconf 88' lang='lat'>2.</span> <span class='ocrx_word' id='word_1_1158' title='bbox 2249 1486 2293 1512; x_wconf 80' lang='lat'>29-</span> 
     </span>
    </p>

    <p class='ocr_par' dir='ltr' id='par_1_65' title="bbox 1456 1509 2583 1624">
     <span class='ocr_line' id='line_1_138' title="bbox 1456 1509 2582 1562; baseline -0.01 -14"><span class='ocrx_word' id='word_1_1159' title='bbox 1456 1518 1601 1562; x_wconf 78' lang='lat' dir='ltr'>Absolvere</span> <span class='ocrx_word' id='word_1_1160' title='bbox 1624 1519 1659 1547; x_wconf 87' lang='lat' dir='ltr'>de</span> <span class='ocrx_word' id='word_1_1161' title='bbox 1678 1527 1716 1560; x_wconf 43' lang='lat' dir='ltr'>re·</span> <span class='ocrx_word' id='word_1_1162' title='bbox 1729 1517 1840 1555; x_wconf 83' lang='lat' dir='ltr'>aliqua,</span> <span class='ocrx_word' id='word_1_1163' title='bbox 1871 1517 1993 1546; x_wconf 91' lang='lat' dir='ltr'>similiter</span> <span class='ocrx_word' id='word_1_1164' title='bbox 2014 1527 2065 1555; x_wconf 91' lang='lat' dir='ltr'>pro</span> <span class='ocrx_word' id='word_1_1165' title='bbox 2083 1516 2170 1545; x_wconf 87' lang='lat' dir='ltr'>finire.</span> <span class='ocrx_word' id='word_1_1166' title='bbox 2211 1514 2318 1544; x_wconf 84' lang='lat' dir='ltr'>Sallust.</span> <span class='ocrx_word' id='word_1_1167' title='bbox 2339 1514 2370 1542; x_wconf 90' lang='lat' dir='ltr'>in</span> <span class='ocrx_word' id='word_1_1168' title='bbox 2396 1510 2477 1542; x_wconf 85' lang='lat' dir='ltr'>Catil.</span> <span class='ocrx_word' id='word_1_1169' title='bbox 2499 1509 2531 1538; x_wconf 91' lang='lat' dir='ltr'>C.</span> <span class='ocrx_word' id='word_1_1170' title='bbox 2552 1519 2582 1545; x_wconf 88' lang='lat'>4.</span> 
     </span>
     <span class='ocr_line' id='line_1_139' title="bbox 1472 1546 2583 1624; baseline -0.008 -38"><span class='ocrx_word' id='word_1_1171' title='bbox 1472 1557 1560 1624; x_wconf 44' lang='lat' dir='ltr'>{glitur</span> <span class='ocrx_word' id='word_1_1172' title='bbox 1579 1556 1614 1585; x_wconf 86' lang='lat' dir='ltr'>de</span> <span class='ocrx_word' id='word_1_1173' title='bbox 1637 1555 1762 1585; x_wconf 85' lang='lat' dir='ltr'>Catilinae</span> <span class='ocrx_word' id='word_1_1174' title='bbox 1787 1555 1980 1592; x_wconf 87' lang='lat' dir='ltr'>conjuratione</span> <span class='ocrx_word' id='word_1_1175' title='bbox 2000 1564 2083 1593; x_wconf 84' lang='lat' dir='ltr'>quam</span> <span class='ocrx_word' id='word_1_1176' title='bbox 2102 1553 2238 1584; x_wconf 81' lang='lat' dir='ltr'>verissime</span> <span class='ocrx_word' id='word_1_1177' title='bbox 2258 1558 2358 1591; x_wconf 88' lang='lat' dir='ltr'>potero</span> <span class='ocrx_word' id='word_1_1178' title='bbox 2371 1573 2380 1586; x_wconf 85' lang='lat'>,</span> <span class='ocrx_word' id='word_1_1179' title='bbox 2415 1549 2515 1588; x_wconf 78' lang='lat' dir='ltr'>paucis</span> <span class='ocrx_word' id='word_1_1180' title='bbox 2535 1546 2583 1577; x_wconf 86' lang='lat' dir='ltr'>ab·</span> 
     </span>
     <span class='ocr_line' id='line_1_140' title="bbox 1486 1603 1585 1623; baseline 0 0"><span class='ocrx_word' id='word_1_1181' title='bbox 1486 1605 1502 1623; x_wconf 93' lang='lat' dir='ltr'>o</span> <span class='ocrx_word' id='word_1_1182' title='bbox 1516 1603 1585 1623; x_wconf 85' lang='lat' dir='ltr'>vam.</span> 
     </span>
    </p>

    <p class='ocr_par' dir='ltr' id='par_1_66' title="bbox 1456 1630 2249 1668">
     <span class='ocr_line' id='line_1_141' title="bbox 1456 1630 2249 1668; baseline -0.008 -6"><span class='ocrx_word' id='word_1_1183' title='bbox 1456 1632 1618 1667; x_wconf 80' lang='lat' dir='ltr'>Absolvere,</span> <span class='ocrx_word' id='word_1_1184' title='bbox 1639 1630 1691 1660; x_wconf 91' lang='lat' dir='ltr'>Pro</span> <span class='ocrx_word' id='word_1_1185' title='bbox 1705 1631 1854 1661; x_wconf 86' lang='lat' dir='ltr'>dimittere.</span> <span class='ocrx_word' id='word_1_1186' title='bbox 1883 1631 1971 1661; x_wconf 87' lang='lat' dir='ltr'>Plaut.</span> <span class='ocrx_word' id='word_1_1187' title='bbox 1986 1631 2015 1659; x_wconf 91' lang='lat' dir='ltr'>in</span> <span class='ocrx_word' id='word_1_1188' title='bbox 2029 1630 2128 1668; x_wconf 83' lang='lat' dir='ltr'>Amph.</span> <span class='ocrx_word' id='word_1_1189' title='bbox 2143 1641 2167 1666; x_wconf 85' lang='lat'>5.</span> <span class='ocrx_word' id='word_1_1190' title='bbox 2185 1639 2208 1658; x_wconf 93' lang='lat'>1.</span> <span class='ocrx_word' id='word_1_1191' title='bbox 2222 1639 2249 1663; x_wconf 90' lang='lat'>4.</span> 
     </span>
    </p>

    <p class='ocr_par' dir='ltr' id='par_1_67' title="bbox 1497 1664 2410 1707">
     <span class='ocr_line' id='line_1_142' title="bbox 1497 1664 2410 1707; baseline -0.005 -8"><span class='ocrx_word' id='word_1_1192' title='bbox 1497 1669 1596 1707; x_wconf 63' lang='lat' dir='ltr'>Quaeso</span> <span class='ocrx_word' id='word_1_1193' title='bbox 1608 1668 1740 1698; x_wconf 81' lang='lat' dir='ltr'>absolvito</span> <span class='ocrx_word' id='word_1_1194' title='bbox 1752 1669 1818 1698; x_wconf 88' lang='lat' dir='ltr'>hinc</span> <span class='ocrx_word' id='word_1_1195' title='bbox 1829 1679 1873 1698; x_wconf 90' lang='lat' dir='ltr'>me</span> <span class='ocrx_word' id='word_1_1196' title='bbox 1885 1669 2029 1706; x_wconf 79' lang='lat' dir='ltr'>extemplo</span> <span class='ocrx_word' id='word_1_1197' title='bbox 2039 1691 2047 1704; x_wconf 85' lang='lat'>,</span> <span class='ocrx_word' id='word_1_1198' title='bbox 2069 1668 2181 1706; x_wconf 87' lang='lat' dir='ltr'>quando</span> <span class='ocrx_word' id='word_1_1199' title='bbox 2192 1666 2255 1696; x_wconf 88' lang='lat' dir='ltr'>satis</span> <span class='ocrx_word' id='word_1_1200' title='bbox 2269 1664 2410 1695; x_wconf 80' lang='lat' dir='ltr'>deluseris.</span> 
     </span>
    </p>

    <p class='ocr_par' dir='ltr' id='par_1_68' title="bbox 1457 1706 2268 1783">
     <span class='ocr_line' id='line_1_143' title="bbox 1457 1706 2268 1751; baseline -0.007 -14"><span class='ocrx_word' id='word_1_1201' title='bbox 1457 1708 1620 1751; x_wconf 71' lang='lat' dir='ltr'>Absolvere.</span> <span class='ocrx_word' id='word_1_1202' title='bbox 1641 1707 1691 1740; x_wconf 81' lang='lat' dir='ltr'>Pro</span> <span class='ocrx_word' id='word_1_1203' title='bbox 1702 1708 1787 1736; x_wconf 86' lang='lat' dir='ltr'>vitam</span> <span class='ocrx_word' id='word_1_1204' title='bbox 1799 1707 1930 1737; x_wconf 81' lang='lat' dir='ltr'>adimere.</span> <span class='ocrx_word' id='word_1_1205' title='bbox 1957 1707 2044 1737; x_wconf 87' lang='lat' dir='ltr'>Plaut.</span> <span class='ocrx_word' id='word_1_1206' title='bbox 2057 1706 2134 1744; x_wconf 86' lang='lat' dir='ltr'>Capt.</span> <span class='ocrx_word' id='word_1_1207' title='bbox 2149 1715 2172 1742; x_wconf 90' lang='lat'>3.</span> <span class='ocrx_word' id='word_1_1208' title='bbox 2187 1716 2210 1741; x_wconf 83' lang='grc' dir='ltr'>ς.</span> <span class='ocrx_word' id='word_1_1209' title='bbox 2224 1713 2268 1742; x_wconf 83' lang='lat'>73.</span> 
     </span>
     <span class='ocr_line' id='line_1_144' title="bbox 1495 1743 2230 1783; baseline -0.003 -8"><span class='ocrx_word' id='word_1_1210' title='bbox 1495 1746 1550 1776; x_wconf 90' lang='lat' dir='ltr'>Diu</span> <span class='ocrx_word' id='word_1_1211' title='bbox 1562 1755 1612 1783; x_wconf 87' lang='lat' dir='ltr'>ego</span> <span class='ocrx_word' id='word_1_1212' title='bbox 1623 1745 1699 1774; x_wconf 91' lang='lat' dir='ltr'>hunc</span> <span class='ocrx_word' id='word_1_1213' title='bbox 1715 1745 1846 1774; x_wconf 89' lang='lat' dir='ltr'>cruciabo</span> <span class='ocrx_word' id='word_1_1214' title='bbox 1855 1767 1864 1779; x_wconf 71' lang='grc'><em>,</em></span> <span class='ocrx_word' id='word_1_1215' title='bbox 1885 1755 1944 1774; x_wconf 91' lang='lat' dir='ltr'>non</span> <span class='ocrx_word' id='word_1_1216' title='bbox 1955 1755 2012 1774; x_wconf 91' lang='lat' dir='ltr'>uno</span> <span class='ocrx_word' id='word_1_1217' title='bbox 2023 1744 2163 1773; x_wconf 82' lang='lat' dir='ltr'>absolvam</span> <span class='ocrx_word' id='word_1_1218' title='bbox 2176 1743 2230 1772; x_wconf 85' lang='lat' dir='ltr'>die.</span> 
     </span>
    </p>

    <p class='ocr_par' dir='ltr' id='par_1_69' title="bbox 1459 1782 2086 1819">
     <span class='ocr_line' id='line_1_145' title="bbox 1459 1782 2086 1819; baseline -0.005 -5"><span class='ocrx_word' id='word_1_1219' title='bbox 1459 1785 1505 1814; x_wconf 90' lang='lat' dir='ltr'>die</span> <span class='ocrx_word' id='word_1_1220' title='bbox 1516 1785 1600 1813; x_wconf 80' lang='lat' dir='ltr'>vitam</span> <span class='ocrx_word' id='word_1_1221' title='bbox 1611 1782 1651 1812; x_wconf 91' lang='lat' dir='ltr'>illi</span> <span class='ocrx_word' id='word_1_1222' title='bbox 1662 1783 1783 1812; x_wconf 82' lang='lat' dir='ltr'>adimam</span> <span class='ocrx_word' id='word_1_1223' title='bbox 1792 1805 1800 1819; x_wconf 85' lang='lat'>‚</span> <span class='ocrx_word' id='word_1_1224' title='bbox 1820 1783 1866 1812; x_wconf 94' lang='lat' dir='ltr'>vel</span> <span class='ocrx_word' id='word_1_1225' title='bbox 1876 1793 1941 1812; x_wconf 84' lang='lat' dir='ltr'>euni</span> <span class='ocrx_word' id='word_1_1226' title='bbox 1952 1782 2086 1812; x_wconf 85' lang='lat' dir='ltr'>enecabo.</span> 
     </span>
    </p>

    <p class='ocr_par' dir='ltr' id='par_1_70' title="bbox 1422 1813 2586 1864">
     <span class='ocr_line' id='line_1_146' title="bbox 1422 1813 2586 1864; baseline -0.009 -12"><span class='ocrx_word' id='word_1_1227' title='bbox 1422 1823 1466 1854; x_wconf 65' lang='lat' dir='ltr'>Af.</span> <span class='ocrx_word' id='word_1_1228' title='bbox 1475 1833 1486 1852; x_wconf 92' lang='lat' dir='ltr'>s</span> <span class='ocrx_word' id='word_1_1229' title='bbox 1495 1832 1511 1851; x_wconf 93' lang='lat' dir='ltr'>o</span> <span class='ocrx_word' id='word_1_1230' title='bbox 1520 1826 1561 1861; x_wconf 63' lang='lat' dir='ltr'>tsi</span> <span class='ocrx_word' id='word_1_1231' title='bbox 1569 1831 1589 1850; x_wconf 66' lang='lat' dir='ltr'>&#39;r</span> <span class='ocrx_word' id='word_1_1232' title='bbox 1598 1832 1614 1850; x_wconf 88' lang='lat' dir='ltr'>u</span> <span class='ocrx_word' id='word_1_1233' title='bbox 1625 1831 1637 1850; x_wconf 90' lang='lat' dir='ltr'>s</span> <span class='ocrx_word' id='word_1_1234' title='bbox 1647 1843 1655 1856; x_wconf 90' lang='lat'>‚</span> <span class='ocrx_word' id='word_1_1235' title='bbox 1681 1821 1700 1864; x_wconf 36' lang='lat'>&#39;[</span> <span class='ocrx_word' id='word_1_1236' title='bbox 1709 1822 1902 1856; x_wconf 44' lang='lat' dir='ltr'>demonstro&amp;</span> <span class='ocrx_word' id='word_1_1237' title='bbox 1911 1841 1919 1853; x_wconf 80' lang='lat'>,</span> <span class='ocrx_word' id='word_1_1238' title='bbox 1940 1820 2044 1854; x_wconf 50' lang='grc' dir='ltr'>ἕψε-ΓΘ</span> <span class='ocrx_word' id='word_1_1239' title='bbox 2053 1839 2060 1849; x_wconf 84' lang='lat'><em>,</em></span> <span class='ocrx_word' id='word_1_1240' title='bbox 2085 1815 2240 1853; x_wconf 54' lang='grc' dir='ltr'>ὶὸιέλυτῶυ]</span> <span class='ocrx_word' id='word_1_1241' title='bbox 2268 1816 2366 1846; x_wconf 87' lang='lat' dir='ltr'>Partic.</span> <span class='ocrx_word' id='word_1_1242' title='bbox 2395 1814 2465 1844; x_wconf 86' lang='lat' dir='ltr'>Plin.</span> <span class='ocrx_word' id='word_1_1243' title='bbox 2479 1813 2528 1843; x_wconf 85' lang='lat' dir='ltr'>lib.</span> <span class='ocrx_word' id='word_1_1244' title='bbox 2541 1818 2586 1848; x_wconf 84' lang='lat'>18·</span> 
     </span>
    </p>

    <p class='ocr_par' dir='ltr' id='par_1_71' title="bbox 1458 1858 2586 2010">
     <span class='ocr_line' id='line_1_147' title="bbox 1458 1858 2586 1942; baseline -0.01 -15"><span class='ocrx_word' id='word_1_1245' title='bbox 1458 1858 2292 1942; x_wconf 41' lang='lat' dir='ltr'>Aiblsostitusoeiiiiilsleliiisells&#39;irdiizisisrkijiiilssilsuss]aelsifipAgtilliti-ni</span> <span class='ocrx_word' id='word_1_1246' title='bbox 2306 1891 2436 1927; x_wconf 81' lang='lat' dir='ltr'>Veterem</span> <span class='ocrx_word' id='word_1_1247' title='bbox 2453 1900 2469 1918; x_wconf 92' lang='lat' dir='ltr'>e</span> <span class='ocrx_word' id='word_1_1248' title='bbox 2481 1886 2586 1927; x_wconf 88' lang='lat' dir='ltr'>primo-</span> 
     </span>
     <span class='ocr_line' id='line_1_148' title="bbox 1479 1927 2584 1970; baseline -0.01 -5"><span class='ocrx_word' id='word_1_1249' title='bbox 1479 1936 1554 1966; x_wconf 86' lang='lat' dir='ltr'>ribus</span> <span class='ocrx_word' id='word_1_1250' title='bbox 1572 1935 1749 1965; x_wconf 69' lang='lat' dir='ltr'>Macedoniae</span> <span class='ocrx_word' id='word_1_1251' title='bbox 1764 1934 1920 1964; x_wconf 89' lang='lat' dir='ltr'>absolutum</span> <span class='ocrx_word' id='word_1_1252' title='bbox 1934 1934 2063 1964; x_wconf 85' lang='lat' dir='ltr'>adulterii</span> <span class='ocrx_word' id='word_1_1253' title='bbox 2075 1956 2083 1969; x_wconf 81' lang='lat'><strong>‚</strong></span> <span class='ocrx_word' id='word_1_1254' title='bbox 2103 1931 2247 1970; x_wconf 87' lang='lat' dir='ltr'>increpitis</span> <span class='ocrx_word' id='word_1_1255' title='bbox 2257 1928 2417 1967; x_wconf 86' lang='lat' dir='ltr'>judicibus,</span> <span class='ocrx_word' id='word_1_1256' title='bbox 2438 1927 2474 1957; x_wconf 87' lang='lat' dir='ltr'>ad</span> <span class='ocrx_word' id='word_1_1257' title='bbox 2488 1927 2584 1956; x_wconf 82' lang='lat' dir='ltr'>dicen-</span> 
     </span>
     <span class='ocr_line' id='line_1_149' title="bbox 1480 1972 1953 2010; baseline 0 -7"><span class='ocrx_word' id='word_1_1258' title='bbox 1480 1975 1544 2003; x_wconf 85' lang='lat' dir='ltr'>dam</span> <span class='ocrx_word' id='word_1_1259' title='bbox 1555 1973 1701 2010; x_wconf 84' lang='lat' dir='ltr'>majestatis</span> <span class='ocrx_word' id='word_1_1260' title='bbox 1712 1972 1820 2002; x_wconf 85' lang='lat' dir='ltr'>causam</span> <span class='ocrx_word' id='word_1_1261' title='bbox 1830 1974 1953 2003; x_wconf 76' lang='lat' dir='ltr'>retraxit,</span> 
     </span>
    </p>

    <p class='ocr_par' dir='ltr' id='par_1_72' title="bbox 1461 2002 2631 2156">
     <span class='ocr_line' id='line_1_150' title="bbox 1461 2002 2631 2045; baseline -0.009 -4"><span class='ocrx_word' id='word_1_1262' title='bbox 1461 2011 1601 2041; x_wconf 87' lang='lat' dir='ltr'>Vinculis:</span> <span class='ocrx_word' id='word_1_1263' title='bbox 1624 2010 1657 2040; x_wconf 87' lang='lat' dir='ltr'>ld</span> <span class='ocrx_word' id='word_1_1264' title='bbox 1671 2011 1726 2045; x_wconf 84' lang='lat' dir='ltr'>est⁷</span> <span class='ocrx_word' id='word_1_1265' title='bbox 1747 2010 1886 2040; x_wconf 74' lang='lat' dir='ltr'>exolutus.</span> <span class='ocrx_word' id='word_1_1266' title='bbox 1905 2011 1996 2041; x_wconf 88' lang='lat' dir='ltr'>Tacit.</span> <span class='ocrx_word' id='word_1_1267' title='bbox 2008 2009 2056 2039; x_wconf 90' lang='lat' dir='ltr'>lib.</span> <span class='ocrx_word' id='word_1_1268' title='bbox 2072 2018 2114 2038; x_wconf 84' lang='lat'>12.</span> <span class='ocrx_word' id='word_1_1269' title='bbox 2144 2008 2276 2038; x_wconf 87' lang='lat' dir='ltr'>Prudent.</span> <span class='ocrx_word' id='word_1_1270' title='bbox 2287 2006 2317 2035; x_wconf 91' lang='lat' dir='ltr'>in</span> <span class='ocrx_word' id='word_1_1271' title='bbox 2328 2005 2409 2035; x_wconf 92' lang='lat' dir='ltr'>Rom.</span> <span class='ocrx_word' id='word_1_1272' title='bbox 2422 2009 2503 2037; x_wconf 83' lang='lat'>1118.</span> <span class='ocrx_word' id='word_1_1273' title='bbox 2527 2002 2587 2032; x_wconf 75' lang='lat' dir='ltr'>ani-</span> <span class='ocrx_word' id='word_1_1274' title='bbox 2629 2035 2631 2039; x_wconf 72' lang='lat'>‚</span> 
     </span>
     <span class='ocr_line' id='line_1_151' title="bbox 1480 2040 2588 2087; baseline -0.009 -9"><span class='ocrx_word' id='word_1_1275' title='bbox 1480 2060 1525 2080; x_wconf 82' lang='lat' dir='ltr'>nia</span> <span class='ocrx_word' id='word_1_1276' title='bbox 1536 2049 1657 2078; x_wconf 84' lang='lat' dir='ltr'>absoluta</span> <span class='ocrx_word' id='word_1_1277' title='bbox 1672 2048 1791 2078; x_wconf 77' lang='lat' dir='ltr'>vinculis</span> <span class='ocrx_word' id='word_1_1278' title='bbox 1802 2049 1907 2078; x_wconf 85' lang='lat' dir='ltr'>coelum</span> <span class='ocrx_word' id='word_1_1279' title='bbox 1916 2049 1995 2087; x_wconf 90' lang='lat' dir='ltr'>petit.</span> <span class='ocrx_word' id='word_1_1280' title='bbox 2017 2048 2150 2076; x_wconf 87' lang='lat' dir='ltr'>nimirum</span> <span class='ocrx_word' id='word_1_1281' title='bbox 2163 2047 2227 2083; x_wconf 92' lang='lat' dir='ltr'>quic</span> <span class='ocrx_word' id='word_1_1282' title='bbox 2248 2045 2298 2074; x_wconf 90' lang='lat' dir='ltr'>uid</span> <span class='ocrx_word' id='word_1_1283' title='bbox 2311 2052 2417 2072; x_wconf 63' lang='lat' dir='ltr'>nexum</span> <span class='ocrx_word' id='word_1_1284' title='bbox 2428 2040 2588 2071; x_wconf 81' lang='lat' dir='ltr'>clausumve</span> 
     </span>
     <span class='ocr_line' id='line_1_152' title="bbox 1480 2077 2588 2156; baseline -0.009 -39"><span class='ocrx_word' id='word_1_1285' title='bbox 1480 2088 1632 2156; x_wconf 53' lang='lat' dir='ltr'>‘ciinliiiimrl</span> <span class='ocrx_word' id='word_1_1286' title='bbox 1638 2086 1765 2122; x_wconf 87' lang='lat' dir='ltr'>liberum,</span> <span class='ocrx_word' id='word_1_1287' title='bbox 1784 2086 1919 2120; x_wconf 62' lang='lat' dir='ltr'>editum,</span> <span class='ocrx_word' id='word_1_1288' title='bbox 1938 2085 2040 2116; x_wconf 83' lang='lat' dir='ltr'>absolvi</span> <span class='ocrx_word' id='word_1_1289' title='bbox 2051 2086 2160 2115; x_wconf 87' lang='lat' dir='ltr'>dicitur·</span> <span class='ocrx_word' id='word_1_1290' title='bbox 2179 2084 2221 2114; x_wconf 85' lang='lat' dir='ltr'>Id.</span> <span class='ocrx_word' id='word_1_1291' title='bbox 2252 2083 2362 2112; x_wconf 87' lang='lat' dir='ltr'>rudent.</span> <span class='ocrx_word' id='word_1_1292' title='bbox 2372 2080 2475 2119; x_wconf 86' lang='lat' dir='ltr'>Hynm.</span> <span class='ocrx_word' id='word_1_1293' title='bbox 2486 2077 2588 2117; x_wconf 79' lang='lat' dir='ltr'>Epiph-</span> 
     </span>
    </p>

    <p class='ocr_par' dir='ltr' id='par_1_73' title="bbox 1425 2134 2590 2321">
     <span class='ocr_line' id='line_1_153' title="bbox 1502 2134 1820 2160; baseline -0.009 -5"><span class='ocrx_word' id='word_1_1294' title='bbox 1502 2136 1517 2155; x_wconf 92' lang='lat' dir='ltr'>e</span> <span class='ocrx_word' id='word_1_1295' title='bbox 1571 2135 1607 2154; x_wconf 90' lang='lat' dir='ltr'>ar.</span> <span class='ocrx_word' id='word_1_1296' title='bbox 1635 2135 1650 2153; x_wconf 90' lang='grc' dir='ltr'>ο</span> <span class='ocrx_word' id='word_1_1297' title='bbox 1673 2135 1716 2153; x_wconf 92' lang='lat' dir='ltr'>.v.</span> <span class='ocrx_word' id='word_1_1298' title='bbox 1734 2134 1796 2160; x_wconf 85' lang='lat'>145·</span> <span class='ocrx_word' id='word_1_1299' title='bbox 1814 2146 1820 2152; x_wconf 98' lang='lat'>.</span> 
     </span>
     <span class='ocr_line' id='line_1_154' title="bbox 1499 2135 1938 2197; baseline -0.005 -4"><span class='ocrx_word' id='word_1_1300' title='bbox 1499 2164 1617 2193; x_wconf 87' lang='lat' dir='ltr'>Cautum</span> <span class='ocrx_word' id='word_1_1301' title='bbox 1629 2135 1799 2192; x_wconf 75' lang='lat' dir='ltr'>&amp;qstatutum</span> <span class='ocrx_word' id='word_1_1302' title='bbox 1813 2161 1938 2197; x_wconf 78' lang='lat' dir='ltr'>iusserat,</span> 
     </span>
     <span class='ocr_line' id='line_1_155' title="bbox 1500 2197 2327 2239; baseline -0.007 -8"><span class='ocrx_word' id='word_1_1303' title='bbox 1500 2202 1572 2232; x_wconf 90' lang='lat' dir='ltr'>Cum</span> <span class='ocrx_word' id='word_1_1304' title='bbox 1585 2201 1695 2239; x_wconf 88' lang='lat' dir='ltr'>pondus</span> <span class='ocrx_word' id='word_1_1305' title='bbox 1707 2200 1761 2230; x_wconf 86' lang='lat' dir='ltr'>alvi</span> <span class='ocrx_word' id='word_1_1306' title='bbox 1771 2200 1944 2230; x_wconf 83' lang='lat' dir='ltr'>absolverent</span> <span class='ocrx_word' id='word_1_1307' title='bbox 1954 2222 1962 2236; x_wconf 83' lang='lat'>,</span> <span class='ocrx_word' id='word_1_1308' title='bbox 1984 2199 2090 2229; x_wconf 89' lang='lat' dir='ltr'>Puerile</span> <span class='ocrx_word' id='word_1_1309' title='bbox 2106 2198 2206 2236; x_wconf 75' lang='lat' dir='ltr'>pignus</span> <span class='ocrx_word' id='word_1_1310' title='bbox 2218 2197 2327 2226; x_wconf 82' lang='lat' dir='ltr'>tollere.</span> 
     </span>
     <span class='ocr_line' id='line_1_156' title="bbox 1425 2228 2590 2274; baseline -0.011 -3"><span class='ocrx_word' id='word_1_1311' title='bbox 1425 2239 1469 2271; x_wconf 71' lang='lat' dir='ltr'>AB</span> <span class='ocrx_word' id='word_1_1312' title='bbox 1478 2249 1489 2270; x_wconf 85' lang='lat' dir='ltr'>s</span> <span class='ocrx_word' id='word_1_1313' title='bbox 1498 2250 1514 2269; x_wconf 93' lang='lat' dir='ltr'>o</span> <span class='ocrx_word' id='word_1_1314' title='bbox 1525 2251 1541 2267; x_wconf 60' lang='lat' dir='ltr'>i.</span> <span class='ocrx_word' id='word_1_1315' title='bbox 1551 2249 1596 2268; x_wconf 75' lang='grc' dir='ltr'>υτ</span> <span class='ocrx_word' id='word_1_1316' title='bbox 1605 2249 1622 2267; x_wconf 85' lang='lat' dir='ltr'>u</span> <span class='ocrx_word' id='word_1_1317' title='bbox 1631 2249 1642 2268; x_wconf 87' lang='lat' dir='ltr'>s</span> <span class='ocrx_word' id='word_1_1318' title='bbox 1654 2261 1661 2274; x_wconf 87' lang='lat'><strong>‚</strong></span> <span class='ocrx_word' id='word_1_1319' title='bbox 1694 2240 1899 2274; x_wconf 50' lang='grc' dir='ltr'>[ππλεσμένῶ</span> <span class='ocrx_word' id='word_1_1320' title='bbox 1913 2256 1919 2266; x_wconf 81' lang='lat'><strong>‚</strong></span> <span class='ocrx_word' id='word_1_1321' title='bbox 1945 2236 2157 2272; x_wconf 50' lang='grc' dir='ltr'>τετελειωμὲιειλ]</span> <span class='ocrx_word' id='word_1_1322' title='bbox 2188 2236 2301 2265; x_wconf 88' lang='lat' dir='ltr'>Nomen</span> <span class='ocrx_word' id='word_1_1323' title='bbox 2320 2243 2356 2262; x_wconf 82' lang='lat' dir='ltr'>ex</span> <span class='ocrx_word' id='word_1_1324' title='bbox 2373 2231 2471 2261; x_wconf 83' lang='lat' dir='ltr'>Partic.</span> <span class='ocrx_word' id='word_1_1325' title='bbox 2508 2228 2590 2259; x_wconf 82' lang='lat' dir='ltr'>Idem</span> 
     </span>
     <span class='ocr_line' id='line_1_157' title="bbox 1483 2267 2590 2321; baseline -0.01 -14"><span class='ocrx_word' id='word_1_1326' title='bbox 1483 2278 1539 2321; x_wconf 76' lang='lat' dir='ltr'>nod</span> <span class='ocrx_word' id='word_1_1327' title='bbox 1556 2277 1711 2315; x_wconf 73' lang='lat' dir='ltr'>perfectus⁷</span> <span class='ocrx_word' id='word_1_1328' title='bbox 1733 2275 1769 2306; x_wconf 88' lang='lat' dir='ltr'>ad</span> <span class='ocrx_word' id='word_1_1329' title='bbox 1782 2277 1889 2305; x_wconf 82' lang='lat' dir='ltr'>exitum</span> <span class='ocrx_word' id='word_1_1330' title='bbox 1906 2275 2057 2314; x_wconf 60' lang='lat' dir='ltr'>perdufftus</span> <span class='ocrx_word' id='word_1_1331' title='bbox 2068 2297 2075 2310; x_wconf 87' lang='lat'><strong>‚</strong></span> <span class='ocrx_word' id='word_1_1332' title='bbox 2096 2273 2150 2303; x_wconf 88' lang='lat' dir='ltr'>suis</span> <span class='ocrx_word' id='word_1_1333' title='bbox 2162 2274 2285 2303; x_wconf 89' lang='lat' dir='ltr'>numeris</span> <span class='ocrx_word' id='word_1_1334' title='bbox 2303 2270 2433 2301; x_wconf 90' lang='lat' dir='ltr'>omnibus</span> <span class='ocrx_word' id='word_1_1335' title='bbox 2451 2267 2590 2298; x_wconf 83' lang='lat' dir='ltr'>constans.</span> 
     </span>
    </p>

    <p class='ocr_par' dir='ltr' id='par_1_74' title="bbox 1464 2306 2594 2351">
     <span class='ocr_line' id='line_1_158' title="bbox 1464 2306 2594 2351; baseline -0.01 -6"><span class='ocrx_word' id='word_1_1336' title='bbox 1464 2317 1521 2345; x_wconf 72' lang='lat' dir='ltr'>Cic.</span> <span class='ocrx_word' id='word_1_1337' title='bbox 1538 2316 1568 2345; x_wconf 90' lang='lat' dir='ltr'>in</span> <span class='ocrx_word' id='word_1_1338' title='bbox 1578 2314 1672 2344; x_wconf 86' lang='lat' dir='ltr'>Orato.</span> <span class='ocrx_word' id='word_1_1339' title='bbox 1692 2314 1721 2343; x_wconf 91' lang='lat' dir='ltr'>C.</span> <span class='ocrx_word' id='word_1_1340' title='bbox 1736 2324 1761 2344; x_wconf 92' lang='lat'>2.</span> <span class='ocrx_word' id='word_1_1341' title='bbox 1800 2314 1865 2351; x_wconf 83' lang='lat' dir='ltr'>Quo</span> <span class='ocrx_word' id='word_1_1342' title='bbox 1882 2313 1914 2343; x_wconf 88' lang='lat' dir='ltr'>fit</span> <span class='ocrx_word' id='word_1_1343' title='bbox 1932 2320 1963 2343; x_wconf 90' lang='lat' dir='ltr'>ut</span> <span class='ocrx_word' id='word_1_1344' title='bbox 1981 2313 2057 2342; x_wconf 87' lang='lat' dir='ltr'>illam</span> <span class='ocrx_word' id='word_1_1345' title='bbox 2074 2321 2168 2341; x_wconf 82' lang='lat' dir='ltr'>veram</span> <span class='ocrx_word' id='word_1_1346' title='bbox 2184 2313 2210 2342; x_wconf 71' lang='grc' dir='ltr'>δι</span> <span class='ocrx_word' id='word_1_1347' title='bbox 2228 2310 2383 2341; x_wconf 85' lang='lat' dir='ltr'>absolutam</span> <span class='ocrx_word' id='word_1_1348' title='bbox 2399 2306 2594 2344; x_wconf 85' lang='lat' dir='ltr'>eloquentiam</span> 
     </span>
    </p>

    <p class='ocr_par' dir='ltr' id='par_1_75' title="bbox 1464 2350 2167 2390">
     <span class='ocr_line' id='line_1_159' title="bbox 1464 2350 2167 2390; baseline -0.006 -8"><span class='ocrx_word' id='word_1_1349' title='bbox 1464 2364 1548 2383; x_wconf 90' lang='lat' dir='ltr'>nemo</span> <span class='ocrx_word' id='word_1_1350' title='bbox 1561 2353 1750 2390; x_wconf 84' lang='lat' dir='ltr'>consequatur.</span> <span class='ocrx_word' id='word_1_1351' title='bbox 1782 2351 1844 2381; x_wconf 92' lang='lat' dir='ltr'>Hoc</span> <span class='ocrx_word' id='word_1_1352' title='bbox 1858 2352 1895 2381; x_wconf 91' lang='lat' dir='ltr'>est</span> <span class='ocrx_word' id='word_1_1353' title='bbox 1905 2374 1914 2388; x_wconf 82' lang='lat'><strong>‚</strong></span> <span class='ocrx_word' id='word_1_1354' title='bbox 1934 2350 2167 2389; x_wconf 71' lang='lat' dir='ltr'>perfectissimam.</span> 
     </span>
    </p>

    <p class='ocr_par' dir='ltr' id='par_1_76' title="bbox 1464 2389 2157 2422">
     <span class='ocr_line' id='line_1_160' title="bbox 1464 2389 2157 2422; baseline -0.003 -2"><span class='ocrx_word' id='word_1_1355' title='bbox 1464 2392 1594 2422; x_wconf 87' lang='lat' dir='ltr'>Numeris</span> <span class='ocrx_word' id='word_1_1356' title='bbox 1606 2390 1736 2420; x_wconf 84' lang='lat' dir='ltr'>omnibus</span> <span class='ocrx_word' id='word_1_1357' title='bbox 1746 2389 1894 2419; x_wconf 85' lang='lat' dir='ltr'>absolutus.</span> <span class='ocrx_word' id='word_1_1358' title='bbox 1924 2390 1955 2419; x_wconf 91' lang='lat' dir='ltr'>V.</span> <span class='ocrx_word' id='word_1_1359' title='bbox 1977 2399 1996 2418; x_wconf 86' lang='lat' dir='ltr'>N</span> <span class='ocrx_word' id='word_1_1360' title='bbox 2006 2399 2024 2418; x_wconf 83' lang='lat' dir='ltr'>u</span> <span class='ocrx_word' id='word_1_1361' title='bbox 2032 2400 2053 2418; x_wconf 83' lang='lat' dir='ltr'>M</span> <span class='ocrx_word' id='word_1_1362' title='bbox 2063 2399 2076 2417; x_wconf 81' lang='lat' dir='ltr'>F.</span> <span class='ocrx_word' id='word_1_1363' title='bbox 2084 2398 2101 2416; x_wconf 84' lang='lat' dir='ltr'>R</span> <span class='ocrx_word' id='word_1_1364' title='bbox 2110 2398 2128 2417; x_wconf 86' lang='lat' dir='ltr'><strong>U</strong></span> <span class='ocrx_word' id='word_1_1365' title='bbox 2136 2398 2157 2418; x_wconf 83' lang='lat' dir='ltr'>s-</span> 
     </span>
    </p>

    <p class='ocr_par' dir='ltr' id='par_1_77' title="bbox 1464 2426 2245 2467">
     <span class='ocr_line' id='line_1_161' title="bbox 1464 2426 2245 2467; baseline -0.006 -8"><span class='ocrx_word' id='word_1_1366' title='bbox 1464 2429 1593 2460; x_wconf 81' lang='lat' dir='ltr'>Absoluta</span> <span class='ocrx_word' id='word_1_1367' title='bbox 1605 2429 1763 2467; x_wconf 65' lang='lat' dir='ltr'>&amp;perfecta</span> <span class='ocrx_word' id='word_1_1368' title='bbox 1776 2428 1921 2465; x_wconf 82' lang='lat' dir='ltr'>elegantia.</span> <span class='ocrx_word' id='word_1_1369' title='bbox 1952 2426 2021 2456; x_wconf 91' lang='lat' dir='ltr'>Plin.</span> <span class='ocrx_word' id='word_1_1370' title='bbox 2040 2426 2087 2456; x_wconf 90' lang='lat' dir='ltr'>lib.</span> <span class='ocrx_word' id='word_1_1371' title='bbox 2100 2436 2126 2455; x_wconf 93' lang='lat'>2.</span> <span class='ocrx_word' id='word_1_1372' title='bbox 2146 2434 2177 2454; x_wconf 87' lang='lat' dir='ltr'>ca</span> <span class='ocrx_word' id='word_1_1373' title='bbox 2201 2435 2245 2460; x_wconf 92' lang='lat'>.4.</span> 
     </span>
    </p>

    <p class='ocr_par' dir='ltr' id='par_1_78' title="bbox 1465 2435 2320 2499">
     <span class='ocr_line' id='line_1_162' title="bbox 1465 2435 2320 2499; baseline -0.006 -3"><span class='ocrx_word' id='word_1_1374' title='bbox 1465 2467 1594 2497; x_wconf 84' lang='lat' dir='ltr'>Absoluta</span> <span class='ocrx_word' id='word_1_1375' title='bbox 1608 2467 1777 2496; x_wconf 85' lang='lat' dir='ltr'>constitutio.</span> <span class='ocrx_word' id='word_1_1376' title='bbox 1799 2466 1833 2495; x_wconf 87' lang='lat' dir='ltr'>ad</span> <span class='ocrx_word' id='word_1_1377' title='bbox 1844 2466 1946 2496; x_wconf 89' lang='lat' dir='ltr'>Heren.</span> <span class='ocrx_word' id='word_1_1378' title='bbox 1960 2465 2005 2494; x_wconf 90' lang='lat' dir='ltr'>Gr.</span> <span class='ocrx_word' id='word_1_1379' title='bbox 2027 2461 2167 2496; x_wconf 62' lang='grc' dir='ltr'>οὶγτὶληψις.</span> <span class='ocrx_word' id='word_1_1380' title='bbox 2179 2435 2320 2499; x_wconf 50' lang='grc' dir='ltr'>ἳῇετῑηοὲ.</span> 
     </span>
    </p>

    <p class='ocr_par' dir='ltr' id='par_1_79' title="bbox 1465 2493 2594 2612">
     <span class='ocr_line' id='line_1_163' title="bbox 1465 2493 2594 2541; baseline -0.011 -6"><span class='ocrx_word' id='word_1_1381' title='bbox 1465 2505 1594 2536; x_wconf 84' lang='lat' dir='ltr'>Absoluta</span> <span class='ocrx_word' id='word_1_1382' title='bbox 1605 2505 1783 2534; x_wconf 87' lang='lat' dir='ltr'>similitudine</span> <span class='ocrx_word' id='word_1_1383' title='bbox 1794 2504 1888 2533; x_wconf 82' lang='lat' dir='ltr'>homo.</span> <span class='ocrx_word' id='word_1_1384' title='bbox 1910 2504 1943 2534; x_wconf 90' lang='lat' dir='ltr'>Id</span> <span class='ocrx_word' id='word_1_1385' title='bbox 1956 2503 2010 2537; x_wconf 79' lang='lat' dir='ltr'>est,</span> <span class='ocrx_word' id='word_1_1386' title='bbox 2032 2502 2162 2541; x_wconf 70' lang='lat' dir='ltr'>perfecta.</span> <span class='ocrx_word' id='word_1_1387' title='bbox 2183 2500 2254 2530; x_wconf 90' lang='lat' dir='ltr'>Plin.</span> <span class='ocrx_word' id='word_1_1388' title='bbox 2266 2499 2306 2528; x_wconf 90' lang='lat' dir='ltr'>lib</span> <span class='ocrx_word' id='word_1_1389' title='bbox 2328 2509 2353 2534; x_wconf 87' lang='lat'>9.</span> <span class='ocrx_word' id='word_1_1390' title='bbox 2366 2506 2431 2535; x_wconf 87' lang='lat' dir='ltr'>cap.</span> <span class='ocrx_word' id='word_1_1391' title='bbox 2445 2506 2471 2532; x_wconf 80' lang='grc' dir='ltr'>ς.</span> <span class='ocrx_word' id='word_1_1392' title='bbox 2496 2493 2594 2524; x_wconf 88' lang='lat' dir='ltr'>Visum</span> 
     </span>
     <span class='ocr_line' id='line_1_164' title="bbox 1486 2533 2594 2612; baseline -0.011 -39"><span class='ocrx_word' id='word_1_1393' title='bbox 1486 2544 1520 2612; x_wconf 60' lang='lat' dir='ltr'>}b</span> <span class='ocrx_word' id='word_1_1394' title='bbox 1536 2543 1577 2610; x_wconf 48' lang='lat' dir='ltr'>ips</span> <span class='ocrx_word' id='word_1_1395' title='bbox 1594 2543 1626 2609; x_wconf 43' lang='lat' dir='ltr'>ii?</span> <span class='ocrx_word' id='word_1_1396' title='bbox 1644 2543 1781 2572; x_wconf 84' lang='lat' dir='ltr'>Gaditano</span> <span class='ocrx_word' id='word_1_1397' title='bbox 1796 2541 1911 2571; x_wconf 82' lang='lat' dir='ltr'>Oceano</span> <span class='ocrx_word' id='word_1_1398' title='bbox 1925 2541 2064 2571; x_wconf 82' lang='lat' dir='ltr'>marinum</span> <span class='ocrx_word' id='word_1_1399' title='bbox 2076 2539 2222 2570; x_wconf 86' lang='lat' dir='ltr'>hominem</span> <span class='ocrx_word' id='word_1_1400' title='bbox 2232 2560 2240 2574; x_wconf 87' lang='lat'>‚</span> <span class='ocrx_word' id='word_1_1401' title='bbox 2261 2544 2323 2567; x_wconf 89' lang='lat' dir='ltr'>toto</span> <span class='ocrx_word' id='word_1_1402' title='bbox 2335 2543 2452 2573; x_wconf 86' lang='lat' dir='ltr'>corpore</span> <span class='ocrx_word' id='word_1_1403' title='bbox 2469 2533 2594 2563; x_wconf 84' lang='lat' dir='ltr'>absoluta</span> 
     </span>
     <span class='ocr_line' id='line_1_165' title="bbox 1497 2589 1672 2610; baseline -0.011 0"><span class='ocrx_word' id='word_1_1404' title='bbox 1497 2592 1545 2610; x_wconf 88' lang='lat' dir='ltr'>imi</span> <span class='ocrx_word' id='word_1_1405' title='bbox 1559 2589 1609 2610; x_wconf 77' lang='lat' dir='ltr'>itu(</span> <span class='ocrx_word' id='word_1_1406' title='bbox 1619 2591 1672 2610; x_wconf 89' lang='lat' dir='ltr'>ine.</span> 
     </span>
    </p>

    <p class='ocr_par' dir='ltr' id='par_1_80' title="bbox 1468 2616 2012 2656">
     <span class='ocr_line' id='line_1_166' title="bbox 1468 2616 2012 2656; baseline -0.007 -7"><span class='ocrx_word' id='word_1_1407' title='bbox 1468 2619 1613 2650; x_wconf 86' lang='lat' dir='ltr'>Absolutus</span> <span class='ocrx_word' id='word_1_1408' title='bbox 1624 2619 1753 2656; x_wconf 62' lang='lat' dir='ltr'>perfedte.</span> <span class='ocrx_word' id='word_1_1409' title='bbox 1785 2617 1843 2647; x_wconf 89' lang='lat' dir='ltr'>Cic.</span> <span class='ocrx_word' id='word_1_1410' title='bbox 1857 2628 1883 2653; x_wconf 88' lang='lat'>4.</span> <span class='ocrx_word' id='word_1_1411' title='bbox 1901 2616 1936 2645; x_wconf 90' lang='lat' dir='ltr'>de</span> <span class='ocrx_word' id='word_1_1412' title='bbox 1951 2616 2012 2646; x_wconf 79' lang='lat' dir='ltr'>Pin.</span> 
     </span>
    </p>
   </div>
   <div class='ocr_carea' id='block_1_19' title="bbox 2290 1739 2584 1776">
    <p class='ocr_par' dir='ltr' id='par_1_81' title="bbox 2290 1739 2584 1776">
     <span class='ocr_line' id='line_1_167' title="bbox 2290 1739 2584 1776; baseline -0.017 -4"><span class='ocrx_word' id='word_1_1413' title='bbox 2290 1741 2354 1773; x_wconf 84' lang='lat' dir='ltr'>Hoc</span> <span class='ocrx_word' id='word_1_1414' title='bbox 2371 1739 2429 1776; x_wconf 88' lang='lat' dir='ltr'>est,</span> <span class='ocrx_word' id='word_1_1415' title='bbox 2449 1748 2510 1769; x_wconf 91' lang='lat' dir='ltr'>non</span> <span class='ocrx_word' id='word_1_1416' title='bbox 2523 1746 2584 1767; x_wconf 87' lang='lat' dir='ltr'>uno</span> 
     </span>
    </p>
   </div>
   <div class='ocr_carea' id='block_1_20' title="bbox 1959 2157 2363 2198">
    <p class='ocr_par' dir='ltr' id='par_1_82' title="bbox 1959 2157 2363 2198">
     <span class='ocr_line' id='line_1_168' title="bbox 1959 2157 2363 2198; baseline -0.01 -7"><span class='ocrx_word' id='word_1_1417' title='bbox 1959 2162 2025 2198; x_wconf 84' lang='lat' dir='ltr'>Quo</span> <span class='ocrx_word' id='word_1_1418' title='bbox 2036 2170 2095 2190; x_wconf 90' lang='lat' dir='ltr'>non</span> <span class='ocrx_word' id='word_1_1419' title='bbox 2108 2159 2206 2189; x_wconf 90' lang='lat' dir='ltr'>liceret</span> <span class='ocrx_word' id='word_1_1420' title='bbox 2218 2157 2363 2193; x_wconf 78' lang='lat' dir='ltr'>matribus,</span> 
     </span>
    </p>
   </div>
   <div class='ocr_carea' id='block_1_21' title="bbox 1432 2646 2653 2694">
    <p class='ocr_par' dir='ltr' id='par_1_83' title="bbox 1432 2646 2653 2694">
     <span class='ocr_line' id='line_1_169' title="bbox 1432 2646 2653 2694; baseline -0.011 -7"><span class='ocrx_word' id='word_1_1421' title='bbox 1432 2659 1476 2690; x_wconf 73' lang='lat' dir='ltr'>AB</span> <span class='ocrx_word' id='word_1_1422' title='bbox 1484 2668 1495 2687; x_wconf 90' lang='lat' dir='ltr'>s</span> <span class='ocrx_word' id='word_1_1423' title='bbox 1504 2668 1520 2686; x_wconf 92' lang='lat' dir='ltr'>o</span> <span class='ocrx_word' id='word_1_1424' title='bbox 1529 2668 1567 2686; x_wconf 73' lang='lat' dir='ltr'>Lu</span> <span class='ocrx_word' id='word_1_1425' title='bbox 1578 2666 1598 2686; x_wconf 82' lang='lat' dir='ltr'>T</span> <span class='ocrx_word' id='word_1_1426' title='bbox 1607 2668 1615 2685; x_wconf 91' lang='lat'>1</span> <span class='ocrx_word' id='word_1_1427' title='bbox 1624 2667 1640 2685; x_wconf 93' lang='lat' dir='ltr'>o</span> <span class='ocrx_word' id='word_1_1428' title='bbox 1649 2667 1665 2685; x_wconf 83' lang='lat' dir='ltr'>R</span> <span class='ocrx_word' id='word_1_1429' title='bbox 1675 2679 1683 2692; x_wconf 83' lang='lat'>,</span> <span class='ocrx_word' id='word_1_1430' title='bbox 1705 2656 1773 2685; x_wconf 90' lang='lat' dir='ltr'>Plin.</span> <span class='ocrx_word' id='word_1_1431' title='bbox 1785 2655 1832 2685; x_wconf 90' lang='lat' dir='ltr'>lib.</span> <span class='ocrx_word' id='word_1_1432' title='bbox 1847 2665 1890 2692; x_wconf 83' lang='lat'>34.</span> <span class='ocrx_word' id='word_1_1433' title='bbox 1902 2664 1962 2692; x_wconf 82' lang='lat' dir='ltr'>cap.</span> <span class='ocrx_word' id='word_1_1434' title='bbox 1974 2660 1999 2688; x_wconf 83' lang='lat'>8.</span> <span class='ocrx_word' id='word_1_1435' title='bbox 2027 2692 2030 2694; x_wconf 51' lang='lat'>.</span> <span class='ocrx_word' id='word_1_1436' title='bbox 2041 2653 2107 2690; x_wconf 84' lang='lat' dir='ltr'>Quo</span> <span class='ocrx_word' id='word_1_1437' title='bbox 2124 2661 2209 2690; x_wconf 89' lang='lat' dir='ltr'>opere</span> <span class='ocrx_word' id='word_1_1438' title='bbox 2218 2649 2330 2680; x_wconf 90' lang='lat' dir='ltr'>nullum</span> <span class='ocrx_word' id='word_1_1439' title='bbox 2341 2647 2502 2678; x_wconf 81' lang='lat' dir='ltr'>absolutius.</span> <span class='ocrx_word' id='word_1_1440' title='bbox 2521 2646 2594 2676; x_wconf 85' lang='lat' dir='ltr'>Item</span> <span class='ocrx_word' id='word_1_1441' title='bbox 2650 2670 2653 2678; x_wconf 73' lang='grc'>,</span> 
     </span>
    </p>
   </div>
   <div class='ocr_carea' id='block_1_22' title="bbox 1431 2686 2651 3963">
    <p class='ocr_par' dir='ltr' id='par_1_84' title="bbox 1468 2686 2592 2733">
     <span class='ocr_line' id='line_1_170' title="bbox 1468 2686 2592 2733; baseline -0.01 -8"><span class='ocrx_word' id='word_1_1442' title='bbox 1468 2695 1567 2733; x_wconf 87' lang='lat' dir='ltr'>superl.</span> <span class='ocrx_word' id='word_1_1443' title='bbox 1587 2696 1663 2724; x_wconf 72' lang='lat' dir='ltr'>Auct-</span> <span class='ocrx_word' id='word_1_1444' title='bbox 1682 2694 1717 2723; x_wconf 85' lang='lat' dir='ltr'>ad</span> <span class='ocrx_word' id='word_1_1445' title='bbox 1736 2694 1838 2723; x_wconf 87' lang='lat' dir='ltr'>Heren.</span> <span class='ocrx_word' id='word_1_1446' title='bbox 1851 2705 1877 2729; x_wconf 94' lang='lat'>4.</span> <span class='ocrx_word' id='word_1_1447' title='bbox 1893 2696 1938 2722; x_wconf 88' lang='lat'>26.</span> <span class='ocrx_word' id='word_1_1448' title='bbox 1962 2694 1988 2722; x_wconf 68' lang='grc' dir='ltr'>ἃ</span> <span class='ocrx_word' id='word_1_1449' title='bbox 1999 2691 2125 2722; x_wconf 84' lang='lat' dir='ltr'>Macrob.</span> <span class='ocrx_word' id='word_1_1450' title='bbox 2140 2701 2162 2719; x_wconf 94' lang='lat'>1.</span> <span class='ocrx_word' id='word_1_1451' title='bbox 2177 2690 2212 2719; x_wconf 91' lang='lat' dir='ltr'>de</span> <span class='ocrx_word' id='word_1_1452' title='bbox 2227 2689 2323 2719; x_wconf 79' lang='lat' dir='ltr'>somn.</span> <span class='ocrx_word' id='word_1_1453' title='bbox 2336 2686 2410 2724; x_wconf 88' lang='lat' dir='ltr'>Scip.</span> <span class='ocrx_word' id='word_1_1454' title='bbox 2426 2695 2450 2715; x_wconf 85' lang='lat' dir='ltr'>c.</span> <span class='ocrx_word' id='word_1_1455' title='bbox 2465 2695 2506 2715; x_wconf 87' lang='lat'>11.</span> <span class='ocrx_word' id='word_1_1456' title='bbox 2521 2689 2592 2714; x_wconf 82' lang='lat' dir='ltr'>extr.</span> 
     </span>
    </p>

    <p class='ocr_par' dir='ltr' id='par_1_85' title="bbox 1438 2732 1798 2770">
     <span class='ocr_line' id='line_1_171' title="bbox 1438 2732 1798 2770; baseline -0.008 -7"><span class='ocrx_word' id='word_1_1457' title='bbox 1438 2738 1441 2741; x_wconf 87' lang='lat'>&#39;</span> <span class='ocrx_word' id='word_1_1458' title='bbox 1468 2732 1669 2763; x_wconf 79' lang='lat' dir='ltr'>Absolutissima</span> <span class='ocrx_word' id='word_1_1459' title='bbox 1686 2732 1798 2770; x_wconf 87' lang='lat' dir='ltr'>puritas.</span> 
     </span>
    </p>

    <p class='ocr_par' dir='ltr' id='par_1_86' title="bbox 1431 2759 2596 2846">
     <span class='ocr_line' id='line_1_172' title="bbox 1431 2759 2596 2805; baseline -0.012 -4"><span class='ocrx_word' id='word_1_1460' title='bbox 1431 2772 1569 2802; x_wconf 65' lang='lat' dir='ltr'>Ansotc</span> <span class='ocrx_word' id='word_1_1461' title='bbox 1584 2780 1597 2798; x_wconf 81' lang='lat'>1·</span> <span class='ocrx_word' id='word_1_1462' title='bbox 1607 2781 1619 2799; x_wconf 76' lang='lat' dir='ltr'>r.</span> <span class='ocrx_word' id='word_1_1463' title='bbox 1631 2792 1638 2804; x_wconf 81' lang='grc'><em>,</em></span> <span class='ocrx_word' id='word_1_1464' title='bbox 1660 2771 1726 2799; x_wconf 86' lang='lat' dir='ltr'>Adv.</span> <span class='ocrx_word' id='word_1_1465' title='bbox 1750 2768 1877 2805; x_wconf 79' lang='grc' dir='ltr'>[πλέως]</span> <span class='ocrx_word' id='word_1_1466' title='bbox 1898 2767 2029 2797; x_wconf 73' lang='lat' dir='ltr'>Persecte.</span> <span class='ocrx_word' id='word_1_1467' title='bbox 2049 2766 2107 2795; x_wconf 90' lang='lat' dir='ltr'>Cic.</span> <span class='ocrx_word' id='word_1_1468' title='bbox 2122 2775 2145 2802; x_wconf 91' lang='lat'>3.</span> <span class='ocrx_word' id='word_1_1469' title='bbox 2163 2765 2198 2794; x_wconf 91' lang='lat' dir='ltr'>de</span> <span class='ocrx_word' id='word_1_1470' title='bbox 2209 2764 2269 2794; x_wconf 89' lang='lat' dir='ltr'>Fin.</span> <span class='ocrx_word' id='word_1_1471' title='bbox 2303 2760 2462 2792; x_wconf 71' lang='lat' dir='ltr'>Necessario</span> <span class='ocrx_word' id='word_1_1472' title='bbox 2472 2759 2596 2797; x_wconf 76' lang='lat' dir='ltr'>sequitur</span> 
     </span>
     <span class='ocr_line' id='line_1_173' title="bbox 1469 2800 2422 2846; baseline -0.012 -8"><span class='ocrx_word' id='word_1_1473' title='bbox 1469 2818 1567 2838; x_wconf 91' lang='lat' dir='ltr'>omnes</span> <span class='ocrx_word' id='word_1_1474' title='bbox 1581 2808 1715 2846; x_wconf 85' lang='lat' dir='ltr'>sapientes</span> <span class='ocrx_word' id='word_1_1475' title='bbox 1730 2807 1836 2845; x_wconf 87' lang='lat' dir='ltr'>semper</span> <span class='ocrx_word' id='word_1_1476' title='bbox 1849 2806 1967 2835; x_wconf 86' lang='lat' dir='ltr'>feliciter</span> <span class='ocrx_word' id='word_1_1477' title='bbox 1978 2827 1986 2839; x_wconf 81' lang='grc'><em>,</em></span> <span class='ocrx_word' id='word_1_1478' title='bbox 2007 2804 2130 2833; x_wconf 87' lang='lat' dir='ltr'>absolute</span> <span class='ocrx_word' id='word_1_1479' title='bbox 2140 2826 2147 2839; x_wconf 73' lang='lat'><em>⁷</em></span> <span class='ocrx_word' id='word_1_1480' title='bbox 2168 2803 2309 2831; x_wconf 83' lang='lat' dir='ltr'>fortunate</span> <span class='ocrx_word' id='word_1_1481' title='bbox 2322 2800 2422 2829; x_wconf 89' lang='lat' dir='ltr'>vivere.</span> 
     </span>
    </p>

    <p class='ocr_par' dir='ltr' id='par_1_87' title="bbox 1468 2834 2597 2879">
     <span class='ocr_line' id='line_1_174' title="bbox 1468 2834 2597 2879; baseline -0.012 -3"><span class='ocrx_word' id='word_1_1482' title='bbox 1468 2846 1589 2877; x_wconf 61' lang='lat' dir='ltr'>PerfecTe</span> <span class='ocrx_word' id='word_1_1483' title='bbox 1600 2849 1625 2875; x_wconf 70' lang='lat' dir='ltr'>ot</span> <span class='ocrx_word' id='word_1_1484' title='bbox 1637 2845 1769 2874; x_wconf 81' lang='lat' dir='ltr'>absolute.</span> <span class='ocrx_word' id='word_1_1485' title='bbox 1803 2844 1861 2873; x_wconf 87' lang='lat' dir='ltr'>Cic.</span> <span class='ocrx_word' id='word_1_1486' title='bbox 1872 2856 1897 2879; x_wconf 92' lang='lat'>4.</span> <span class='ocrx_word' id='word_1_1487' title='bbox 1911 2843 1994 2872; x_wconf 88' lang='lat' dir='ltr'>Acad.</span> <span class='ocrx_word' id='word_1_1488' title='bbox 2036 2842 2091 2871; x_wconf 86' lang='lat' dir='ltr'>Sed</span> <span class='ocrx_word' id='word_1_1489' title='bbox 2104 2841 2229 2876; x_wconf 86' lang='lat' dir='ltr'>undique</span> <span class='ocrx_word' id='word_1_1490' title='bbox 2248 2838 2369 2878; x_wconf 56' lang='lat' dir='ltr'>perfecte</span> <span class='ocrx_word' id='word_1_1491' title='bbox 2381 2838 2407 2866; x_wconf 64' lang='lat' dir='ltr'>St</span> <span class='ocrx_word' id='word_1_1492' title='bbox 2417 2834 2542 2865; x_wconf 84' lang='lat' dir='ltr'>absolute</span> <span class='ocrx_word' id='word_1_1493' title='bbox 2557 2834 2597 2863; x_wconf 79' lang='lat' dir='ltr'>ita</span> 
     </span>
    </p>

    <p class='ocr_par' dir='ltr' id='par_1_88' title="bbox 1491 2873 2597 2995">
     <span class='ocr_line' id='line_1_175' title="bbox 1509 2873 2597 2920; baseline -0.012 -7"><span class='ocrx_word' id='word_1_1494' title='bbox 1509 2894 1566 2913; x_wconf 86' lang='lat' dir='ltr'>ares</span> <span class='ocrx_word' id='word_1_1495' title='bbox 1576 2906 1584 2919; x_wconf 76' lang='grc'>,</span> <span class='ocrx_word' id='word_1_1496' title='bbox 1606 2890 1637 2912; x_wconf 89' lang='lat' dir='ltr'>ut</span> <span class='ocrx_word' id='word_1_1497' title='bbox 1648 2884 1719 2912; x_wconf 85' lang='lat' dir='ltr'>inter</span> <span class='ocrx_word' id='word_1_1498' title='bbox 1730 2892 1777 2911; x_wconf 91' lang='lat' dir='ltr'>eos</span> <span class='ocrx_word' id='word_1_1499' title='bbox 1789 2880 1976 2920; x_wconf 88' lang='lat' dir='ltr'>nihilprorsus</span> <span class='ocrx_word' id='word_1_1500' title='bbox 1989 2880 2102 2909; x_wconf 80' lang='lat' dir='ltr'>interiit.</span> <span class='ocrx_word' id='word_1_1501' title='bbox 2135 2878 2250 2908; x_wconf 84' lang='lat' dir='ltr'>Addidit</span> <span class='ocrx_word' id='word_1_1502' title='bbox 2269 2875 2432 2909; x_wconf 68' lang='lat' dir='ltr'>(absolute)</span> <span class='ocrx_word' id='word_1_1503' title='bbox 2451 2873 2524 2910; x_wconf 84' lang='lat' dir='ltr'>quasi</span> <span class='ocrx_word' id='word_1_1504' title='bbox 2535 2881 2597 2910; x_wconf 93' lang='lat' dir='ltr'>per-</span> 
     </span>
     <span class='ocr_line' id='line_1_176' title="bbox 1491 2911 2597 2990; baseline -0.013 -38"><span class='ocrx_word' id='word_1_1505' title='bbox 1491 2922 1588 2990; x_wconf 59' lang='lat' dir='ltr'>cecTius</span> <span class='ocrx_word' id='word_1_1506' title='bbox 1598 2921 1702 2988; x_wconf 47' lang='lat' dir='ltr'>apqpid</span> <span class='ocrx_word' id='word_1_1507' title='bbox 1713 2920 1860 2959; x_wconf 74' lang='lat' dir='ltr'>significet,</span> <span class='ocrx_word' id='word_1_1508' title='bbox 1878 2928 1960 2957; x_wconf 81' lang='lat' dir='ltr'>quam</span> <span class='ocrx_word' id='word_1_1509' title='bbox 1971 2918 2103 2956; x_wconf 77' lang='lat' dir='ltr'>perfecte.</span> <span class='ocrx_word' id='word_1_1510' title='bbox 2131 2916 2254 2946; x_wconf 74' lang='lat' dir='ltr'>Perfecte</span> <span class='ocrx_word' id='word_1_1511' title='bbox 2265 2920 2347 2952; x_wconf 83' lang='lat' dir='ltr'>atque</span> <span class='ocrx_word' id='word_1_1512' title='bbox 2357 2911 2480 2942; x_wconf 87' lang='lat' dir='ltr'>absolute</span> <span class='ocrx_word' id='word_1_1513' title='bbox 2491 2911 2597 2949; x_wconf 57' lang='lat' dir='ltr'>beatus·</span> 
     </span>
     <span class='ocr_line' id='line_1_177' title="bbox 1515 2969 1687 2995; baseline -0.006 -7"><span class='ocrx_word' id='word_1_1514' title='bbox 1515 2969 1551 2989; x_wconf 72' lang='lat' dir='ltr'>ic.</span> <span class='ocrx_word' id='word_1_1515' title='bbox 1563 2971 1589 2995; x_wconf 90' lang='lat'>4.</span> <span class='ocrx_word' id='word_1_1516' title='bbox 1632 2970 1649 2988; x_wconf 85' lang='lat' dir='ltr'>u</span> <span class='ocrx_word' id='word_1_1517' title='bbox 1663 2970 1687 2988; x_wconf 87' lang='lat' dir='ltr'>c.</span> 
     </span>
    </p>

    <p class='ocr_par' dir='ltr' id='par_1_89' title="bbox 1472 2986 2651 3102">
     <span class='ocr_line' id='line_1_178' title="bbox 1472 2986 2598 3028; baseline -0.013 0"><span class='ocrx_word' id='word_1_1518' title='bbox 1472 2998 1600 3028; x_wconf 87' lang='lat' dir='ltr'>Absolute</span> <span class='ocrx_word' id='word_1_1519' title='bbox 1616 2997 1723 3026; x_wconf 65' lang='lat' dir='ltr'>doctus.</span> <span class='ocrx_word' id='word_1_1520' title='bbox 1757 2995 1832 3025; x_wconf 89' lang='lat' dir='ltr'>Suet.</span> <span class='ocrx_word' id='word_1_1521' title='bbox 1854 2994 1889 3023; x_wconf 92' lang='lat' dir='ltr'>de</span> <span class='ocrx_word' id='word_1_1522' title='bbox 1906 2993 1969 3022; x_wconf 87' lang='lat' dir='ltr'>clar.</span> <span class='ocrx_word' id='word_1_1523' title='bbox 1992 2993 2083 3022; x_wconf 72' lang='lat' dir='ltr'>Grani.</span> <span class='ocrx_word' id='word_1_1524' title='bbox 2106 3003 2134 3028; x_wconf 92' lang='lat'>4.</span> <span class='ocrx_word' id='word_1_1525' title='bbox 2178 2990 2217 3020; x_wconf 93' lang='lat' dir='ltr'>Ut</span> <span class='ocrx_word' id='word_1_1526' title='bbox 2237 2989 2326 3019; x_wconf 72' lang='lat' dir='ltr'>Grceci</span> <span class='ocrx_word' id='word_1_1527' title='bbox 2344 2986 2565 3017; x_wconf 83' lang='lat' dir='ltr'>Grammaticum</span> <span class='ocrx_word' id='word_1_1528' title='bbox 2581 2993 2598 3013; x_wconf 87' lang='lat' dir='ltr'>a</span> 
     </span>
     <span class='ocr_line' id='line_1_179' title="bbox 1490 3025 2651 3102; baseline -0.012 -37"><span class='ocrx_word' id='word_1_1529' title='bbox 1490 3036 1672 3102; x_wconf 51' lang='lat' dir='ltr'>graaimarista</span> <span class='ocrx_word' id='word_1_1530' title='bbox 1688 3045 1694 3064; x_wconf 86' lang='lat'>:</span> <span class='ocrx_word' id='word_1_1531' title='bbox 1736 3036 1763 3064; x_wconf 74' lang='lat' dir='ltr'>Sc</span> <span class='ocrx_word' id='word_1_1532' title='bbox 1783 3033 1862 3062; x_wconf 90' lang='lat' dir='ltr'>illum</span> <span class='ocrx_word' id='word_1_1533' title='bbox 1880 3032 1993 3069; x_wconf 87' lang='lat' dir='ltr'>quidem</span> <span class='ocrx_word' id='word_1_1534' title='bbox 2012 3030 2136 3060; x_wconf 82' lang='lat' dir='ltr'>absolute</span> <span class='ocrx_word' id='word_1_1535' title='bbox 2148 3052 2156 3066; x_wconf 86' lang='lat'>‚</span> <span class='ocrx_word' id='word_1_1536' title='bbox 2187 3028 2264 3058; x_wconf 90' lang='lat' dir='ltr'>hunc</span> <span class='ocrx_word' id='word_1_1537' title='bbox 2285 3026 2464 3056; x_wconf 88' lang='lat' dir='ltr'>mediocriter</span> <span class='ocrx_word' id='word_1_1538' title='bbox 2481 3025 2598 3054; x_wconf 72' lang='lat' dir='ltr'>doctum</span> <span class='ocrx_word' id='word_1_1539' title='bbox 2648 3038 2651 3042; x_wconf 66' lang='lat'>&lt;</span> 
     </span>
     <span class='ocr_line' id='line_1_180' title="bbox 1491 3079 2611 3102; baseline -0.011 0"><span class='ocrx_word' id='word_1_1540' title='bbox 1491 3083 1534 3102; x_wconf 71' lang='lat' dir='ltr'>exr</span> <span class='ocrx_word' id='word_1_1541' title='bbox 1560 3080 1654 3102; x_wconf 84' lang='lat' dir='ltr'>imant.</span> <span class='ocrx_word' id='word_1_1542' title='bbox 2604 3079 2611 3083; x_wconf 40' lang='grc' dir='ltr'><em>κ</em></span> 
     </span>
    </p>

    <p class='ocr_par' dir='ltr' id='par_1_90' title="bbox 1473 3102 2329 3148">
     <span class='ocr_line' id='line_1_181' title="bbox 1473 3102 2329 3148; baseline -0.012 -7"><span class='ocrx_word' id='word_1_1543' title='bbox 1473 3111 1600 3141; x_wconf 86' lang='lat' dir='ltr'>Absolute</span> <span class='ocrx_word' id='word_1_1544' title='bbox 1612 3110 1785 3148; x_wconf 90' lang='lat' dir='ltr'>respondere.</span> <span class='ocrx_word' id='word_1_1545' title='bbox 1816 3108 1900 3137; x_wconf 75' lang='lat' dir='ltr'>Scaev.</span> <span class='ocrx_word' id='word_1_1546' title='bbox 1915 3107 1944 3136; x_wconf 91' lang='lat' dir='ltr'>in</span> <span class='ocrx_word' id='word_1_1547' title='bbox 1960 3106 1979 3135; x_wconf 98' lang='lat' dir='ltr'>l.</span> <span class='ocrx_word' id='word_1_1548' title='bbox 1994 3106 2075 3136; x_wconf 77' lang='lat' dir='ltr'>Maev.</span> <span class='ocrx_word' id='word_1_1549' title='bbox 2094 3105 2128 3135; x_wconf 93' lang='lat' dir='ltr'>D.</span> <span class='ocrx_word' id='word_1_1550' title='bbox 2147 3104 2182 3133; x_wconf 88' lang='lat' dir='ltr'>de</span> <span class='ocrx_word' id='word_1_1551' title='bbox 2198 3113 2263 3134; x_wconf 88' lang='lat' dir='ltr'>ann.</span> <span class='ocrx_word' id='word_1_1552' title='bbox 2277 3102 2329 3140; x_wconf 87' lang='lat' dir='ltr'>leg.</span> 
     </span>
    </p>

    <p class='ocr_par' dir='ltr' id='par_1_91' title="bbox 1436 3134 2599 3254">
     <span class='ocr_line' id='line_1_182' title="bbox 1436 3134 2597 3184; baseline -0.013 -5"><span class='ocrx_word' id='word_1_1553' title='bbox 1436 3151 1523 3180; x_wconf 78' lang='lat' dir='ltr'>Asso</span> <span class='ocrx_word' id='word_1_1554' title='bbox 1536 3158 1668 3178; x_wconf 71' lang='lat' dir='ltr'>Lurius</span> <span class='ocrx_word' id='word_1_1555' title='bbox 1681 3171 1688 3184; x_wconf 81' lang='lat'>,</span> <span class='ocrx_word' id='word_1_1556' title='bbox 1718 3145 1843 3178; x_wconf 86' lang='lat' dir='ltr'>Macrob.</span> <span class='ocrx_word' id='word_1_1557' title='bbox 1863 3147 1956 3175; x_wconf 79' lang='lat' dir='ltr'>Somn.</span> <span class='ocrx_word' id='word_1_1558' title='bbox 1975 3145 2048 3182; x_wconf 55' lang='lat' dir='ltr'>Scip.</span> <span class='ocrx_word' id='word_1_1559' title='bbox 2061 3154 2085 3173; x_wconf 86' lang='lat'>2.</span> <span class='ocrx_word' id='word_1_1560' title='bbox 2103 3153 2147 3181; x_wconf 83' lang='lat'>75.</span> <span class='ocrx_word' id='word_1_1561' title='bbox 2173 3148 2205 3171; x_wconf 89' lang='lat' dir='ltr'>ut</span> <span class='ocrx_word' id='word_1_1562' title='bbox 2222 3141 2374 3171; x_wconf 71' lang='lat' dir='ltr'>absolutius</span> <span class='ocrx_word' id='word_1_1563' title='bbox 2388 3138 2408 3168; x_wconf 89' lang='lat' dir='ltr'>li</span> <span class='ocrx_word' id='word_1_1564' title='bbox 2428 3142 2502 3167; x_wconf 85' lang='lat' dir='ltr'>ueat.</span> <span class='ocrx_word' id='word_1_1565' title='bbox 2523 3134 2597 3165; x_wconf 81' lang='lat' dir='ltr'>conf-</span> 
     </span>
     <span class='ocr_line' id='line_1_183' title="bbox 1474 3174 2599 3225; baseline -0.013 -8"><span class='ocrx_word' id='word_1_1566' title='bbox 1474 3187 1541 3216; x_wconf 86' lang='lat' dir='ltr'>Plin.</span> <span class='ocrx_word' id='word_1_1567' title='bbox 1570 3186 1653 3225; x_wconf 77' lang='lat' dir='ltr'>Epist.</span> <span class='ocrx_word' id='word_1_1568' title='bbox 1680 3198 1707 3222; x_wconf 90' lang='lat'>4.</span> <span class='ocrx_word' id='word_1_1569' title='bbox 1734 3183 1833 3222; x_wconf 87' lang='lat' dir='ltr'>superl.</span> <span class='ocrx_word' id='word_1_1570' title='bbox 1868 3184 1946 3213; x_wconf 62' lang='lat' dir='ltr'>Aust.</span> <span class='ocrx_word' id='word_1_1571' title='bbox 1977 3183 2013 3212; x_wconf 82' lang='lat' dir='ltr'>ad</span> <span class='ocrx_word' id='word_1_1572' title='bbox 2041 3182 2164 3211; x_wconf 83' lang='lat' dir='ltr'>llerenn.</span> <span class='ocrx_word' id='word_1_1573' title='bbox 2197 3189 2225 3210; x_wconf 86' lang='lat'>2.</span> <span class='ocrx_word' id='word_1_1574' title='bbox 2253 3185 2297 3213; x_wconf 84' lang='lat'>28.</span> <span class='ocrx_word' id='word_1_1575' title='bbox 2336 3183 2368 3207; x_wconf 89' lang='lat' dir='ltr'>ut</span> <span class='ocrx_word' id='word_1_1576' title='bbox 2403 3186 2419 3206; x_wconf 87' lang='lat' dir='ltr'>a</span> <span class='ocrx_word' id='word_1_1577' title='bbox 2438 3174 2599 3205; x_wconf 72' lang='lat' dir='ltr'>solutissimc</span> 
     </span>
     <span class='ocr_line' id='line_1_184' title="bbox 1474 3231 1711 3254; baseline -0.017 0"><span class='ocrx_word' id='word_1_1578' title='bbox 1474 3231 1590 3254; x_wconf 85' lang='lat' dir='ltr'>utamur.</span> <span class='ocrx_word' id='word_1_1579' title='bbox 1708 3239 1711 3241; x_wconf 93' lang='lat'>·</span> 
     </span>
    </p>

    <p class='ocr_par' dir='ltr' id='par_1_92' title="bbox 1436 3248 2602 3409">
     <span class='ocr_line' id='line_1_185' title="bbox 1436 3248 2602 3297; baseline -0.014 -5"><span class='ocrx_word' id='word_1_1580' title='bbox 1436 3263 1457 3292; x_wconf 89' lang='lat' dir='ltr'>A</span> <span class='ocrx_word' id='word_1_1581' title='bbox 1466 3274 1480 3291; x_wconf 67' lang='grc' dir='ltr'>Β</span> <span class='ocrx_word' id='word_1_1582' title='bbox 1489 3273 1524 3292; x_wconf 82' lang='lat' dir='ltr'>so</span> <span class='ocrx_word' id='word_1_1583' title='bbox 1534 3274 1549 3291; x_wconf 85' lang='lat' dir='ltr'>L</span> <span class='ocrx_word' id='word_1_1584' title='bbox 1558 3272 1619 3291; x_wconf 69' lang='lat' dir='ltr'>uri</span> <span class='ocrx_word' id='word_1_1585' title='bbox 1628 3272 1645 3291; x_wconf 93' lang='lat' dir='ltr'>o</span> <span class='ocrx_word' id='word_1_1586' title='bbox 1655 3284 1663 3297; x_wconf 78' lang='lat'>‚</span> <span class='ocrx_word' id='word_1_1587' title='bbox 1689 3259 1814 3289; x_wconf 83' lang='lat' dir='ltr'>Verbale.</span> <span class='ocrx_word' id='word_1_1588' title='bbox 1841 3258 1984 3287; x_wconf 63' lang='lat' dir='ltr'>Perfeclio.</span> <span class='ocrx_word' id='word_1_1589' title='bbox 2015 3257 2152 3293; x_wconf 62' lang='grc' dir='ltr'>[πλέωσις</span> <span class='ocrx_word' id='word_1_1590' title='bbox 2162 3275 2169 3286; x_wconf 88' lang='grc'>,</span> <span class='ocrx_word' id='word_1_1591' title='bbox 2195 3250 2333 3288; x_wconf 49' lang='lat' dir='ltr'>&gt;hia-am]</span> <span class='ocrx_word' id='word_1_1592' title='bbox 2363 3251 2421 3280; x_wconf 92' lang='lat' dir='ltr'>Cic.</span> <span class='ocrx_word' id='word_1_1593' title='bbox 2443 3261 2465 3285; x_wconf 83' lang='lat'>5.</span> <span class='ocrx_word' id='word_1_1594' title='bbox 2483 3250 2518 3279; x_wconf 86' lang='lat' dir='ltr'>de</span> <span class='ocrx_word' id='word_1_1595' title='bbox 2535 3248 2602 3279; x_wconf 88' lang='lat' dir='ltr'>Fin.</span> 
     </span>
     <span class='ocr_line' id='line_1_186' title="bbox 1476 3288 2599 3338; baseline -0.011 -11"><span class='ocrx_word' id='word_1_1596' title='bbox 1476 3307 1518 3338; x_wconf 81' lang='lat'>38.</span> <span class='ocrx_word' id='word_1_1597' title='bbox 1546 3300 1577 3329; x_wconf 89' lang='lat' dir='ltr'>In</span> <span class='ocrx_word' id='word_1_1598' title='bbox 1594 3300 1708 3329; x_wconf 85' lang='lat' dir='ltr'>homine</span> <span class='ocrx_word' id='word_1_1599' title='bbox 1722 3303 1815 3326; x_wconf 88' lang='lat' dir='ltr'>autem</span> <span class='ocrx_word' id='word_1_1600' title='bbox 1826 3295 1932 3325; x_wconf 86' lang='lat' dir='ltr'>summa</span> <span class='ocrx_word' id='word_1_1601' title='bbox 1942 3296 2033 3324; x_wconf 87' lang='lat' dir='ltr'>omnis</span> <span class='ocrx_word' id='word_1_1602' title='bbox 2050 3294 2134 3324; x_wconf 83' lang='lat' dir='ltr'>animi</span> <span class='ocrx_word' id='word_1_1603' title='bbox 2149 3293 2203 3328; x_wconf 85' lang='lat' dir='ltr'>est,</span> <span class='ocrx_word' id='word_1_1604' title='bbox 2226 3291 2395 3323; x_wconf 80' lang='lat' dir='ltr'>&amp;inanimo</span> <span class='ocrx_word' id='word_1_1605' title='bbox 2411 3288 2541 3323; x_wconf 84' lang='lat' dir='ltr'>rationis,</span> <span class='ocrx_word' id='word_1_1606' title='bbox 2563 3294 2599 3315; x_wconf 83' lang='lat' dir='ltr'>ex</span> 
     </span>
     <span class='ocr_line' id='line_1_187' title="bbox 1475 3332 2195 3375; baseline -0.011 -8"><span class='ocrx_word' id='word_1_1607' title='bbox 1475 3348 1529 3375; x_wconf 80' lang='lat' dir='ltr'>qua</span> <span class='ocrx_word' id='word_1_1608' title='bbox 1539 3339 1623 3367; x_wconf 86' lang='lat' dir='ltr'>virtus</span> <span class='ocrx_word' id='word_1_1609' title='bbox 1634 3337 1672 3366; x_wconf 89' lang='lat' dir='ltr'>est</span> <span class='ocrx_word' id='word_1_1610' title='bbox 1681 3359 1688 3372; x_wconf 68' lang='grc'><em>,</em></span> <span class='ocrx_word' id='word_1_1611' title='bbox 1729 3345 1771 3364; x_wconf 69' lang='lat' dir='ltr'>uae</span> <span class='ocrx_word' id='word_1_1612' title='bbox 1782 3334 1895 3363; x_wconf 81' lang='lat' dir='ltr'>rationis</span> <span class='ocrx_word' id='word_1_1613' title='bbox 1907 3332 2042 3362; x_wconf 86' lang='lat' dir='ltr'>absolutio</span> <span class='ocrx_word' id='word_1_1614' title='bbox 2055 3332 2195 3361; x_wconf 84' lang='lat' dir='ltr'>del-initur.</span> 
     </span>
     <span class='ocr_line' id='line_1_188' title="bbox 1475 3362 2602 3409; baseline -0.013 -4"><span class='ocrx_word' id='word_1_1615' title='bbox 1475 3375 1635 3409; x_wconf 67' lang='lat' dir='ltr'>absolutio,</span> <span class='ocrx_word' id='word_1_1616' title='bbox 1655 3374 1706 3403; x_wconf 88' lang='lat' dir='ltr'>Pro</span> <span class='ocrx_word' id='word_1_1617' title='bbox 1731 3372 1883 3402; x_wconf 78' lang='lat' dir='ltr'>iberatione</span> <span class='ocrx_word' id='word_1_1618' title='bbox 1901 3381 1916 3399; x_wconf 87' lang='lat' dir='ltr'>a</span> <span class='ocrx_word' id='word_1_1619' title='bbox 1929 3371 2052 3400; x_wconf 88' lang='lat' dir='ltr'>crimine.</span> <span class='ocrx_word' id='word_1_1620' title='bbox 2086 3370 2143 3398; x_wconf 84' lang='lat' dir='ltr'>Cic.</span> <span class='ocrx_word' id='word_1_1621' title='bbox 2156 3379 2205 3406; x_wconf 89' lang='lat' dir='ltr'>pro</span> <span class='ocrx_word' id='word_1_1622' title='bbox 2217 3367 2352 3400; x_wconf 73' lang='lat' dir='ltr'>Fonteio,</span> <span class='ocrx_word' id='word_1_1623' title='bbox 2373 3364 2477 3401; x_wconf 82' lang='lat' dir='ltr'>Magna</span> <span class='ocrx_word' id='word_1_1624' title='bbox 2493 3362 2602 3391; x_wconf 88' lang='lat' dir='ltr'>meher-</span> 
     </span>
    </p>

    <p class='ocr_par' dir='ltr' id='par_1_93' title="bbox 1495 3399 2600 3485">
     <span class='ocr_line' id='line_1_189' title="bbox 1495 3399 2600 3447; baseline -0.013 -5"><span class='ocrx_word' id='word_1_1625' title='bbox 1495 3413 1557 3442; x_wconf 91' lang='lat' dir='ltr'>cule</span> <span class='ocrx_word' id='word_1_1626' title='bbox 1567 3413 1646 3442; x_wconf 79' lang='lat' dir='ltr'>causa</span> <span class='ocrx_word' id='word_1_1627' title='bbox 1654 3435 1662 3447; x_wconf 83' lang='lat'>‚</span> <span class='ocrx_word' id='word_1_1628' title='bbox 1683 3412 1697 3447; x_wconf 87' lang='lat' dir='ltr'>J</span> <span class='ocrx_word' id='word_1_1629' title='bbox 1701 3411 1795 3440; x_wconf 85' lang='lat' dir='ltr'>udices</span> <span class='ocrx_word' id='word_1_1630' title='bbox 1806 3432 1814 3444; x_wconf 78' lang='grc'><em>,</em></span> <span class='ocrx_word' id='word_1_1631' title='bbox 1836 3408 2015 3438; x_wconf 85' lang='lat' dir='ltr'>absolutionis</span> <span class='ocrx_word' id='word_1_1632' title='bbox 2026 3418 2090 3437; x_wconf 90' lang='lat' dir='ltr'>cum</span> <span class='ocrx_word' id='word_1_1633' title='bbox 2102 3407 2207 3436; x_wconf 83' lang='lat' dir='ltr'>caeteris</span> <span class='ocrx_word' id='word_1_1634' title='bbox 2218 3406 2302 3436; x_wconf 80' lang='lat' dir='ltr'>causis</span> <span class='ocrx_word' id='word_1_1635' title='bbox 2317 3404 2375 3433; x_wconf 82' lang='lat' dir='ltr'>liaec</span> <span class='ocrx_word' id='word_1_1636' title='bbox 2386 3402 2431 3432; x_wconf 88' lang='lat' dir='ltr'>est.</span> <span class='ocrx_word' id='word_1_1637' title='bbox 2469 3401 2514 3431; x_wconf 90' lang='lat' dir='ltr'>Sic</span> <span class='ocrx_word' id='word_1_1638' title='bbox 2524 3399 2600 3429; x_wconf 61' lang='lat' dir='ltr'>abso»</span> 
     </span>
     <span class='ocr_line' id='line_1_190' title="bbox 1496 3446 2060 3485; baseline -0.012 -5"><span class='ocrx_word' id='word_1_1639' title='bbox 1496 3451 1566 3480; x_wconf 89' lang='lat' dir='ltr'>lutio</span> <span class='ocrx_word' id='word_1_1640' title='bbox 1579 3450 1733 3485; x_wconf 81' lang='lat' dir='ltr'>majestatis.</span> <span class='ocrx_word' id='word_1_1641' title='bbox 1763 3449 1821 3477; x_wconf 80' lang='lat' dir='ltr'>Cic.</span> <span class='ocrx_word' id='word_1_1642' title='bbox 1834 3448 1899 3485; x_wconf 89' lang='lat' dir='ltr'>App.</span> <span class='ocrx_word' id='word_1_1643' title='bbox 1917 3446 1963 3475; x_wconf 92' lang='lat' dir='ltr'>lib.</span> <span class='ocrx_word' id='word_1_1644' title='bbox 1977 3456 2060 3483; x_wconf 84' lang='lat' dir='ltr'>3.-1i.</span> 
     </span>
    </p>

    <p class='ocr_par' dir='ltr' id='par_1_94' title="bbox 1477 3480 2602 3631">
     <span class='ocr_line' id='line_1_191' title="bbox 1477 3480 2599 3520; baseline -0.013 -2"><span class='ocrx_word' id='word_1_1645' title='bbox 1477 3488 1649 3518; x_wconf 85' lang='lat' dir='ltr'>Absolutioni</span> <span class='ocrx_word' id='word_1_1646' title='bbox 1668 3487 1731 3517; x_wconf 75' lang='lat' dir='ltr'>ess&#39;e.</span> <span class='ocrx_word' id='word_1_1647' title='bbox 1761 3485 1851 3515; x_wconf 89' lang='lat' dir='ltr'>Tacit.</span> <span class='ocrx_word' id='word_1_1648' title='bbox 1867 3488 1961 3520; x_wconf 62' lang='lat' dir='ltr'>Anu..)</span> <span class='ocrx_word' id='word_1_1649' title='bbox 2014 3483 2100 3520; x_wconf 82' lang='lat' dir='ltr'>Quod</span> <span class='ocrx_word' id='word_1_1650' title='bbox 2119 3492 2210 3520; x_wconf 87' lang='lat' dir='ltr'>neque</span> <span class='ocrx_word' id='word_1_1651' title='bbox 2229 3480 2408 3512; x_wconf 66' lang='lat' dir='ltr'>convic‘tum‚</span> <span class='ocrx_word' id='word_1_1652' title='bbox 2437 3485 2519 3506; x_wconf 74' lang='lat' dir='ltr'>noxae</span> <span class='ocrx_word' id='word_1_1653' title='bbox 2532 3484 2599 3509; x_wconf 85' lang='lat' dir='ltr'>reo,</span> 
     </span>
     <span class='ocr_line' id='line_1_192' title="bbox 1497 3515 2602 3569; baseline -0.013 -14"><span class='ocrx_word' id='word_1_1654' title='bbox 1497 3526 1515 3555; x_wconf 88' lang='lat' dir='ltr'>si</span> <span class='ocrx_word' id='word_1_1655' title='bbox 1531 3527 1652 3555; x_wconf 82' lang='lat' dir='ltr'>recentia</span> <span class='ocrx_word' id='word_1_1656' title='bbox 1663 3530 1807 3569; x_wconf 80' lang='lat' dir='ltr'>purgaret:</span> <span class='ocrx_word' id='word_1_1657' title='bbox 1830 3532 1920 3560; x_wconf 89' lang='lat' dir='ltr'>neque</span> <span class='ocrx_word' id='word_1_1658' title='bbox 1932 3521 2075 3551; x_wconf 56' lang='lat' dir='ltr'>cacf&#39;ensum</span> <span class='ocrx_word' id='word_1_1659' title='bbox 2084 3520 2251 3550; x_wconf 88' lang='lat' dir='ltr'>absolutioni</span> <span class='ocrx_word' id='word_1_1660' title='bbox 2266 3524 2339 3551; x_wconf 69' lang='lat' dir='ltr'>erat.</span> <span class='ocrx_word' id='word_1_1661' title='bbox 2362 3515 2380 3544; x_wconf 83' lang='lat' dir='ltr'>si</span> <span class='ocrx_word' id='word_1_1662' title='bbox 2392 3521 2534 3544; x_wconf 83' lang='lat' dir='ltr'>teneretur</span> <span class='ocrx_word' id='word_1_1663' title='bbox 2545 3522 2602 3542; x_wconf 64' lang='lat' dir='ltr'>ma÷</span> 
     </span>
     <span class='ocr_line' id='line_1_193' title="bbox 1497 3553 2477 3600; baseline -0.011 -8"><span class='ocrx_word' id='word_1_1664' title='bbox 1497 3564 1601 3600; x_wconf 86' lang='lat' dir='ltr'>joribus</span> <span class='ocrx_word' id='word_1_1665' title='bbox 1614 3564 1730 3599; x_wconf 71' lang='lat' dir='ltr'>flagiciis.</span> <span class='ocrx_word' id='word_1_1666' title='bbox 1760 3562 1821 3591; x_wconf 79' lang='lat' dir='ltr'>Hoc</span> <span class='ocrx_word' id='word_1_1667' title='bbox 1833 3561 1870 3590; x_wconf 81' lang='lat' dir='ltr'>est</span> <span class='ocrx_word' id='word_1_1668' title='bbox 1879 3582 1887 3594; x_wconf 75' lang='lat'>,</span> <span class='ocrx_word' id='word_1_1669' title='bbox 1909 3560 1986 3589; x_wconf 84' lang='lat' dir='ltr'>Nihil</span> <span class='ocrx_word' id='word_1_1670' title='bbox 1999 3560 2116 3588; x_wconf 67' lang='lat' dir='ltr'>faciebat</span> <span class='ocrx_word' id='word_1_1671' title='bbox 2130 3558 2165 3587; x_wconf 88' lang='lat' dir='ltr'>ad</span> <span class='ocrx_word' id='word_1_1672' title='bbox 2176 3567 2255 3586; x_wconf 89' lang='lat' dir='ltr'>reum</span> <span class='ocrx_word' id='word_1_1673' title='bbox 2268 3553 2477 3586; x_wconf 85' lang='lat' dir='ltr'>absolvendum.</span> 
     </span>
     <span class='ocr_line' id='line_1_194' title="bbox 1479 3597 2106 3631; baseline -0.011 0"><span class='ocrx_word' id='word_1_1674' title='bbox 1479 3601 1686 3631; x_wconf 83' lang='lat' dir='ltr'>Absolutionem</span> <span class='ocrx_word' id='word_1_1675' title='bbox 1701 3599 1847 3629; x_wconf 80' lang='lat' dir='ltr'>conficere.</span> <span class='ocrx_word' id='word_1_1676' title='bbox 1876 3597 1905 3626; x_wconf 89' lang='lat' dir='ltr'>V.</span> <span class='ocrx_word' id='word_1_1677' title='bbox 1921 3608 1936 3626; x_wconf 82' lang='lat' dir='ltr'>c</span> <span class='ocrx_word' id='word_1_1678' title='bbox 1946 3608 1962 3625; x_wconf 89' lang='lat' dir='ltr'>o</span> <span class='ocrx_word' id='word_1_1679' title='bbox 1973 3607 1991 3625; x_wconf 81' lang='lat' dir='ltr'>N</span> <span class='ocrx_word' id='word_1_1680' title='bbox 2002 3609 2013 3626; x_wconf 63' lang='grc' dir='ltr'><strong>μ</strong></span> <span class='ocrx_word' id='word_1_1681' title='bbox 2024 3608 2030 3625; x_wconf 87' lang='grc' dir='ltr'>ι</span> <span class='ocrx_word' id='word_1_1682' title='bbox 2041 3608 2056 3625; x_wconf 74' lang='lat' dir='ltr'>c</span> <span class='ocrx_word' id='word_1_1683' title='bbox 2066 3608 2072 3625; x_wconf 93' lang='lat'>1</span> <span class='ocrx_word' id='word_1_1684' title='bbox 2082 3608 2106 3625; x_wconf 88' lang='lat' dir='ltr'>o.</span> 
     </span>
    </p>

    <p class='ocr_par' dir='ltr' id='par_1_95' title="bbox 1443 3624 2602 3748">
     <span class='ocr_line' id='line_1_195' title="bbox 1443 3624 2602 3672; baseline -0.01 -4"><span class='ocrx_word' id='word_1_1685' title='bbox 1443 3640 1532 3670; x_wconf 60' lang='lat' dir='ltr'>Auso</span> <span class='ocrx_word' id='word_1_1686' title='bbox 1542 3649 1581 3667; x_wconf 69' lang='lat' dir='ltr'>tu</span> <span class='ocrx_word' id='word_1_1687' title='bbox 1591 3649 1609 3667; x_wconf 72' lang='lat' dir='ltr'>‘r</span> <span class='ocrx_word' id='word_1_1688' title='bbox 1619 3648 1635 3667; x_wconf 92' lang='lat' dir='ltr'>o</span> <span class='ocrx_word' id='word_1_1689' title='bbox 1645 3649 1659 3666; x_wconf 78' lang='lat' dir='ltr'><strong>R</strong></span> <span class='ocrx_word' id='word_1_1690' title='bbox 1670 3650 1676 3666; x_wconf 90' lang='lat'>1</span> <span class='ocrx_word' id='word_1_1691' title='bbox 1687 3649 1723 3667; x_wconf 88' lang='lat' dir='ltr'>us</span> <span class='ocrx_word' id='word_1_1692' title='bbox 1735 3660 1743 3670; x_wconf 83' lang='lat'>.</span> <span class='ocrx_word' id='word_1_1693' title='bbox 1766 3637 1869 3671; x_wconf 71' lang='lat' dir='ltr'>Adject.</span> <span class='ocrx_word' id='word_1_1694' title='bbox 1890 3636 1965 3672; x_wconf 88' lang='lat' dir='ltr'>quod</span> <span class='ocrx_word' id='word_1_1695' title='bbox 1984 3635 2019 3663; x_wconf 89' lang='lat' dir='ltr'>ad</span> <span class='ocrx_word' id='word_1_1696' title='bbox 2037 3633 2239 3663; x_wconf 87' lang='lat' dir='ltr'>absolutionem</span> <span class='ocrx_word' id='word_1_1697' title='bbox 2278 3631 2379 3661; x_wconf 89' lang='lat' dir='ltr'>ertinet</span> <span class='ocrx_word' id='word_1_1698' title='bbox 2406 3624 2602 3664; x_wconf 58' lang='grc' dir='ltr'>[οἰπῡλνπκὶὲ]</span> 
     </span>
     <span class='ocr_line' id='line_1_196' title="bbox 1481 3663 2602 3713; baseline -0.012 -7"><span class='ocrx_word' id='word_1_1699' title='bbox 1481 3678 1595 3706; x_wconf 81' lang='lat' dir='ltr'>Sueton.</span> <span class='ocrx_word' id='word_1_1700' title='bbox 1610 3676 1639 3704; x_wconf 89' lang='lat' dir='ltr'>in</span> <span class='ocrx_word' id='word_1_1701' title='bbox 1659 3674 1764 3713; x_wconf 80' lang='lat' dir='ltr'>August.</span> <span class='ocrx_word' id='word_1_1702' title='bbox 1782 3684 1840 3711; x_wconf 80' lang='lat' dir='ltr'>cap.</span> <span class='ocrx_word' id='word_1_1703' title='bbox 1856 3683 1898 3708; x_wconf 81' lang='lat'>33.</span> <span class='ocrx_word' id='word_1_1704' title='bbox 1940 3673 2005 3702; x_wconf 90' lang='lat' dir='ltr'>Non</span> <span class='ocrx_word' id='word_1_1705' title='bbox 2023 3679 2132 3701; x_wconf 84' lang='lat' dir='ltr'>tantum</span> <span class='ocrx_word' id='word_1_1706' title='bbox 2151 3671 2218 3700; x_wconf 85' lang='lat' dir='ltr'>duas</span> <span class='ocrx_word' id='word_1_1707' title='bbox 2236 3677 2263 3699; x_wconf 89' lang='lat' dir='ltr'>ta</span> <span class='ocrx_word' id='word_1_1708' title='bbox 2284 3668 2350 3698; x_wconf 87' lang='lat' dir='ltr'>ellas</span> <span class='ocrx_word' id='word_1_1709' title='bbox 2363 3690 2371 3703; x_wconf 84' lang='lat'>‚</span> <span class='ocrx_word' id='word_1_1710' title='bbox 2400 3663 2602 3696; x_wconf 82' lang='lat' dir='ltr'>damnatoriam</span> 
     </span>
     <span class='ocr_line' id='line_1_197' title="bbox 1484 3709 2158 3748; baseline -0.01 -4"><span class='ocrx_word' id='word_1_1711' title='bbox 1484 3716 1509 3744; x_wconf 60' lang='grc' dir='ltr'>ἃ</span> <span class='ocrx_word' id='word_1_1712' title='bbox 1527 3713 1721 3743; x_wconf 87' lang='lat' dir='ltr'>absolutoriam</span> <span class='ocrx_word' id='word_1_1713' title='bbox 1738 3711 1817 3741; x_wconf 81' lang='lat' dir='ltr'>limul</span> <span class='ocrx_word' id='word_1_1714' title='bbox 1830 3709 2060 3748; x_wconf 80' lang='lat' dir='ltr'>cognoscentibus</span> <span class='ocrx_word' id='word_1_1715' title='bbox 2072 3709 2158 3738; x_wconf 90' lang='lat' dir='ltr'>dedit.</span> 
     </span>
    </p>

    <p class='ocr_par' dir='ltr' id='par_1_96' title="bbox 1446 3736 2605 3893">
     <span class='ocr_line' id='line_1_198' title="bbox 1446 3736 2605 3785; baseline -0.011 -4"><span class='ocrx_word' id='word_1_1716' title='bbox 1446 3752 1488 3781; x_wconf 68' lang='lat' dir='ltr'>Aa</span> <span class='ocrx_word' id='word_1_1717' title='bbox 1497 3762 1508 3780; x_wconf 81' lang='lat' dir='ltr'>s</span> <span class='ocrx_word' id='word_1_1718' title='bbox 1517 3762 1533 3779; x_wconf 91' lang='lat' dir='ltr'>o</span> <span class='ocrx_word' id='word_1_1719' title='bbox 1542 3762 1557 3779; x_wconf 82' lang='lat' dir='ltr'>L</span> <span class='ocrx_word' id='word_1_1720' title='bbox 1567 3762 1581 3780; x_wconf 85' lang='lat' dir='ltr'>u</span> <span class='ocrx_word' id='word_1_1721' title='bbox 1591 3760 1610 3779; x_wconf 65' lang='lat' dir='ltr'>&#39;r</span> <span class='ocrx_word' id='word_1_1722' title='bbox 1619 3761 1636 3779; x_wconf 93' lang='lat' dir='ltr'>o</span> <span class='ocrx_word' id='word_1_1723' title='bbox 1647 3761 1660 3779; x_wconf 63' lang='grc' dir='ltr'>ι(</span> <span class='ocrx_word' id='word_1_1724' title='bbox 1672 3763 1678 3780; x_wconf 80' lang='grc' dir='ltr'><em>ι</em></span> <span class='ocrx_word' id='word_1_1725' title='bbox 1688 3762 1702 3780; x_wconf 81' lang='lat' dir='ltr'>u</span> <span class='ocrx_word' id='word_1_1726' title='bbox 1717 3763 1734 3779; x_wconf 75' lang='lat' dir='ltr'>M</span> <span class='ocrx_word' id='word_1_1727' title='bbox 1745 3773 1753 3785; x_wconf 78' lang='lat'>,</span> <span class='ocrx_word' id='word_1_1728' title='bbox 1783 3759 1809 3778; x_wconf 82' lang='lat' dir='ltr'>n.</span> <span class='ocrx_word' id='word_1_1729' title='bbox 1840 3751 1854 3784; x_wconf 93' lang='lat'>[</span> <span class='ocrx_word' id='word_1_1730' title='bbox 1866 3748 2092 3782; x_wconf 57' lang='grc' dir='ltr'>σίλεξιφοὲρκρωιον]</span> <span class='ocrx_word' id='word_1_1731' title='bbox 2123 3746 2290 3775; x_wconf 85' lang='lat' dir='ltr'>Remedium</span> <span class='ocrx_word' id='word_1_1732' title='bbox 2308 3741 2452 3772; x_wconf 85' lang='lat' dir='ltr'>absolvens</span> <span class='ocrx_word' id='word_1_1733' title='bbox 2463 3762 2471 3775; x_wconf 84' lang='lat'><em>‚</em></span> <span class='ocrx_word' id='word_1_1734' title='bbox 2499 3738 2553 3767; x_wconf 88' lang='lat' dir='ltr'>sive</span> <span class='ocrx_word' id='word_1_1735' title='bbox 2572 3736 2605 3768; x_wconf 65' lang='lat' dir='ltr'>ii-,</span> 
     </span>
     <span class='ocr_line' id='line_1_199' title="bbox 1485 3775 2604 3824; baseline -0.013 -6"><span class='ocrx_word' id='word_1_1736' title='bbox 1485 3789 1590 3818; x_wconf 82' lang='lat' dir='ltr'>berans.</span> <span class='ocrx_word' id='word_1_1737' title='bbox 1612 3788 1679 3817; x_wconf 76' lang='lat' dir='ltr'>Plin.</span> <span class='ocrx_word' id='word_1_1738' title='bbox 1694 3789 1740 3817; x_wconf 90' lang='lat' dir='ltr'>lib.</span> <span class='ocrx_word' id='word_1_1739' title='bbox 1752 3793 1795 3821; x_wconf 76' lang='lat'>28.</span> <span class='ocrx_word' id='word_1_1740' title='bbox 1807 3797 1866 3824; x_wconf 84' lang='lat' dir='ltr'>cap.</span> <span class='ocrx_word' id='word_1_1741' title='bbox 1878 3790 1904 3816; x_wconf 90' lang='lat'>6.</span> <span class='ocrx_word' id='word_1_1742' title='bbox 1946 3786 2061 3814; x_wconf 80' lang='lat' dir='ltr'>Clavum</span> <span class='ocrx_word' id='word_1_1743' title='bbox 2081 3785 2199 3814; x_wconf 76' lang='lat' dir='ltr'>ferreum</span> <span class='ocrx_word' id='word_1_1744' title='bbox 2213 3783 2332 3819; x_wconf 70' lang='lat' dir='ltr'>deligere</span> <span class='ocrx_word' id='word_1_1745' title='bbox 2349 3781 2378 3808; x_wconf 88' lang='lat' dir='ltr'>in</span> <span class='ocrx_word' id='word_1_1746' title='bbox 2394 3788 2449 3816; x_wconf 87' lang='lat' dir='ltr'>quo</span> <span class='ocrx_word' id='word_1_1747' title='bbox 2469 3777 2533 3806; x_wconf 92' lang='lat' dir='ltr'>loco</span> <span class='ocrx_word' id='word_1_1748' title='bbox 2550 3775 2604 3817; x_wconf 66' lang='lat' dir='ltr'>pri5</span> 
     </span>
     <span class='ocr_line' id='line_1_200' title="bbox 1483 3811 2604 3892; baseline -0.013 -37"><span class='ocrx_word' id='word_1_1749' title='bbox 1483 3837 1560 3892; x_wconf 49' lang='lat' dir='ltr'>”llum</span> <span class='ocrx_word' id='word_1_1750' title='bbox 1578 3833 1662 3863; x_wconf 84' lang='lat' dir='ltr'>caput</span> <span class='ocrx_word' id='word_1_1751' title='bbox 1676 3826 1801 3855; x_wconf 79' lang='lat' dir='ltr'>defixerit</span> <span class='ocrx_word' id='word_1_1752' title='bbox 1813 3833 1943 3853; x_wconf 87' lang='lat' dir='ltr'>corruens</span> <span class='ocrx_word' id='word_1_1753' title='bbox 1962 3822 2060 3852; x_wconf 85' lang='lat' dir='ltr'>inorbo</span> <span class='ocrx_word' id='word_1_1754' title='bbox 2079 3820 2212 3851; x_wconf 83' lang='lat' dir='ltr'>comitiali</span> <span class='ocrx_word' id='word_1_1755' title='bbox 2225 3830 2231 3851; x_wconf 78' lang='lat'>2</span> <span class='ocrx_word' id='word_1_1756' title='bbox 2258 3818 2457 3849; x_wconf 85' lang='lat' dir='ltr'>absolutorium</span> <span class='ocrx_word' id='word_1_1757' title='bbox 2468 3815 2527 3850; x_wconf 90' lang='lat' dir='ltr'>ejus</span> <span class='ocrx_word' id='word_1_1758' title='bbox 2537 3811 2604 3842; x_wconf 84' lang='lat' dir='ltr'>mali</span> 
     </span>
     <span class='ocr_line' id='line_1_201' title="bbox 1485 3871 1594 3893; baseline -0.009 0"><span class='ocrx_word' id='word_1_1759' title='bbox 1485 3874 1495 3893; x_wconf 82' lang='grc'><strong>(</strong></span> <span class='ocrx_word' id='word_1_1760' title='bbox 1506 3871 1594 3893; x_wconf 65' lang='lat' dir='ltr'>icitur.</span> 
     </span>
    </p>

    <p class='ocr_par' dir='ltr' id='par_1_97' title="bbox 1446 3890 2601 3954">
     <span class='ocr_line' id='line_1_202' title="bbox 1446 3890 2601 3954; baseline -0.013 -23"><span class='ocrx_word' id='word_1_1761' title='bbox 1446 3902 1628 3936; x_wconf 77' lang='lat' dir='ltr'>ABSONUS,</span> <span class='ocrx_word' id='word_1_1762' title='bbox 1648 3901 1754 3938; x_wconf 76' lang='lat' dir='ltr'>Adject.</span> <span class='ocrx_word' id='word_1_1763' title='bbox 1780 3890 1928 3935; x_wconf 53' lang='grc' dir='ltr'>[οίπιίᾶλιη</span> <span class='ocrx_word' id='word_1_1764' title='bbox 1955 3893 2071 3934; x_wconf 59' lang='grc' dir='ltr'>οἱπηχύς]</span> <span class='ocrx_word' id='word_1_1765' title='bbox 2101 3895 2265 3931; x_wconf 81' lang='lat' dir='ltr'>Dissbnum,</span> <span class='ocrx_word' id='word_1_1766' title='bbox 2286 3893 2406 3928; x_wconf 75' lang='lat' dir='ltr'>discors,</span> <span class='ocrx_word' id='word_1_1767' title='bbox 2427 3890 2601 3954; x_wconf 40' lang='lat' dir='ltr'>discrepans?</span> 
     </span>
    </p>

    <p class='ocr_par' dir='ltr' id='par_1_98' title="bbox 2531 3934 2604 3963">
     <span class='ocr_line' id='line_1_203' title="bbox 2531 3934 2604 3963; baseline -0.027 -8"><span class='ocrx_word' id='word_1_1768' title='bbox 2531 3934 2604 3963; x_wconf 78' lang='lat' dir='ltr'>quai</span> 
     </span>
    </p>
   </div>
  </div>
 </body>
</html>
