2604 4222
193 122 260 163 146
627 118 655 152 Α
750 118 776 152 L
868 116 899 151 G

261 199 420 235 xandrinis,
447 201 492 236 'qui
505 200 726 229 obdicacitatem
743 198 875 228 Romanis
891 197 919 225 in
931 193 1038 236 deliciis
1049 201 1135 224 erant.
1155 190 1188 222 V.
1212 194 1249 222 ibi
1261 193 1351 236 flurm.

263 249 291 276 p.
303 248 346 274 27.
362 241 385 267 A
397 238 431 267 ad
443 238 552 266 Petron.
562 248 621 275 cap.
634 247 644 274 3
656 248 676 266 i.
702 247 761 271 119.
784 238 809 265 ἃ
821 235 910 264 Barth.
925 234 958 262 ad
969 235 1034 261 Stat.
1049 232 1122 269 Sylv.
1141 241 1168 268 p.
1188 241 1246 267 107.
1265 233 1335 268 leqq.

207 276 227 305 A
238 287 252 303 L
263 287 275 305 Ε
284 284 300 305 x
312 287 328 304 A
340 286 359 304 Ν
370 288 386 305 n
399 287 413 305 ν.
425 286 432 303 1
444 286 460 303 D
471 286 482 303 a
492 286 503 303 s
512 297 519 309 ,
542 284 572 304 ze.
594 285 631 303 m.
652 275 803 303 Historicus
819 273 863 308 qui
875 281 914 300 res
928 270 1077 307 Delphicas
1092 269 1240 305 descriplit.
1283 269 1358 297 Con-

244 313 370 343 funditur
379 313 544 351 quandoque
560 322 624 341 curn
641 311 843 342 Anaxandride.
852 308 901 337 nisi
914 309 967 337 hoc
982 308 1098 336 unicum
1109 306 1275 335 diversorum
1288 307 1359 334 viro-

246 363 305 381 rum
318 362 419 380 nomen
441 351 486 379 est.
541 350 572 378 V.
596 349 700 378 Kuster.
723 349 758 377 ad
773 346 905 383 Aristoph.
923 343 1097 374 Plut.Schol.
1117 348 1180 380 926.
1203 347 1228 374 ἃ
1243 344 1355 373 Casaub.

244 390 272 418 iri
292 390 450 419 Athenreum
462 391 487 416 6.
504 393 541 419 18.

209 428 229 456 Λ
240 439 255 456 ι,
265 438 277 456 η
287 435 303 456 χ
315 438 333 456 Α
343 437 361 455 N
373 437 389 454 s>
401 437 415 454 [ζ
426 436 434 453 1
445 435 492 454 UM
501 447 509 459 ‚
538 422 733 460 [A’Azgduffipiov]
752 421 853 457 Judaeae
862 419 998 457 oppidum
1008 419 1082 456 apud
1092 418 1244 456 Josephum
1252 418 1299 448 lib.
1314 428 1356 454 14.

247 466 337 502 Antiq.
351 463 458 499 Judaic.
475 472 534 499 cap.
549 465 573 490 6.
594 460 761 490 Meminit&
775 458 861 488 Strab.
879 458 928 486 lib.
945 460 985 485 16.
1024 457 1113 495 Vulgo
1131 457 1299 484 Alexandrin.

209 505 230 532 A
240 514 255 531 L
265 513 278 531 r
289 508 305 531 jx*
317 513 334 531 A
345 512 365 531 Ν
375 513 391 530 r>
401 512 415 530 a
426 504 442 530 o
454 510 466 528 Ρ
476 504 492 528 ὁ
502 509 556 528 Lis
569 521 577 532 ,
608 497 767 526 Parthorum
790 496 886 524 civitas
895 517 904 529 ,
925 494 961 523 sic
973 494 1047 524 dicta
1066 498 1099 524 ab
1127 494 1283 525 Alexandro
1299 493 1359 523 Ma-

246 551 301 578 gno
316 540 460 569 conditore
471 559 479 571 ,
498 544 529 565 ut
542 536 640 565 author
650 535 687 563 est
697 534 766 563 Plin.
778 533 826 562 lib.
838 536 863 561 6.
875 542 936 570 cap.
953 542 998 568 25.

208 579 229 607 A
240 589 255 606 L
265 588 277 606 r
288 587 303 606 x
316 588 327 605 a.
336 587 356 606 T
367 587 380 605 a
390 587 404 604 a
416 588 422 604 i
436 586 451 603 r*
462 585 473 603 s
484 596 492 609 ,
522 584 536 602 a
551 595 558 608 ‚
579 582 635 601 um.
665 571 880 606 [okmgrirnfflcssv]
908 566 1089 608 Depulsorius
1099 592 1106 606 ,
1129 569 1290 608 depellendi
1301 569 1358 598 vim

245 615 357 649 habens,
374 614 406 642 ab
425 612 517 645 ωεξω,
542 619 630 638 arcer).
673 609 707 638 Ut
717 609 868 638 Alexeteria
876 618 957 637 arma.
980 608 1048 637 Plin.
1065 618 1108 644 32.
1120 613 1146 641 8.

206 654 227 682 A
237 665 252 681 L
263 663 276 681 s
285 660 301 681 x
313 663 325 680 ιε
334 662 352 680 ·r
363 662 375 680 n
385 663 400 679 i:
412 662 419 679 i
431 661 447 679 u
459 660 479 678 M
490 670 497 683 ,
518 648 546 677 ii.
569 654 595 675 ii.
617 646 783 676 Remedium
793 668 801 682 ,
822 646 976 675 amdletum
987 646 1062 684 apud
1070 646 1206 676 Medicos.
1237 644 1266 673 V.
1290 643 1355 673 Cael.

244 690 336 719 Rhod.
353 693 377 718 6.
395 698 434 717 12.

205 731 273 758 ALE
286 737 299 756 ι(
311 739 318 755 1
332 737 367 760 A,
390 725 536 754 Ptolemaeo
555 724 708 761 Regiacum
738 719 924 760 [p'euu'moev]
945 721 1059 751 Alesiam
1076 721 1200 759 appellat
1218 719 1356 749 Diodorus

242 764 350 795 Siculus
364 763 433 792 Bibl.
450 763 494 791 lib.
512 773 536 797 4.
558 763 584 791 ἃ
609 772 632 796 5.
654 760 688 789 ab
699 759 820 789 Hercule
834 759 994 795 conditam,
1024 760 1109 788 totius
1125 758 1236 788 Celticae
1258 765 1358 786 metro-

263 803 338 831 olim.
361 801 492 830 Meminit
506 799 602 829 Strabo
616 798 664 828 lib.
683 809 709 833 4.
729 799 755 827 S<
772 797 868 827 Florus
903 821 908 827 .
926 808 967 827 10.
982 807 1026 833 23.
1065 797 1157 826 Hodie
1179 796 1256 824 vicus
1272 796 1309 824 est
1327 796 1356 823 in

239 814 310 870 ssuc.
324 838 497 875 Burgundiae.
523 838 588 874 Alsse
602 841 713 866 vocant.
753 835 821 865 Eam
833 807 1009 872 Caesarlonga
1019 834 1163 864 obfidione
1174 844 1250 872 oppu
1272 834 1355 867 navit,

240 886 271 907 ut
279 883 393 914 appetet
402 885 436 904 ex
446 877 505 912 ejus
515 875 563 904 lib.
578 885 603 912 7.
626 875 661 903 de
670 873 736 903 Bell.
754 872 823 903 Gall.
837 878 881 907 68.
902 874 976 902 conf.
988 872 1124 902 Plutarch.
1137 872 1165 900 in
1180 871 1245 900 Caes.
1281 871 1353 900 ellei.

241 926 266 945 2.
279 924 322 951 47.
347 914 438 943 Tacit.
456 923 498 943 11.
520 914 591 942 Anii.
609 922 652 949 23.
671 919 694 949 3.
737 911 766 940 V.
789 911 855 940 Lex,
877 912 965 941 Pitisc.

202 955 223 984 A
233 965 247 982 L
259 963 297 982 ex
307 964 314 980 1
326 962 342 980 c
352 954 367 980 A
377 961 394 980 c
404 962 422 980 u
431 962 443 980 s
454 974 462 987 ,
492 952 504 987 [
518 950 702 984 A'zsgiqyncess
733 949 765 978 In
784 949 865 978 malis
882 950 992 983 adjutor
1002 970 1010 982 ,
1041 946 1187 982 defensor,
1217 945 1355 975 malorum

239 989 345 1020 aversor
353 999 385 1018 ae
395 989 523 1027 depulsor
533 1011 541 1025 ‚
562 988 710 1017 hominum
725 987 860 1016 defensor.
881 986 1018 1016 Alexicaci
1030 984 1177 1013 Daemones
1192 984 1355 1013 aveteribus

239 1028 404 1058 dicebantur
419 1050 427 1062 ,
450 1028 497 1064 qui
507 1036 594 1056 noxas
608 1027 634 1056 δι
646 1026 719 1054 diras
728 1034 819 1054 arcere
836 1024 999 1060 amolirique
1011 1022 1249 1052 existimabantur:
1273 1022 1319 1059 qui
1329 1023 1355 1051 &

238 1065 412 1101 ἀπυπυμποᾶοι
444 1067 471 1095 ἃ
499 1067 657 1098 &merebor-usae
673 1073 680 1093 :
714 1072 825 1091 necnon
843 1066 916 1089 λύα-ιαι
931 1084 938 1096 ‚
974 1063 1000 1090 &
1028 1060 1104 1092 Φύξιοι
1134 1060 1353 1098 appellabantur.

237 1104 306 1133 Bud.
319 1104 344 1133 Sc
358 1103 458 1132 Caelius
466 1102 514 1132 lib.
529 1113 551 1132 ι,
564 1112 623 1140 cap.
640 1110 682 1137 32.
706 1100 809 1129 Contra
818 1100 856 1128 dii
866 1099 939 1128 mala
950 1099 1100 1128 inferentes
1110 1120 1118 1133 ,
1141 1098 1183 1127 his
1193 1098 1354 1126 nominibus

235 1141 414 1175 vocabantur,
435 1138 572 1175 ἀλιτήριοι,
595 1140 780 1173 ωέεο-σξόπτιοοι,
801 1139 975 1172 παλαμναέοι,
997 1136 1112 1165 authore
1128 1135 1248 1170 Polluce,
1271 1146 1294 1170 ς.
1307 1139 1352 1164 26.

236 1180 347 1217 Proprie
364 1187 456 1207 tamen
464 1177 636 1208 tribuebatur
647 1176 796 1214 Epitheton
808 1175 876 1204 istuc
886 1174 999 1204 Herculi
1014 1173 1178 1211 &Apollini.
1200 1173 1309 1203 Pausan.
1324 1174 1353 1202 in

236 1219 318 1248 Attic.
332 1217 470 1246 Alexicaci
478 1216 612 1254 Apollinis
622 1214 794 1243 simulacrum
806 1213 913 1242 effinxit
923 1212 1049 1241 Calamis.
1090 1212 1121 1241 ld
1132 1212 1185 1240 deo
1198 1221 1302 1240 nomen
1312 1212 1354 1239 in-

235 1257 327 1286 ditum
347 1256 425 1283 aiunt
439 1277 447 1290 ,
469 1254 544 1291 quod
582 1252 735 1285 estilentia,
768 1261 853 1288 quum
873 1250 947 1279 bello
968 1249 1202 1287 Peloponnesiaco
1221 1250 1250 1277 in
1266 1250 1354 1278 Attica

235 1293 415 1331 grassaretur,
437 1291 549 1321 oraculo
594 1290 683 1328 elphis
694 1289 822 1323 reddito,
844 1288 982 1326 populum
1002 1287 1138 1317 liberavit.
1180 1287 1222 1316 De
1232 1286 1353 1316 Hercule

232 1331 264 1361 V.
287 1331 409 1360 LaL‘tant.
435 1341 459 1367 5.
483 1339 507 1368 3.
547 1329 630 1358 Varro
655 1331 681 1357 6.
702 1327 737 1357 de
760 1326 790 1356 L.
804 1326 834 1356 L.
857 1338 880 1364 ς.
904 1325 968 1355 Cael.
994 1325 1087 1355 Rhod.
1107 1329 1148 1354 16.
1172 1334 1214 1361 19.
1238 1326 1264 1354 δι
1284 1324 1348 1354 Lex.

232 1370 322 1400 Pitisc.

195 1409 338 1438 ALexio
349 1428 357 1442 ,
391 1406 462 1435 onis.
483 1404 614 1434 Medicus
625 1425 634 1439 ,
653 1402 782 1433 Ciceroni
797 1400 957 1437 familiaris,
981 1401 1061 1437 cujus
1086 1400 1218 1430 meminit
1232 1400 1285 1429 Att.
1307 1410 1349 1436 15.

238 1452 270 1476 1:
297 1455 322 1475 2.
346 1445 462 1481 ἅγιε
482 1451 523 1478 13.
545 1451 590 1478 25.

194 1484 216 1514 A
226 1496 242 1513 L
253 1494 266 1513 a
275 1493 293 1512 x
303 1494 311 1511 i
321 1492 335 1511 P
345 1492 365 1511 H
375 1492 394 1510 A
403 1491 448 1510 ΕΜ
459 1484 476 1510 A
486 1489 502 1508 c
511 1489 528 1508 o
538 1489 558 1508 N
568 1501 576 1514 ,
614 1479 633 1508 i.
653 1487 680 1506 n.
712 1478 724 1513 [
743 1477 945 1520 ἀλεξιφάξωουν
963 1477 978 1512 ]
1009 1475 1050 1518 είῖῑ1
1073 1476 1167 1505 Genus
1188 1477 1348 1514 pharmaci:

232 1521 307 1559 quod
318 1529 421 1549 nomen
433 1519 502 1547 verti
513 1517 602 1555 potest
614 1515 750 1545 Auxiliare
760 1515 1014 1549 medicamentum,
1037 1515 1089 1543 live
1105 1514 1272 1544 Remedium
1285 1522 1350 1545 cum

231 1558 345 1589 auxilio.
368 1556 549 1586 Pliii.lib.21.
570 1565 628 1592 cap.
640 1563 684 1582 20.
729 1553 789 1582 Nec
809 1563 852 1581 ma
874 1553 895 1581 is
914 1552 966 1581 alia
978 1552 1061 1581 herba
1078 1553 1211 1582 convenit
1229 1554 1350 1582 medica-

230 1604 327 1627 mento
338 1618 346 1632 ,
367 1594 442 1632 quod
452 1593 694 1631 alexipharmacon
705 1597 814 1621 vocant.
881 1599 896 1619 e
917 1590 1001 1619 Polio.

192 1637 215 1666 A
226 1647 242 1664 L
253 1645 267 1664 ε
276 1644 294 1663 x
303 1636 314 1663 ῑ
323 1644 339 1663 R
350 1643 369 1662 H
378 1634 395 1662 ὁ
407 1642 429 1667 Ε,
450 1642 488 1661 es.
509 1631 527 1660 f.
549 1630 681 1668 Nympha
689 1639 749 1666 quae
757 1629 866 1666 peperit
878 1628 993 1658 JEsacon
1004 1650 1012 1661 ,
1035 1627 1132 1657 Priami
1142 1626 1239 1658 filium.
1262 1628 1347 1658 ovid.

235 1683 276 1702 11.
291 1672 359 1702 Met.
374 1674 437 1708 763.
457 1670 491 1699 al.
503 1668 658 1698 Alixothoe.
699 1666 813 1702 [Locus
827 1666 982 1695 admodum
994 1672 1117 1695 vexatus.

192 1711 288 1742 ALEx
298 1721 307 1738 1
318 1720 329 1739 s
340 1732 347 1743 ,
378 1715 461 1746 quem
486 1707 584 1736 dicunt
601 1705 805 1740 Alexandrum,
826 1704 910 1733 Afinii
929 1703 1061 1733 Pollionis
1080 1703 1171 1733 servus
1183 1726 1191 1739 ,
1212 1703 1247 1733 sie
1258 1704 1348 1733 dietus

230 1748 303 1786 quasi
318 1748 372 1777 sme
385 1745 558 1783 responsione
573 1766 580 1779 ,
603 1753 635 1773 ac
654 1742 786 1781 superbus
802 1751 809 1771 z
832 1750 916 1779 quem
933 1742 1064 1779 Virgilius
1084 1748 1194 1779 rogatus
1213 1742 1247 1770 ad
1268 1751 1349 1779 pran-

231 1787 327 1820 dium,
356 1794 441 1821 quum
463 1782 573 1812 vidisset
592 1782 622 1810 in
642 1781 794 1810 ministerio
813 1780 941 1809 omnium
962 1780 1196 1817 pulcherrimum,
1226 1779 1346 1815 dilexit,

228 1834 293 1855 eum
316 1833 349 1852 ue
359 1823 435 1851 dono
444 1821 560 1858 accepit.
600 1819 666 1849 Haec
676 1819 785 1848 Servius
796 1827 924 1847 enarrans
932 1817 1002 1847 illud
1014 1818 1086 1855 Virg.
1095 1827 1121 1847 2.
1133 1817 1190 1848 Ecl.
1208 1827 1231 1847 1.

297 1833 464 1891 cl²oriiiosum
489 1859 578 1896 pastor
606 1857 739 1894 Corydon
761 1855 875 1885 ardebat
900 1855 1008 1885 Alexin.
1195 1854 1330 1893 Apuleius

229 1899 346 1938 Apolog.
358 1909 385 1936 p.
399 1897 536 1935 279.Elm.
548 1895 661 1932 Quanto
671 1894 822 1923 modestius
832 1894 947 1923 tandem
957 1893 1240 1931 Mantuanus,inquit,
1252 1893 1319 1922 Poet

229 1938 278 1975 qui
290 1937 389 1966 itidem
400 1943 432 1965 ut
442 1943 623 1973 ego‚puerum
635 1933 718 1964 amici
733 1931 772 1961 sui
786 1931 917 1961 Pollionis
927 1931 1057 1961 bucolico
1067 1931 1175 1961 ludicro
1186 1931 1309 1966 laudans,
1322 1933 1348 1961 Sc

228 1976 366 2006 abstinens
379 1973 524 2002 nominum
535 1994 543 2006 ,
564 1971 618 2000 sese
634 1970 748 2007 quidem
766 1969 944 2007 Corydonem
955 1991 963 2004 ,
984 1979 1102 2007 puerum
1111 1979 1176 1999 vero
1189 1969 1287 1998 Alexin
1300 1978 1349 1998 vo-

229 2014 296 2044 cat‘?
318 2008 415 2042 Alexin
424 2019 516 2040 autem
525 2008 705 2038 nominaviss'e
718 2007 870 2045 suspicatur
888 2008 924 2037 de
933 2008 1048 2036 nomine
1062 2007 1136 2036 illius
1154 2008 1242 2045 pueri,
1263 2016 1349 2044 quem

228 2053 425 2089 epigrammate
437 2048 511 2078 Plato
522 2047 647 2076 laudarat
658 2069 665 2082 ‚
688 2046 766 2082 cujus
777 2046 891 2075 initium
904 2045 942 2075 est
951 2067 959 2081 ‚
982 2047 1029 2078 Νῦχ
1041 2044 1078 2072 ’ὄπ
1088 2042 1163 2080 mdiv
1182 2045 1278 2080 Ᾰλεξις,
1293 2046 1345 2074 ἃς..

227 2088 386 2120 Turnebus.
420 2087 486 2116 Adv.
501 2096 545 2121 29.
561 2094 603 2119 13.

228 2128 334 2160 Alexis,
354 2126 504 2155 Statuarius
517 2122 637 2157 nobilis,
657 2121 792 2159 Polycleti
803 2120 963 2159 discipulus.
987 2120 1054 2150 Plin.
1068 2120 1117 2150 lib.
1135 2130 1178 2157 34.
1202 2129 1261 2158 cap.
1281 2125 1307 2154 8.

228 2165 329 2198 Alexis,
345 2162 521 2192 Amanuensis
534 2161 625 2190 Attici.
647 2160 705 2189 Cic.
721 2169 746 2196 7.
760 2160 812 2189 Att.
824 2170 849 2189 2.
873 2159 971 2188 Alexin
979 2158 1205 2188 humaniffimum
1214 2168 1345 2196 puerum,

246 2203 295 2232 nisi
307 2202 377 2231 forte
393 2201 460 2230 dum
477 2209 529 2237 ego
538 2198 631 2228 absum
643 2220 650 2233 ,
672 2197 831 2227 adolescens
853 2197 942 2227 factus
960 2197 999 2225 est
1019 2197 1069 2232 tid
1081 2198 1158 2226 enim
1174 2206 1252 2233 agere
1272 2197 1348 2225 vide-

246 2242 326 2270 batur
338 2242 347 2273 )
367 2238 467 2267 salvere
477 2237 573 2274 jubeas
584 2235 675 2265 velim.

228 2278 320 2309 Aleius
337 2277 459 2306 Thurius
472 2298 480 2310 .,
509 2273 618 2311 [Α’Λεξις
639 2275 748 2304 382⁴&
762 2272 776 2307 ]
808 2272 854 2309 qui
865 2272 939 2309 prius
951 2271 1061 2309 Sybaris
1076 2271 1220 2301 dicebatur
1234 2294 1242 2306 ,
1263 2271 1348 2301 Poeta

246 2316 379 2346 Comicus
388 2321 451 2343 ante
464 2312 659 2343 Menandrum.
694 2310 818 2347 Reliquit
828 2310 920 2347 plures
936 2310 1041 2339 fabulas
1052 2331 1059 2345 ,
1081 2310 1177 2338 habuit
1187 2309 1275 2338 filium
1288 2310 1349 2338 Ste-

244 2355 388 2393 phanum,
430 2354 520 2381 oetam
539 2348 665 2387 &ipsum
684 2348 840 2378 Comicuni.
875 2348 982 2377 Suidas.
1016 2347 1150 2378 Meminit
1168 2347 1238 2377 Gell.
1257 2347 1306 2377 lib.
1318 2357 1344 2377 2.

246 2402 306 2430 cap.
320 2400 364 2428 23.
386 2400 401 2420 a
423 2390 458 2419 de
468 2387 591 2418 Vossium
606 2387 640 2416 de
651 2386 740 2416 Poetis
752 2386 852 2415 Graecis
860 2395 923 2424 cap.
935 2391 960 2420 8.

653 2464 681 2498 A
778 2463 806 2497 L
903 2459 937 2496 G

189 2543 236 2572 AL
247 2550 308 2575 GA,
330 2549 360 2568 τε.
382 2539 492 2575 ku&
509 2535 659 2571 θαλάσσιον]
679 2535 771 2565 Herba
784 2545 844 2573 quae
859 2534 979 2564 nascitur
993 2535 1021 2563 in
1037 2534 1115 2573 aquis
1123 2534 1245 2565 marinis.
1266 2535 1347 2564 Dicta

228 2579 262 2608 ab
273 2578 369 2613 Algore
385 2586 471 2613 aquae,
484 2574 529 2604 vel
538 2574 613 2612 quod
633 2573 749 2603 craffitie
765 2574 852 2610 pedes
865 2573 967 2610 alliget.
989 2572 1057 2602 Plin.
1072 2573 1185 2608 (locum
1197 2583 1255 2602 non
1264 2574 1346 2610 rep.)

227 2613 381 2647 Littusnon
398 2613 558 2648 arenosum,
578 2612 624 2641 sed
641 2612 700 2649 alga
718 2613 743 2641 Sc
757 2613 906 2641 fluviorum
915 2610 1172 2649 sordibusplenum.
1212 2611 1245 2640 V.
1271 2611 1343 2648 Virg.

227 2663 254 2692 7.
277 2654 339 2684 JEn.
360 2663 421 2688 590·
442 2651 508 2681 Hor.
522 2660 547 2680 2.
566 2651 651 2680 Serm.
665 2655 725 2685 5.8.

302 2691 336 2720 Et
357 2699 443 2727 genus
456 2691 481 2718 St
494 2689 578 2718 virtus
588 2710 595 2721 ‚
618 2687 667 2716 nisi
680 2697 743 2716 cum
760 2696 788 2716 re
798 2706 805 2718 ,
828 2686 912 2717 vilior
929 2686 989 2723 alga
1011 2685 1058 2715 est.
1102 2686 1173 2723 Virg.
1188 2684 1245 2716 Ecl.
1258 2694 1283 2723 7.
1296 2695 1342 2722 42.

227 2729 294 2767 Alga
315 2727 430 2758 inutilis.
452 2727 518 2756 Hor.
535 2736 558 2763 3.
582 2725 669 2755 Carm.
684 2734 725 2762 17.
742 2735 785 2754 ιο.

227 2768 344 2798 Mariua.
386 2765 530 2795 Palladius.

228 2804 335 2835 Mollis.
374 2803 432 2832 Val.
449 2802 538 2832 Flacc.
560 2811 582 2830 1.
604 2803 703 2837 Argon.
718 2809 781 2836 252.

228 2843 330 2873 Rubra.
353 2840 450 2871 Claud.
468 2840 503 2868 de
521 2838 661 2874 Magnete.
676 2848 700 2867 V.
719 2848 760 2874 15.

228 2881 337 2910 Viridis.
367 2878 464 2908 Claud.
475 2878 505 2906 in
520 2887 542 2905 1.
564 2876 741 2912 Ruffin.387.

191 2919 261 2950 Arc
271 2929 283 2947 r.
293 2929 311 2947 N
321 2928 333 2947 s
344 2929 351 2946 1
362 2927 374 2946 s
385 2939 393 2952 ,
414 2926 438 2945 e.
461 2915 574 2959 denom.
592 2914 625 2961 ab
635 2913 708 2950 Aiga.
721 2913 795 2956 Prin..
806 2908 853 2941 lib.
865 2922 890 2947 9.
907 2921 966 2950 cap.
979 2917 1023 2949 37.
1046 2911 1176 2942 Lutenses
1188 2913 1213 2942 St
1223 2910 1344 2949 algenses

190 2996 211 3024 A
220 2966 368 3023 Eglpr'iuiruaeu
377 2954 466 3027 sq'uaae,
478 2952 556 3020 liidin
556 2951 660 3032 1lodgiriil
664 2956 947 3024 gSte'mffiieqnglugrihm
968 2986 1104 3016 Columel.
1120 2987 1167 3016 lib.
1183 2998 1206 3022 5.
1218 2997 1279 3025 cap.
1292 2993 1317 3021 8.

191 3033 264 3062 ALG
276 3036 312 3061 ὃς
324 3041 360 3060 us
372 3053 379 3065 ‚
411 3025 563 3066 [omasus]
595 3027 664 3056 Plin.
682 3026 730 3055 lib.
748 3035 791 3062 32.
812 3035 872 3062 cap.
894 3035 918 3060 9.
957 3025 1075 3061 Purgant
1090 3027 1117 3055 Sc
1131 3035 1254 3063 myaces:
1278 3035 1345 3062 quo-

228 3080 288 3098 rum
303 3075 399 3098 natura
411 3072 467 3097 tota
484 3067 512 3095 iu
522 3065 576 3094 hoc
595 3065 659 3093 loco
678 3065 794 3093 dicetur.
835 3064 1002 3092 Acervantur
1019 3063 1156 3092 muricum
1178 3063 1264 3091 modo
1276 3085 1283 3098 ,
1305 3064 1345 3092 vi-

226 3114 349 3143 vuntque
362 3107 390 3135 in
404 3104 508 3140 algofis.
531 3103 558 3132 h.
578 3113 601 3132 e.
635 3101 744 3132 lnlocis
754 3100 813 3138 alga
827 3100 1042 3130 abundantibus.
1070 3100 1169 3131 Auson.
1182 3101 1265 3139 Epist.
1275 3110 1299 3138 7.
1316 3111 1340 3130 v.

228 3154 272 3180 42.
294 3143 421 3182 Algosum
432 3138 518 3172 littus.

191 3182 211 3212 A
222 3193 237 3210 L
248 3192 334 3210 carza
344 3192 362 3210 A
373 3204 381 3216 ,
403 3191 433 3210 ae.
454 3180 473 3209 f.
499 3178 613 3209 Arabica
623 3186 802 3206 numerorum
820 3175 942 3205 scientia.
983 3175 1012 3204 V.
1037 3175 1115 3213 Casp.
1137 3176 1245 3205 Schotti
1268 3176 1342 3205 Curs.

230 3219 362 3249 Mathem.
394 3242 400 3247 .
435 3228 450 3247 2
473 3240 478 3247 .

191 3257 212 3286 A
222 3268 238 3285 L
249 3267 266 3284 c
276 3266 289 3284 ε
298 3266 314 3284 o
324 3278 331 3290 ,
353 3229 393 3292 sip,
415 3230 429 3292 ἒ
441 3228 556 3292 κζυμέω]
581 3256 634 3283 Ere.
657 3253 734 3282 Idem
744 3251 819 3290 quod
830 3251 946 3288 Frigere.
987 3250 1102 3278 Videtur
1111 3256 1205 3279 tamen
1223 3250 1277 3280 effe
1289 3251 1344 3280 Fri-

229 3304 292 3331 gere
302 3292 589 3329 vehementius.Algeo
599 3314 607 3327 ,
619 3291 710 3328 inquit
720 3290 822 3324 Festus,
832 3298 866 3317 ex
877 3290 972 3318 Graeco
985 3288 1050 3320 ἀλγὲῖ
1070 3287 1172 3317 dicitur
1182 3310 1190 3322 ,
1215 3289 1231 3316 i.
1246 3299 1269 3318 e.
1291 3289 1343 3318 Do-

230 3332 289 3360 leo:
300 3337 330 3360 ut
342 3329 572 3368 fitFrigus,Dolor
583 3329 696 3366 quidam
710 3327 898 3357 membrorum
911 3327 999 3362 rigore
1012 3326 1164 3360 conjeclus.
1186 3326 1343 3361 [collectus

229 3368 397 3404 conjiciebat
407 3368 518 3397 Vulcan.
530 3368 610 3402 forte,
625 3369 706 3402 Rigore
717 3364 883 3399 eomundus]
904 3364 994 3392 Cic.2.
1006 3362 1087 3391 Tusc.
1104 3372 1147 3399 34.
1158 3363 1282 3400 Itemque
1295 3364 1344 3402 Ly-

230 3407 306 3443 curgi
321 3406 403 3443 leges,
421 3405 560 3434 laboribus
575 3405 706 3434 erudiunt
729 3404 916 3436 iuventutem,
934 3401 1080 3434 venando,
1103 3402 1240 3430 currendo
1257 3424 1265 3436 ,
1285 3402 1343 3431 esu-

228 3444 327 3473 riendo
337 3465 345 3477 ,
366 3443 482 3472 {iriendo
493 3465 501 3477 ,
529 3442 647 3479 algendo
658 3464 666 3476 ,
687 3441 835 3471 aestuando.
874 3440 939 3468 Hor.
949 3439 977 3467 in
987 3439 1048 3467 Arte
1058 3438 1133 3467 Po'et.
1146 3448 1210 3475 413.

303 3481 358 3517 Qui
379 3481 469 3510 studet
483 3486 605 3517 optatum
620 3479 697 3508 cursu
716 3479 878 3516 contingere
901 3483 1020 3511 metam,

302 3518 392 3547 Multa
409 3517 488 3552 tulit,
509 3517 630 3553 fecitque
652 3527 739 3555 puer,
760 3516 867 3545 sudavit
884 3516 909 3544 Se
931 3514 995 3543 allit.
1052 3512 1150 3549 Juven.
1166 3523 1188 3541 1.
1211 3514 1264 3543 Sat.
1276 3523 1319 3551 74.

386 3572 423 3575 —
446 3554 567 3583 Probitas
583 3555 710 3584 laudatur
724 3556 750 3584 ὃς
766 3554 846 3591 alget.
941 3552 969 3581 h.
991 3562 1015 3581 e.
1039 3551 1132 3588 Friget
1142 3551 1246 3581 virtus:
1278 3553 1342 3590 quia

228 3592 310 3631 pauci
331 3602 391 3621 earn
406 3599 544 3620 exercent.
585 3593 698 3627 [lmmo
712 3590 790 3629 Alget
811 3590 915 3627 inopia.

229 3630 356 3667 Algentes
376 3627 553 3665 [κςυμέντις]
579 3630 692 3665 pruinae.
723 3630 789 3659 Stat.
807 3639 831 3665 3.
853 3627 944 3658 Theb.
955 3630 1019 3663 469.

191 3668 210 3697 A
221 3679 237 3696 i.
248 3678 265 3696 c
274 3678 287 3695 r.
296 3677 307 3696 s
317 3677 333 3696 c
342 3677 358 3695 o
368 3689 375 3700 ,
398 3669 453 3696 ere.
474 3666 638 3695 Prudentius
649 3667 795 3704 Apotheos.
813 3676 839 3696 v.
855 3675 915 3701 142.

374 3720 411 3725 —
430 3703 534 3732 rabiem
551 3704 721 3733 flammarum
739 3704 873 3741 algescere
887 3703 970 3739 cogit.

132 3760 143 3768 -
189 3742 210 3772 A
220 3753 236 3770 L
246 3752 262 3770 c
273 3744 285 3769 ῖ
295 3751 338 3769 nu
348 3751 359 3769 s
374 3763 381 3775 ,
402 3741 459 3775 Adj.
482 3742 495 3776 [
510 3741 603 3775 κρυμῶν
615 3762 623 3775 ,
644 3742 758 3776 aevom]
779 3742 856 3770 [dem
867 3751 898 3770 ac
912 3740 1027 3778 Algens,
1048 3736 1166 3778 gelidus.
1187 3736 1276 3767 Catul.
1295 3743 1338 3774 58.

228 3780 263 3808 de
279 3779 493 3816 Berecynthia&
507 3781 555 3814 Aty
566 3799 573 3810 ,
593 3788 633 3813 ¹4·
656 3778 747 3807 nivem
760 3786 840 3807 vocat
849 3778 978 3815 algidam.

187 3818 208 3847 A
218 3826 253 3845 Ls
265 3827 272 3844 1
284 3826 300 3844 u
311 3826 322 3844 s
332 3838 338 3850 ,
353 3817 363 3851 [
377 3813 542 3850 affabris-ew]
563 3823 684 3852 compar.
703 3815 736 3844 ab
746 3816 836 3850 Alsus,
858 3816 933 3845 unde
943 3817 968 3845 84
979 3813 1101 3844 Alsiosus.
1120 3813 1180 3843 Cic.
1190 3824 1216 3849 4.
1242 3813 1294 3842 Att.
1313 3818 1338 3847 8.

225 3853 303 3884 Nihil
318 3853 454 3890 quietius,
476 3852 654 3884 nihilallius,
681 3852 750 3881 nihil
761 3854 905 3882 amoenius.
947 3853 1022 3881 ldem
1035 3861 1058 3888 3.
1077 3853 1114 3888 Q
1128 3852 1187 3880 frat.
1208 3860 1247 3880 12.
1279 3851 1339 3887 Jam

223 3891 388 3928 apodyterio
406 3889 474 3919 nihil
500 3889 595 3923 alsius,
620 3889 687 3918 nihil
709 3889 864 3918 muscolius.

223 3929 293 3959 Allia
303 3937 434 3966 corpora,
456 3928 527 3964 Quat
542 3927 625 3963 frigus
646 3929 715 3957 ferre
737 3937 793 3955 uon
815 3926 934 3963 polsunt.
959 3927 1065 3956 Lucret.
1078 3926 1126 3955 lib.
1146 3936 1169 3961 ς.
1196 3935 1277 3962 1014.

1861 106 2124 150 Ati

1527 184 1531 187 χ
2104 171 2116 183 Ι

1525 191 1598 230 Ignis
1616 194 1691 221 enim
1710 191 1835 229 curavit,
1856 200 1889 223 ut
1907 193 1969 222 alsia
1983 202 2100 231 corpora
2114 194 2200 232 frigus

1472 265 1482 295 Ι
1527 230 1593 259 Non
1609 231 1720 295 italiam
1740 232 1849 268 pollent
1870 232 1934 261 coeli
1953 231 2001 261 sub
2019 233 2142 269 tegmine
2159 232 2231 260 ferri.
2338 226 2369 261 V.
2402 229 2517 270 Giphan.
2538 230 2564 267 ἃ

1486 274 1593 305 nterpp.
1608 278 1636 296 in
1659 278 1701 297 oc.

1415 304 1437 333 A
1447 315 1461 332 1.
1471 314 1481 332 s
1492 315 1498 332 1
1509 309 1544 333 os
1555 315 1610 347 us,
1632 306 1692 340 Adj.
1715 302 1863 341 [xenaiam]
1893 306 1978 342 Quod
1988 313 2091 335 naturae
2099 307 2136 335 est
2150 305 2318 343 frigescentis
2330 327 2338 340 ,
2359 307 2385 335 δι
2401 306 2481 336 facile
2493 317 2507 336 a
2521 309 2565 341 fria
2587 338 2591 344 ,

1454 352 1519 378 gore
1532 343 1647 371 laeditur.
1672 342 1739 371 Plin.
1752 343 1799 371 lib.
1813 352 1858 372 20.
1872 353 1931 381 cap.
1946 353 1985 380 13.
2012 344 2169 380 Alliosisque
2180 344 2294 372 crudam
2305 343 2442 372 dederunt
2455 345 2483 373 in
2493 345 2563 377 cibor

1454 380 1587 421 ldssmssb·
1601 390 1644 408 21.
1661 390 1720 418 cap.
1737 390 1778 409 10.
1801 381 1972 410 Abrotonum
1983 380 2151 410 &adonium
2164 381 2256 410 alsiosa
2267 381 2419 410 admodum
2430 381 2500 411 sunt.
2514 384 2564 415 ‘Sic

1454 417 1583 446 Alliolum
1595 427 1690 455 pecus.
1732 417 1814 446 Varro
1832 428 1857 447 2.
1880 419 1914 447 de
1926 419 1958 448 R.
1972 419 2003 447 R.
2018 428 2041 453 3.
2571 425 2599 458 0

1528 455 1653 492 Quaque
1675 456 1840 485 Aventinum
1859 463 1954 490 tenet,
1975 456 2169 493 Algidumque.

1402 491 1438 521 ,A
1450 502 1465 518 L
1474 502 1508 519 oi
1521 503 1533 520 F
1545 495 1582 521 10
1592 503 1607 520 u
1619 503 1630 521 s
1641 514 1648 525 ,
1670 494 1855 529 [κςυμοπτιος]
1870 494 1994 523 GelLlib.
2014 504 2054 528 19-
2070 503 2131 530 cap.
2143 504 2168 528 4·
2210 492 2386 535 Quodtimor
2397 492 2564 527 sitomnibus

1455 530 1587 566 algiiicus.
1610 531 1626 558 i.
1644 540 1668 559 e.
1689 529 1781 567 Frigus
1792 531 1920 567 inducit,
1942 531 2062 568 algorem
2074 531 2148 559 facit.

1417 567 1439 596 A
1448 578 1464 595 L
1473 579 1489 595 ι,
1500 572 1515 595 o
1526 577 1541 594 a
1551 589 1558 601 ,
1580 568 1643 596 (iris.
1672 577 1708 597 m.
1731 570 1841 604 [κςυμὲς
1851 591 1859 604 ,
1881 569 2003 603 ψυχῶν]
2024 568 2057 597 ab
2070 568 2163 605 Algeo,
2177 567 2244 597 sicut
2253 568 2356 597 Calora
2366 569 2469 606 Cale0;
2488 570 2564 602 Idem

1456 604 1531 646 quod
1543 604 1637 641 Frigus
1649 627 1656 640 ,
1678 605 1729 634 sive
1742 606 1933 644 potiusFrigus
1943 606 2144 635 vehementius.
2167 605 2235 635 Plin.
2244 605 2292 635 lib.
2308 616 2348 642 14.
2363 616 2422 644 cap.
2435 618 2460 638 2.
2492 609 2563 639 ffistu
2589 616 2593 620 ‘

1454 650 1541 680 magis
1552 665 1560 677 ,
1602 652 1664 671 uam
1673 643 1764 681 algore
1773 652 1915 674 vexantur.

1453 679 1584 722 Patiensa
1596 681 1676 718 goris.
1699 681 1804 711 Sallust.
1827 683 1857 710 in
1872 682 1953 711 Catil.
1966 691 1990 711 c.
2002 692 2025 718 5.
2041 681 2149 719 Corpus
2162 682 2271 720 patiens
2281 681 2392 717 inediae,
2413 682 2566 720 vigiliae,al-

1472 727 1553 754 goris.

1416 757 1438 785 A
1448 765 1488 783 ια
1500 765 1516 783 u
1527 763 1553 789 s,
1587 757 1626 784 us.
1657 755 1735 785 Idem
1769 757 1846 794 quod
1873 757 1965 794 Algor.
1992 756 2079 785 Plaut.
2119 756 2192 786 Rud.
2225 766 2250 786 2.
2286 766 2311 794 7.
2350 766 2394 792 24.
2445 757 2491 787 Tu
2521 756 2565 789 vel

1454 792 1538 835 suda,
1559 793 1602 822 vel
1622 794 1681 830 peri
1702 794 1773 831 algu.
1812 794 1891 824 Idem
1905 817 1912 830 ,
1937 794 2146 832 Paupertatem,
2172 792 2283 832 algum,
2313 794 2422 824 famem.
2457 795 2562 827 Lucret.

1453 830 1501 859 lib.
1520 839 1626 873 34733.
1666 848 1703 874 .-
1723 831 1844 867 morbis,
1864 832 1982 869 alguque
1995 854 2002 867 ,
2022 832 2160 868 fameque.
2200 832 2494 868 Nomenobsoletum,
2510 835 2564 864 sine

1453 868 1562 911 plurali.
1602 869 1712 898 Nonius
1733 879 1759 898 2.
1778 875 1822 903 28.
1842 869 1910 907 legit
1927 870 1994 907 Algo
2007 891 2015 905 ,
2034 869 2082 899 sed
2108 869 2151 899 vel
2175 869 2237 898 usus
2259 870 2297 898 est
2316 871 2453 908 corruptis
2470 871 2563 908 libris,
2582 895 2587 900 .

1452 906 1497 935 vel
1517 906 1574 950 iplse
1588 906 1736 936 mendosus
1755 908 1809 942 est,
1844 915 1926 945 atque
1948 908 2022 945 apud
2047 917 2112 937 eum
2132 907 2283 945 legendum
2303 907 2369 944 Algu
2391 918 2441 946 pro
2458 908 2563 946 Algore,
2596 918 2599 928 s

1453 945 1479 973 Sc
1496 943 1550 972 loci
1569 954 1667 973 omnes
1682 946 1728 982 qui
1745 945 1778 974 ab
1793 955 1826 974 eo
1838 946 2016 983 proferuntur
2030 967 2038 981 ,
2075 945 2111 974 sic
2129 945 2191 974 sunt
2204 945 2366 974 restituendi
2377 968 2385 981 ,
2407 956 2441 975 ex
2459 947 2564 977 Priscia-

1451 991 1490 1048 FO
1502 1003 1509 1016 ,
1521 983 1557 1025 ,δι
1567 982 1686 1011 Charisio
1707 983 1825 1020 antiquis
1839 984 2033 1021 grammaticis.
2093 982 2124 1012 V.
2146 982 2271 1012 Lambin.
2290 984 2321 1011 in
2331 983 2439 1013 Lucret.
2454 985 2479 1014 Sc
2497 984 2561 1015 Lex.

1473 1029 1536 1048 arei.

1414 1057 1458 1087 AL
1468 1067 1485 1085 c
1495 1059 1507 1086 i
1517 1068 1534 1086 D
1544 1068 1593 1099 uror
1607 1079 1616 1092 ‚
1649 1058 1664 1093 [
1676 1054 1800 1100 Α’λνδῇὶν]
1826 1058 1910 1088 Italiae
1931 1058 2068 1096 oppidum
2079 1080 2087 1094 ,
2109 1068 2167 1087 non
2178 1058 2277 1097 procul
2293 1068 2309 1088 a
2323 1058 2445 1088 Tusculo
2462 1059 2493 1087 in
2510 1059 2564 1090 alto

1451 1101 1548 1138 monte
1567 1097 1663 1130 litum,
1684 1104 1719 1123 ex
1734 1097 1802 1125 ae'ris
1819 1096 1910 1133 algore
1933 1104 2079 1134 propterea
2092 1097 2200 1126 dictum
2211 1119 2218 1131 ,
2239 1106 2316 1125 nunc
2338 1101 2400 1124 1<0ca
2417 1098 2443 1124 dt
2453 1102 2515 1133 papa
2529 1108 2563 1128 ex
2579 1095 2590 1131 ¹,

1450 1140 1550 1162 veteris
1561 1133 1610 1162 situ
1626 1133 1818 1171 descriptionis
1830 1135 2014 1169 existimatur,
2045 1134 2175 1172 sylvaque
2184 1135 2312 1172 proxima
2324 1134 2415 1164 adhue
2431 1134 2482 1163 Alii
2492 1134 2563 1173 sylva
2594 1138 2602 1156 Ἰ

1451 1172 1672 1208 cognominatur.
1711 1172 1841 1201 Volaterr.
1854 1172 1903 1201 lib.
1916 1176 1940 1201 6.
1963 1172 2061 1202 Strabo
2072 1172 2119 1201 lib.
2136 1183 2159 1208 ς.
2180 1173 2249 1201 dicit
2267 1172 2396 1209 Algidum
2414 1171 2468 1202 effe
2485 1174 2563 1215 oppi-

1450 1209 1618 1277 gulumgost
1627 1215 1737 1275 {montes
1750 1210 1921 1239 Tusculanos
1933 1232 1941 1246 ,
1963 1211 1998 1239 ad
2009 1219 2077 1248 quos
2088 1210 2274 1240 descendebat
2282 1211 2326 1240 via
2336 1209 2439 1240 Latina.
2455 1211 2521 1241 Hor.
2535 1211 2563 1241 in

1475 1257 1541 1276 arm.
1567 1250 1624 1276 ‘ecu
1640 1251 1672 1276 ;6
1695 1269 1700 1276 .

1411 1286 1433 1314 A
1443 1296 1458 1313 L
1468 1294 1485 1313 c
1496 1295 1504 1313 i
1515 1296 1533 1313 D
1543 1296 1556 1314 s
1566 1295 1585 1314 N
1595 1295 1607 1314 s
1618 1296 1626 1312 1
1636 1294 1648 1314 s
1659 1307 1668 1320 ,
1676 1258 1752 1321 9Adj.
1774 1281 1933 1322 [Α’λνδῖὺς]
1952 1284 2021 1315 Plin.
2039 1285 2087 1314 lib.
2102 1295 2143 1322 19.
2154 1294 2212 1324 cap.
2230 1297 2253 1323 5.
2291 1285 2436 1324 Algidense
2449 1284 2563 1325 raphani

1450 1332 1537 1360 genus
1557 1333 1572 1352 a
1584 1323 1668 1358 loeo,
1689 1323 1805 1361 longum
1827 1329 1909 1360 atque
1929 1323 2140 1353 translucidum.

1411 1361 1433 1390 A
1442 1372 1458 1389 1v
1468 1364 1506 1404 ej
1516 1371 1532 1389 o
1543 1371 1560 1389 υ
1570 1371 1582 1390 s
1595 1383 1602 1395 ,
1615 1362 1630 1396 [
1645 1358 1760 1394 Ᾰλνδῶυ
1773 1362 1788 1396 ]
1808 1361 1893 1391 Mons
1909 1362 1942 1390 ab
1954 1361 2028 1391 Urbe
2045 1371 2079 1391 xi
2088 1372 2109 1391 1.
2122 1361 2247 1399 palsuum
2257 1360 2380 1391 millibus
2394 1361 2509 1392 distans:
2531 1361 2563 1392 ab

1450 1398 1555 1428 alliduo
1570 1399 1669 1436 frigore
1684 1399 1718 1428 sic
1733 1399 1833 1428 dictus.
1870 1399 1905 1428 Et
1913 1400 1946 1429 ab
1958 1400 2012 1429 hoc
2021 1409 2132 1437 quoque
2141 1399 2214 1437 sylva
2225 1399 2323 1436 Algida
2334 1400 2408 1429 dicta
2419 1399 2457 1428 est
2471 1421 2479 1436 ‚
2499 1399 2564 1430 huic
2581 1427 2583 1431 .

1448 1438 1538 1466 monti
1550 1435 1702 1480 subjacens.
1724 1436 1781 1465 Cic.
1797 1437 1827 1465 in
1838 1436 1914 1466 Orat.
1933 1448 1956 1467 c.
1972 1448 2018 1473 45.
2056 1437 2110 1467 Vos
2126 1438 2173 1475 qui
2183 1437 2307 1468 accolitis
2317 1437 2438 1468 Histrum
2450 1437 2563 1469 fluvium
2577 1433 2581 1442 ”

1447 1474 1776 1548 zqquug}{rgqnihglin4
1784 1474 1890 1542 liCbguing¹
1900 1484 2016 1548 cap.813.
2038 1475 2152 1513 Eutrop.
2167 1485 2189 1504 1.
2205 1485 2247 1512 15.

1449 1551 1572 1580 Gelidus.
1601 1551 1667 1580 Hor.
1682 1561 1704 1580 1.
1724 1551 1814 1580 Carm.
1827 1560 1871 1580 21.
1885 1556 1910 1580 ό.
1939 1525 1950 1550 5

1447 1589 1561 1619 Nivalis.
1584 1589 1650 1618 Hor.
1664 1597 1687 1625 3.
1709 1588 1797 1618 Carm.
1817 1598 1896 1625 23.9.
2331 1614 2340 1629 Ι

1521 1627 1594 1657 Nam
1615 1636 1676 1664 quae
1693 1626 1779 1656 nivali
1795 1626 1915 1664 pascitur
1934 1626 2053 1665 Algido·
2083 1625 2114 1656 V.
2135 1625 2202 1656 Lex.
2226 1627 2315 1657 Pitisc.

1409 1665 1552 1699 ALooa,
1592 1665 1623 1694 V.
1647 1674 1776 1693 ALGao.

1408 1704 1430 1733 A
1440 1714 1455 1731 L
1464 1707 1531 1770 elohi<
1541 1713 1557 1732 o
1566 1713 1582 1732 r<
1594 1724 1601 1738 ,
1622 1703 1652 1732 in
1671 1701 1789 1732 versibus
1799 1702 1966 1739 quibusdam
1978 1725 1986 1739 ‚
2011 1703 2058 1740 qui
2076 1701 2229 1732 afferuntur
2245 1702 2275 1731 in
2293 1701 2395 1740 regulis
2405 1702 2563 1734 Graminatia

1446 1750 1499 1770 cai
1521 1751 1571 1770 us:
2394 1760 2397 1761 ν

1521 1778 1649 1809 Gratulor
1666 1779 1692 1808 &
1708 1777 1797 1807 Laetor
1809 1801 1816 1814 ,
1837 1779 1968 1808 Delector
1989 1779 2015 1808 δε
2030 1777 2144 1815 Algoror
2159 1800 2167 1813 ,
2192 1778 2264 1807 adde

1521 1817 1651 1851 Glorior,
1677 1816 1871 1854 Expergiscor,
1893 1817 2048 1846 Contentor
2071 1825 2195 1853 quoque,
2218 1815 2320 1845 Tristor

1519 1856 1606 1892 Atque
1627 1854 1805 1884 Verecundor
1828 1857 1881 1885 ἃς.
1978 1854 2060 1883 Paulo
2081 1854 2142 1892 post
2163 1854 2192 1882 in
2209 1853 2261 1891 seq.
2278 1852 2398 1891 Regula:

1519 1893 1587 1923 Haec
1604 1892 1693 1921 solum
1711 1891 1802 1922 casum
1821 1903 1881 1923 non
1897 1892 2077 1931 Deponentia
2099 1891 2227 1930 poscunt.
2268 1891 2303 1922 H.
2330 1892 2369 1922 St.

1408 1932 1597 1966 ALcosus,
1638 1930 1668 1959 V.
1690 1940 1798 1961 ALGA.

1407 1972 1549 2005 ALcus,
1591 1968 1620 1998 V.
1645 1977 1778 1999 ALcizo.
2557 1995 2570 2017 ι

1406 2117 1520 2153 ALiA,
1544 2119 1675 2154 ALrAs,
1706 2119 1820 2148 AL1131.
1860 2118 1892 2148 V.
1915 2127 2037 2148 ALius.
2541 2127 2545 2129 ·
2601 2132 2603 2155 y

1406 2157 1770 2224 AIIlARTBM’dBlEgtiae
1788 2157 1944 2195 oppidum,
1973 2166 1989 2185 a
2007 2156 2048 2186 M.
2073 2155 2202 2185 Lucretio
2221 2154 2337 2184 Praetore
2361 2157 2556 2192 expugnatum·
2599 2159 2601 2190 ὲ

1461 2200 1501 2223 av.
1536 2218 1542 2224 .
1587 2205 1636 2224 eea
1659 2218 1664 2224 .
1691 2196 1700 2224 i
1723 2205 1769 2224 .2.

1406 2205 1641 2268 ALisAs-NTES,
1672 2232 1845 2269 [ἀλίξοινπς]
1865 2232 1972 2262 Mortui
1992 2232 2124 2260 dicuntur
2138 2253 2146 2266 ,
2167 2227 2238 2265 παρὰ
2264 2227 2290 2256 ¹¹²3
2314 2230 2349 2265 μὴ
2373 2229 2427 2266 ἔχειν
2447 2226 2556 2266 alcidis,
2597 2210 2600 2260 l

1445 2271 1472 2300 h.
1494 2280 1518 2299 e.
1548 2270 1588 2300 Eo
1608 2272 1684 2309 quod
1702 2271 1820 2300 humido
1838 2270 1887 2300 illo
1905 2269 2022 2300 naturali
2041 2269 2163 2299 destituti
2180 2268 2240 2298 sint.
2273 2267 2337 2298 Cael.
2353 2268 2445 2306 Antiq.
2467 2268 2516 2298 lib.
2531 2277 2554 2305 3⁵
2596 2272 2598 2312 '1

1407 2318 1599 2381 Afslseileis,
1638 2346 1670 2376 V.
1701 2356 1780 2386 ALo.
2352 2335 2355 2338 .
2594 2358 2596 2375 r

1407 2385 1428 2414 A
1439 2396 1454 2413 L
1464 2386 1476 2413 ἴ
1485 2394 1502 2413 c
1511 2394 1530 2413 A
1544 2407 1551 2419 ,
1575 2392 1606 2414 ee.
1629 2385 1641 2421 [
1649 2383 1774 2421 χένὴῶψ]
1795 2384 1890 2413 Potio:
1914 2383 2070 2420 distaquod
2080 2392 2181 2420 corpus
2192 2382 2255 2418 alat,
2267 2386 2298 2411 ut
2307 2382 2345 2411 ait
2355 2381 2455 2411 Festus.
2474 2381 2557 2411 Pultis
2588 2380 2595 2446 7

1445 2432 1532 2460 genus
1543 2422 1596 2452 esse
1607 2423 1716 2451 videtur
1730 2422 1847 2460 intelligi
1857 2421 1932 2459 posse
1940 2430 1975 2450 ex
1984 2421 2052 2450 Plin.
2062 2421 2080 2450 l.
2096 2427 2136 2455 18.
2156 2431 2180 2450 c.
2195 2431 2236 2449 11.
2266 2420 2311 2449 ubi
2321 2421 2381 2456 ejus
2391 2419 2556 2449 conficiendi

1444 2460 1544 2490 multas
1555 2461 1674 2489 rationes
1688 2467 1897 2490 commemorat.
1939 2459 2014 2488 Alica
2034 2459 2164 2496 (inquit)
2183 2458 2302 2493 fitezea,
2317 2467 2399 2495 quam
2409 2457 2501 2486 semen
2511 2466 2557 2495 ap-
2592 2464 2593 2472 ¹

1445 2498 1626 2536 pellavimus:
1649 2499 1775 2527 tunditur
1785 2507 1900 2535 granum
1911 2497 1969 2532 ejus
1981 2498 2008 2525 in
2019 2497 2075 2535 pila
2083 2497 2174 2534 lignea
2188 2506 2195 2525 ε
2216 2506 2252 2525 ne
2266 2496 2367 2534 lapidis
2382 2495 2483 2524 duritia
2494 2504 2554 2524 cona

1443 2543 1522 2566 terat.
1565 2536 1598 2566 Et
1609 2536 1692 2574 paulo
1700 2537 1768 2574 post,
1780 2536 1854 2565 Alica
1868 2535 2022 2565 adulterina
2034 2535 2064 2563 sit
2074 2535 2194 2563 maxime
2209 2534 2322 2571 quidem
2339 2544 2354 2562 e
2367 2543 2417 2562 zea
2428 2555 2436 2568 ‚
2459 2542 2516 2570 quae
2525 2533 2557 2564 iit
2572 2542 2592 2573 21

1443 2575 1533 2604 Africa
1541 2574 1697 2612 degenerat.
1738 2574 1859 2603 Latiores
1868 2573 1926 2608 eius
1936 2572 1951 2601 s
1948 2574 2015 2610 picae
2030 2573 2233 2610 nigrioresque,
2247 2573 2272 2601 Sc
2283 2572 2357 2600 brevi
2367 2570 2481 2609 stipula,
2497 2571 2554 2608 pin-

1443 2611 1505 2641 sunt
1518 2622 1582 2641 cum
1593 2622 1674 2641 arena
1683 2635 1690 2647 ,
1713 2613 1738 2642 Se
1754 2612 1789 2641 sic
1797 2620 1905 2649 quoque
1916 2610 2063 2639 difficulter
2075 2611 2204 2639 deterunt
2216 2609 2365 2644 utriculos,
2385 2609 2470 2646 fitque
2478 2608 2556 2637 dimi.-

1443 2651 1490 2679 dia
1500 2651 1588 2679 modii
1599 2650 1733 2679 mensura.
1763 2650 1910 2688 posteaque
1923 2649 1997 2686 gypsi
2005 2658 2067 2686 pars
2079 2654 2172 2686 quarta
2180 2647 2360 2685 inspargitur:
2385 2653 2467 2683 atque
2476 2652 2554 2676 utco-

1442 2688 1517 2718 hfflfit
1527 2710 1535 2723 ,
1556 2688 1685 2717 farinario
1700 2687 1788 2717 cribro
1802 2687 1978 2716 subcernunt.
2019 2686 2090 2723 Qui:
2103 2687 2131 2714 in
2146 2696 2180 2714 eo
2196 2685 2325 2714 remiinlit
2341 2685 2496 2722 Exceptitia
2511 2687 2553 2721 apa
2584 2718 2586 2721 .

1441 2726 1580 2764 pellatur,
1602 2727 1627 2756 &
1643 2725 1818 2764 grandissima
1828 2725 1865 2754 est
1877 2747 1884 2760 ,
1907 2726 1957 2754 διο,
1998 2724 2076 2753 Idem
2092 2724 2159 2753 Plin.
2175 2733 2225 2761 pro
2242 2723 2384 2752 Frumenti
2397 2731 2496 2759 genere
2508 2730 2554 2759 po-

1440 2765 1494 2794 suit
1507 2764 1553 2793 lib.
1570 2770 1609 2798 18.
1639 2774 1699 2802 cap.
1716 2773 1740 2799 7.
1762 2763 1810 2792 ubi
1821 2763 2024 2792 frumentorum
2036 2772 2135 2796 genera
2150 2763 2175 2790 Sc
2189 2771 2285 2790 eorum
2294 2760 2427 2789 sationem
2438 2767 2553 2789 comme-
2583 2795 2584 2798 Ἴ

1441 2809 1538 2831 morat.
1588 2801 1679 2839 Aliqui
1699 2801 1831 2838 linquit)
1854 2810 1955 2834 verna,
1976 2800 2104 2834 milium,
2134 2800 2285 2837 panicum,
2315 2799 2436 2834 lentem,
2466 2794 2550 2832 cic‘er3
2570 2799 2573 2801 '

1441 2840 1540 2869 alicam
1561 2840 1711 2878 appellarit.
1752 2839 1821 2868 lbid.
1843 2838 1959 2868 Tunicae
1977 2838 2117 2866 frumento
2131 2837 2231 2874 plures.
2273 2836 2417 2872 Hordeum
2437 2835 2554 2865 maxime

1441 2878 1549 2907 nudum
1561 2880 1586 2907 Sc
1596 2878 1681 2913 alica,
1703 2876 1748 2906 sed
1762 2877 1901 2915 praecipue
1913 2886 2008 2905 avena.
2054 2875 2086 2904 V.
2108 2873 2317 2912 quoqueRuell.
2329 2874 2377 2903 lib.
2391 2883 2417 2904 2.
2437 2883 2497 2911 cap.
2508 2875 2549 2902 26:

1442 2917 1468 2945 ἃ
1480 2915 1630 2945 Palladium
1641 2916 1670 2944 in
1683 2915 1786 2951 Junio,
1808 2924 1869 2952 cap.
1889 2923 1930 2942 12.
1975 2913 2046 2943 Item
2066 2912 2133 2942 Cels.
2147 2922 2172 2942 2.
2189 2917 2231 2946 18.
2246 2920 2299 2941 20:
2323 2921 2347 2949 3.
2359 2916 2384 2941 6.
2402 2921 2426 2949 7.
2449 2912 2474 2941 ἃ
2491 2918 2550 2951 4270
2579 2949 2581 2957 y

1403 2990 1424 3019 A
1434 2955 1468 3019 Lgi
1479 2953 1549 3020 {Irini}
1560 2964 1578 3019 12
1578 2977 1601 3020 ia
1607 2954 1784 3021 EffsgtegR-iggs
1795 2988 2004 3027 appellabantur
2011 2988 2040 3016 in
2049 2988 2211 3025 Campania,
2223 2986 2308 3016 solitre
2317 2993 2380 3016 anre
2390 2986 2500 3025 pistrina
2508 2984 2552 3015 alb

1441 3030 1578 3058 carlorum
1587 3029 1702 3063 versari,
1725 3028 1839 3066 quaestus
1851 3028 1950 3064 gratia:
1975 3026 2042 3055 sicut
2053 3026 2094 3055 hae
2107 3035 2167 3063 quae
2175 3032 2239 3055 ante
2250 3024 2500 3060 stabulaledebant,
2513 3022 2550 3052 dia
2584 3043 2585 3046 =

1441 3066 1745 3096 cebanum-Prostibula.
1785 3065 1886 3095 Festus.

1402 3105 1423 3134 A
1433 3116 1465 3133 Li
1477 3116 1494 3134 L·
1503 3115 1520 3133 A
1531 3116 1562 3133 R1
1574 3116 1581 3133 1
1593 3127 1601 3139 ,
1632 3103 1834 3141 [χονῷοπῶλαι]
1861 3102 1918 3139 Qui
1936 3101 2034 3132 alicam
2061 3100 2231 3136 conficiunt,
2258 3100 2426 3130 venduntve.
2465 3091 2548 3129 Lucil»

1440 3143 1494 3172 Sat.
1511 3153 1551 3179 15.
1571 3143 1646 3180 apud
1657 3140 1757 3171 Charis.
1778 3140 1826 3169 lib.
1841 3151 1863 3169 1.
1879 3151 1906 3178 p.
1920 3150 1964 3176 75.

1401 3181 1422 3209 A
1432 3192 1446 3208 L
1456 3192 1463 3208 1
1474 3191 1491 3210 c
1502 3191 1519 3209 υ
1529 3191 1545 3209 L
1556 3190 1574 3208 A
1586 3202 1593 3215 ‚
1614 3177 1777 3216 [χωνὲῥιδὶον]
1799 3179 1896 3207 dimin.
1912 3177 1945 3206 ab
1965 3177 2046 3206 Alica.
2076 3175 2195 3206 Martial.
2207 3175 2254 3204 lib.
2269 3185 2310 3205 12.
2323 3181 2367 3211 83.

1512 3217 1646 3248 Mittebat
1665 3216 1768 3246 Umber
1784 3215 1913 3244 aliculam
1929 3215 1997 3244 mihi
2013 3223 2134 3252 pauper:
2571 3219 2573 3250 ι’

1512 3256 1596 3285 Nunc
1609 3255 1695 3284 mittit
1726 3253 1825 3282 licam:
1856 3253 1943 3282 factus
1961 3253 1998 3282 est
2017 3253 2092 3281 enim
2109 3252 2196 3280 dives.
2576 3251 2578 3254 '

1400 3293 1421 3323 A
1430 3304 1462 3321 Li
1473 3303 1489 3322 c
1501 3304 1517 3322 A
1526 3304 1537 3322 s
1548 3303 1568 3322 ‘r
1577 3303 1593 3321 R
1603 3303 1620 3322 u
1631 3304 1651 3321 M
1664 3315 1672 3327 ,
1719 3301 1786 3320 enus
1795 3291 1870 3320 farris
1878 3291 1916 3320 est
1928 3313 1935 3325 ,
1962 3300 1994 3320 ea
2003 3290 2090 3319 forma
2100 3289 2133 3318 ab
2146 3289 2220 3318 Alica
2231 3287 2385 3317 derivatum
2396 3310 2404 3324 ‚
2425 3295 2477 3324 qua
2491 3282 2547 3317 Sili-
2579 3287 2582 3311 ἶ

1438 3332 1577 3368 quastrum
1587 3340 1602 3359 a
1612 3330 1723 3367 Siliqua.
1747 3327 1884 3358 Columel.
1898 3328 1944 3357 lib.
1956 3338 1981 3357 2.
2001 3338 2061 3365 cap.
2076 3331 2119 3356 26.
2142 3327 2243 3356 Semen
2254 3326 2387 3355 trimestre
2399 3348 2407 3361 ‚
2425 3324 2499 3362 quod
2510 3322 2546 3353 dia

1438 3370 1510 3398 citur
1524 3369 1682 3397 Alicastrum
1693 3390 1701 3403 ,
1722 3367 1804 3402 idque
1816 3366 1939 3404 pondere
1949 3368 1974 3395 ἃ
1984 3366 2108 3394 bonitate
2115 3364 2286 3402 praecipuum
2300 3363 2346 3392 est.
2529 3379 2531 3381 ·
2567 3384 2569 3399 ,

1400 3406 1462 3435 ALi
1476 3416 1581 3440 cusi,
1622 3406 1830 3435 AL1CUNDE.
1870 3403 1901 3432 V.
1926 3413 2048 3432 ALius.

1399 3445 1511 3479 ALiu,
1539 3454 1590 3483 pro
1609 3443 1699 3473 Aliud.
1741 3442 1770 3471 V.
1798 3451 1918 3470 ALius.
2525 3434 2529 3438 ⁴
2565 3441 2593 3479 χἸ

1398 3481 1421 3510 Λ
1431 3492 1446 3509 1.
1456 3493 1464 3509 1
1474 3491 1491 3510 e
1500 3492 1517 3510 u
1526 3493 1541 3510 L
1551 3492 1568 3510 A
1581 3504 1588 3516 ,
1611 3491 1641 3510 ae.
1663 3481 1681 3510 f.
1704 3480 1757 3509 sive
1776 3479 1797 3508 A
1806 3490 1821 3507 L
1830 3490 1845 3507 1.
1855 3490 1863 3509 i
1873 3488 1889 3508 c
1898 3489 1916 3508 u
1927 3490 1942 3507 ι,
1952 3489 1980 3508 A.
2017 3477 2141 3508 Alliculae
2148 3476 2325 3506 recensentur
2336 3476 2369 3505 ab
2378 3473 2496 3513 Ulpiano
2507 3474 2543 3503 ina
2563 3483 2567 3503 i

1437 3525 1477 3548 ter
1488 3519 1607 3548 Pueriles
1621 3519 1724 3552 vestes,
1740 3518 1769 3546 in
1780 3526 1822 3552 34.
1839 3516 1866 3545 ff.
1883 3523 1902 3545 t.
1921 3526 1946 3545 2.
1962 3516 1980 3545 l.
1995 3525 2038 3552 23.
2050 3517 2070 3553 §.
2086 3526 2110 3544 2.
2130 3515 2162 3544 D.
2176 3515 2210 3543 de
2222 3524 2278 3543 aur.
2291 3514 2316 3543 ὰ
2328 3523 2382 3550 arg.
2401 3514 2446 3542 ubi
2457 3519 2543 3546 tamen

1436 3557 1465 3585 in
1483 3556 1599 3593 vulgatis
1619 3556 1694 3585 libris
1713 3555 1812 3592 legitur
1829 3554 1946 3583 Alicubi.
1998 3553 2158 3590 Legendum
2180 3559 2260 3590 putat
2275 3551 2469 3580 Hotomannus
2486 3546 2543 3583 Allia

1435 3594 1522 3629 culm,
1544 3602 1574 3623 ut
1589 3595 1732 3623 manicatae
1744 3592 1845 3621 tunicae
1862 3591 2068 3627 intelligantur,
2092 3600 2152 3628 qure
2166 3591 2260 3627 pueris
2277 3589 2383 3617 decorae
2397 3610 2404 3624 ‚
2426 3586 2543 3626 grandin·
2561 3586 2563 3613 l

1435 3631 1512 3660 ribus
1537 3639 1629 3661 autem
1651 3632 1743 3660 minus
1769 3629 1888 3658 honestae
1906 3629 1981 3666 apud
1995 3629 2135 3658 Romanos
2149 3634 2247 3660 erant:
2277 3633 2307 3655 ut
2328 3632 2405 3664 patet
2425 3634 2459 3655 ex
2477 3621 2540 3654 Gell.
2560 3626 2563 3659 μ’

1435 3668 1483 3697 lib.
1506 3678 1529 3706 7.
1556 3679 1616 3705 cap.
1643 3679 1684 3697 12.
1726 3667 1798 3697 Nam
1814 3667 1880 3699 &mg
1909 3672 1963 3702 (ut
1984 3666 2076 3703 inquit
2094 3664 2273 3702 Hesychius)
2297 3661 2372 3700 χιτῶι
2397 3659 2562 3700 χμξόὺτῶ(

1434 3706 1480 3734 est.
1522 3706 1555 3735 ld
1571 3707 1627 3741 est,
1650 3706 1737 3738 Allix.
1771 3704 1808 3734 cst
1826 3704 1935 3733 Tunica
1955 3704 2117 3737 chirodota,
2141 3702 2242 3736 idest,
2274 3701 2420 3730 manicata.
2456 3697 2541 3740 Velius
2558 3703 2569 3741 1⁴

1434 3742 1551 3779 Longus.
1595 3744 1729 3773 Aliculam
1744 3742 1901 3772 existimant
1923 3742 2045 3776 dictam,
2068 3740 2143 3778 quod
2168 3739 2223 3769 alas
2242 3739 2323 3768 nobis
2342 3739 2441 3774 injecta
2461 3740 2542 3767 conti-

1434 3788 1506 3809 near.
1549 3782 1656 3810 l'etron.
1693 3791 1753 3818 cap.
1774 3790 1818 3815 40.
1837 3779 1855 3808 s.
1877 3779 1982 3816 Fragm.
2011 3778 2092 3815 Trag.
2113 3788 2140 3816 p.
2162 3787 2205 3807 12.
2245 3776 2350 3806 Alicula
2368 3776 2538 3805 Subornatus·
2557 3747 2579 3812 lx

1433 3817 1494 3883 {id
1515 3818 1649 3848 Schefferi
1667 3819 1733 3848 Not.
1747 3828 1773 3856 p.
1789 3822 1833 3853 83.
1856 3816 1946 3845 Burin.
1966 3827 1993 3854 p.
2018 3826 2078 3854 179.
2112 3818 2138 3845 δε
2158 3814 2284 3844 Turneb.
2309 3813 2416 3843 Advers.
2441 3818 2481 3847 18.
2496 3817 2537 3847 23·
2556 3813 2557 3857 l
2579 3834 2583 3838 .

1433 3869 1445 3884 ι
1482 3861 1525 3888 28.
1551 3866 1572 3890 ς,
2556 3862 2557 3875 1

1395 3892 1511 3921 ALiaN
1527 3902 1632 3927 Ario,
1654 3894 1887 3922 AtiizNATus.
1930 3891 1960 3918 V.
1977 3891 2036 3928 post
2054 3890 2149 3919 Alieno
2168 3890 2196 3918 in
2215 3898 2335 3917 ALius.

1393 3931 1415 3964 A
1425 3940 1457 3958 Li
1469 3940 1482 3958 ir
1491 3940 1509 3958 Ν
1521 3932 1557 3958 ic
1567 3933 1582 3958 Ε
1592 3941 1609 3959 Ν
1621 3940 1638 3960 A
1651 3952 1659 3964 .
1681 3940 1711 3960 ae.
1733 3936 1842 3966 cong.
1867 3930 1879 3963 (
1893 3928 1937 3958 vel
1956 3938 2011 3957 om.
2023 3928 2176 3957 seeundum
2185 3926 2328 3963 Probum)
2349 3918 2540 3990 [ὦλλΐὸφυῇἱῖἃζέ
2552 3907 2579 3952 l
2603 3910 2604 3913 ,

2430 3970 2482 3998 igni
2552 3969 2553 3987 i
2569 3971 2574 3982 s
