2604 4222
213 86 281 118 106
670 80 708 115 AE
802 79 834 115 T
925 79 954 113 E

248 163 341 193 Iniens
356 169 418 191 aetas
432 183 440 195 7
462 162 479 190 i.
501 172 525 190 e.
546 160 660 191 Initium
678 159 884 192 adolescentiae.
906 159 987 188 Primi
1002 157 1066 187 anni
1083 155 1249 194 pubertatis,
1272 155 1359 185 Prima

267 199 460 229 adolescentia.
487 199 544 228 cic.
566 209 591 228 2.
615 199 670 229 Off.
700 208 758 227 121.
782 198 906 227 Ineuntis
925 197 999 224 enim
1013 195 1098 224 aetatis
1114 193 1219 222 inscitia
1234 216 1241 227 ,
1261 193 1358 222 senum

266 238 414 276 prudentia
428 237 546 272 regenda
558 237 602 266 est.
644 237 789 265 Ineuntem
807 242 898 263 autem
909 241 1030 266 aetatem,
1052 231 1271 260 adolescentiam
1280 240 1360 260 voca-

265 282 365 304 verunt
375 275 479 307 antiqui
490 296 497 308 7
518 275 593 311 quod
607 274 665 302 hare
675 273 705 302 sit
714 273 797 301 veluti
811 271 979 308 cognitionis
990 269 1029 299 sui
1045 269 1126 308 ipsius
1135 269 1258 298 initium.

249 314 358 342 Mutare
369 319 484 341 ceratem.
506 311 625 347 Quintil.
639 311 686 339 lib.
701 321 723 339 1.
735 320 794 347 cap.
807 319 831 345 3.

247 351 408 381 Numerare.
430 348 643 386 Propert.lib.3.
658 358 681 385 7.
702 357 744 383 17.

250 388 395 418 Obtinere.
435 386 465 416 V.
494 397 511 416 o
520 397 535 415 s
543 396 562 415 T
572 397 581 414 1
591 396 609 415 N
622 396 635 414 ε
644 395 670 414 ο.

250 426 421 462 Praecipitata
433 432 505 458 astas,
517 434 568 462 pro
576 423 661 452 Senili
672 423 844 457 &vergente
866 419 924 448 Cic.
940 428 980 448 11.
999 419 1073 449 Fam.
1087 424 1132 454 28.
1151 419 1193 448 An
1207 418 1282 456 quod
1294 418 1361 447 ado-

270 463 374 493 lescens
388 462 497 500 praestiti
508 484 516 496 ‚
538 470 622 498 quum
634 460 717 488 etiam
725 467 812 486 errare
824 467 887 486 curn
905 457 1082 486 excusatione
1093 456 1197 495 possem
1213 479 1221 491 ‚
1242 456 1271 484 id
1284 466 1359 485 nunc

271 509 349 530 aetate
363 499 532 537 praecipitata
546 504 717 527 commutem
727 497 740 524 ‘2
773 495 960 533 Praecipitata.
987 495 1063 531 quod
1081 496 1136 531 jam
1153 495 1278 524 videatur
1293 504 1361 531 quo-

271 537 422 568 dammodo
432 545 553 574 praeceps
563 536 591 563 iri
600 534 686 562 satum
695 543 773 562 ruere
783 555 791 566 ,
811 539 842 562 ut
857 533 895 562 ait
912 532 1046 570 Virgilius.

249 576 414 607 Pra‘curiere
423 574 542 610 aliquem
554 578 640 600 aetate.
662 571 720 600 Cic.
732 571 761 599 in
772 570 849 600 Orat.
864 574 923 608 176.
964 571 1071 600 Horum
1085 578 1201 607 uterque
1214 568 1361 599 Isocratem

269 622 348 642 actare
364 611 512 649 praecurrit.
533 610 560 639 li.
582 618 605 638 e.
631 608 748 638 Isocrate
761 609 848 645 major
857 615 923 638 natu
937 608 999 638 fuit.
1040 608 1113 645 [Vel
1128 608 1222 646 potius
1233 615 1360 646 tempore

267 652 295 680 su
319 651 398 680 erior.

248 662 385 719 Praiicrita
401 693 472 715 aetas.
503 684 560 713 Cic.
581 684 616 712 de
627 684 735 713 Senec‘t.
755 694 779 719 ς.
808 683 946 713 Praeterita
963 684 1038 713 enim
1056 689 1119 713 aetas
1133 682 1246 721 quanvis
1259 682 1340 719 longa
1351 703 1360 717 ‚

261 736 346 763 quum
355 721 585 757 effluxiss'etniulla
593 721 781 751 consolatione
790 722 961 759 permulcere
969 722 1057 759 pollet
1065 721 1172 751 stultam
1181 721 1359 749 senectutem.

247 763 398 794 Procedere
407 768 485 789 zetate
496 760 635 796 usquead.
660 760 717 789 Cic.
730 759 764 788 de
772 760 881 789 Senect.
897 770 939 797 30.
961 760 1053 789 Livius
1063 770 1148 796 usque
1159 759 1193 787 ad
1205 757 1362 787 adolescen-

266 803 332 830 tiam
344 808 433 828 meam
442 797 668 836 procellitaetate.
690 797 716 826 h.
742 807 766 826 e.
799 797 890 833 Vixit,
910 797 1135 835 vitamproduxit
1145 805 1248 833 usque,
1269 797 1320 825 διε.

247 838 426 875 Progmiiens
444 842 515 865 aetas.
553 835 584 864 V.
604 836 705 865 I-'ervor
716 836 811 865 aetatis.

245 874 381 912 Progreiiii
394 881 465 903 aetas.
486 874 600 903 Sueton.
609 873 638 902 in
648 872 744 902 Claud.
759 873 824 902 Caes.
834 882 893 915 cap.
906 882 931 901 2.

245 912 398 949 Progressus
406 918 493 940 fetare.
515 911 574 940 Cic.
587 911 623 940 de
632 912 740 941 Sene&
759 920 800 947 33.
820 908 1150 940 Niliforteadolescentes
1163 930 1172 945 ‚
1191 909 1357 947 pueritiam:

263 950 378 989 paulum
390 956 468 979 vetate
477 949 607 987 progrcssi
618 971 626 984 ,
641 947 855 978 adolescentiam
864 947 985 977 debeant
998 947 1144 985 requirere.

243 988 382 1019 Provecta.
404 987 463 1016 Cic.
484 997 506 1016 1.
528 986 665 1023 Tusc.94.

242 1025 391 1056 ProveCius
400 1032 487 1055 aetate.
509 1024 567 1054 Cic.
579 1026 614 1054 de
622 1026 730 1054 Seneet.
753 1023 823 1053 Eum
839 1023 931 1052 coiere
943 1023 1018 1061 coepi
1033 1032 1092 1051 non
1112 1021 1265 1051 admodum
1281 1031 1361 1059 gran-

263 1065 328 1094 dem
340 1070 407 1092 natu
422 1086 430 1098 ‚
451 1063 498 1092 sed
510 1070 605 1092 tamen
613 1064 669 1098 jam
680 1070 758 1092 aetate
767 1062 938 1099 proveetum.

241 1101 438 1132 Prudentiores
452 1107 530 1131 aetate
542 1100 692 1130 reddimur.
722 1100 870 1136 Sumptum
881 1097 972 1128 exilio
982 1097 1146 1128 Telemachi
1156 1098 1231 1136 apud
1242 1096 1356 1127 Homer.

261 1150 287 1170 2.
308 1139 404 1177 Odyss'.
499 1155 535 1160 —
555 1148 629 1168 eram
644 1138 735 1168 adhuc
745 1146 832 1175 puer:
855 1136 892 1165 ast
904 1136 952 1165 ubi
967 1136 1023 1171 jam
1037 1135 1099 1165 sum

322 1176 474 1214 Grandior‚
496 1177 523 1206 St
532 1177 624 1205 reddit
631 1186 676 1205 me
686 1176 802 1205 aliorum
812 1175 900 1204 oratio
910 1174 1025 1203 doctum
1035 1196 1043 1208 ,

321 1215 436 1253 ipseque
450 1213 605 1252 grandescit
617 1214 656 1243 mi
676 1214 793 1242 animus.
889 1212 930 1241 Ex
940 1210 1010 1241 Eras.
1026 1209 1144 1241 Chiliad.

230 1253 363 1291 „Senescit
376 1261 449 1282 aettis.
471 1252 528 1282 Cic.
549 1252 584 1281 de
597 1252 707 1281 Senedt.
726 1260 768 1287 39.
790 1250 831 1279 Ita
840 1248 937 1279 sensim
948 1250 1004 1278 sine
1014 1247 1091 1278 sensu
1102 1256 1166 1278 aetas
1180 1248 1303 1279 senescit.

240 1292 372 1322 Succedit
383 1298 447 1319 aeras
457 1291 538 1319 aetati.
561 1289 621 1319 Cic.
645 1300 687 1319 11.
722 1287 842 1327 Philipp.
861 1298 904 1326 39.
943 1286 1024 1318 Nihil
1040 1288 1118 1317 enim
1134 1286 1242 1326 semper
1260 1287 1356 1317 floret:

259 1335 322 1359 aetas
337 1329 460 1358 succedit
475 1328 555 1357 aetati.

236 1366 346 1397 Tardus
359 1373 445 1395 aetate.
468 1365 552 1395 Ovid.
569 1371 594 1399 8.
618 1364 687 1394 Met.
704 1367 767 1398 686.

237 1405 396 1435 Traducere
415 1410 533 1433 aetatem.
555 1403 612 1432 Cic.
627 1403 662 1432 de
676 1403 785 1431 Seneec.

236 1443 445 1473 Transcendere
464 1447 647 1470 aetateaevum.
668 1440 731 1469 Seri.
745 1438 848 1468 Troad.
865 1440 891 1468 6.

237 1479 416 1511 Traniierunt
427 1477 486 1509 haec
495 1486 582 1508 aetate.
605 1476 725 1514 Quintil.
745 1477 791 1507 lib.
809 1487 831 1506 1.
849 1484 910 1514 cap.
921 1485 949 1512 4.

237 1517 331 1557 Vergit
340 1525 412 1548 aetas.
449 1517 479 1545 V.
503 1516 630 1546 Adolevit
640 1523 711 1545 zetas.
743 1515 834 1545 Tacit.
847 1524 872 1543 2.
896 1515 966 1543 Ann.
981 1521 1028 1549 43.

237 1557 336 1586 Vivere
344 1556 453 1585 tertiam
462 1554 610 1583 hominum
624 1560 742 1583 aetatem.
783 1553 813 1582 V.
832 1553 907 1583 AEtas
921 1561 972 1590 pro
987 1549 1096 1582 Secula

236 1594 319 1624 Volat
329 1595 404 1623 enim
417 1599 489 1622 aetas.
512 1592 570 1622 Cic.
591 1602 613 1621 1.
633 1591 714 1621 Tusc.

235 1631 286 1662 Per
296 1638 419 1666 aetatem,
441 1631 458 1660 i.
475 1640 499 1660 e.
521 1630 618 1660 JEtatis
627 1628 778 1667 progressu,
789 1629 815 1658 &
829 1627 920 1659 AEtate
932 1627 1122 1665 permittente.
1144 1626 1204 1657 Cic.
1223 1635 1265 1665 13.
1279 1624 1355 1658 Fam.

255 1670 293 1700 Ut
310 1670 431 1708 primum
442 1678 491 1706 per
501 1675 609 1697 aetatem
623 1668 761 1704 judicium
779 1666 870 1695 facere
882 1666 1014 1704 potueris.

234 1708 267 1739 In
298 1707 502 1737 luralinumero
517 1706 568 1735 hac
576 1716 644 1735 voce
663 1705 724 1734 usus
739 1705 778 1733 est
787 1704 859 1741 Virg.
878 1713 903 1741 7.
925 1703 984 1733 Ecl.
995 1714 1022 1739 4.
1043 1702 1133 1733 Ambo
1149 1703 1280 1733 florentes
1296 1709 1359 1733 aeta-

253 1745 275 1775 ti
296 1755 337 1775 us.
359 1745 463 1774 Vitruv.
479 1744 554 1782 praef.
574 1742 621 1772 lib.
631 1754 657 1780 9.
697 1742 756 1779 Qui
773 1752 790 1772 a
810 1742 913 1772 teneris
928 1741 1053 1771 aetatibus
1066 1741 1255 1770 doeirmarum
1272 1741 1358 1770 abun-

254 1784 348 1813 dantia
371 1783 509 1812 satiantur.
542 1781 600 1811 Cic.
622 1791 647 1818 3.
670 1780 745 1810 Fam.
757 1791 783 1815 4.
803 1780 867 1810 Duo
879 1780 997 1808 duarum
1012 1785 1124 1808 aetatum
1143 1779 1257 1817 plurimi
1273 1779 1357 1815 facio,

251 1822 417 1859 Pompeium
435 1821 594 1850 &Brutum
625 1819 661 1849 Et
672 1829 715 1855 14.
737 1819 791 1848 Att.
817 1827 859 1848 12.
881 1816 1019 1848 JEtatibus
1038 1817 1136 1846 nostris
1145 1816 1236 1847 aliena
1251 1827 1295 1847 res
1309 1817 1356 1848 est.

255 1860 336 1890 Conf.
360 1858 478 1895 Qiintil.
494 1868 517 1887 1.
533 1868 554 1887 1.

197 1901 285 1932 AETA
297 1908 368 1926 ’reri
380 1919 387 1930 ,
422 1897 487 1925 Adv.
506 1895 650 1933 temporis.
679 1894 744 1924 Ter.
765 1893 835 1924 Eun.
849 1904 876 1929 4.
892 1904 916 1929 5.
932 1898 957 1927 8.
981 1891 1154 1929 Jamdudum
1174 1898 1282 1922 aetatem
1295 1893 1358 1923 lites

234 1936 297 1967 sunt
307 1934 378 1964 inter
390 1944 437 1963 eos
447 1934 523 1963 factae
532 1942 678 1962 maxumae.
723 1932 894 1968 Jamdudum
903 1938 1014 1961 aetatem
1023 1954 1031 1967 ,
1072 1941 1101 1960 ro
1110 1931 1277 1968 Longinquo
1289 1938 1358 1962 tem-

257 1983 312 2003 ore.
335 1972 421 2002 Lucil.
460 1988 496 1992 —
506 1979 537 2001 ut
546 1971 647 2001 multos
655 1970 817 2008 mensesque
829 1970 945 2006 diesque
955 1990 962 2004 ,
1045 1941 1113 1999 Non
1132 1977 1226 1998 tamen
1238 1975 1356 2000 aetatem.

271 2018 371 2046 tatem,
402 2010 456 2039 Diu
468 2032 475 2045 ,
496 2008 707 2047 longinquoque
723 2016 850 2046 tempore
872 2018 903 2037 ac
922 2006 1050 2045 prolixo,
1081 2014 1112 2036 iit
1127 2007 1165 2036 est
1181 2013 1254 2036 aetas.
1291 2008 1356 2037 Ter.

235 2050 306 2080 Hec.
322 2060 344 2084 ς.
358 2059 381 2077 1.
393 2058 438 2077 21.
479 2048 552 2077 Nam
570 2056 661 2084 neque
681 2046 728 2076 ille
739 2046 794 2075 hoc
812 2045 906 2075 animo
921 2046 974 2074 erit
991 2051 1109 2074 aetatem.
1140 2044 1226 2074 Plaut.
1247 2045 1316 2075 Asin.
1332 2056 1357 2083 3.

236 2088 274 2117 Ut
284 2086 473 2124 tibisuperstes
480 2094 550 2114 uxor
562 2091 669 2114 aetatem
681 2085 737 2114 siet.
777 2084 887 2113 Nonius
898 2082 1050 2113 Marcellus
1064 2093 1089 2112 2.
1098 2089 1161 2119 809.
1183 2083 1303 2113 AEtatem
1310 2094 1361 2122 po-

236 2126 317 2156 situm
334 2134 384 2162 pro
399 2124 476 2161 Saepe
487 2145 495 2158 ‚
519 2133 550 2152 ac
563 2123 619 2152 diu.
659 2122 745 2152 Plaut.
765 2122 836 2151 Asin.
850 2131 876 2151 2.
891 2131 917 2151 2.
938 2127 979 2155 18.
1011 2121 1088 2150 Adeo
1103 2128 1134 2150 ut
1151 2127 1260 2150 aetatem
1276 2123 1360 2151 ambo

236 2163 372 2194 ambobus
382 2161 462 2190 nobis
471 2161 521 2190 sint
532 2160 656 2190 obnoxii.
696 2160 776 2190 Idem
791 2169 816 2189 2.
829 2169 854 2189 2.
866 2165 891 2193 8.
916 2160 1037 2189 AEtatem
1053 2159 1136 2188 velim
1147 2159 1262 2194 servire,
1281 2159 1362 2190 Liba-

1810 73 1848 109 Ε
1942 74 1976 111 Τ
2072 73 2106 108 Η

1449 154 1577 192 Imperia.
1599 154 1672 192 Vir'g.
1687 165 1710 184 1.
1730 154 1791 184 AEn.
1806 165 1867 190 230.

1610 209 1646 234 —.
1666 193 1683 221 ὁ
1704 194 1748 228 qui
1771 203 1811 222 res
1831 194 2030 230 hominumque
2048 195 2187 232 deumque

1531 230 1649 260 IEternis
1663 231 1733 267 regis
1750 231 1872 268 imperiis
1888 254 1895 267 ‚
1917 233 1942 261 Sc
1955 230 2071 260 fulmine
2087 240 2178 262 terres.

1451 265 1586 297 Laborem
1603 274 1735 296 :eternum
1753 278 1871 306 carpere.
1897 269 1996 298 Catuli.
2014 281 2055 305 59.
2077 279 2137 305 310.

1451 305 1595 343 Leporem.
1618 304 1725 334 Lucret.
1742 306 1788 334 h'b.
1804 317 1825 335 1.
1840 317 1882 341 29.
1906 308 2050 337 JEternum
2062 308 2096 336 da
2105 307 2195 345 dictis,
2208 309 2294 347 Diva,
2312 311 2444 350 leporem.

1452 343 1539 373 Luctu
1551 350 1652 371 aererno
1668 343 1814 373 tabescere.
1830 344 1936 374 Lueret.
1951 345 1998 374 lib.
2013 355 2036 382 3.
2047 354 2109 381 924.

1452 379 1539 411 Mors.
1564 380 1667 409 Lucret.
1686 380 1734 410 lib.
1750 391 1773 417 3.
1790 392 1868 411 1102.

1452 419 1558 448 Motus.
1581 417 1689 446 Lucret.
1706 418 1752 448 lib.
1766 429 1791 448 2.
1810 430 1888 455 ¹054.

1452 457 1586 486 Mundus.
1609 456 1691 485 Ovid.
1707 467 1729 491 ς.
1757 457 1901 494 Met.239.

1451 495 1564 524 Natura.
1587 491 1694 522 Lucret.
1714 493 1762 524 lib.
1779 505 1802 531 3.

1454 532 1565 561 Nomen
1576 537 1709 560 aeternum
1718 542 1810 562 emere
1819 533 1959 569 sanguine.
1982 533 2065 563 Ovid.
2077 541 2103 563 2.
2126 535 2215 566 Amor.
2229 547 2271 567 10.
2287 548 2329 576 32.

1453 570 1566 599 Nomen
1575 575 1707 599 aeternum
1722 578 1824 599 tenere.
1847 571 1918 607 Virg.
1932 574 1957 599 6.
1980 571 2040 600 AEn.
2061 581 2123 607 235.

1612 625 1657 632 ---
1675 614 1864 646 aeternumque
1877 615 1955 638 tenet
1970 618 2019 646 per
2034 608 2125 639 secula
2136 621 2249 642 nomen.

1453 645 1526 675 Nox.
1547 643 1620 681 Virg.
1644 655 1685 674 10.
1706 646 1767 676 AEn.
1781 651 1844 683 746.

1612 701 1657 707 --
1675 684 1705 712 in
1718 690 1846 714 aeternam
1867 682 2035 714 clauduntur
2056 684 2161 715 lumina
2179 688 2300 718 noctem.

1453 719 1542 757 Opus.
1565 719 1648 750 Ovid.
1663 730 1687 757 3.
1710 721 1745 750 de
1756 723 1818 751 Arte
1832 723 1890 751 Am.
1907 728 1949 757 83.

1532 758 1587 787 Sed
1595 757 1675 800 ‘samae
1685 759 1825 797 invigilare
1837 761 1920 795 juvat.
1942 761 2002 797 quis
2013 759 2101 790 noffet
2111 761 2263 792 Homerum
2274 786 2282 798 ‚

1569 795 1631 824 Ilias
1645 803 1778 826 aeternum
1796 798 1813 826 si
1830 797 1948 827 latuisset
1967 799 2062 836 opus?
2155 800 2173 829 i.
2190 810 2214 830 e.
2233 801 2348 840 Semper
2363 804 2507 836 visturum.

1451 833 1549 862 Pacem
1561 839 1689 876 aeternam
1700 844 1836 865 exercere.
1880 836 1949 873 Virg.
1967 848 1992 872 4.
2016 837 2133 872 AEn99.

1532 871 1608 907 Quin
1625 873 1717 909 potius
1729 883 1827 911 pacem
1845 880 1975 903 aeternam
1985 895 1994 910 ,
2015 876 2168 912 pactosque
2183 875 2350 914 Hymenaeos
2598 896 2600 908 ι

1531 909 1720 952 Exerceinus‘?
2599 920 2600 945 i

1448 946 1585 1014 Pergzrrtia.
1609 947 1680 985 Virg.
1697 954 1723 983 8.
1744 949 1804 979 AEn.
1820 958 1862 987 37.
1884 949 1911 979 h.
1931 959 1956 979 e.
1986 950 2137 988 Nunquam
2146 951 2248 982 famam
2261 962 2352 991 neque
2367 964 2472 985 nomen
2487 954 2564 991 suum
2598 948 2600 984 ,3

1489 995 1516 1013 er
1539 995 1546 1013 i
1562 995 1616 1014 ura.

1447 995 1600 1052 Piisteritas.
1623 1022 1706 1053 Ovid.
1723 1034 1764 1059 15.
1783 1025 1865 1063 Epist.
1894 1034 1956 1062 374.

1449 1060 1546 1097 Quies.
1571 1060 1635 1090 Sen.
1650 1063 1741 1099 Agam.
1753 1072 1777 1099 7.
1804 1067 1808 1068 ⁷
1872 1082 1917 1087 ----
1937 1064 1962 1092 Sc
1978 1061 2090 1094 miseros
2105 1063 2193 1095 libera
2204 1075 2280 1096 mors
2294 1073 2393 1098 vocet:

1529 1099 1623 1128 Portus
1642 1106 1742 1129 aeterna
1758 1100 1884 1138 placidus
1904 1101 2008 1138 quiete.

1447 1135 1552 1174 Regna.
1576 1136 1676 1166 Lucan.
1691 1137 1737 1167 lib.
1757 1148 1779 1167 1.
1796 1148 1838 1174 34.

1447 1174 1591 1204 Sacerdos.
1613 1175 1696 1204 Ovid.
1712 1185 1735 1211 3.
1751 1177 1843 1205 Amor.
1860 1187 1885 1214 7.
1900 1186 1945 1207 20.

1447 1212 1582 1250 Tempus.
1604 1212 1710 1243 Lucret.
1735 1213 1780 1244 lib.
1796 1223 1819 1250 3.
1842 1218 1905 1250 634.

1446 1250 1488 1280 Ex
1506 1258 1757 1294 aeternotemporeL
1791 1252 1848 1282 Cic.
1873 1263 1895 1281 1.
1918 1251 1953 1281 de
1969 1252 2029 1282 Fin.
2049 1261 2091 1290 17.
2129 1251 2257 1292 Eumque
2277 1262 2385 1287 motum
2411 1263 2566 1292 atomorum

1466 1288 1545 1317 nullo
1555 1299 1570 1317 a
1580 1289 1718 1327 principio
1729 1312 1737 1325 ,
1754 1289 1801 1319 sed
1811 1300 1845 1319 ex
1862 1296 1966 1319 aeterno
1976 1296 2104 1328 tempore
2120 1292 2238 1330 intelligi
2254 1296 2413 1324 convenire.
2549 1297 2559 1305 “

1446 1326 1500 1357 Ver
1522 1336 1672 1362 aeternum,
1691 1328 1709 1357 i.
1728 1337 1752 1357 e.
1775 1328 1949 1357 Continuum
1963 1330 1990 1358 ἃ
2007 1328 2192 1360 immutabile.
2216 1331 2300 1361 Ovid.
2318 1342 2342 1362 1.
2364 1332 2434 1364 Met.
2448 1337 2509 1364 116.

1529 1364 1581 1393 Ver
1595 1371 1653 1394 erat
1667 1372 1800 1395 aeternum
1811 1388 1819 1401 ‚
1840 1365 1998 1404 placidique
2008 1367 2169 1404 tepentibus
2191 1368 2264 1398 auris

1527 1402 1693 1432 Mulcebant
1704 1403 1825 1442 Zephyri
1843 1411 1924 1433 natos
1943 1404 1998 1434 sine
2012 1404 2116 1434 semine
2132 1405 2221 1436 flores.

1447 1440 1527 1470 Vesta
1548 1447 1658 1470 aeterna.
1681 1441 1748 1471 Hor.
1768 1451 1790 1477 3.
1814 1441 1903 1471 Carni.
1920 1453 1943 1478 5.
1959 1452 2002 1471 11.
2051 1442 2081 1472 V.
2104 1443 2177 1481 Ignis
2192 1451 2320 1475 aeternus.

1445 1478 1547 1522 Virtus.
1569 1478 1674 1508 Sallust.
1687 1480 1716 1508 in
1726 1479 1804 1508 Catil.
1825 1479 1916 1509 Virtus
1933 1479 2019 1515 clara,
2041 1489 2196 1519 aeternaque
2211 1482 2338 1513 habetur.

1447 1516 1539 1546 Vitam
1550 1524 1681 1546 aeternam
1693 1517 1765 1547 dare.
1805 1518 1877 1555 Virg.
1897 1528 1938 1547 12.
1961 1519 2023 1548 ffin.
2043 1524 2107 1552 880.

1527 1555 1593 1592 on
1604 1555 1689 1584 vitam
1708 1556 1787 1585 dedit
1803 1562 1933 1585 aeternam
1942 1557 1963 1592 ⁵?¹
1976 1565 2025 1585 cur
2035 1557 2131 1586 mortis
2141 1557 2272 1596 adempta
2284 1559 2323 1588 est

1527 1592 1682 1622 Conditio?
1752 1593 1780 1622 h.
1803 1604 1827 1623 e.
1856 1593 2103 1624 Immortalitatem.

1446 1628 1518 1661 Urbs
1531 1638 1648 1667 aeterna,
1667 1641 1717 1669 pro
1735 1631 1832 1661 Roma.
1855 1632 1938 1661 Ovid.
1958 1642 1981 1668 3.
2004 1631 2072 1662 Fast.
2097 1640 2141 1670 72.

1526 1668 1587 1705 Jam
1599 1691 1606 1703 ,
1626 1669 1710 1699 niodo
1728 1679 1781 1707 qua
1795 1670 1903 1698 fuerant
1919 1669 1999 1708 sylvae
2009 1692 2017 1705 ‚
2038 1680 2229 1709 pecorumque
2237 1672 2355 1703 recessus
2365 1695 2375 1708 ‚

1566 1707 1636 1737 Urbs
1649 1713 1707 1736 erat
1718 1730 1725 1743 ‚
1747 1714 1855 1737 reternae
1866 1717 1929 1736 cum
1937 1715 2015 1746 pater
2023 1705 2099 1738 urbis
2109 1709 2154 1738 ait.
2260 1710 2403 1740 AEternam
2413 1716 2511 1750 vocat,
2531 1712 2567 1745 de

1446 1755 1520 1811 una
1534 1745 1642 1783 Jupiter
1657 1746 1731 1783 apud
1747 1745 1818 1783 Virg.
1839 1755 1862 1774 1.
1884 1746 1946 1775 ffin.
1965 1752 2028 1781 283.
2047 1784 2052 1789 ¹
2105 1746 2257 1792 Imperium
2266 1748 2322 1778 sine
2330 1749 2384 1778 fine
2400 1749 2474 1779 dedi.

1472 1783 1554 1813 ulnus
1563 1791 1697 1812 aeternum
1707 1783 1808 1812 servare
1819 1782 1867 1812 sub
1877 1785 1998 1821 pectore.
2021 1783 2092 1851 Vir-5.
2108 1795 2129 1814 1.
2155 1786 2217 1815 Han.
2237 1789 2280 1822 36.

1447 1820 1598 1858 Perpetuus
1618 1823 1644 1851 ἃ
1663 1828 1788 1850 aeternus
1811 1821 1869 1850 Cic.
1890 1832 1913 1850 1.
1930 1822 1965 1851 de
1980 1822 2043 1851 Nat.
2066 1822 2069 1823 ⁷
2093 1833 2148 1852 eor.
2160 1834 2206 1858 40.
2247 1824 2382 1861 Idemque
2399 1825 2484 1854 etiam
2501 1824 2525 1855 le
2545 1826 2568 1856 ii
2598 1839 2599 1842 ¹

1465 1866 1609 1926 perpeciitjuaq
1616 1859 1757 1926 &ssetCmae
1766 1859 1832 1894 vim,
1842 1869 1902 1896 quae
1911 1860 1984 1896 quasi
1993 1860 2052 1890 dux
2059 1861 2121 1890 vitae
2132 1862 2158 1891 &
2169 1861 2295 1899 magistra
2305 1862 2463 1892 officiorum
2471 1863 2512 1901 sit,
2540 1873 2570 1893 o-

1467 1905 1532 1926 vem
1572 1907 1596 1926 ci
1618 1905 1633 1926 e
1657 1907 1680 1926 e.

1446 1935 1575 1966 AEternus
1585 1957 1593 1969 ,
1614 1945 1664 1973 pro
1679 1933 1783 1972 Magno
1798 1939 1880 1972 atque
1896 1935 2040 1965 immenso.
2072 1935 2144 1974 Virg.
2159 1941 2184 1971 8.
2208 1937 2269 1967 AEn.
2282 1947 2344 1974 394.

1527 1972 1603 2002 Tum
1613 1980 1689 2010 pater
1701 1979 1803 2002 aeterno
1811 1973 1884 2002 fatur
1892 1973 2036 2003 devinctus
2048 1984 2150 2004 amore.
2209 1974 2243 2004 Et
2259 1974 2425 2005 Curtiuslib.
2441 1986 2468 2011 4.
2485 1982 2508 2005 x.
2523 1985 2569 2006 22⁷.

1465 2010 1523 2040 fere
1541 2011 1643 2054 eodem
1662 2010 1749 2039 modo
1765 2010 1883 2048 scripsit,
1909 2010 1996 2040 Ablue
2015 2011 2122 2049 Corpus
2144 2011 2240 2042 illuvie
2262 2014 2426 2051 aeternisque
2446 2013 2569 2044 sordibus
2603 2007 2604 2011 ¹

1467 2049 1631 2086 squalidum.
1671 2048 1712 2078 Ex
1728 2048 1852 2078 Turneb.
1890 2049 1921 2078 V.
1947 2048 2015 2078 ibid.
2040 2049 2163 2079 Freinsli.
2598 2071 2599 2083 r

1448 2087 1576 2117 AEternus
1587 2088 1612 2116 Sc
1623 2086 1811 2124 Sempiternus
1821 2109 1830 2121 ‚
1849 2096 1899 2124 pro
1911 2088 2022 2116 eodem.
2058 2088 2114 2117 Cic.
2126 2088 2186 2126 post
2196 2088 2254 2117 red.
2265 2089 2295 2117 in
2306 2088 2398 2119 Senat.
2415 2098 2458 2127 33.
2484 2088 2569 2127 Quod
2579 2083 2581 2088 Δ
2592 2092 2604 2111 ‘³

1467 2126 1486 2154 ii
1499 2125 1566 2154 milii
1581 2130 1711 2154 aeternam
1725 2123 1778 2153 esse
1791 2125 1959 2162 propositam
1979 2135 2128 2155 aerumnam
2146 2126 2310 2157 arbitrarer:
2341 2133 2430 2157 morte
2448 2136 2493 2157 me
2513 2126 2569 2166 ipse
2603 2132 2604 2136 ’

1467 2164 1561 2201 potius
1570 2185 1577 2198 ,
1600 2172 1682 2200 quam
1693 2162 1861 2200 sempiterno
1871 2163 1967 2192 dolore
1984 2162 2146 2193 multailem.

236 2211 307 2232 num
317 2207 347 2230 ut
357 2200 522 2229 conveniam
532 2199 626 2227 modo.
664 2197 730 2227 Non
739 2205 832 2228 autem
840 2207 904 2227 vere
916 2196 1079 2226 adverbium
1090 2197 1128 2226 est
1143 2219 1151 2232 ‚
1172 2196 1219 2226 sed
1236 2207 1340 2227 nomen
1351 2221 1359 2234 ,

235 2239 382 2269 subaudita
390 2237 584 2275 praepositione
596 2246 610 2264 P
620 2246 634 2265 a
642 2246 658 2265 r.
667 2258 676 2272 ,
698 2246 757 2274 quae
767 2235 1011 2266 continuationem
1023 2235 1172 2272 significat„
1194 2234 1213 2264 fi
1225 2237 1360 2274 temporis

235 2276 397 2308 nominibus
419 2275 598 2313 praeponitur.

199 2316 233 2349 ΖΕ
242 2325 262 2344 τ
271 2325 290 2344 A
298 2324 318 2343 T
327 2324 346 2343 u
355 2325 372 2342 L
382 2324 400 2342 A
411 2335 418 2347 ,
450 2311 547 2341 dimin.
571 2309 730 2347 [ἑλικίῶον]
755 2311 794 2340 est
809 2310 946 2340 Tenerior
958 2319 1109 2349 puerorum
1127 2316 1192 2340 aetas
1203 2333 1211 2345 ‚
1243 2312 1269 2341 Sc
1289 2312 1361 2355 quasi

237 2353 335 2385 AEtatis
356 2351 534 2389 tyrocinium.
556 2350 613 2380 Cic.
630 2360 653 2385 5.
673 2349 775 2381 deFin.
789 2359 833 2386 55.
864 2347 956 2378 Facile
974 2349 1012 2378 est
1021 2348 1076 2378 hoc
1095 2357 1208 2378 cernere
1223 2349 1252 2378 in
1264 2351 1361 2387 primis

259 2397 389 2420 ueroruni
401 2388 527 2418 aetatulis.

237 2401 527 2464 {Etatulaeindulgere
558 2425 634 2456 Suet.
649 2426 679 2454 in
695 2424 790 2454 Claud.
817 2433 878 2463 cap.
894 2434 937 2453 10.
976 2422 1056 2454 Nihil
1078 2422 1197 2462 amplius
1206 2434 1289 2462 quam
1302 2435 1362 2455 mo-

259 2466 330 2500 nuit.
341 2472 371 2494 ut
381 2471 426 2494 aut
433 2464 540 2502 parcius
547 2463 663 2493 aetatulae
679 2462 836 2500 indulgeret
846 2484 854 2497 ,
873 2468 921 2491 aut
928 2469 1003 2492 certe
1013 2463 1131 2492 cautius.

240 2503 361 2537 AEtatula
371 2525 378 2538 ⁷
399 2512 450 2541 pro
460 2509 539 2531 aetate
551 2524 558 2535 .
583 2500 767 2530 blandimenti
786 2500 865 2530 causa
875 2500 1004 2538 positum.
1028 2499 1114 2530 Plaut.
1129 2498 1225 2530 Pseud.
1239 2511 1297 2535 μμ.
1313 2512 1359 2537 40.

258 2543 291 2573 In
300 2541 446 2571 munditiis
457 2562 465 2573 ,
484 2539 625 2571 mollitiis,
648 2538 810 2576 deliciisque
819 2538 958 2568 aetatulam
971 2538 1060 2575 agitis.
1141 2538 1169 2567 h.
1190 2548 1214 2568 e.
1236 2539 1361 2578 Tempus

259 2580 346 2610 aetatis
363 2577 596 2613 iucundissimum.

203 2619 264 2651 ΕΤ
274 2628 287 2646 a
298 2628 313 2646 a
323 2627 342 2645 N
354 2627 372 2646 u
381 2626 393 2645 s
402 2638 410 2651 ,
431 2626 447 2645 a
457 2637 465 2650 ‚
486 2625 543 2644 um.
562 2614 622 2650 Adj.
651 2610 772 2650 [o'cffl&·‚
785 2612 905 2649 uidit&,
925 2611 1086 2649 ἀῖτίνατῶ]
1107 2613 1179 2650 quasi
1194 2613 1360 2650 ffiviternus‚

1410 2203 1520 2234 AEasiiss
1531 2211 1638 2236 Nion,
1663 2200 1726 2230 fitis.
1748 2208 1868 2238 compar.
1889 2200 1958 2230 Plin.
1970 2200 2016 2230 lib.
2037 2211 2078 2237 14.
2098 2211 2158 2240 cap.
2172 2211 2195 2231 1.
2226 2202 2287 2231 Nec
2297 2203 2334 2232 est
2344 2202 2422 2240 ligno
2432 2202 2482 2232 ulli
2497 2209 2570 2233 aeter-
2597 2200 2604 2237 ii

1449 2240 1511 2269 nior
1522 2246 1627 2268 natura.
1658 2248 1709 2276 pro
1724 2237 1898 2275 Durabilior,
1924 2240 1950 2269 ἃ.
1970 2238 2064 2268 minus
2081 2239 2278 2277 corruptibilis.
2316 2240 2396 2271 Idem
2413 2241 2448 2270 de
2470 2240 2575 2278 Cedro,
2597 2233 2604 2267 ’ἶ

1450 2277 1568 2307 Nullum
1587 2276 1714 2306 zeternius
1729 2276 1842 2313 lignum.

1411 2316 1444 2347 ffi
1454 2325 1496 2344 *re
1506 2325 1549 2344 RN
1560 2325 1602 2343 Al.
1612 2326 1620 2343 1
1630 2324 1642 2343 s
1652 2335 1660 2350 ,
1681 2323 1705 2343 e.
1727 2314 1813 2343 idem.
1833 2313 1951 2343 Tertull.
1962 2314 2023 2344 adv.
2034 2314 2155 2350 Judaeos.
2175 2325 2236 2354 cap.
2247 2320 2272 2345 6.
2294 2312 2352 2345 Lex
2364 2316 2506 2347 aeternalis.
2527 2316 2572 2347 In-
2596 2310 2600 2346 .’

1450 2354 1541 2391 script.
1567 2353 1642 2390 apud
1658 2352 1764 2381 Gruter.
1781 2362 1809 2389 p.
1830 2361 1894 2388 752.
1912 2362 1940 2381 n.
1958 2362 1980 2388 3.
2022 2353 2038 2382 S
2049 2353 2074 2382 O
2086 2353 2114 2381 M
2125 2353 2150 2382 N
2161 2353 2186 2383 O
2223 2354 2337 2383 AETE
2347 2354 2404 2383 RN
2414 2354 2485 2384 ALI
2513 2354 2571 2386 SA2
2596 2355 2597 2378 ἶ

1452 2390 1587 2421 CRVM.
1609 2389 1848 2428 &apudReines
1867 2393 1970 2428 P-649·
1996 2390 2162 2420 SOMNO
2190 2390 2460 2422 AETERNALI.
2602 2396 2604 2422 1

1413 2430 1447 2461 AE
1461 2438 1707 2472 rranaiffims.
1725 2437 1750 2456 e.
1782 2427 1868 2457 Idem.
1892 2428 1923 2457 [n
1942 2428 2052 2458 Theod.
2076 2428 2145 2459 Cod.
2163 2430 2310 2467 aliquoties
2327 2429 2428 2460 visitur.
2449 2429 2572 2461 addeio-
2596 2435 2604 2478 μ

1451 2477 1515 2497 cum
1532 2468 1604 2496 Accii
1621 2466 1696 2504 apud
1712 2465 1785 2494 Non.
1807 2475 1831 2502 7.
1845 2469 1889 2499 64.
2596 2487 2597 2492 ,

1413 2506 1447 2537 AE
1457 2515 1474 2534 *r
1485 2516 1498 2534 E
1508 2516 1523 2533 r.
1535 2514 1627 2533 NirA
1637 2514 1666 2538 s,
1695 2503 1755 2533 atis.
1783 2504 1802 2532 f.
1831 2501 1980 2539 [mum]
2011 2503 2137 2542 Tempus
2154 2503 2209 2534 fine
2223 2514 2328 2534 carens.
2351 2505 2415 2535 Cic..
2425 2516 2447 2535 1.
2461 2505 2496 2535 de
2507 2505 2569 2536 Nat.
2596 2501 2604 2520 ³¹

1453 2543 1536 2572 Deor.
1552 2553 1596 2572 21.
1619 2542 1674 2572 Sed
1686 2541 1739 2571 fuit
1746 2539 1870 2578 quaedam
1882 2541 1915 2570 ab
1927 2541 2038 2570 ini-inito
2047 2549 2173 2579 tempore
2182 2544 2327 2577 aeternitas,
2341 2553 2424 2581 quam
2435 2543 2512 2573 nulla
2522 2544 2572 2573 cir-

1453 2581 1621 2618 cunscriptio
1631 2587 1790 2616 temporum
1798 2579 1970 2608 metiebatur.
2011 2579 2203 2609 AEternitatem
2214 2587 2244 2610 ut
2257 2582 2337 2609 deam
2346 2581 2493 2610 coluerunt
2505 2581 2573 2612 anti-

1454 2620 1518 2655 qui,
1535 2620 1613 2655 cujus
1622 2618 1771 2655 imaginem
1785 2623 1895 2660 tenipus
1907 2616 1960 2646 effe
1973 2617 2103 2646 dixerunt
2115 2618 2294 2655 Pythagorici.
2308 2618 2382 2648 Plato
2391 2641 2398 2654 ,
2422 2621 2448 2649 6:
2458 2620 2572 2649 Hermes
2594 2635 2595 2639 =

239 2656 306 2685 teste
323 2654 441 2683 Varrone
451 2675 459 2688 ‚
482 2653 517 2682 de
532 2652 561 2682 L.
578 2651 606 2681 L.
622 2650 670 2681 lib.
685 2662 708 2687 5.
724 2661 784 2689 cap.
794 2660 821 2681 2.
846 2651 958 2689 proprie
967 2647 1100 2688 significat
1113 2651 1198 2688 Quod
1209 2650 1264 2681 fine
1276 2659 1360 2682 caret.

240 2694 314 2725 Nam
324 2702 413 2722 aevum
427 2713 434 2726 ‚
454 2690 546 2728 inquit
555 2690 664 2719 Servius
675 2711 683 2723 ,
703 2690 817 2726 proprie
827 2689 987 2718 aeternitatis
995 2689 1041 2718 est.
1063 2689 1141 2718 Idem
1154 2699 1282 2718 enarrans
1291 2689 1363 2720 illud

239 2730 314 2768 Virg.
327 2734 353 2760 6.
374 2728 436 2760 AEn.
451 2737 515 2766 727.
556 2728 639 2758 Mens
652 2726 736 2764 agitat
755 2727 876 2756 molem:
898 2726 941 2762 Si,
963 2727 1068 2764 inquit,
1091 2734 1121 2756 ut
1136 2726 1233 2756 Cicero
1250 2727 1319 2756 dicit
1332 2729 1363 2757 in

240 2768 407 2800 Tusculanis
420 2789 428 2802 ,
450 2773 584 2796 aeternum
594 2765 631 2794 est
640 2765 772 2802 quicquid
782 2765 810 2793 in
820 2771 924 2793 aeterno
934 2771 1011 2793 motu
1022 2765 1073 2794 est:
1097 2765 1153 2794 sine
1170 2765 1256 2794 dubio
1277 2767 1362 2796 etiam

241 2809 349 2838 animus
364 2812 482 2834 aeternus
491 2804 537 2833 est.
566 2803 680 2840 Semper
690 2802 803 2831 enimin
810 2809 888 2830 motu
898 2802 936 2831 est
946 2825 953 2837 ‚
971 2802 1042 2831 adeo
1053 2810 1083 2832 ut
1097 2813 1133 2832 ne
1147 2802 1230 2832 nobis
1248 2804 1363 2841 quidem

242 2842 448 2884 quiescentibus
461 2840 646 2879 conquiescat.
668 2839 741 2877 Virg.
760 2850 782 2868 1.
804 2839 902 2877 Georg.
914 2844 979 2875 4⁶8·

320 2882 463 2919 Impiaque
480 2886 609 2909 aeternam
624 2878 778 2907 timuerunt
791 2877 882 2906 secula
899 2879 1019 2908 noctem.

241 2921 277 2951 Et
290 2919 423 2958 quicquid
436 2918 490 2953 est,
511 2916 627 2946 mortale
644 2915 676 2944 sit
689 2938 697 2950 ‚
719 2925 755 2944 an
770 2921 913 2944 aeternum.
974 2935 976 2937 ψ

241 2960 387 2991 ffiternum
403 2957 438 2985 de
453 2965 487 2985 eo
506 2955 612 2984 diffitum
623 2976 630 2988 ‚
652 2953 728 2991 quod
737 2952 822 2982 finem
840 2952 948 2982 habeat.
967 2952 1029 2983 Ter.
1043 2953 1113 2982 Eun.
1130 2965 1154 2990 5.
1170 2963 1196 2985 2.
1209 2963 1251 2992 33.

322 2996 356 3025 At
373 3004 449 3023 nunc
466 2992 569 3022 dehinc
587 2991 666 3029 spero
685 2999 815 3019 aeternam
831 2991 903 3020 inter
920 3000 971 3020 nos
993 2992 1108 3028 gratiam

322 3034 392 3063 Fore
402 3032 496 3062 Thais.
592 3030 619 3059 h.
642 3039 666 3058 e.
690 3026 788 3058 Donec
800 3028 935 3058 vivemus.

243 3072 342 3103 AEvum
361 3077 504 3100 aeternum.
527 3066 611 3097 Ovid.
627 3077 648 3096 1.
668 3066 737 3096 Met.
750 3069 812 3101 663.

243 3111 355 3139 Aurum.
377 3109 443 3138 Stat.
458 3119 481 3141 ς.
501 3105 575 3144 Sylv.
589 3116 612 3135 1.
628 3110 687 3140 189.
720 3103 828 3133 Dicitur
837 3103 872 3133 de
884 3103 969 3133 statua
985 3113 1076 3134 aurea.

244 3147 346 3177 Causae.
367 3146 423 3175 Cic.
443 3145 478 3174 de
486 3144 553 3174 Fato
568 3149 613 3177 28.
650 3142 712 3171 Nec
726 3141 743 3170 si
761 3151 846 3170 omne¹
859 3142 1049 3177 enuntiatum,
1079 3148 1126 3172 aut
1144 3152 1240 3172 verum
1254 3149 1301 3173 aut
1315 3142 1364 3174 fal-

265 3185 323 3214 sum
337 3184 389 3220 est,
411 3183 532 3220 sequitur
540 3181 617 3210 illico
630 3179 722 3209 causas
737 3178 925 3208 immutabiles
936 3202 944 3214 ,
963 3189 1063 3216 easque
1081 3187 1204 3210 aetemas.

246 3222 373 3252 Conlilia.
396 3219 462 3251 Hor.
473 3230 499 3250 2.
533 3219 735 3250 Carm.11.11.
762 3217 817 3247 Ubi
828 3218 935 3253 Acron,
955 3216 1096 3247 AEternis:
1118 3218 1137 3247 i.
1158 3228 1183 3247 e.
1205 3218 1322 3249 Infinitis
1336 3222 1363 3251 Sc

265 3260 411 3289 diuturnis.

247 3297 364 3335 Corpus.
386 3296 493 3326 Lucret.
511 3294 560 3325 lib.
578 3305 601 3324 1.
615 3297 680 3330 640.
774 3320 776 3322 .

247 3335 340 3364 Decus
359 3341 491 3363 aeternum
506 3333 615 3362 habere.
638 3331 721 3361 Ovid.
737 3339 761 3366 3.
783 3329 864 3360 Trist.
878 3339 901 3359 1.
916 3332 963 3365 46.

246 3372 322 3402 Deus
340 3379 464 3401 aeternus.
487 3371 544 3400 Cic.
559 3378 584 3400 2.
605 3370 640 3399 de
652 3369 711 3399 Fin.
726 3374 770 3403 88.
799 3368 878 3405 Quid
895 3366 934 3397 est
945 3367 1027 3405 igitur
1044 3377 1094 3397 cur
1104 3366 1142 3397 ita
1155 3364 1261 3407 semper
1271 3368 1363 3401 Deum

1132 2877 1192 2908 Cic.
1212 2890 1239 2916 4.
1276 2879 1360 2910 Acad.

1453 2656 1654 2694 Trismegistus.
1695 2655 1762 2685 Eam
1772 2664 1909 2722 εωιιιὲεῑ
1917 2662 2028 2693 tempus
2040 2654 2230 2692 intelligimus.
2272 2656 2442 2686 Describitur
2452 2667 2516 2686 vero
2528 2667 2572 2686 co-
2600 2655 2604 2693 ᾖ

1475 2695 1529 2724 iose
1541 2697 1566 2725 Sc
1581 2693 1720 2727 eleganter
1734 2703 1749 2721 a
1758 2699 1841 2730 poeta
1873 2692 2003 2722 laudiano
2011 2694 2039 2722 in
2051 2693 2228 2730 Panegyrico,
2239 2694 2274 2724 de
2284 2694 2359 2724 laud.
2372 2695 2458 2724 Stilic.
2469 2704 2494 2725 2.
2506 2704 2570 2732 424.
2596 2701 2601 2723 ὃ

1475 2733 1582 2762 ocatius
1593 2741 1703 2761 carmen
1714 2731 1909 2768 interpretatur
1922 2731 1951 2759 in
1963 2730 2015 2760 suis
2028 2731 2213 2769 Genealogiis.
2321 2736 2332 2743 ⁸
2600 2712 2604 2755 i

1452 2771 1494 2800 Ad
1505 2770 1668 2799 memoriam
1679 2769 1845 2798 aeternitatis.
1868 2768 1927 2798 Cic.
1948 2778 1988 2797 12.
2002 2769 2119 2807 Philipp.
2136 2779 2178 2805 34.
2221 2770 2282 2800 Nec
2297 2769 2420 2808 dispersis
2431 2770 2514 2799 bustis
2523 2769 2573 2799 hu.
2600 2787 2601 2793 .

1472 2808 1532 2837 mili
1545 2807 1683 2846 sepultura
1694 2814 1843 2840 crematos,
1862 2805 1909 2835 sed
1919 2808 2064 2836 contectos
2082 2807 2200 2844 publicis
2215 2808 2347 2846 operibus
2364 2816 2446 2845 atque
2455 2807 2574 2838 muneri—
2594 2818 2604 2833 .-

1473 2846 1534 2880 bus,
1547 2854 1633 2883 eaque
1644 2844 1816 2874 extructione
1828 2854 1887 2887 quae
1901 2844 1931 2872 sit
1942 2844 1976 2873 ad
1992 2845 2154 2874 memoriam
2164 2846 2332 2881 {eternitatis
2344 2856 2389 2875 ara
2397 2846 2514 2875 virtutis.
2594 2851 2595 2855 ’

1450 2883 1636 2927 immutabilis
1648 2883 1792 2912 aeternitas.
1815 2881 1872 2911 Cic.
1887 2882 1922 2911 de
1934 2881 2054 2911 Univers.
2070 2894 2093 2919 5.
2131 2884 2230 2920 Neque
2239 2885 2392 2915 aeternitate
2407 2879 2574 2913 immutabili
2594 2876 2604 2915 l.-

1469 2928 1639 2951 continetur.
2054 2953 2058 2957 ⁴
2594 2932 2595 2940 ¹

1452 2960 1493 2991 Ab
1505 2960 1584 2989 omni
1596 2959 1757 2988 aeternitate.
1780 2956 1837 2986 Cic.
1848 2966 1873 2986 2.
1891 2957 1927 2986 de
1940 2957 2033 2986 Divin.
2052 2967 2092 2993 19.
2115 2958 2143 2988 Si
2151 2959 2225 2987 enim
2241 2958 2312 2987 nihil
2327 2958 2385 2988 fieri
2395 2959 2492 2996 potest.
2505 2955 2574 2988 nihil
2594 2951 2596 2999 f

1472 2998 1598 3027 accidere
1610 3019 1617 3032 ,
1633 2996 1704 3025 niliil
1718 2995 1827 3024 evenire
1839 3016 1846 3029 ‚
1869 2995 1918 3023 nisi
1932 2995 2007 3032 quod
2020 2995 2052 3023 ab
2064 2996 2141 3024 omni
2152 2997 2304 3026 :eternitate
2313 3003 2419 3025 certum
2430 2997 2512 3025 fuerit
2520 2995 2573 3025 effe
2592 3003 2604 3030 u

1469 3036 1595 3066 futurum
1609 3042 1666 3064 rato
1678 3042 1822 3070 tempore;
1845 3042 1903 3069 quae
1914 3033 2003 3071 potest
2011 3033 2202 3063 elleforruna‘?
2218 3034 2334 3064 Rursum
2349 3034 2398 3063 lib.
2415 3045 2437 3063 1.
2460 3035 2575 3064 Animus
2593 3038 2604 3064 i}

1471 3074 1543 3103 vixit
1557 3072 1589 3102 ab
1609 3071 1688 3101 omni
1705 3071 1863 3100 aeternitate.
2594 3067 2604 3105 τ’

1453 3111 1494 3142 Ex
1504 3112 1581 3140 omni
1594 3110 1753 3139 aeternitate.
1768 3107 1834 3151 Cic.
1853 3118 1875 3136 1.
1889 3108 1924 3137 de
1936 3107 2031 3138 Divin.
2049 3119 2109 3145 ¹25-
2131 3109 2276 3140 Fatumest
2291 3110 2412 3139 exomni
2424 3110 2573 3139 aeternitaoe
2592 3093 2604 3139 ii

1473 3149 1565 3179 fluens
1575 3149 1674 3178 veritas
1687 3146 1863 3183 sempioerna.
2594 3144 2604 3179 {J

1453 3187 1486 3218 In
1498 3188 1575 3216 omni
1587 3185 1747 3215 aeternitate.
1777 3184 1834 3212 Cic,
1848 3183 1918 3212 2.de
1928 3183 1992 3213 Nat.
2011 3184 2094 3213 Deor.
2115 3194 2175 3220 115.
2197 3184 2275 3214 Ordo
2289 3192 2382 3214 autem
2398 3182 2532 3220 fiderunt,
2547 3185 2574 3216 ἀ
2593 3197 2601 3214 υ

1473 3226 1502 3254 in
1512 3224 1588 3253 omni
1600 3223 1751 3253 aeteriiitate
1762 3222 1912 3250 constantia
1921 3244 1929 3255 ‚
1951 3232 2040 3258 neque
2053 3231 2176 3251 naturam
2188 3222 2327 3257 significat,
2339 3225 2390 3252 ‹St-c.
2594 3223 2595 3256 i

1454 3262 1565 3293 Donate
1584 3253 1765 3291 aeternitatem
1776 3258 1867 3288 alicui.
1890 3259 1947 3288 Cic.
1963 3260 1990 3288 iri
2003 3259 2088 3288 Pison.
2101 3268 2126 3296 7.
2151 3260 2353 3298 Mihipopuliis
2366 3259 2575 3291 Romanusuni·
2593 3261 2604 3286 ¹st

1473 3298 1622 3330 versusilln
1637 3300 1665 3327 in
1679 3298 1815 3327 concione
1830 3307 1887 3339 non
1900 3298 1983 3327 unius
2000 3298 2055 3327 diei
2078 3297 2306 3334 gratulationem,
2327 3298 2374 3327 sed
2394 3298 2574 3328 aeternitatem
2593 3293 2602 3340 i

1475 3337 1766 3373 immortalitatemque
1777 3335 1899 3363 donavit.
2593 3334 2602 3363 ‹'

1455 3376 1619 3408 AEtcrnitatc
1630 3375 1742 3406 donare.
1758 3372 2050 3402 immortalemfacere.
2076 3373 2146 3403 Plin.
2159 3373 2206 3403 lib.
2220 3383 2246 3403 2.
2258 3383 2318 3412 cap.
2331 3380 2355 3410 7.
2377 3372 2438 3403 Nee
2448 3370 2576 3403 mortale!
2593 3383 2602 3405 r

1475 3414 1627 3444 aeternitate
1644 3413 1758 3441 donare.
2594 3415 2595 3427 ³

1458 3452 1593 3481 Mandare
1606 3448 1760 3480 aeternitati.
1802 3447 1832 3475 V.
1856 3457 1875 3475 M
1886 3454 1934 3491 &N
1944 3458 1961 3476 D
1972 3458 1997 3476 o.
2594 3474 2595 3478 Ἰ

1418 3490 1452 3522 AE
1461 3500 1481 3518 rr
1492 3500 1504 3518 ς,
1514 3500 1528 3517 R
1541 3500 1558 3518 Ν
1569 3499 1586 3518 0
1599 3511 1607 3523 ,
1629 3486 1732 3524 [araim
1743 3505 1750 3513 .
1779 3484 1946 3520 ὠπυθκιαμζω
1959 3486 1973 3520 ]
1994 3488 2048 3515 are.
2079 3486 2161 3515 Varro
2174 3494 2261 3514 rerum
2273 3486 2456 3515 humanarum
2466 3507 2474 3519 ,
2490 3485 2535 3514 lib.
2547 3494 2573 3514 2.
2593 3490 2595 3500 ⁴

1458 3527 1611 3563 Litcrisque
1625 3536 1657 3555 ac
1671 3523 1800 3554 laudibus
1812 3529 1951 3552 aeternare.
1972 3533 2008 3552 ex
2028 3523 2053 3552 N
2057 3525 2132 3553 onio.
2167 3523 2286 3552 Verbum
2299 3525 2445 3561 antiquum
2455 3524 2508 3560 est,
2526 3531 2573 3561 pro
2593 3528 2595 3555 ῑ

1456 3564 1603 3597 AEternum
1611 3563 1656 3593 seu
1671 3560 1826 3592 immortale
1837 3561 1959 3590 reddere.
1986 3561 2050 3590 lior.
2066 3575 2090 3596 4.
2115 3562 2204 3591 Carm.
2221 3571 2264 3597 14.
2284 3571 2306 3592 1.

1537 3602 1608 3638 Quae
1624 3611 1687 3630 cura
1698 3607 1807 3638 patrum
1817 3619 1825 3632 ,
1847 3608 1941 3634 quaeve
1951 3598 2031 3634 Quiri
2037 3600 2116 3636 tium,

1536 3640 1628 3669 Plenis
1646 3639 1789 3667 honorumv
1800 3636 1961 3665 muneribus
1980 3644 2039 3666 tuas

1539 3675 1655 3714 Auguste
1676 3677 1790 3705 virtutes
1808 3674 1837 3702 in
1856 3683 1944 3702 aevum

1538 3716 1588 3744 Per
1609 3714 1706 3743 titulos
1725 3720 1916 3753 memoresque
1932 3711 2010 3741 sistos
2140 3710 2287 3741 AEtemet‘?

1421 3750 1482 3785 AE‘r
1493 3759 1532 3780 iii<
1543 3763 1587 3780 No
1599 3774 1606 3787 ‚
1630 3752 1696 3780 Adv.
1727 3747 1856 3786 [arrhas]
1879 3748 1955 3777 Idem
1974 3749 2049 3783 quod
2066 3747 2218 3778 AEternum.
2245 3748 2313 3778 Plin.
2330 3748 2378 3778 lib.
2393 3758 2418 3778 2.
2435 3758 2496 3787 cap.
2516 3755 2574 3785 107.
2593 3754 2600 3779 l*

1462 3790 1535 3818 Virct
1547 3797 1650 3819 :eterno
1663 3789 1737 3818 hunc
1747 3788 1853 3816 fontem
1868 3786 1979 3821 igneum
1993 3795 2146 3816 contexens
2159 3787 2289 3816 fraxinus.

1421 3828 1455 3858 AE
1465 3837 1483 3856 'r
1493 3838 1506 3855 iz
1517 3838 1530 3855 R
1543 3837 1560 3856 Ν
1572 3837 1590 3855 υ
1601 3839 1636 3861 Μ,
1657 3827 1723 3856 Adv.
1748 3835 1796 3862 pro
1809 3825 1933 3861 Semper.
1955 3824 2028 3861 Virg.
2042 3828 2067 3853 6.
2089 3825 2151 3854 AEn.
2164 3828 2227 3861 617.
2250 3825 2328 3854 Idem
2339 3834 2364 3853 2.
2387 3823 2484 3861 Georg.
2495 3830 2556 3860 400.

1580 3881 1617 3885 ——
1637 3864 1771 3901 glebaque
1788 3864 1867 3890 veriis
2593 3876 2603 3897 Ψ

1502 3902 1644 3932 mter-num
1656 3900 1803 3945 frangenda
1813 3898 1984 3928 bidentibus.
2079 3900 2095 3927 i.
2119 3909 2142 3928 e.
2165 3897 2312 3936 Perpetuo,
2331 3897 2445 3936 semper.
2469 3898 2541 3928 Serv.
2593 3900 2594 3908 ¹

1421 3940 1544 3971 AE'riiffi
1556 3950 1592 3975 A,
1613 3940 1741 3975 [Αιθεωοι
1755 3938 1768 3974 ]
1790 3937 1939 3975 Oppidum
1963 3936 2084 3974 regionis
2101 3936 2260 3972 Laconicae,
2281 3936 2355 3974 apud
2369 3936 2465 4004 {eph

2412 3980 2597 4006 ‘inani-h·

265 3409 388 3447 appellet
399 3409 531 3446 Epicurus
546 3408 657 3437 beatum
666 3409 692 3437 ἃ
704 3406 859 3437 aeternum‘?
879 3405 1000 3443 Dempta
1010 3406 1086 3435 enim
1104 3407 1257 3437 aeternitate
1274 3408 1363 3438 nihilo

266 3447 372 3476 beatior
386 3446 492 3484 Jupiter
507 3455 588 3483 quam
602 3445 745 3483 Epicurus.

247 3485 382 3515 Dolorem
394 3492 526 3513 aeternum
542 3483 669 3520 perferre.
697 3482 805 3512 Lucret.
824 3480 872 3511 lib.
888 3489 912 3519 3.
937 3490 1018 3518 1003.

248 3522 381 3552 Excubiae
400 3522 504 3550 divum.
527 3521 598 3558 Virg.
610 3533 635 3556 4.
665 3520 726 3550 ΖΕΗ.
743 3530 805 3549 201.

407 3575 445 3579 -—
462 3558 629 3594 vigilemque
645 3558 793 3588 sacraverat
804 3557 898 3594 ignem
907 3578 916 3592 ‚

329 3596 465 3625 Excubias
475 3597 571 3625 divum
587 3604 709 3625 aeternas.
804 3595 913 3625 Servius
923 3616 932 3631 ,
952 3592 1085 3624 Definitio
1094 3593 1132 3623 est
1140 3595 1234 3624 aeterni
1245 3593 1325 3633 ignis.

249 3634 378 3664 Exilium.
401 3634 503 3662 Hor.2.
526 3633 615 3662 Carni.
631 3643 652 3668 3.
665 3639 709 3667 28.

250 3673 374 3702 Foedera.
395 3671 466 3707 Virg.
489 3681 530 3699 ii.
556 3670 614 3699 ffin.
629 3673 690 3705 3'56.

250 3710 386 3739 Honores.
409 3708 476 3737 Hor.
490 3718 515 3737 2.
548 3708 637 3736 Carni.
653 3718 675 3736 1.
690 3718 732 3743 15.

248 3747 332 3785 ignis.
356 3746 439 3775 Ovid.
453 3756 476 3781 3.
498 3745 565 3775 Fast.
583 3754 646 3779 420·

331 3783 443 3820 ignibus
462 3784 569 3812 aeternis
589 3783 684 3810 aeterni
702 3781 816 3810 numina
833 3780 952 3819 praesunt

332 3821 451 3850 eiciaris.
563 3820 611 3862 Per
626 3820 701 3855 ignes
711 3826 827 3847 aeternos
836 3820 966 3857 intelligit
975 3819 1068 3857 ignem
1078 3818 1158 3849 illum
1169 3821 1215 3857 qui
1228 3830 1244 3850 a
1256 3817 1369 3858 virgini-

271 3860 321 3889 bus
338 3859 419 3887 Vestae
431 3856 595 3886 consecratis
607 3879 615 3891 7
630 3863 767 3894 perpetuo
780 3859 806 3886 δι
822 3856 926 3886 summu
942 3857 1086 3894 diligentia
1097 3856 1238 3895 colebatur
1252 3861 1279 3889 a&
1291 3859 1369 3889 affer-

270 3897 393 3926 vubattir.
436 3894 514 3923 Unde
527 3898 551 3924 ἃ
566 3895 629 3923 lior.
646 3905 667 3929 3.
691 3893 780 3922 Carni.
794 3904 816 3927 ς.
834 3905 874 3922 ιι.
897 3902 1027 3923 aeteruzun
1042 3895 1149 3924 Vestam
1157 3896 1286 3932 appellat.

253 3936 284 3965 In
297 3933 555 3964 aeternumcondita
564 3932 638 3961 urbs.
660 3931 754 3968 Liv.3.
775 3930 880 3960 necati.
890 3931 937 3961 lib.
950 3936 976 3964 8.
1016 3932 1034 3961 i.
1057 3942 1081 3962 e.
1106 3932 1141 3961 Ut
1156 3943 1257 3963 aeterna
1270 3934 1309 3964 lit.
