2604 4222
137 150 207 193 664
567 139 597 174 C
696 138 730 174 Ο
829 135 863 170 Ν

195 224 342 255 Consoceri
353 223 482 253 dicuntur
494 244 502 257 ‚
522 224 648 260 Quorum
660 220 727 249 alter
736 218 822 247 filium
836 214 947 245 alterius
965 211 1027 240 filiae
1039 209 1165 238 maritum
1187 205 1276 249 dedit.

195 264 308 293 Sueton.
325 263 353 291 in
363 262 457 291 Claud.
473 271 531 298 cap.
545 271 587 295 ²9·
610 259 729 295 Appium
742 255 864 284 Silanum
874 250 1054 282 consocerum
1070 246 1148 275 suum
1160 251 1279 273 crimine

198 302 304 330 incerto
315 322 323 334 ‚
344 309 397 329 nec
407 300 468 328 data
480 298 636 328 defensione
648 318 654 329 ,
676 293 787 322 occidit.
805 328 812 334 ⁹

142 339 164 370 C
173 350 190 370 o
199 348 219 368 N
228 348 240 368 s
249 341 265 368 ὁ
275 347 291 366 c
302 348 336 366 ιο
347 359 355 372 ,
375 336 568 372 [συναγλοὲζω]
588 337 641 362 are.
663 330 750 360 Simul
760 329 869 357 sociare.
890 324 975 355 Plaut.
985 322 1058 354 Rud.
1072 330 1098 350 2.
1110 323 1135 349 6.
1145 322 1190 357 67.

260 375 308 404 Vel
319 374 476 403 consociare
485 373 551 402 mihi
563 370 673 408 quidem
687 374 779 397 tecum
792 366 871 399 licet;

182 411 614 484 Consgieigupnglgegigplsppoagltjels).
624 443 724 479 aliquo.
762 440 818 469 Liv.
836 444 861 473 8.
880 446 922 472 14.
943 435 999 465 Sed
1013 432 1105 470 quod,
1128 431 1211 461 taedio
1231 429 1281 458 im-

203 489 271 525 perii
285 487 398 516 Romani
412 507 418 519 ,
436 494 497 514 cum
510 484 602 516 Gallis,
616 488 696 518 gente
708 478 826 512 efferata,
839 484 912 505 arma
923 473 1063 518 quondam
1073 468 1279 512 consociall'ent.

182 526 344 555 Consociare
352 522 461 552 consilia
472 531 532 550 cum
544 521 644 557 aliquo.
674 518 730 546 Liv.
743 521 786 548 ²8-
801 524 845 550 27.
867 513 956 556 l'atria
968 508 1078 551 quidde
1087 507 1163 536 vobis
1177 515 1282 561 memeg

201 572 241 592 rat
251 584 258 595 ,
279 571 368 598 quam,
377 569 439 589 cum
454 559 606 588 Mandonio
616 558 640 586 8(
649 554 760 585 Indibili
770 550 955 581 consociando
966 546 1085 590 consilia,
1098 544 1257 587 prodebatis
1270 565 1276 570 .

183 600 362 632 consociare,
383 604 429 626 aut
448 597 616 632 conjungere
633 602 695 622 curn
716 591 810 620 amicis
828 588 964 631 injuriam.
1005 585 1099 627 Cic-⁴3.
1121 582 1156 611 de
1166 581 1280 616 Fin.71.

204 638 262 667 Nec
274 645 337 664 vero
347 636 449 664 rectum
459 634 495 662 est
507 655 515 669 ,
535 642 598 662 cum
608 630 702 661 amicis
712 636 757 659 aut
768 628 838 657 bene
849 633 953 656 meritis
964 622 1123 653 consociare
1133 642 1140 655 ,
1162 624 1209 648 aut
1216 627 1282 648 con-

202 676 311 709 jungere
327 672 461 707 injuriam.
1208 693 1214 699 η
1275 692 1280 698 Ι

185 709 507 746 Consociareimperium.
547 706 600 736 Liv.
615 711 640 739 8.
655 716 680 740 4.
702 702 781 739 Atqui
804 701 820 729 fi
844 699 956 743 quando
972 705 1094 734 unquam
1105 692 1282 724 consociandi

203 748 308 782 imperii
321 769 328 781 ,
350 746 507 783 usurpandae
519 744 649 773 libertatis
664 750 774 783 tempus
785 738 918 781 optastis.
933 739 983 766 &c.

184 786 252 816 Rem
268 786 336 814 inter
347 784 370 813 se
381 783 566 813 consociarent
577 803 584 815 .
606 781 632 810 h.
652 791 674 809 e.
697 781 862 809 Societatem
881 785 920 804 rei
931 772 1124 803 contraherent
1135 791 1142 805 ,
1164 770 1190 799 8(
1209 777 1283 798 com-

203 824 379 853 municarent.
402 821 480 858 Apud
491 820 598 849 Livium
610 841 617 853 7
638 818 704 847 teste
722 815 828 859 liudteo.
1023 847 1029 853 ⁶
1062 846 1067 852 .
1205 843 1211 849 .

149 861 195 891 Co
208 871 224 888 N
237 870 247 889 s
258 871 273 888 0
284 869 300 889 c
311 870 319 888 ι
331 863 345 888 X
358 869 376 887 >r
387 869 402 887 u
412 868 424 887 s
435 880 442 892 ‚
463 868 477 887 a
487 877 494 890 ,
515 867 569 886 um.
594 856 688 885 Partic.
712 855 768 883 Cic.
780 862 808 881 in
821 850 912 881 Parad.
926 852 951 879 6.
974 848 1031 884 Qui
1041 845 1120 889 Videt
1137 844 1212 873 domi
1229 849 1283 872 tuae

184 899 284 936 pariter
291 897 475 926 accusatorum
487 902 565 932 atque
575 894 700 930 judicum
709 890 882 921 consociatos
903 895 996 925 greges
1007 908 1014 921 ‚
1036 893 1083 921 qui
1105 888 1239 912 nocentes
1258 881 1283 910 &

184 933 346 973 pecuniosos
358 943 418 962 reos
431 955 438 966 ,
459 934 509 962 Sto.
782 965 788 970 ·
914 963 920 969 ⁸
936 963 941 968 ι

184 972 360 1002 Consuciatus
369 971 544 999 vehementer
553 977 617 997 cum
626 967 736 996 Senatu.
758 964 814 994 Cic.
828 974 852 999 4.
874 961 974 1006 Philip.
986 969 1027 989 12.
1128 996 1134 1002 .
1167 995 1173 1002 ᾗ

183 1010 256 1040 Inter
266 1019 315 1039 nos
326 1015 421 1038 natura
431 1009 463 1036 ad
472 1006 581 1037 civilem
592 1005 820 1034 communitatem
833 1000 976 1036 conjuncti
988 999 1013 1028 &
1025 995 1174 1027 consociati
1182 993 1283 1024 sumne.

203 1047 260 1076 Cic.
276 1057 298 1082 ῃ.
310 1047 344 1075 de
357 1046 413 1075 Fin.
427 1048 472 1074 66.
967 1073 973 1080 ⁶
1153 1071 1158 1076 ,

183 1084 255 1120 Lege
268 1083 415 1113 consociati
428 1082 553 1111 homines
561 1090 626 1110 cum
636 1079 687 1108 diis
695 1078 809 1116 putandi
820 1075 918 1118 sumus.
942 1073 1003 1118 Cic.
1014 1082 1036 1101 1.
1049 1071 1084 1101 de
1095 1070 1187 1114 Legib.
1200 1078 1245 1105 ²3·

185 1121 437 1152 Consociatissimus
449 1143 455 1153 ,
477 1119 575 1156 superl.
613 1117 670 1147 Cic.
683 1126 707 1152 3.
722 1116 791 1145 Fam.
805 1124 828 1150 3.
858 1113 945 1142 Velim
955 1111 1005 1140 tibi
1016 1119 1087 1153 curae
1105 1111 1155 1151 lit.¹
1177 1114 1206 1137 ut
1225 1115 1284 1149 qiiae

201 1158 340 1188 successori
350 1158 573 1193 conjunt‘tiffimo
583 1157 608 1185 &
619 1153 779 1184 amicissimo
789 1150 965 1181 commodare
973 1147 1060 1186 potest
1075 1156 1097 1175 is
1110 1156 1157 1183 qui
1175 1153 1285 1187 provin-

201 1197 272 1226 ciam
283 1197 364 1225 tradit
377 1218 384 1230 ‚
406 1204 475 1224 utea
488 1205 538 1232 pro
554 1194 642 1222 nostra
659 1188 886 1221 consociatissima
904 1186 1064 1230 voluntate,
1085 1193 1149 1214 cura
1169 1193 1200 1213 ac
1223 1181 1285 1211 dili-

203 1235 294 1271 gentia
306 1241 351 1263 tua
361 1233 553 1270 complestare.
594 1230 646 1259 Alii
660 1230 770 1266 legunt,
792 1223 1019 1256 Constantissima.
1097 1259 1102 1264 Ι

147 1270 171 1301 C
181 1281 198 1301 ο
208 1281 226 1300 Ν
235 1281 271 1301 so
283 1281 316 1300 ci
327 1281 344 1299 Α
357 1281 375 1299 τ
386 1282 393 1298 ι
403 1280 429 1305 ο,
451 1271 520 1299 onis.
543 1269 560 1297 f.
585 1268 640 1296 Cic.
657 1277 677 1295 1.
690 1265 745 1295 Off.
762 1275 820 1294 100.
842 1263 1048 1306 Sequemurque
1058 1260 1083 1288 8(
1095 1258 1125 1302 id
1136 1257 1210 1302 quod
1222 1266 1285 1286 acu-

185 1315 242 1338 tum
260 1310 284 1338 8(
299 1308 439 1346 perspicax
451 1315 544 1336 natura
552 1306 606 1341 est,
629 1304 692 1335 &id
704 1303 777 1341 quod
788 1302 824 1332 ad
837 1301 983 1330 hominum
997 1297 1233 1328 consociationem
1242 1304 1285 1324 ac-

183 1346 389 1375 commodatum
402 1346 448 1375 est.
892 1376 899 1381 Ι
1045 1373 1051 1379 ,

183 1383 350 1414 Conciliatio
372 1385 396 1412 8(
418 1381 583 1412 consociatio
602 1380 685 1409 totius
704 1377 809 1417 generis
823 1376 979 1405 hominum.
1019 1373 1078 1403 Cic.
1099 1376 1124 1400 1.
1148 1368 1206 1400 Off.
1221 1378 1282 1405 149.

203 1422 385 1450 Communem
397 1421 479 1449 totius
490 1419 595 1456 generis
607 1418 752 1446 hominum
770 1414 998 1446 conciliationem
1011 1413 1037 1441 8(
1051 1409 1284 1440 confornationem

203 1459 294 1487 colere
308 1480 314 1493 ‚
337 1458 424 1491 tueri,
445 1457 601 1487 conservare
614 1455 754 1484 debemus.

183 1495 356 1525 Consociatio
367 1495 510 1524 hominum
522 1495 546 1523 8(
560 1493 753 1522 communitas.
776 1491 833 1520 Cic.
854 1500 876 1519 1.
898 1488 955 1518 Off.
971 1496 1031 1522 157.

180 1533 292 1562 Sinistra
303 1534 420 1563 siderum
429 1532 605 1562 consociatio.
626 1530 733 1560 Firmic.
743 1529 790 1558 lib.
801 1533 826 1557 6.
838 1537 899 1565 cap.
914 1535 956 1555 12.
969 1524 1016 1554 sub
1029 1523 1123 1566 finem.

182 1570 335 1600 Diffolvere
344 1570 577 1600 consociationem
590 1569 748 1598 humanam.
788 1566 846 1597 Cic.
862 1574 887 1603 3.
900 1561 958 1595 Off.
970 1567 1014 1593 26.
1034 1560 1132 1598 Aliqua
1141 1557 1282 1596 exempla.

201 1608 238 1637 ria
251 1608 345 1645 legunt
359 1607 577 1637 Consortionem.

145 1644 297 1674 C0Nsoc
309 1649 341 1674 ιῐι
354 1655 436 1680 Tim,
455 1646 523 1674 Adv.
546 1643 794 1679 Ammian.15.27.

146 1682 468 1717 CONsociAiii‘Lm,
489 1692 512 1711 e.
536 1680 653 1711 Ambros.
669 1679 748 1717 Epist.
764 1689 786 1709 1.

146 1719 195 1749 Co
207 1730 380 1756 Nsocius‚
401 1721 418 1749 i.
441 1730 477 1749 m.
502 1718 640 1756 Voxapud
652 1718 744 1753 JCtos.

146 1757 193 1787 Co
205 1767 241 1787 Ns
252 1760 269 1787 6
281 1769 293 1786 ι
305 1760 340 1787 in
351 1767 383 1792 0,
403 1757 578 1794 [ὁλοκληςόω]
599 1759 652 1785 ᾗτε.
676 1755 887 1791 Redintegrare‚
909 1753 935 1782 &
955 1752 984 1781 in
1002 1758 1090 1779 unum
1106 1754 1256 1786 congerere
1270 1765 1282 1781 .

182 1796 256 1832 quod
267 1797 340 1832 prius
352 1802 461 1833 ruptum
480 1802 525 1824 aut
541 1793 656 1822 divisum
673 1792 768 1822 fuerat.
791 1791 900 1829 Ulpian.
924 1790 964 1819 De
976 1789 1104 1831 usufruck.
1125 1785 1241 1816 accresc.
1259 1784 1279 1813 l.

179 1833 255 1862 idem
273 1833 415 1867 Neratius.
438 1833 508 1861 Nam
525 1832 669 1860 amittente
682 1830 878 1859 usumfructum
891 1827 976 1857 altero
989 1849 996 1861 ‚
1018 1835 1062 1856 cui
1081 1830 1138 1854 erat
1155 1824 1280 1867 legatus,

180 1872 265 1907 magis
274 1871 334 1906 jure
344 1870 515 1900 accrescendi
528 1869 562 1898 ad
578 1869 695 1898 alterum
705 1868 833 1905 pertinet,
854 1875 935 1903 quam
945 1865 1017 1894 redit
1026 1864 1060 1893 ad
1070 1867 1280 1900 proprietatem.

180 1908 240 1938 Nec
247 1918 360 1937 novum.
382 1918 445 1937 nam
465 1907 510 1936 etsi
524 1906 631 1936 duobus
653 1905 817 1935 ususfructus
836 1903 943 1940 legetur
952 1924 961 1938 ‚
981 1904 1006 1932 &
1024 1900 1099 1939 apud
1115 1900 1232 1941 alterurn
1251 1897 1283 1925 sit

179 1945 365 1975 consolidatus
375 1968 382 1980 ,
401 1946 444 1981 jus
455 1944 625 1974 accrescendi
636 1953 692 1972 non
702 1944 772 1980 perit
786 1952 793 1972 ε
815 1951 906 1978 neque
917 1941 941 1970 ei
949 1939 1024 1977 apud
1034 1947 1117 1976 quem
1129 1935 1283 1980 consolida-

179 1988 223 2012 tus
231 1983 281 2017 est,
304 1993 392 2020 neque
403 1983 436 2012 ab
446 1992 495 2012 eo:
518 1984 543 2012 8(
555 1981 610 2020 ipse
622 1981 719 2017 quibus
734 1981 826 2010 modis
845 1980 985 2009 amitteret
1000 1983 1064 2020 ante
1086 1974 1283 2005 consolidatio-

181 2029 257 2055 nem,
270 2021 363 2050 iisdem
373 2022 397 2050 &
409 2020 605 2050 nuncamittet.
632 2018 803 2048 ususfructus
813 2016 1010 2050 consolidatus,
1021 2024 1038 2043 1.
1049 2023 1074 2044 e.
1087 2009 1280 2043 Confirmatus.

182 2057 347 2087 Parietemin
357 2068 439 2087 unam
449 2057 652 2087 crassitudinem
666 2056 844 2085 consolidare.
867 2054 969 2084 Vitruv.
986 2062 1011 2082 2.
1025 2057 1052 2086 8.

186 2094 290 2125 Vulnus
307 2095 492 2131 consolidare,
513 2095 586 2132 apud
597 2094 862 2129 Medieosjuniores.

145 2132 168 2162 C
176 2142 193 2161 o
203 2142 221 2161 N
230 2142 241 2161 s
249 2143 266 2161 o
276 2144 292 2161 L
302 2144 310 2161 ι
321 2143 339 2161 ι)
349 2142 368 2162 A
377 2142 397 2161 τ
407 2143 425 2162 u
433 2142 445 2162 s
454 2154 461 2168 ‚
485 2133 576 2162 Partic.
599 2132 657 2161 Cic.
672 2142 695 2167 ς.
709 2131 784 2161 Fam.
796 2140 841 2160 20.
862 2129 994 2160 Rationes
1006 2126 1140 2157 confec'tae
1150 2126 1177 2155 &
1188 2120 1283 2154 conso-

174 2169 285 2201 lidatae.
312 2171 329 2199 i.
342 2180 366 2200 e.
389 2170 459 2199 Cum
469 2169 594 2207 expensis
604 2169 769 2207 respondent
778 2174 900 2205 accepta.
1113 2201 1119 2208 ⁴
1187 2200 1193 2206 ⁶
1262 2199 1267 2205 ,

145 2206 168 2238 C
178 2217 195 2236 o
204 2217 221 2236 Ν
232 2217 244 2237 s
253 2217 269 2236 o
278 2217 337 2236 ιιι)
347 2217 365 2236 A
375 2217 411 2236 τι
422 2217 438 2236 o
450 2229 457 2242 ‚
479 2209 547 2237 onis.
569 2207 588 2236 f.
610 2207 806 2242 [ὁλοκλήςωστς]
827 2206 905 2241 cujus
923 2202 1034 2246 propria
1055 2200 1213 2245 significatio
1240 2199 1280 2227 di-

183 2245 320 2282 gnoscitur
331 2255 364 2274 ex
375 2246 395 2282 §.
413 2245 478 2274 item
489 2244 599 2278 finitur,
621 2245 656 2273 de
678 2243 822 2273 Usufruetu
832 2265 840 2278 ,
860 2245 888 2271 in
901 2239 1129 2282 Institutionibus·
1136 2237 1262 2267 civilibus
1274 2258 1282 2271 ‚

180 2283 249 2314 Item
258 2282 349 2311 finitur
360 2282 525 2311 ususfructus
535 2304 544 2318 ‚
566 2282 582 2310 si
595 2282 711 2311 domino
721 2281 894 2319 proprietatis
904 2279 937 2308 ab
952 2278 1149 2308 usufructuario
1169 2275 1283 2318 cedatur

181 2321 260 2355 (nam
273 2320 399 2349 cedendo
410 2326 540 2349 extraneo
553 2319 621 2348 nihil
631 2320 740 2356 agitur)
761 2319 803 2348 vel
819 2328 852 2347 ex
863 2317 1017 2349 contrario.
1039 2315 1057 2343 si
1069 2314 1282 2356 usufrut‘tuarius

180 2358 376 2395 proprietatem
385 2358 421 2386 rei
429 2357 595 2394 acquisierit,
616 2366 676 2393 quae
686 2366 728 2386 res
735 2356 916 2385 consolidatio
928 2353 1091 2394 appellatur.
1131 2351 1162 2380 In
1174 2351 1226 2379 alia
1238 2359 1283 2378 au·

181 2402 238 2424 tem
253 2395 446 2430 significatione
461 2394 521 2424 usus
533 2395 570 2424 est
589 2394 722 2432 Ulpianus
733 2394 764 2422 in
783 2394 800 2422 l.
816 2394 892 2422 idem
912 2392 1047 2421 Neratius.
1069 2394 1089 2427 5.
1113 2398 1170 2418 non
1183 2386 1280 2431 solum.

182 2432 217 2462 D.
236 2433 272 2461 de
281 2432 408 2462 usufruct.
420 2432 533 2462 acci-esc.
555 2431 654 2469 Etipse
673 2432 771 2469 quibus
785 2432 875 2461 modis
895 2430 1034 2460 amitteret
1052 2434 1115 2457 ante
1127 2425 1284 2456 consolida-

183 2471 291 2499 tionem
301 2492 309 2504 ,
330 2469 424 2499 iisdem
437 2472 462 2500 8(
472 2478 546 2499 nunc
553 2470 668 2499 amittet.

145 2507 193 2537 Co
203 2517 221 2536 N
232 2517 243 2536 s
251 2517 267 2536 o
276 2518 291 2535 L
300 2509 311 2536 i
319 2517 337 2535 ι)
345 2517 383 2536 us
393 2529 401 2541 ‚
423 2517 438 2536 a
450 2529 457 2541 ,
476 2517 531 2536 um.
555 2508 613 2542 Adj.
641 2506 740 2536 Arnob.
752 2506 769 2535 l.
779 2517 805 2542 4.
816 2505 863 2536 sub
873 2505 920 2535 fin.
942 2504 1013 2534 Cum
1023 2502 1152 2533 omnibus
1164 2500 1284 2532 consoli-

185 2545 226 2573 dae
238 2545 423 2582 germanitatis
435 2543 630 2574 necessitudine
641 2545 795 2581 copulatus.
956 2562 959 2564 >

184 2581 331 2611 Consolida
341 2581 452 2619 regalis,
475 2581 566 2611 Planta
581 2582 656 2611 estin
671 2582 806 2618 segetibus
821 2580 934 2610 nascens
945 2601 953 2615 ‚
974 2588 1032 2616 quae
1054 2577 1162 2608 caulem
1178 2576 1282 2620 profert

203 2620 353 2656 simplicem
369 2641 377 2654 ‚
399 2619 510 2648 ramulis
533 2619 625 2648 multis
635 2641 642 2653 ,
664 2620 791 2649 tenuibus
802 2641 809 2652 ‚
831 2619 921 2655 longis
930 2639 938 2652 ‚
960 2616 1048 2646 divisis
1057 2639 1063 2650 ‚
1094 2614 1219 2644 silvestris
1241 2622 1283 2642 ni-

202 2657 278 2695 gellae
290 2657 382 2686 modo.
422 2656 514 2686 Flores
528 2657 643 2693 editpur
667 2666 759 2691 oreos,
780 2657 861 2693 nigrae
872 2655 952 2685 violae
967 2654 1096 2683 aemulos:
1119 2662 1154 2682 ex
1164 2661 1282 2689 quorum

201 2694 284 2724 altera
296 2701 371 2732 parte
381 2693 518 2731 prodeunt
527 2696 637 2723 cornicu
651 2694 775 2723 asursum
791 2693 938 2731 spectantia
951 2714 958 2725 .
980 2702 1038 2728 quae
1052 2696 1176 2733 veterum
1196 2689 1284 2732 calca-

202 2733 238 2761 ris
247 2732 361 2761 formam
371 2732 523 2768 exprimere
535 2732 661 2760 videntur
671 2741 678 2767 3
702 2732 775 2760 unde
785 2733 809 2761 8(
820 2730 858 2759 illi
872 2739 974 2759 nomen
984 2740 998 2758 a
1010 2729 1151 2758 Germanis
1159 2728 1281 2756 inditum

202 2769 379 2805 Rirtersporcn,
400 2768 453 2798 hoc
464 2769 500 2797 est
512 2769 612 2806 Equitis
626 2768 721 2798 calcar.
748 2769 849 2798 Semen
858 2768 909 2797 sert
917 2765 1169 2871 melana-'imile
1186 2766 1214 2793 in
1225 2774 1284 2801 par-

202 2807 242 2835 vis
258 2806 403 2836 corniculis
416 2805 560 2835 inclusum.
603 2806 667 2836 Haec
679 2816 712 2835 ex
723 2806 885 2841 Matthiolo‚
908 2806 953 2842 qui
965 2806 1035 2834 lianc
1091 2810 1167 2832 ntam
1182 2802 1284 2839 postre-

201 2854 278 2873 mum
289 2844 488 2911 cuginigenus
500 2843 599 2874 referre
617 2849 711 2882 putat,
731 2850 760 2874 ut
776 2844 869 2874 videre
888 2843 991 2882 poteris
1007 2842 1036 2871 in
1066 2841 1102 2871 ib.
1115 2849 1139 2877 3.
1159 2839 1281 2870 Dioscor.

202 2891 232 2910 ca
257 2905 261 2909 .
276 2891 315 2915 59.
366 2885 409 2910 60.

147 2917 169 2948 C
178 2927 194 2946 ο
204 2929 222 2947 Ν
232 2892 268 2948 sp&
277 2930 291 2947 1.
301 2928 317 2947 o
327 2929 341 2947 R
353 2940 360 2953 ,
391 2918 550 2954 [παρηνξίω
561 2939 568 2951 ,
595 2914 790 2953 παρφμυῖἷομσω
798 2939 807 2953 ,
834 2914 979 2953 ψυχαμιγίω
990 2935 998 2947 ,
1028 2915 1202 2952 παρφκφλέω]
1230 2915 1281 2944 firi.

184 2956 300 2985 Verbum
312 2955 454 2993 deponens
464 2962 534 2984 notae
544 2954 747 2992 significationis
759 2965 764 2983 :
783 2956 906 2984 oratione
916 2955 970 2984 fere
982 2954 1012 2983 sit
1022 2975 1030 2990 ‚
1052 2961 1081 2984 ut
1095 2955 1133 2984 ait
1145 2952 1221 2982 Valla
1231 2951 1280 2982 lib.

184 3004 210 3026 4.
233 2994 289 3022 Cic.
302 3002 326 3022 2.
338 2995 372 3022 de
384 2994 444 3022 Nat.
459 2993 536 3022 Deor.
551 2998 596 3027 48·
620 2994 676 3022 Hac
691 2992 861 3022 consolamur
874 2993 997 3021 afflictos.

182 3030 321 3060 Consolari
333 3031 452 3067 aliquem
464 3052 471 3061 .
494 3031 518 3059 8(
529 3040 641 3060 omnem
651 3030 801 3067 abstergere
813 3029 947 3059 dolorem.
968 3029 1025 3058 Cic.
1037 3037 1063 3058 2.
1075 3028 1111 3065 Q.
1125 3028 1187 3057 frat.
1199 3032 1226 3062 8.

183 3069 280 3097 !linore
293 3068 348 3096 sido
359 3069 473 3104 alicujus
483 3065 545 3096 sese.
565 3068 653 3097 Catul.
667 3069 763 3104 Argon.
776 3072 819 3097 62.
832 3072 890 3101 182.

181 3105 355 3136 Conscientia
370 3106 480 3142 optimae
491 3106 591 3134 mentis
606 3127 614 3140 ‚
636 3112 694 3134 tum
706 3106 790 3134 etiam
804 3104 976 3141 usurpatione
995 3105 1021 3134 ἃ
1038 3103 1219 3134 renovatione
1232 3102 1281 3132 do-

202 3143 292 3172 ctrina:
304 3144 330 3171 in
344 3143 416 3171 malo
428 3143 454 3171 se
465 3142 608 3172 consolari.
630 3143 688 3172 Cic.
702 3143 736 3171 de
751 3143 821 3172 Clar.
836 3142 914 3172 Orat.
926 3151 991 3178 ²50.

183 3179 316 3217 Exemplo
326 3180 440 3215 alicujus
448 3179 482 3208 se.
504 3180 560 3209 Cic.
573 3180 609 3209 de
622 3179 742 3209 Provinc.
754 3180 834 3210 Coris.
850 3183 893 3210 16.

181 3217 284 3247 Solatio
294 3217 385 3252 aliquo
400 3217 522 3255 seipsum.
545 3217 602 3247 Cic.
614 3217 648 3247 de
661 3218 767 3247 Amicit.
781 3227 824 3248 ιο.

182 3255 284 3283 Solzitio
297 3255 376 3283 malo.
398 3256 455 3284 Cic.
469 3266 495 3290 4.
509 3255 561 3284 litt.
575 3259 601 3283 6.

181 3291 234 3329 Spe
245 3292 316 3321 bona
329 3292 489 3329 posteritatis
504 3292 632 3328 aliquem.
653 3290 710 3321 Cic.
721 3292 817 3322 octav.
831 3302 872 3330 pr.

182 3329 236 3366 Spe
251 3329 369 3394 {laquem
379 3329 518 3359 consolari.
557 3330 616 3359 Cic.
629 3339 679 3367 pro
692 3330 771 3362 Rosc.
782 3331 862 3362 Com⁷
876 3337 921 3367 ⁴3·
947 3328 1026 3359 Inani
1043 3329 1069 3360 &
1089 3328 1167 3359 tenui
1188 3327 1236 3367 spe
1251 3334 1280 3359 te

202 3376 253 3395 cori
268 3377 284 3394 o
296 3377 355 3396 aris.

183 3401 275 3432 Verbis
286 3404 394 3433 alterius
402 3403 527 3440 aliquem.
550 3404 607 3434 Cic.
620 3415 643 3440 ς.
655 3405 709 3436 Atr.
722 3415 765 3435 11.

184 3439 230 3468 Per
243 3440 343 3469 litteras
352 3442 386 3470 se.
409 3442 464 3470 Cic.
479 3452 519 3470 12.
536 3443 588 3471 litt.
605 3452 647 3478 ις.

187 3477 225 3506 De
236 3478 365 3515 realiqua.
385 3479 441 3507 Cic.
459 3489 480 3508 1.
494 3480 544 3508 litt.
561 3488 602 3515 13.

183 3513 223 3542 De
234 3522 319 3543 morte
331 3516 444 3551 alicujus
455 3516 582 3553 aliquem.
607 3516 662 3545 CiC.
677 3525 701 3552 3.
717 3516 797 3546 Tusc.
815 3525 862 3555 71.

183 3551 344 3581 Consolatur
356 3563 398 3581 me
413 3554 468 3582 haec
480 3564 529 3582 res.
552 3555 608 3583 Cic.
620 3565 645 3588 4.
660 3553 730 3583 Fam.
745 3564 769 3590 3.

184 3589 294 3617 Animos
306 3589 363 3626 spes
373 3591 533 3620 consolatur.
555 3591 612 3620 Cic.
628 3601 649 3620 1.
667 3593 738 3621 Verr.
755 3597 794 3625 ¹8·

181 3624 340 3667 Breyitatern
351 3628 410 3654 virzi·
424 3629 584 3664 posteritatis
593 3630 723 3658 memoria
735 3628 891 3658 consolatur
901 3627 994 3665 gloria.
1006 3628 1118 3666 Cic.pro
1126 3626 1273 3667 Milon.97.

181 3662 349 3691 Delideriuin
365 3663 477 3696 alicuius
489 3666 534 3701 spe
544 3667 762 3696 commodorum.
785 3668 832 3695 Cic
852 3675 876 3703 7.
892 3668 962 3695 Fam.
978 3676 1015 3694 ii.

180 3698 329 3744 Dolorem..¹
348 3708 393 3734 ut,
418 3703 549 3731 (initulari
563 3704 649 3736 moitis
666 3705 754 3733 vii-tuti
772 3706 878 3737 debeo,
900 3714 980 3739 quirin
996 3702 1131 3732 consolari
1148 3704 1274 3734 dolorem

201 3743 287 3765 tuum.
301 3738 356 3780 Cic.
367 3750 391 3771 4.
406 3738 474 3767 Fam.
489 3745 556 3776 apr.
577 3740 651 3769 Idem
665 3741 729 3770 ibid.
741 3754 766 3777 4.
779 3747 804 3770 6.
817 3743 874 3770 Nec
882 3751 944 3770 euin
956 3742 1090 3773 dolorem,
1102 3751 1184 3775 quem
1197 3752 1211 3770 :i
1224 3742 1276 3771 Re-

200 3774 274 3816 publ.
289 3784 382 3817 cripiO,
400 3775 501 3817 domus
514 3787 563 3808 ium
580 3779 709 3806 conloliiri
724 3779 809 3815 potest
821 3801 828 3813 ,
850 3788 901 3807 nec
910 3779 1272 3816 domesticumRespublica.

180 3810 315 3840 Homines
327 3821 353 3839 in
370 3812 479 3839 miseriis
489 3814 607 3850 sol-..spes
618 3815 748 3844 consolari
759 3816 832 3844 solet.
857 3817 913 3844 Cic.
928 3829 953 3850 4.
968 3817 996 3844 in
1010 3816 1088 3844 Cutil.
1101 3821 1117 3848 8

179 3848 370 3877 humilitatem
383 3849 418 3891 rigi
432 3852 543 3883 gravitas
556 3855 579 3879 oz
592 3852 783 3886 viriusjudicis
795 3853 956 3882 consolatur.
978 3854 1035 3882 Cic.
1047 3863 1096 3891 pro
1109 3854 1208 3890 Quint.
1226 3865 1249 3890 ς.

177 3885 327 3921 Jaccntem.
352 3887 432 3913 Ovnl
448 3896 469 3919 ζ.
487 3888 520 3913 de
530 3888 604 3915 Pont.
622 3898 642 3920 ι.
655 3899 695 3921 77.

177 3923 390 3953 Incommodum
401 3923 572 3954 consolantur
581 3925 745 3960 quotidianae
758 3927 951 3958 damnationes
969 3928 1154 3959 inimicorum.
1176 3928 1234 3959 Cic.
1245 3939 1272 3960 2.

196 3960 230 3996 Q.
245 3961 304 3990 fiat.
315 3970 339 3996 ς.

1743 114 1771 148 C
1870 114 1903 149 O
2002 112 2035 148 N

1376 199 1491 229 Lut‘tum
1503 195 1710 232 alicujusipsiiis
1727 195 1844 233 diei-itas
1860 195 2024 223 consulatur.
2048 194 2105 223 Cic.
2121 206 2146 228 4.
2164 194 2237 223 Fani.
2254 197 2280 224 6.

1376 236 1513 267 miseriam
1530 232 1891 263 62:crilanisszatcniconsilio
1903 255 1910 265 ,
1938 242 1987 269 pro
1999 231 2278 261 Solariumaffertein
2287 231 2403 260 miseria.
2425 231 2489 261 Sen.

1399 284 1421 307 ³-
1439 276 1473 301 de
1485 272 1524 300 lra
1534 294 1540 304 .
1564 271 1627 299 Non
1641 269 1844 298 consolabimur
1857 280 1912 298 tani
1926 270 1997 298 triste
2006 269 2178 305 ergastulum.

1380 312 1479 341 Otium
1498 309 1662 345 inquirendo
1677 330 1683 342 ‚
1704 307 1905 344 scribendoque
1923 307 2002 342 talia,
2025 306 2200 337 consolemur
2215 307 2349 336 nostrum.
2371 303 2490 342 Quintil.

1379 348 1558 415 Cltiiisglasidtb
1569 356 1659 411 llels'are
1673 381 1810 410 dolorem.
1834 382 1890 410 Cic.
1905 384 1929 410 6.
1946 381 2019 410 Fam.
2032 391 2060 415 4.

1378 423 1410 453 In
1423 421 1593 451 consolando
1605 419 1747 448 den-..here
1761 419 1823 448 mali
1837 420 2003 456 opinionem
2011 419 2145 448 maerenti.
2168 418 2223 448 Cic,
2241 426 2265 452 ι.
2279 417 2360 447 Tusc.
2373 420 2418 453 76.

1379 461 1485 489 Genera
1506 458 1667 488 consolandi
1694 457 1788 485 omnia
1817 458 1845 485 in
1870 466 1955 486 unani
1974 456 2194 486 consolationem
2211 456 2360 492 conjicere.
2391 454 2450 491 Cio.
2464 462 2490 491 ς.

1379 497 1631 564 ΑΤὲίέἕιξῖἔὶῗιιιάιιηι
1644 532 1684 560 vir
1694 531 1810 560 mininie
1822 531 2057 560 accommodatus.
2080 530 2139 559 Cic.
2154 541 2176 565 ς.
2191 530 2264 560 Fam.
2284 533 2326 560 16.

1341 572 1391 603 Co
1404 575 1468 601 Nso
1480 581 1521 599 ro
1534 593 1541 604 ‚
1564 568 1757 604 [meypw'fi'w]
1779 572 1831 597 §re
1856 569 1935 598 acliv.
1958 568 2040 597 Varro
2061 568 2179 606 OEdipo
2205 568 2316 605 Thyest.
2347 566 2397 596 Per
2415 565 2493 595 idem

1379 618 1488 646 tempus
1499 609 1633 645 OEdipus
1645 607 1764 636 Athenas
1775 606 1840 636 exul
1849 607 1942 636 venire
1953 606 2097 636 dicebatur
2108 627 2116 641 ‚
2139 607 2187 643 qui
2199 605 2361 635 consolaret.
2383 603 2493 634 Nonius

1341 658 1417 716 C07N
1427 657 1489 714 ἒξ(
1502 692 1568 711 nNs
1579 703 1587 717 ‚
1609 682 1687 711 antis.
1709 680 1805 711 Partic.
1834 677 2112 717 [mgqssvsiuho]
2144 679 2201 710 Cic.
2215 689 2240 718 3.
2261 679 2342 710 Tusc.
2353 687 2398 717 75.
2425 678 2494 708 Haee

1379 723 1464 759 igitur
1477 721 1566 749 officia
1580 719 1862 749 suntconsolantium.

1378 760 1467 789 Verba
1477 757 1657 788 consolantia.
1680 757 1763 786 Ovid.
1780 768 1821 791 ις.
1833 757 1902 786 Met.
1918 766 1981 792 49¹·

1341 798 1365 828 C
1375 808 1391 827 o
1400 807 1420 826 Ν
1431 807 1442 826 s
1452 801 1468 826 ὃ
1479 808 1494 825 ι,
1504 806 1520 824 o
1529 806 1545 824 a
1555 817 1564 831 ‚
1586 795 1812 831 [meevmgffipoou]
1832 796 1880 823 firi.
1904 795 1998 832 paffiv.
2022 793 2126 823 Asinius
2143 815 2150 828 ‚
2171 793 2224 824 Sed
2236 802 2321 831 quum
2335 791 2371 822 ob
2385 801 2417 822 ea
2432 801 2494 830 quae
2528 807 2530 810 v

1379 835 1547 873 speraveram
1561 855 1568 867 ‚
1591 832 1720 862 dolebam
1732 855 1738 865 .
1760 832 1922 862 consolabar
1930 831 2005 861 obea
2020 841 2080 868 quae
2090 831 2179 861 timui.
2204 830 2274 861 Gell.
2290 840 2332 865 ις.
2347 839 2387 866 13.

1342 873 1364 903 C
1375 883 1392 902 o
1402 883 1421 901 N
1431 883 1442 901 s
1451 882 1467 901 0
1478 883 1491 899 L
1502 882 1521 900 A
1533 881 1551 898 N
1562 881 1580 899 n
1592 881 1608 898 u
1619 880 1631 899 s
1641 892 1648 904 ,
1670 870 1764 899 Partic.
1788 870 1852 908 paff.
1877 870 1959 900 Plaut.
1975 869 2074 900 Bacch.
2089 881 2115 905 4.
2129 879 2153 906 3.
2169 878 2210 899 12.
2243 867 2434 898 Consolandus
2447 866 2494 896 hic

1382 910 1450 940 mihi
1458 910 1503 939 est.
1525 908 1598 938 conf.
1612 907 1670 937 Cic.
1685 919 1707 943 ς.
1721 908 1794 937 Fam.
1813 914 1854 941 ιε.

1342 948 1365 978 C
1374 959 1390 977 o
1401 958 1420 977 N
1429 958 1440 977 s
1450 958 1466 976 o
1477 950 1517 975 LK
1527 956 1546 974 'r
1557 956 1574 975 υ
1586 956 1597 975 s
1612 967 1620 981 ,
1642 945 1737 975 Partic.
1761 945 1825 983 pass]
1855 945 1953 981 Justin.
1963 954 2008 975 22.
2021 948 2048 974 6.
2073 944 2118 974 Sic
2130 943 2278 974 consolatis
2291 942 2435 973 milit-ibus

1343 986 1365 1016 C
1376 996 1392 1014 o
1403 995 1421 1014 N
1432 996 1444 1015 s
1454 996 1470 1014 o
1480 988 1518 1013 cx
1528 993 1590 1012 T10
1601 1006 1608 1018 ,
1630 985 1700 1013 Gnis.
1723 984 1740 1013 f.
1764 983 1934 1020 [πικςκνώαι
1945 1005 1953 1017 ,
1986 983 2156 1017 ’παρφμυθείοι
2166 1000 2173 1011 ‚
2200 981 2378 1018 vagjan-im]
2400 978 2496 1009 Verbis

1380 1024 1419 1053 fit.
1461 1023 1519 1052 Cic.
1537 1031 1562 1058 3.
1575 1021 1647 1050 Fam.
1660 1031 1685 1050 2.
1707 1021 1739 1051 ln
1750 1021 1845 1050 multis
1858 1023 1882 1051 8(
1893 1021 1975 1050 variis
1986 1020 2128 1055 molestiis,
2149 1018 2416 1057 cogitationibusque
2426 1018 2495 1047 meis

1380 1061 1440 1090 haec
1457 1070 1512 1089 una
1530 1059 1683 1088 consolatio
1697 1059 1881 1094 occurrebat,
1902 1059 1979 1096 quod
1998 1067 2089 1096 neque
2112 1057 2164 1087 tibi
2181 1057 2314 1093 amicior,
2336 1066 2420 1094 quam
2441 1064 2494 1093 ego

1380 1098 1441 1128 suni
1451 1121 1458 1133 ,
1480 1097 1621 1135 quisquam
1632 1095 1719 1134 posset
1727 1096 1883 1126 succedere.
2190 1102 2193 1103 ⁷

1380 1137 1421 1166 nd
1437 1137 1496 1165 haec
1506 1136 1599 1164 omnia
1609 1144 1663 1163 una
1675 1134 1830 1163 consolatio
1842 1135 1888 1164 est.
1912 1133 1970 1163 Cic.
1988 1143 2029 1169 15.
2048 1134 2100 1163 Att.
2118 1142 2141 1162 1.
2155 1143 2197 1172 pr.

1380 1173 1539 1204 Consolatio
1551 1172 1711 1201 miserorum
1721 1172 1869 1201 esthabere
1879 1181 1970 1210 pares.
1979 1171 2077 1209 vulgus
2086 1171 2161 1201 dicit.
2177 1172 2210 1201 At
2220 1169 2409 1200 PortiusLatro
2419 1167 2496 1207 apud

1402 1210 1569 1245 Sallustium,
1582 1211 1627 1245 sic,
1647 1210 1824 1248 Voluptatem
1834 1211 1949 1248 capiunt
1959 1209 2051 1239 miseri
2062 1218 2097 1239 ex
2104 1219 2220 1240 maerore
2227 1209 2308 1239 sociae
2321 1208 2496 1240 calamitatis.

1379 1250 1461 1279 Grata
1470 1248 1633 1278 consolatio.
1656 1248 1714 1277 Cic.
1729 1259 1752 1277 1.
1769 1249 1822 1277 Att.
1837 1258 1879 1283 14.

1377 1286 1536 1324 pervulgata
1556 1287 1609 1321 est,
1631 1292 1662 1316 ut
1682 1286 1811 1315 homines
1830 1295 1880 1316 nos
1896 1284 1950 1315 esse
1965 1285 2176 1314 meminerimus
2188 1306 2196 1320 ‚
2217 1294 2250 1314 ea
2265 1283 2328 1322 lege
2343 1290 2424 1313 natos
2436 1305 2444 1318 ,
2465 1289 2496 1314 ut
2537 1299 2540 1302 >
2566 1298 2567 1301 ¹

1397 1326 1527 1355 omnibus
1538 1324 1598 1353 telis
1608 1324 1725 1353 fortunae
1736 1324 1874 1362 proposita
1886 1323 1917 1352 sit
1934 1324 1988 1352 vita
1997 1324 2104 1352 nostra:
2126 1332 2217 1359 neque
2235 1322 2289 1352 effe
2301 1321 2495 1358 recusandum,

1401 1373 1456 1399 quo
1465 1363 1556 1391 minus
1565 1372 1605 1395 ea.
1618 1372 1670 1399 qua
1682 1362 1838 1391 natisumus
1847 1362 2012 1391 conditione
2021 1363 2156 1395 vivamus,
2165 1362 2218 1390 διε.
2241 1360 2299 1390 Cic.
2311 1371 2335 1396 ς.
2348 1360 2422 1390 Fam.
2436 1363 2480 1390 16.

1378 1401 1516 1430 Adhibere
1527 1399 1611 1429 alicui
1622 1399 1840 1429 consolationem
1853 1399 1960 1428 litteris.
1983 1398 2041 1429 Cic.
2055 1399 2090 1429 de
2099 1398 2170 1429 Clar.
2183 1398 2260 1429 Orat.
2272 1407 2336 1436 330.

1378 1439 1465 1476 Egere
1473 1438 1671 1467 consolatione.
1693 1437 1749 1466 Cic.
1766 1448 1789 1471 ς.
1806 1437 1880 1467 Fam.
1899 1441 1940 1466 16.
1957 1446 1998 1474 pr.

1377 1476 1444 1507 Non
1453 1483 1516 1513 eget
1525 1476 1715 1505 consolatione
1728 1475 1843 1512 sapiens.
1866 1475 1924 1504 Cic.
1937 1484 1960 1510 3.
1974 1473 2055 1504 Tusc.
2067 1482 2112 1511 77.

1379 1515 1494 1544 Habent
1504 1513 1668 1542 nonnullam
1679 1514 1708 1542 in
1718 1512 1744 1542 se
1758 1513 1978 1543 consolationem
1989 1521 2090 1550 poenae,
2110 1521 2171 1550 quae
2190 1511 2293 1542 virtute
2303 1511 2496 1551 suscipiuntur.

1399 1552 1457 1581 Cic.
1472 1555 1566 1588 Anteq.
1579 1552 1632 1580 iret
1643 1552 1671 1580 in
1686 1551 1749 1579 exil.
1765 1561 1810 1581 22.

1376 1587 1507 1620 Invenire
1516 1589 1622 1618 nullam
1634 1588 1853 1618 consolationem
1865 1588 2011 1618 malorum.
2033 1588 2093 1618 Cic.
2105 1591 2131 1618 6.
2144 1587 2218 1618 Fam.
2231 1598 2260 1624 4.

1377 1627 1477 1657 Lenire
1486 1627 1512 1656 se
1522 1627 1720 1657 consolatione.
1743 1626 1799 1657 Cic.
1813 1637 1836 1661 3.
1853 1627 1888 1663 Q
1900 1627 1960 1656 frat.
1976 1636 2000 1662 5.

1377 1665 1597 1695 Levatdolorem
1606 1664 1769 1694 consolatio.
1791 1665 1849 1694 Cic.
1865 1675 1907 1700 15.
1923 1664 1993 1693 Fam.
2011 1666 2053 1693 16.

1378 1703 1510 1770 1l2edetur
1520 1703 1589 1733 milii
1601 1702 1770 1733 Consolatio.
1792 1702 1850 1733 Cic.
1860 1712 1886 1732 2.
1900 1702 1935 1732 de
1946 1701 2038 1732 DIvin.
2051 1709 2076 1738 3.
2092 1700 2129 1731 de
2140 1700 2213 1731 libro
2223 1700 2272 1731 suo
2280 1700 2402 1740 loquitur
2411 1701 2446 1732 sic
2453 1701 2496 1732 in.

1410 1751 1447 1770 cri
1471 1747 1509 1770 to.

1377 1751 1551 1809 Perniiilcere
1560 1778 1635 1817 posse
1646 1778 1755 1808 stultam
1767 1777 1937 1808 senectutem
1946 1776 2024 1807 nulla
2035 1776 2236 1808 consolatione.
2246 1777 2344 1809 Cic.de
2352 1777 2491 1816 Senectq.

1375 1817 1517 1846 *Sustentat
1531 1827 1576 1846 me
1585 1827 1640 1846 una
1653 1817 1814 1846 consolatio.
1836 1815 1894 1845 Cic.
1907 1825 1958 1853 pro
1969 1814 2066 1845 Milon.
2084 1824 2146 1846 101.

1377 1855 1524 1885 Sustentari
1546 1854 1744 1884 consolatione.
1766 1854 1825 1884 Cic.
1842 1853 1877 1883 de
1888 1854 1957 1891 Clar.
1971 1853 2048 1883 Orat.
2063 1862 2125 1889 330.

1377 1892 1535 1960 Voluntactis
1548 1894 1627 1960 rect?
1637 1892 1821 1928 conscientia,
1842 1892 1963 1921 maxima
1973 1891 2011 1921 est
2023 1890 2175 1921 consolatio
2195 1900 2288 1922 rerum
2301 1890 2495 1923 incommoda.

1397 1941 1466 1960 rum.
1514 1931 1549 1960 ic.
1563 1935 1589 1960 6.
1625 1940 1677 1960 am.
1691 1942 1716 1965 4·

1377 1967 1471 1998 Vincit
1481 1978 1594 1998 omnem
1604 1968 1823 1998 consolationem
1838 1966 1928 1996 dolor.
1948 1966 2006 1996 Cic.
2020 1976 2061 1996 12.
2076 1967 2128 1996 Att.
2142 1976 2186 2003 ις.

1378 2006 1425 2036 Uti
1436 2006 1627 2036 con-solatione
1641 2006 1739 2043 aliqua.
1761 2005 1820 2035 Cic.
1832 2006 1867 2035 de
1876 2005 2002 2034 Provinc.
2015 2004 2126 2035 Consul.
2139 2015 2182 2041 ις.
2202 2038 2204 2042 ¹

1339 2044 1362 2075 C
1372 2055 1388 2073 o
1400 2054 1438 2073 Ns
1449 2054 1465 2073 o
1474 2048 1513 2073 ιᾸ
1524 2054 1541 2072 ἰ’
1551 2055 1567 2073 o
1578 2055 1592 2072 R
1603 2066 1611 2079 ‚
1633 2045 1696 2073 oris.
1719 2053 1755 2072 m.
1787 2041 1988 2079 [παρᾴκλητίῷυ
1997 2064 2006 2078 ,
2029 2042 2200 2079 πςῆνξῶ]
2228 2041 2286 2072 Cic.
2302 2051 2327 2078 3.
2349 2041 2431 2073 Tusc.
2445 2051 2491 2079 73.

1378 2081 1570 2112 Consolatores
1580 2081 1652 2126 ipsos
1664 2082 1789 2111 confiteri
1800 2081 1826 2111 se
1838 2080 1949 2110 miseros
1959 2102 1967 2117 ‚
1989 2090 2074 2118 quum
2084 2080 2118 2110 ad
2134 2090 2181 2110 eos
2190 2080 2329 2118 impetum
2345 2079 2424 2110 suum
2439 2081 2494 2110 for-

1378 2126 1444 2150 tuna
1458 2127 1632 2149 converterit.

1340 2157 1690 2191 CONSOLATORius,
1715 2157 1775 2192 Adj.
1805 2153 2019 2200 [πυξεῆψωνὲε]
2037 2155 2135 2199 ,Quod
2164 2154 2330 2186 consolatur.
2362 2155 2423 2186 Cic.
2445 2164 2487 2193 13.
2539 2184 2544 2188 ,
2574 2143 2575 2147 ¹

1379 2198 1430 2225 Art.
1447 2205 1491 2224 20.
1516 2195 1534 2225 A
1547 2194 1648 2224 Caesare
1658 2195 1760 2224 litteras
1773 2204 1868 2232 accepi
1879 2193 2084 2224 consolatorias.

1340 2232 1387 2263 Co
1398 2243 1417 2262 N
1427 2243 1463 2262 so
1473 2244 1489 2261 L
1500 2243 1519 2261 A
1530 2242 1549 2261 T
1559 2243 1575 2262 o
1586 2243 1661 2268 3113,
1684 2233 1750 2262 Adv.
1773 2232 1867 2262 Sidon.
1881 2236 1905 2261 6.
1920 2232 2001 2271 Epist.
2013 2242 2039 2268 9.

1339 2271 1362 2301 C
1372 2282 1388 2299 o
1398 2281 1416 2299 N
1428 2281 1439 2299 s
1449 2281 1465 2299 o
1476 2282 1491 2298 L
1502 2280 1522 2299 A
1532 2281 1640 2305 BlL1s,
1663 2281 1685 2300 e.
1709 2268 1915 2307 [megw‘emlf]
1938 2270 1996 2299 Cic.
2009 2281 2035 2305 4.
2049 2269 2122 2298 Fam.
2135 2277 2160 2306 3.
2182 2268 2226 2300 Est
2238 2269 2357 2299 omnino
2367 2268 2414 2299 vix
2424 2278 2493 2300 con-

1378 2308 1498 2338 solabilis
1508 2308 1587 2337 dolor
1599 2330 1606 2343 ‚
1628 2314 1703 2337 tanta
1721 2308 1757 2337 est
1769 2308 1896 2337 omniurn
1907 2317 1998 2336 rerum
2011 2306 2126 2336 amiffio.

1376 2347 1453 2376 Idem
1465 2347 1569 2380 active,
1592 2346 1661 2375 Gell.
1678 2350 1716 2375 16.
1731 2355 1771 2381 ιτ).
1796 2345 1913 2374 Carmen
1926 2344 2094 2374 consolabile
2102 2344 2177 2374 casus
2188 2344 2347 2374 sui-canere.

1339 2383 1361 2413 C
1371 2395 1386 2414 o
1396 2394 1414 2412 Ν
1425 2394 1436 2413 s
1447 2394 1463 2413 o
1473 2395 1488 2412 L
1499 2387 1515 2412 Ᾰ
1525 2395 1544 2412 Μ
1554 2393 1594 2412 ΕΝ
1606 2407 1612 2416 .
1635 2385 1698 2413 fnis.
1724 2394 1750 2413 n.
1774 2384 1852 2412 Idem
1866 2393 1898 2412 ac
1913 2382 2081 2412 Consolatio.
2099 2382 2210 2412 Hieron.
2224 2382 2307 2420 Epist.
2320 2387 2366 2413 62.

1340 2421 1561 2452 CoNsoMNio
1576 2444 1583 2457 ‚
1605 2420 1760 2458 [bidg‘aG-flm]
1781 2424 1835 2450 Ere.
1860 2421 1942 2449 Plaut.
1958 2421 2036 2449 Most.
2053 2430 2114 2455 3.2.
2131 2430 2176 2458 71·
2403 2429 2405 2435 ⁴

1457 2459 1533 2495 Quid
1544 2460 1566 2488 is
1579 2460 1779 2488 consomniavit
1788 2460 1801 2487 ⁴?
1823 2468 1842 2487 T
1853 2468 1876 2487 R.
1899 2468 1951 2495 ego
1961 2459 2053 2487 dicam
2062 2458 2121 2488 tibi.
2474 2491 2477 2494 ,

1341 2497 1363 2527 C
1374 2507 1390 2526 o
1402 2507 1422 2526 N
1431 2506 1442 2526 s
1452 2501 1468 2526 ὀ
1478 2507 1496 2525 Ν
1507 2507 1524 2525 o
1538 2518 1546 2532 ,
1567 2498 1720 2533 [συμφωέω
1729 2519 1737 2533 ‚
1758 2493 1857 2533 συνκχέω
1869 2496 1883 2531 ]
1904 2499 1958 2525 are.
1981 2496 2120 2526 Resonare
2131 2495 2272 2534 significat.
2293 2494 2380 2526 Plaut.
2393 2495 2492 2535 Amph.

1378 2545 1403 2565 ι.
1418 2545 1440 2564 ι.
1474 2544 1498 2563 2.

1455 2545 1597 2609 s’ostquam
1608 2572 1637 2601 id
1652 2574 1741 2602 actum
1753 2572 1807 2606 est,
1829 2570 1902 2601 tubae
1917 2571 2048 2610 utrinque
2060 2578 2181 2602 canunt:
2202 2576 2302 2601 contra

1350 2645 1354 2648 .
1458 2610 1597 2639 Consonat
1609 2619 1677 2639 terra
1687 2633 1694 2643 ,
1717 2610 1868 2640 clamorem
1879 2610 2017 2647 utrimque
2032 2609 2162 2639 efferunt.

1375 2647 1487 2678 Clamor
1495 2648 1636 2677 consonat.
1678 2648 1732 2677 Liv.
1752 2652 1793 2683 ³⁶·
1808 2657 1850 2684 34.
1876 2647 1968 2685 [taque
1978 2647 2112 2678 concursu
2123 2646 2196 2677 fafto
2206 2647 2330 2684 undique
2341 2646 2370 2675 in
2380 2654 2490 2681 muros.

1394 2695 1493 2715 manus
1503 2695 1552 2723 pro
1563 2685 1588 2714 se
1599 2685 1711 2723 quisque
1722 2687 1878 2717 tendentes.
1896 2685 2066 2715 consonante
2076 2685 2207 2720 clamore,
2223 2685 2391 2714 nominatim
2402 2683 2492 2720 Quin·
2543 2678 2561 2702 Γ

1392 2725 1462 2753 tium
1473 2733 1550 2752 orare
1562 2746 1570 2757 ,
1593 2732 1622 2753 ut
1632 2733 1715 2761 opem
1725 2724 1807 2753 ferret
1817 2734 1849 2753 ac
1858 2723 1985 2753 servaret.
2016 2724 2034 2753 i.
2048 2733 2071 2754 e.
2092 2723 2297 2753 Concordante.

1375 2760 1481 2792 Nemus
1491 2761 1585 2798 plausu
1596 2784 1603 2795 ,
1617 2763 1668 2791 &c
1694 2762 1764 2799 virg.
1779 2773 1801 2798 5.
1816 2761 1876 2791 AEn.
1896 2767 1956 2795 148·

1467 2800 1541 2828 Tum
1554 2799 1664 2836 plausu,
1687 2799 1853 2836 fremituque
1864 2799 1952 2829 virum
1963 2821 1971 2833 ,
1992 2797 2138 2835 studiisque
2147 2798 2289 2828 faventum

1468 2837 1609 2866 Consonat
1629 2846 1713 2866 omne
1733 2847 1839 2866 nemus.
1943 2836 2010 2866 ideo
2037 2837 2150 2873 (inquit
2167 2836 2300 2872 Servius)
2327 2833 2488 2872 Consonat,

1393 2881 1507 2911 propter
1517 2875 1600 2904 Echo.
1640 2874 1746 2904 Nostrae
1758 2875 1833 2904 enim
1846 2874 1920 2904 vocis
1936 2874 1973 2903 est
1984 2873 2092 2904 amula.

2576 1021 2581 1042 -
2572 960 2584 1005 *uz*
2562 913 2583 948 ’ᾧ
2576 839 2583 890 ε-ὴ
2567 782 2583 826 -ΔΖ

2587 936 2599 943 r

1375 2911 1532 2941 Consonare
1557 2912 1621 2945 sibi,
1644 2922 1692 2949 pro
1717 2913 1856 2942 Constare.
1897 2912 1960 2941 Sen.
1984 2912 2064 2949 Epist.
2085 2921 2128 2947 31.
2163 2910 2200 2941 Ut
2220 2911 2344 2949 perfecie
2357 2911 2444 2942 virtus
2459 2909 2491 2940 sit
2540 2938 2543 2941 .
2575 2927 2581 2931 -

1395 2950 1533 2986 aequalitas
1544 2960 1576 2979 ac
1587 2958 1666 2978 tenor
1679 2951 1758 2983 vitae.
1782 2960 1830 2988 per
1840 2949 1935 2979 omnia
1944 2950 2100 2979 consonans
2110 2948 2165 2978 sibi.

1374 2987 1431 3016 Sibi
1445 2988 1594 3016 consonare
1606 2989 1634 3016 in
1647 2988 1781 3017 faciendis
1794 3009 1801 3021 ‚
1822 2997 1854 3017 ac
1866 2997 1922 3017 non
1936 2988 2080 3017 faciendis.
2104 2985 2222 3023 Quintil.
2235 2985 2274 3015 lib
2296 2995 2321 3016 2.
2335 2995 2395 3024 cap.
2407 2995 2453 3016 20.

1375 3025 1513 3054 Consonat
1526 3025 1648 3054 moribus
1660 3027 1750 3055 oratio
1762 3048 1770 3061 ‚
1791 3026 1807 3055 i.
1820 3035 1844 3054 e.
1869 3026 2028 3054 Concordat
2039 3047 2046 3059 .
2069 3024 2216 3054 consentit.
2238 3024 2295 3053 Cic.
2309 3025 2337 3052 in
2348 3023 2454 3053 Sallust.
2463 3032 2486 3053 1.

1375 3063 1517 3100 Rescripto
1529 3064 1684 3092 consonare.
1711 3063 1821 3100 Ulpian.
1834 3063 1862 3091 iri
1878 3062 1895 3092 l.
1912 3063 1930 3091 fi
1942 3062 2082 3100 peculium
2097 3060 2210 3100 legetur.
2233 3062 2255 3099 §.
2277 3061 2326 3091 ult.
2346 3061 2378 3091 D.
2397 3062 2491 3098 depe·
2532 3055 2558 3086 'fi

1392 3102 1445 3130 cul.
1462 3101 1512 3137 leg.
1545 3101 1700 3130 attilicinus
1719 3101 1885 3130 existimavit
1902 3100 1995 3138 legato
2020 3110 2078 3130 non
2095 3100 2213 3130 cedere:
2234 3101 2309 3138 quod
2326 3109 2421 3130 verum
2435 3098 2487 3129 est:

1393 3140 1457 3175 qnia
1468 3138 1601 3167 consonat
1617 3139 1756 3176 rescripto.
2391 3162 2395 3171 .

1336 3176 1360 3207 C
1371 3186 1388 3205 o
1398 3186 1436 3205 Ns
1447 3180 1463 3205 o
1475 3187 1492 3203 N
1504 3187 1520 3204 A
1532 3186 1549 3204 N
1559 3186 1570 3205 s
1584 3198 1591 3211 ,
1617 3177 1674 3212 tldj.
1698 3187 1723 3205 o.
1746 3186 1770 3214 g.
1795 3173 1936 3212 [εὕηχῶι]
1958 3175 2015 3205 Cic.
2038 3176 2066 3204 in
2079 3174 2170 3204 Partit.
2186 3184 2228 3205 ιτ.
2251 3175 2340 3211 Atque
2353 3174 2437 3204 etiam
2451 3173 2488 3204 est

1375 3214 1582 3243 haecdnlinc'tio
1595 3215 1621 3242 in
1641 3214 1750 3249 verbis,
1771 3213 1854 3242 altera
1873 3220 1986 3248 natura,
2008 3214 2173 3243 tractatione
2188 3212 2281 3242 altera.
2314 3212 2436 3242 Natura:
2458 3217 2490 3242 ut
2539 3238 2546 3247 „

1374 3251 1486 3280 sintxilia
1501 3252 1730 3286 consonantium,
1753 3252 1875 3288 graviora
1886 3273 1893 3284 .
1915 3253 1965 3281 διε.

1372 3289 1431 3319 Effe
1441 3288 1595 3318 consonans
1627 3290 1735 3327 Ulpiirn.
1752 3290 1779 3317 in
1796 3289 1812 3317 l.
1831 3288 2025 3325 jusjurandum
2042 3289 2068 3317 8(
2086 3287 2121 3318 ad
2136 3287 2277 3325 pecunias.
2299 3287 2321 3324 §.
2343 3296 2400 3316 non
2418 3286 2487 3317 sem·
2529 3289 2539 3323 ’Ἴ

1392 3337 1448 3370 per.
1474 3327 1504 3355 D.
1525 3327 1679 3363 dejurcjur.
1702 3327 1764 3356 Non
1776 3326 1881 3363 semper
1891 3333 1983 3356 autem
1995 3325 2148 3355 consonans
2159 3325 2213 3360 est,
2238 3334 2287 3363 per
2301 3324 2487 3354 omniarefer·
2533 3336 2547 3354 ¹.

1391 3366 1413 3393 ri
1427 3365 1617 3399 iusjumndum
1634 3364 1714 3400 quale
1725 3364 1854 3393 defertur.

1372 3402 1692 3431 Consonamteslitteraea
1706 3401 1899 3432 Grammaticis
1914 3401 2011 3436 dietae,
2033 3401 2108 3438 quod
2127 3409 2186 3429 nori
2207 3409 2256 3438 per
2274 3398 2320 3436 se,
2342 3398 2388 3430 sed
2407 3398 2486 3429 simul

1393 3450 1456 3469 cum
1470 3440 1611 3469 vocalibus
1624 3440 1728 3469 sonent.
1754 3439 1879 3468 Priscian.
1921 3437 1995 3468 Hinc
2005 3448 2053 3476 per
2068 3438 2180 3473 Ellipsin

1335 3478 1383 3510 Co
1392 3488 1410 3506 N
1421 3490 1430 3505 s
1440 3488 1456 3506 o
1468 3488 1484 3505 Ν
1498 3488 1513 3506 A
1525 3487 1542 3504 N
1554 3487 1564 3506 s
1573 3500 1579 3511 ,
1603 3479 1621 3506 f.
1645 3485 1684 3512 ut,
1700 3477 1812 3514 Aspiriiri
1827 3476 2051 3506 consonantibus.

1372 3517 1474 3544 deinde
1490 3515 1682 3550 observatum,
1704 3525 1739 3545 ne
1751 3512 1968 3544 consonantibus
1979 3513 2156 3552 aspiraretur,
2179 3518 2208 3542 ut
2226 3512 2254 3541 iri
2266 3511 2378 3542 Graccis
2399 3513 2423 3542 8(
2439 3512 2484 3542 tri-

1371 3563 1472 3590 uinpis.

1370 3592 1504 3626 Frangere
1513 3590 1721 3620 consonantem.

1389 3665 1600 3695 consonantium
1610 3672 1689 3695 coeat
1701 3665 1777 3694 nulla
1785 3687 1791 3699 ,
1814 3665 1861 3693 nisi
1872 3664 1983 3693 alteram
1994 3665 2108 3700 frangat.

1334 3703 1357 3734 C
1367 3714 1383 3732 o
1394 3714 1412 3732 N
1422 3713 1433 3732 s
1444 3713 1460 3732 o
1471 3713 1487 3730 N
1502 3714 1517 3730 A
1528 3713 1545 3731 N
1557 3713 1575 3731 τ
1584 3713 1597 3730 n
1607 3713 1620 3730 R
1631 3725 1639 3738 ,
1662 3703 1729 3732 ndv.
1754 3702 1812 3731 Vet.
1835 3702 1934 3739 Interp.
1960 3701 2066 3734 Irenaei.
2093 3710 2115 3729 1.
2131 3708 2155 3735 3.
2180 3698 2369 3729 Consonanter
2376 3698 2482 3737 aliquid
2521 3725 2524 3727 .

1371 3741 1527 3779 priedicaie.
1552 3741 1655 3770 Vitruv.
1670 3744 1695 3769 6.
1711 3751 1731 3769 ι.
1755 3739 2003 3770 Consonantissime
2013 3739 2048 3767 ad
2058 3737 2230 3767 harmoniam
2243 3737 2400 3774 composita.

1332 3778 1380 3808 Co
1391 3789 1408 3806 N
1420 3789 1431 3806 s
1441 3788 1457 3806 o
1468 3788 1485 3806 N
1499 3787 1515 3805 A
1529 3787 1547 3805 Ν
1558 3788 1576 3806 ἰ·
1586 3789 1593 3805 ι
1605 3788 1622 3806 A
1635 3800 1643 3812 ,
1664 3788 1695 3807 ae.
1717 3778 1733 3806 f.
1759 3777 1866 3807 Vocum
1881 3777 2033 3807 concordia
2043 3797 2052 3810 ‚
2081 3785 2142 3812 quae
2161 3778 2186 3805 &
2210 3775 2345 3805 Vocalitas
2366 3774 2478 3810 Latine,
2516 3771 2518 3773 ’

1370 3817 1464 3845 Graece
1483 3815 1581 3846 έυφωνία
1593 3816 1702 3844 dicitur.
1732 3816 1862 3844 Perottus.

1369 3853 1520 3890 Recipiunt
1529 3853 1735 3881 consonantiam
1749 3853 1824 3882 vocis
1832 3852 1978 3882 citharoedi
1989 3860 2004 3880 a
2013 3849 2100 3880 scenae
2109 3849 2249 3880 valvarum
2257 3849 2476 3881 auxiliovitruv.

1391 3902 1413 3924 ς.
1429 3901 1451 3924 ς.
1471 3898 1540 3919 extr.
1561 3890 1816 3931 &lbidemfiepjns.
2331 3890 2335 3891 ⁷

1331 3928 1560 3965 CoNsoNus,
1581 3939 1615 3964 a,
1638 3937 1693 3958 uni.
1716 3929 1904 3964 [συμφωιςιῑῃ
1929 3923 2065 3962 ilonea]
2087 3924 2147 3962 Adj.
2170 3929 2215 3961 ut,

2366 3962 2477 3999 mangot

2077 3475 2192 3512 Quintil.
2206 3474 2251 3503 nb.
2272 3483 2294 3502 1.
2308 3483 2369 3511 cap.
2386 3485 2409 3510 ς.
2432 3458 2487 3504 niu

1763 3588 1882 3626 Quintil.
1895 3588 1942 3618 lib.
1958 3598 2052 3625 1.cap.
2066 3598 2091 3624 4.
2114 3587 2319 3624 Quaeretetiani
2330 3586 2395 3621 hoc,
2416 3596 2484 3624 quo·
2529 3576 2547 3611 s-

1388 3629 1474 3658 modo
1495 3628 1600 3657 duabus
1620 3628 1732 3657 demum
1750 3626 1891 3656 vocalibus
1912 3627 1940 3655 in
1959 3626 2058 3663 seipsas
2079 3625 2200 3655 coeundi
2220 3631 2314 3654 natura
2331 3624 2377 3660 sit,
2399 3633 2484 3662 quum
2535 3629 2537 3632 ’
