2600 4177
536 163 565 198 C
663 165 699 200 Ο
794 163 829 200 N

129 238 249 272 Carmen
262 242 393 274 condere.
416 243 474 274 Cic.
490 254 516 280 4.
530 244 611 274 Tusc.
627 254 672 281 41.

131 279 286 310 Historiam.
312 282 378 311 Plin.
395 280 443 311 lib.
461 291 500 311 12.
519 292 580 318 cap.
597 293 623 317 4.

131 315 240 347 Laudes
251 320 376 354 alicujus.
398 319 465 348 Plin.
479 319 526 348 lib.
542 328 585 349 22.
601 329 662 358 cap.
677 328 720 356 ις.

132 354 236 385 Omen.
259 356 378 394 Propert.
396 355 442 386 lib.
453 366 478 385 2.
491 362 536 389 28.
551 362 594 392 38.

131 391 243 422 poema.
265 394 323 423 Cic.
341 404 363 422 r.
380 396 431 423 Att.
448 397 487 422 16.
503 399 572 423 extr.

130 427 269 467 Praecepta
280 431 421 460 medendi.
444 430 512 460 Plin.
524 431 571 460 lib.
584 433 628 460 26.
641 440 702 470 cap.
713 440 739 461 ι.

131 466 224 497 Praelia
235 469 358 497 condere
368 490 376 503 ‚
399 467 567 498 Describere.
589 469 658 498 Stat.
672 480 695 499 1.
710 469 800 500 Theb.
815 475 841 503 8.
1014 509 1018 510 .

132 504 259 535 Condere
269 505 467 540 jusjurandum.
491 505 576 536 Plaut.
590 506 661 536 Rud.
677 518 700 543 ς.
715 517 739 544 3.
755 513 797 541 18.
820 508 846 537 h.
861 518 883 538 e.
906 509 1060 540 Instituere.

93 539 118 569 C
128 551 174 607 (ἒῗ
185 553 223 608 oda
234 553 254 586 Ν
263 552 275 572 s
285 541 513 609 Nqaemxgnfflm]
534 544 630 574 Partic.
654 552 684 574 ut
694 567 703 582 ‚
723 545 827 575 Nubila
840 547 990 577 condentia
1003 548 1102 578 caelum
1115 546 1246 578 tenebris.

165 590 199 608 ἆυ
224 603 229 609 ,
242 590 271 609 ln
314 590 322 608 1
335 590 352 608 0
370 590 395 610 2-

91 613 116 644 C
125 626 141 645 ο
151 626 171 645 Ν
182 627 199 646 r>
208 619 220 645 ἴ
229 627 248 646 T
256 627 273 646 u
283 626 295 647 s
305 638 314 653 ‚
335 614 517 654 [λ’ἕηκείμᾶμῶι
526 640 535 655 ,
549 616 703 655 ὶέτέῖιτΘι]
723 619 820 651 Partic.
841 620 1032 654 Absconditus.
1046 622 1134 654 Plaut.
1146 622 1243 653 Pseud.

130 664 158 690 4.
172 664 195 684 ι.
212 664 255 690 31.

415 709 452 715 —
465 700 549 724 teneo
560 716 569 730 ‚
588 695 684 724 omnia

210 727 242 759 In
251 731 365 768 pectore
372 732 487 762 condita
497 732 560 762 sunt
569 754 577 768 ‚
599 732 724 762 meditati
735 731 797 762 sunt
809 733 867 763 doli
880 734 973 766 docte.

130 764 162 797 In
174 766 228 796 alta
244 768 363 805 caligine
372 770 512 800 conditus.
535 771 599 800 Sen.
611 770 692 800 Herc.
705 770 756 801 fur.
771 780 796 801 1.

129 804 216 834 antro
230 807 369 836 conditus.
391 807 474 837 Ovid.
490 817 514 844 3.
528 808 597 838 Met.
610 817 654 844 3¹·

128 841 221 873 Corde
232 845 372 874 conditus.
398 845 488 876 Catul.
499 847 600 883 Argon.
613 854 677 881 231.

414 898 450 904 -
459 885 578 913 memori
590 883 641 912 tibi
651 882 768 913 condita
778 883 863 914 corde

221 916 288 948 Haec
302 920 413 958 vigeant
423 922 555 951 mandata
568 943 578 957 ‚
601 930 655 950 nec
664 920 720 950 ulla
734 921 878 951 oblitteret
888 928 961 953 aetas.

127 952 212 986 Domi
222 958 352 988 conditus
366 959 536 990 Consulatus.
579 958 638 989 Cic.
651 968 701 996 pro
709 959 822 989 Muren.
833 969 878 995 49-
903 961 1001 991 Vultus
1013 966 1072 990 erat
1086 959 1169 999 iplius
1188 961 1247 999 ple-

145 1001 199 1022 nus
214 993 313 1024 furoris
323 1018 331 1030 ‚
352 996 427 1026 oculi
442 997 548 1027 sceleris
559 1019 567 1032 ‚
584 996 672 1026 sermo
686 998 865 1035 arrogantiae:
888 998 925 1029 lic
935 1005 966 1029 ut
982 999 1009 1029 ei
1018 1000 1076 1036 jam
1087 999 1248 1038 exploratus

146 1031 173 1059 ἃ
184 1031 261 1060 domi
272 1033 402 1064 conditus
414 1034 577 1065 Consulatus
588 1035 736 1064 videretur.

127 1066 254 1098 Tumulo
265 1072 405 1101 conditus.
429 1073 516 1102 Valer.
529 1083 554 1107 ς.
568 1073 667 1109 Argon.
683 1078 744 1108 ¹98·

127 1103 213 1135 Ensrs.
236 1106 303 1138 Hor.
317 1108 406 1146 Epod.
422 1119 448 1147 7.
461 1120 486 1140 2.
508 1110 733 1140 subaudiendum
744 1110 856 1148 Vagina.

125 1141 371 1215 ἐῗέἕὲῗέὲἓὲῗιῖἷῗέ
379 1157 412 1215 1⁶1?
415 1147 747 1216 232‘32532330301'553·
758 1148 873 1216 {5³vass
876 1157 945 1223 ‘13²5'

124 1218 221 1250 Meffis
230 1222 351 1252 condita.
374 1223 469 1254 Tibul.
478 1224 527 1253 lib.
541 1233 564 1254 1.
581 1233 604 1253 1.
618 1233 664 1258 42·

205 1257 272 1287 Non
283 1270 335 1297 ego
346 1261 459 1291 divitias
470 1271 580 1299 patrum
589 1283 597 1294 .
617 1259 776 1298 fructusque
790 1263 915 1299 requiro,

245 1297 324 1333 Quos
334 1298 399 1328 tulit
408 1300 522 1336 antiquo
532 1299 646 1328 condita
654 1298 745 1329 mestis
753 1309 813 1329 avo.

125 1331 278 1364 Praecordia
289 1337 403 1366 condita
411 1347 426 1366 a
448 1337 500 1366 erit
510 1336 601 1366 Liber.
623 1337 690 1366 Hor.
702 1346 729 1366 2.
743 1337 830 1367 Serm.
843 1348 870 1373 4.
883 1344 927 1372 89.

126 1370 228 1401 Telum
238 1376 343 1410 patenti
356 1347 451 1412 jugullb
466 1375 613 1404 conditum
622 1375 791 1412 imprimere.
813 1376 877 1408 Seru
889 1375 999 1414 OEdip.
1011 1378 1059 1414 14.

126 1407 255 1440 Carmina
266 1412 378 1442 condita
389 1434 397 1448 ‚
419 1412 587 1450 Compofita.
609 1413 682 1450 Virg.
700 1423 742 1442 ιο.
756 1413 813 1442 Ecl.
828 1423 871 1449 ςο.

320 1465 358 1472 -
368 1450 530 1481 Chalcidico
544 1461 605 1489 quae
617 1450 681 1480 sunt
689 1451 759 1480 mihi
767 1452 883 1482 condita
894 1450 973 1481 versu

125 1519 184 1552 Fila
196 1485 384 1556 ribsszlbrd‘dita
399 1536 415 1556 a
431 1525 531 1557 dextro
542 1525 615 1556 colo.
637 1527 759 1565 Propert.
771 1526 818 1556 lib.
831 1537 858 1563 4.
874 1538 896 1556 1.
911 1535 956 1564 7².

203 1561 268 1591 Non
281 1563 367 1593 sunta
378 1564 477 1594 dextro
490 1566 603 1595 condita
615 1564 660 1594 fila
670 1565 744 1595 colo.
840 1566 857 1594 i.
870 1575 894 1594 e.
916 1565 970 1594 Res
988 1564 1027 1594 est
1045 1563 1169 1596 difficilis
1180 1572 1247 1596 con-

142 1603 230 1629 textu.
252 1600 370 1631 Broekh.
390 1602 467 1640 legit.
489 1603 556 1633 Non
568 1603 630 1632 sunt
642 1603 678 1632 ah
689 1604 785 1632 dextra
799 1603 918 1632 candida
928 1602 973 1632 fila
989 1602 1061 1632 colo.
1083 1613 1108 1640 q.
1120 1603 1152 1634 V.

123 1635 236 1672 Aliquid
244 1640 392 1670 conditum
402 1641 534 1671 mandare
547 1641 685 1670 vetustati.
706 1640 764 1670 Cic.
777 1649 803 1670 2.
816 1641 851 1671 de
860 1641 925 1671 Nat.
936 1641 1019 1671 Deor.
1036 1650 1099 1677 15¹·

123 1673 280 1705 eonditum
291 1676 396 1715 aliquid
403 1677 517 1709 servare.
539 1679 613 1717 Virg.
626 1687 651 1714 3.
666 1678 724 1708 Ecl.
736 1687 782 1715 43.

86 1707 111 1739 C
119 1719 136 1740 o
146 1721 167 1740 N
177 1722 196 1741 D
206 1723 215 1741 1
224 1722 244 1742 T
253 1724 300 1743 υΜ
312 1737 320 1749 ,
342 1717 361 1746 i.
383 1726 411 1746 n.
433 1716 464 1746 In
475 1718 592 1747 condito
603 1716 706 1747 habere
715 1739 723 1752 ,
743 1714 818 1755 apud
830 1715 924 1750 JCtOS-

84 1747 134 1778 Co
143 1758 192 1778 No
202 1752 215 1780 ῑ
223 1761 244 1780 Τ
253 1762 273 1781 u
282 1762 294 1782 s
305 1775 313 1788 ‚
334 1755 376 1783 us.
399 1763 436 1784 m.
457 1755 537 1793 Apul.
560 1754 639 1793 Apol.
651 1764 715 1793 pag.
729 1761 793 1791 289.
815 1753 1017 1785 Veteranorum
1031 1753 1155 1785 militum
1168 1763 1245 1785 novo

122 1788 240 1819 conditu
251 1789 469 1828 splendidiffima
479 1792 591 1822 colonia
601 1792 704 1822 sumus.

85 1821 110 1853 C
119 1834 136 1853 ο
145 1834 164 1854 Ν
174 1835 192 1855 n
201 1838 211 1856 1
220 1836 241 1856 T
251 1838 270 1857 υ
280 1838 322 1858 RA
334 1852 342 1864 ,
364 1840 395 1860 ae.
417 1831 435 1859 f.
458 1831 606 1861 Structura.
629 1831 736 1860 Petron.
753 1839 815 1867 cap.
831 1839 874 1865 51-
896 1829 1050 1859 Conditura
1060 1830 1206 1861 vitrorum.

84 1860 162 1892 C0N
171 1866 284 1895 pirou
293 1888 302 1902 .
323 1868 386 1898 oris.
410 1877 448 1898 m.
470 1869 483 1905 [
494 1866 573 1898 xvim
586 1889 595 1904 ‚
608 1862 735 1905 lxmam}
753 1866 876 1905 >kx-2335]
898 1867 1070 1905 Quialiquid
1080 1868 1243 1906 componit,

88 1933 96 1935 ,
123 1901 167 1931 vel
178 1903 218 1932 rei
229 1903 346 1941 alicujus
360 1905 464 1936 anaor.
487 1913 535 1942 ut,
557 1906 693 1936 Conditor
703 1906 806 1944 legum.
831 1905 916 1935 Plaut.
930 1906 1010 1944 Epid.
1023 1915 1049 1944 3.
1061 1916 1088 1942 4.
1104 1909 1151 1941 86.

120 1938 184 1969 AEvi
196 1942 338 1972 redeuntis
348 1944 478 1974 conditor
486 1944 616 1974 Christus.
638 1943 736 1974 Claud.
752 1945 780 1972 in
792 1943 910 1974 Paschal.
925 1954 949 1973 1.

118 1977 283 2016 Argumenti
294 1981 411 2018 alicujus
420 1982 562 2012 conditor.
585 1982 670 2012 Ovid.
685 1993 710 2017 ς.
721 1981 801 2011 Trist.
819 1991 843 2011 1.
858 1990 902 2012 10.

119 2016 191 2046 Attis
203 2017 323 2054 alicujus
332 2019 471 2050 conditor.
495 2019 580 2050 Ovid.
592 2030 618 2049 2.
630 2020 666 2049 de
675 2020 755 2050 Pont.
773 2030 783 2048 r
792 2030 815 2048 1.
825 2028 851 2049 2.

118 2053 280 2093 Disciplinae
288 2058 420 2087 conditor
432 2058 567 2088 militaris.
590 2056 659 2087 Plin.
676 2067 717 2087 ιο.
734 2057 818 2095 Epist.
832 2067 877 2093 29.

87 2101 94 2108 =
119 2091 245 2123 Historiae
256 2094 372 2130 alicujus
385 2097 523 2125 conditor.
546 2096 631 2125 Ovid.
643 2105 669 2125 2.
681 2095 762 2126 Trist.
773 2098 838 2131 41⁶·
879 2093 914 2124 Et

119 2128 224 2161 Rerum
237 2131 369 2163 conditor
377 2133 560 2172 Thucydides
570 2141 685 2163 vocatur
700 2143 716 2163 a
731 2133 801 2163 Plin.
813 2142 840 2170 7.
857 2142 902 2168 30.

119 2167 289 2201 Conditores
299 2181 390 2201 rerum
400 2194 408 2208 ‚
429 2182 480 2210 pro
495 2170 638 2202 Historicis
653 2171 722 2201 Plin.
735 2171 783 2201 lib.
796 2180 841 2201 21.
853 2180 916 2209 cap.
930 2178 955 2207 3.
978 2169 1014 2201 H.
1027 2170 1067 2201 St.
1103 2171 1161 2202 Sed
1170 2180 1245 2203 error

139 2206 258 2243 videtur,
279 2219 329 2246 pro
338 2209 399 2240 Lib.
415 2214 459 2246 3⁶·
471 2219 533 2248 cap.
547 2220 590 2246 ις.

118 2242 205 2274 Sediae
213 2247 401 2284 peripateticae
412 2248 544 2278 conditor
554 2246 716 2278 Aristoteles.
739 2245 878 2277 Columel.
895 2245 944 2275 lib.
956 2256 982 2282 9.
997 2256 1059 2285 cap.
1070 2256 1096 2283 3.

82 2281 185 2312 CoNn
196 2293 320 2320 1'1‘R1X‚
340 2286 401 2315 icis.
424 2285 444 2316 f.
464 2286 592 2316 Macrob.
610 2298 634 2316 1.
646 2286 742 2316 Somn.
758 2285 832 2323 Scip.
848 2294 891 2315 11.
913 2284 991 2314 Luna
1007 2285 1169 2319 mortalium
1183 2295 1244 2316 cor-

119 2330 221 2358 porum
231 2323 257 2352 &
267 2324 363 2353 auctor
373 2324 399 2353 &
409 2324 562 2353 conditrix.

79 2357 104 2388 C
113 2368 129 2388 o
140 2368 159 2388 N
168 2369 187 2388 D
196 2370 205 2388 ι
214 2369 283 2389 Tou
293 2372 303 2389 1
313 2371 332 2390 u
342 2371 354 2391 s
366 2383 374 2395 ‚
396 2362 456 2397 Adj.
487 2359 686 2398 [maguae]
716 2359 839 2397 Quintil.
861 2359 939 2389 Decl.
953 2365 979 2395 8.
999 2366 1068 2390 extr.
1100 2361 1166 2390 Non
1185 2361 1244 2399 qui-

118 2397 185 2427 dem
196 2397 277 2428 licuit
287 2399 358 2428 mihi
367 2400 397 2428 in
409 2399 480 2429 illud
490 2398 670 2434 cubiculum,
690 2399 880 2429 conditorium
897 2405 951 2427 tuae
972 2400 1086 2433 mortis.
1109 2399 1244 2438 irrumpe.

119 2444 158 2464 re.
198 2435 256 2465 Nisi
267 2437 387 2475 accipias
398 2446 448 2475 per
465 2437 671 2476 appositionem
683 2459 691 2472 ‚
709 2442 741 2466 ut
761 2436 793 2466 sit
807 2436 1033 2472 Substandvum,
1055 2437 1243 2476 significetque

119 2473 258 2503 Arcanum
269 2474 478 2512 receptaculum
491 2485 499 2512 ;
522 2475 599 2512 quod
609 2476 697 2512 magis
706 2474 800 2512 placet
810 2474 979 2504 Burmanno.
1003 2475 1032 2504 V.
1054 2474 1098 2519 sq..

80 2510 378 2548 ConToRruM,
399 2513 418 2542 i.
440 2523 468 2542 n.
491 2514 597 2549 [θήκη]
621 2513 640 2543 i.
658 2522 683 2542 e.
704 2512 879 2550 Sepulcrum.
920 2511 990 2541 Plin.
1005 2516 1032 2543 6.
1046 2513 1129 2550 Epist.
1147 2523 1189 2544 10.
1207 2513 1244 2544 ad

117 2548 266 2584 Albinum,
288 2549 359 2580 Tam
369 2557 466 2588 parata
477 2551 583 2580 oblivio
598 2556 772 2580 mortuorum
785 2572 793 2585 ‚
813 2557 845 2579 ut
854 2549 904 2587 ipsi
918 2549 1000 2580 nobis
1012 2551 1164 2582 debeamus
1175 2562 1245 2582 con-

116 2586 219 2617 ditoria
228 2594 357 2618 extruere
365 2610 374 2624 ‚
395 2589 694 2626 omniaquehaeredum
705 2588 797 2617 officia
805 2589 976 2626 praesumere.
1000 2588 1068 2618 Plin.
1079 2589 1128 2618 lib.
1141 2600 1166 2625 7.
1177 2600 1241 2628 cap.

119 2628 165 2654 16.
185 2625 292 2656 Petron.
304 2636 365 2664 cap.
379 2635 441 2656 111.
471 2626 504 2656 In
522 2627 714 2656 conditorium
734 2627 819 2655 etiam
845 2625 990 2663 prosecuta
1009 2627 1047 2656 est
1064 2627 1239 2658 defunctum.

116 2662 194 2693 Suet.
206 2664 274 2701 Aug.
286 2674 347 2702 cap.
361 2670 403 2698 18.
418 2674 458 2702 pr.
481 2665 530 2694 Per
544 2665 621 2694 idem
632 2671 745 2702 tempus
759 2664 949 2693 conditorium
961 2686 969 2699 ,
991 2666 1017 2694 &
1028 2675 1129 2703 corpus
1144 2664 1242 2704 Magni

114 2701 266 2731 Alexandri
278 2711 342 2731 cum
351 2701 492 2738 prolatum
502 2714 517 2734 e
528 2702 666 2741 penetrali
675 2701 833 2738 subjecisset
843 2702 941 2731 oculis.
951 2703 1115 2741 confiCalig.
1126 2714 1186 2742 cap.
1194 2715 1238 2741 52.

114 2740 203 2769 Aliter
222 2739 290 2769 Plin.
305 2740 353 2769 lib.
366 2749 391 2777 7.
402 2750 462 2778 cap.
476 2744 519 2770 16.
551 2741 680 2777 Quorum
700 2749 818 2777 corpora
830 2761 839 2774 ‚
861 2741 921 2776 ejus
938 2740 1063 2770 miraculi
1084 2743 1169 2780 gratia
1179 2765 1187 2778 ‚
1209 2744 1241 2773 in

135 2777 295 2807 conditorio
304 2776 534 2808 Sallustianorum
546 2778 750 2808 asservabantur
762 2778 916 2807 hortorum.
939 2778 974 2808 H.
987 2779 1026 2808 St.

77 2814 103 2846 C
111 2825 128 2845 o
137 2825 156 2845 N
166 2826 185 2845 r>
193 2827 203 2845 ι
213 2826 233 2845 T
242 2827 252 2845 1
260 2825 281 2845 T
289 2827 300 2845 1
308 2826 326 2845 u
335 2826 347 2845 s
359 2837 367 2851 ‚
390 2816 451 2852 Adj.
473 2815 654 2853 [λέηθεπιιὲς]
677 2815 763 2852 Quod
774 2814 953 2845 absconditur
965 2818 990 2846 δι
1008 2816 1130 2848 servatur
1149 2818 1179 2848 in
1191 2818 1239 2848 ali-

116 2863 173 2892 quo
180 2853 255 2884 loco.
297 2853 435 2884 Columel.
447 2853 497 2884 lib.
507 2859 534 2888 8.
550 2864 611 2892 cap.
624 2860 650 2888 8.
675 2854 710 2882 de
721 2853 859 2883 columbis
870 2875 878 2888 ,
901 2853 1016 2883 Duobus
1033 2861 1125 2885 tamen
1138 2863 1185 2886 aut
1194 2858 1242 2886 tri-

115 2891 168 2921 bus
177 2891 315 2922 menfibus
324 2899 474 2931 acceptant
482 2892 630 2923 condititia
639 2891 742 2922 cibaria
754 2913 762 2928 ,
783 2892 882 2921 ceteris
895 2891 994 2930 seipsas
1003 2892 1120 2930 pascunt
1130 2894 1240 2924 semini-

116 2929 169 2960 bus
179 2940 193 2960 a
227 2930 337 2961 estibus.

78 2967 102 2998 C
113 2977 130 2997 o
139 2977 160 2997 Ν
168 2940 236 2997 nil-T
244 2979 254 2997 1
264 2978 283 2998 ν
292 2978 332 2998 us
341 2989 350 3003 ,
373 2967 432 3003 Adj.
453 2965 609 3005 [λ’πῖεῧς]
630 2967 717 3005 Quod
725 2966 824 2998 servari
835 2967 926 3006 potest
935 2966 990 2996 line
998 2967 1100 2998 laesura.
1123 2969 1192 2999 Cato
1203 2971 1239 3001 de

114 3005 149 3036 R.
159 3006 191 3036 R.
206 3016 268 3044 cap.
279 3017 305 3041 9.
326 3006 476 3037 Conditiva
487 3006 560 3037 mala
571 3006 676 3037 mustea
686 3028 694 3042 ,
715 3007 741 3036 &
751 3006 856 3044 punica
866 3027 874 3041 ‚
889 3007 942 3036 &c.
963 3006 1011 3036 Sic
1022 3006 1107 3037 Varro
1117 3007 1153 3038 de
1165 3008 1238 3039 R.R.

115 3044 165 3073 lib.
180 3054 203 3074 1.
215 3053 247 3073 ca
271 3066 276 3073 .
291 3054 334 3080 59.

115 3054 283 3111 Conditivlds
292 3082 381 3112 cibus.
404 3081 542 3112 Columel.
554 3091 581 3118 7.
590 3091 616 3117 9.

78 3118 102 3150 C
112 3129 160 3149 oN
168 3130 187 3149 D
197 3131 208 3149 1
217 3129 237 3149 T
246 3124 282 3149 iv
294 3130 311 3149 u
320 3130 340 3149 M
349 3141 358 3156 ‚
378 3120 397 3149 i.
418 3129 447 3150 n.
470 3130 523 3158 pro
534 3118 680 3158 Sepulcro.
700 3118 765 3149 Sen.
776 3117 860 3157 Epist.
871 3123 915 3153 82.
927 3128 968 3157 pr.
991 3116 1116 3151 Multum
1127 3121 1239 3154 interest

116 3158 190 3187 inter
199 3158 326 3188 otium&
337 3158 523 3188 conditivum.
546 3157 621 3188 conf.
638 3157 688 3195 Ep.
703 3160 748 3187 60.
759 3164 834 3201 extr..
937 3194 943 3201 ι
1072 3196 1078 3203 ·
1094 3197 1100 3203 ¹

77 3195 129 3226 Co
139 3205 189 3224 Ν1>
199 3204 254 3231 us,
277 3195 296 3225 i.
317 3205 356 3225 m.
379 3195 436 3232 Qui
447 3194 563 3232 condit;
584 3202 616 3225 ut
624 3195 737 3225 Promus
747 3217 755 3231 ‚
777 3195 836 3232 Qu
852 3199 959 3239 promit
971 3196 1126 3228 condititia.
1149 3197 1237 3230 Plaut.

116 3233 212 3264 Pseud.
225 3242 254 3263 2.
265 3242 292 3262 2.
307 3243 350 3268 14.
375 3233 490 3267 Condus
500 3243 615 3271 promus
623 3233 697 3268 sum,
719 3239 881 3270 procurator
894 3242 969 3276 peni.

76 3271 101 3302 C
111 3280 157 3301 oN
166 3281 186 3301 D
195 3281 206 3300 1
216 3280 236 3300 T
246 3281 298 3307 10,
320 3270 391 3301 onis.
412 3272 432 3301 f.
454 3270 613 3307 [xa-culfum
624 3292 633 3307 ,
652 3267 731 3307 τύχη]
752 3271 790 3300 est
804 3270 950 3307 Dispolitio
966 3270 1092 3308 quaedam
1108 3283 1140 3303 ac
1152 3272 1238 3304 veluti

114 3309 170 3340 sors
181 3309 369 3344 fortunarum,
389 3314 569 3347 temporum,
589 3318 691 3339 rerum.
732 3307 792 3338 Cic.
806 3317 831 3345 3.
844 3308 869 3338 T
872 3308 926 3337 use.
942 3318 984 3344 34.
1012 3310 1090 3340 Nihil
1106 3312 1144 3341 est
1160 3313 1238 3342 enim

113 3347 190 3385 quod
200 3353 255 3377 tam
266 3346 407 3377 obtundat
418 3368 426 3380 ‚
446 3346 593 3385 elevetque
600 3346 792 3384 aegritudinem
801 3368 809 3380 ‚
833 3356 915 3383 quam
926 3348 1096 3384 perpetuain
1109 3351 1187 3379 omni
1198 3352 1241 3380 vi-

114 3391 144 3415 ta
153 3385 302 3423 cogitatio:
323 3383 473 3420 nihileffe‚
494 3386 570 3422 quod
579 3385 707 3415 accidere
722 3394 780 3414 non
791 3384 875 3423 poffit
885 3405 893 3420 ,
915 3394 998 3422 quarn
1014 3386 1160 3417 meditatio
1172 3397 1240 3418 con.

114 3424 231 3453 ditionis
240 3423 378 3452 humanae.

113 3460 244 3493 Mortalis
257 3460 392 3490 conditio.
423 3459 528 3490 Patere.
539 3459 589 3490 lib.
603 3469 629 3490 2.
645 3469 707 3495 104.
728 3460 828 3497 Neque
840 3459 879 3489 illi
891 3459 1060 3504 spectaculo,
1074 3472 1129 3500 quo
1139 3463 1239 3494 fruitus

133 3499 195 3529 sum
204 3521 212 3534 ‚
234 3498 320 3528 limile
327 3498 454 3528 conditio
463 3498 587 3528 mortalis
595 3498 720 3535 recipere
733 3499 844 3528 videtur
855 3498 935 3527 mihi.

114 3536 238 3568 Fortuna
251 3543 334 3574 atque
346 3537 483 3566 conditio.
505 3536 563 3565 Cic.
573 3548 598 3570 4·
609 3537 638 3564 in
648 3536 729 3565 Catil,
745 3547 767 3566 r.
874 3573 880 3579 ³

115 3573 310 3603 Communitas
318 3575 491 3604 conditionis
498 3584 563 3603 cum
574 3574 678 3610 aliquo.
701 3573 759 3603 Cic.
769 3576 795 3603 6.
812 3573 931 3611 Philipp.
943 3582 971 3610 3.
1035 3609 1042 3619 .

113 3611 209 3649 Imago
218 3612 397 3649 conditionis.
438 3612 496 3642 Cic.
506 3621 557 3649 pro
567 3611 668 3641 Milon.
681 3620 727 3648 79.
758 3612 867 3649 Fingite
885 3613 967 3649 igitur
980 3611 1150 3650 cogitatione
1167 3615 1237 3646 ima.

134 3651 228 3688 ginem
237 3649 319 3685 hujus
330 3650 502 3679 conditionis
513 3659 590 3678 meae.

113 3686 200 3720 Multi
217 3687 309 3724 laquei
327 3687 422 3725 legum
440 3690 467 3718 &
485 3687 682 3717 conditionum
701 3686 915 3722 acindiciotum
933 3688 1078 3726 propositi.
1103 3688 1162 3721 Cic.
1183 3700 1236 3730 pro

133 3725 244 3755 Cluent.
263 3735 322 3760 150.

113 3763 250 3794 Conditio
260 3764 287 3792 &
299 3762 362 3792 Sors
371 3772 422 3801 pro
432 3764 544 3792 eodem.
575 3762 607 3792 V.
630 3762 660 3791 in
681 3772 693 3791 s
703 3772 719 3790 o
730 3772 748 3791 a
758 3772 779 3792 s.
801 3762 836 3792 H.
850 3763 889 3792 St.

115 3800 208 3832 Infimi
218 3801 326 3838 generis
336 3801 485 3830 hominum
496 3798 623 3830 conditio
633 3808 715 3837 atque
725 3800 845 3830 fortuna.
867 3800 924 3829 Cic,
936 3809 988 3838 pro
998 3800 1099 3832 Milon.
1112 3813 1139 3839 9.

114 3839 188 3876 Juris
198 3839 333 3868 conditio.
355 3838 414 3868 Cic.
427 3848 450 3868 1.
467 3840 504 3868 de
514 3838 586 3876 Lege
594 3839 654 3875 Agr.
669 3847 709 3874 17.
732 3836 834 3867 Paucas
846 3837 932 3867 tribus
941 3848 999 3867 non
1010 3848 1084 3870 certa
1096 3840 1237 3871 conditio.

133 3887 171 3907 ne
187 3877 254 3911 iuris
265 3898 274 3911 ‚
294 3876 340 3905 sed
350 3876 428 3905 sortis
438 3876 574 3906 beneficio
587 3876 702 3905 fortuito
713 3876 749 3904 ad
760 3876 943 3914 usurpandam
954 3875 1113 3907 libertatem
1125 3889 1234 3910 vocare.

114 3914 220 3954 Legum
231 3936 239 3949 ,
259 3914 429 3949 judiciorum
442 3936 451 3950 ,
471 3922 630 3952 temporum
642 3913 772 3943 conditio
790 3912 945 3951 impendet.
969 3913 1028 3944 Cic.
1040 3926 1064 3951 ς.
1078 3916 1153 3946 Fam.
1169 3919 1212 3950 18.

114 3952 182 3983 Loci
191 3951 306 3987 alicujus
317 3952 451 3982 conditio.
473 3953 556 3982 Ovid.
570 3962 596 3981 2.
610 3953 645 3981 de
656 3951 732 3981 Pont.
747 3963 770 3985 ς.
790 3956 831 3981 16.

113 3990 200 4023 Metti
210 3990 345 4019 conditio.
386 3989 506 4026 Quintil.
516 3990 566 4022 lib.
580 3999 604 4021 1.
617 3999 678 4029 cap.
693 4000 718 4027 ς.
738 3989 859 4026 Evenit,
879 3995 910 4020 ut
920 3989 1004 4021 metri
1012 3999 1123 4030 quoque
1138 3991 1237 4024 condi-

133 4029 174 4059 tio
184 4035 276 4060 mutet
282 4032 439 4060 accentum.

1715 170 2004 208 ΕΘΝ
2398 181 2468 221 629

1345 246 1445 279 Mortis
1462 250 1593 289 adempta
1606 251 1740 282 conditio.
1772 252 1803 281 in
1825 262 1923 282 AD1M
1933 263 1959 283 o.

1344 285 1483 317 Nascendi
1493 290 1597 318 incerta
1607 291 1743 319 conditio.
1766 290 1824 319 Cic.
1837 300 1859 325 3.
1875 292 1904 320 in
1915 291 1995 321 Catil.
2007 299 2034 321 2.

1345 324 1522 355 Personarum
1535 327 1669 357 conditio.
1694 328 1812 364 Quintil.
1830 328 1879 358 lib.
1892 337 1916 363 3.
1934 339 1996 367 cap.
2013 339 2055 358 10.

1344 361 1479 397 Regionis
1487 365 1612 393 conditio
1622 386 1629 399 ‚
1653 364 1679 394 h.
1691 375 1714 394 e.
1741 365 1941 403 Temperatura
1953 369 1978 397 Sc
1990 365 2143 405 dispositio,
2163 368 2208 398 seu
2221 368 2332 401 habitus
2344 379 2464 406 autcon-

1362 399 1477 429 stitutio.
1519 402 1656 431 Columel.
1674 402 1721 432 lib.
1736 413 1779 432 ¹1.
1795 412 1856 441 cap.
1874 414 1917 434 12.
1949 404 2001 435 Pro
2023 405 2189 438 conditione
2204 408 2324 445 regionis
2345 413 2371 441 ἃ
2384 413 2464 449 caeli,

1361 442 1434 466 terra
1449 438 1492 467 vel
1506 439 1691 475 proscinditur
1704 441 1748 470 vel
1760 441 1879 470 iteratur.

1342 473 1490 504 Serviendi
1501 477 1637 506 conditio.
1660 478 1718 507 Cic.
1733 484 1774 507 16.
1789 478 1862 508 Fam.
1876 488 1902 515 7.

1342 511 1485 542 Servitutis
1501 514 1629 543 conditio
1644 515 1804 544 tolerabilis.
1844 516 1904 546 Cic.
1920 526 1948 552 4.
1964 516 1993 546 in
2007 516 2088 547 Catil.
2105 521 2147 549 16.
2182 519 2282 551 Servus
2300 522 2341 553 est
2359 532 2465 561 nemo„

1362 550 1408 585 qui
1430 551 1515 579 modo
1528 551 1664 580 tolerabili
1678 554 1842 582 conditione
1853 554 1882 583 {it
1890 554 2026 584 servitutis
2037 577 2045 591 ‚
2068 557 2113 593 qui
2128 566 2202 588 non.
2219 559 2270 589 Sec.

1343 586 1490 617 Servitutis
1501 598 1557 617 non
1570 591 1714 619 communi
1730 591 1893 620 conditione
1904 593 1953 621 uti.
1977 593 2035 623 Cic.
2046 603 2097 631 pro
2110 594 2181 625 Coel.
2199 605 2243 632 57.

1341 624 1431 654 Sortis
1445 626 1581 655 conditio.
1604 626 1688 656 Ovid.
1702 637 1725 662 3.
1745 628 1825 658 Trist.
1844 638 1884 664 ¹4-
1899 639 1942 664 52.

1342 660 1517 704 Temporum
1528 664 1691 693 conditione
1702 665 1806 701 aliquid
1819 667 1930 696 mutari.
1952 667 2072 704 Quintil.
2084 668 2132 699 lib.
2148 680 2174 705 4,
2192 680 2254 709 cap.
2266 681 2290 702 1.

1342 698 1481 730 Victoriae.
1504 701 1561 730 Cic.
1574 711 1624 738 pro
1637 701 1763 733 Marcell.
1779 713 1820 733 12.
1845 704 1917 733 Nam
1927 715 2012 740 quum
2022 707 2104 742 ipfius
2114 707 2236 738 victoriae
2248 709 2415 742 conditione
2424 712 2466 749 ju.

1365 745 1394 765 re
1406 747 1503 768 omnes
1519 739 1585 768 vicii
1595 738 1790 770 occidissemus
1803 763 1812 776 ,
1833 741 1989 772 clementiae
2003 745 2170 781 tuaejudicio
2183 747 2335 778 conservati
2347 749 2450 780 sumus.

1343 773 1423 804 Vitae.
1445 776 1462 805 i.
1478 785 1504 805 e.
1528 776 1656 805 Vivendi.
1680 776 1737 807 Cic.
1755 787 1778 812 3.
1798 778 1857 809 Off.
1871 786 1917 814 ες.

1342 811 1412 841 Vitae
1423 813 1546 843 mortalis
1556 814 1693 843 conditio.
1734 815 1792 845 Cic.
1807 826 1848 852 ¹4·
1864 816 1984 856 Philipp.
1995 827 2039 855 33.
2068 819 2119 850 Pro
2130 821 2240 851 mortali
2251 824 2415 855 conditione
2423 826 2465 856 vi-

1361 855 1412 884 tae.
1436 851 1674 880 immortalitatem
1688 852 1750 881 estis
1759 853 1932 891 consequuti.

1340 886 1410 917 Vitae
1421 889 1531 917 easdem
1545 889 1725 918 conditiones
1737 899 1794 919 non
1805 892 1935 928 perferre.
1967 893 2024 922 Cic.
2038 903 2089 931 pro
2101 894 2211 927 Cluent.
2229 907 2291 933 ιςο.

1340 924 1412 954 Vitae
1422 925 1546 963 aliquam
1558 927 1752 956 conditionem
1762 927 1846 965 sequi.
1870 930 1929 959 Cic.
1942 940 1992 967 pro
2003 931 2095 962 Ratis.
2105 933 2195 965 Potui.
2209 938 2253 965 16.

1342 963 1462 993 Vivendi
1475 964 1612 994 conditio.
1634 963 1703 994 Hor.
1717 974 1744 994 2.
1762 966 1848 996 Serm.
1860 972 1887 1000 8.
1900 971 1946 1002 65.

1339 1000 1468 1031 Attalicae
1482 1002 1670 1032 conditiones.
1711 1001 1745 1032 V.
1768 1012 1788 1032 A
1796 1013 1816 1032 T
1825 1013 1872 1033 ‘ra
1880 1016 1897 1033 1..
1906 1015 1954 1035 us.

1341 1039 1419 1069 Bona
1431 1039 1568 1068 conditio.
1607 1039 1640 1069 ln
1660 1050 1701 1069 sso
1713 1049 1732 1069 N
1744 1049 1763 1069 υ
1773 1050 1795 1070 s.

1342 1075 1518 1107 Communis.
1541 1077 1608 1107 Hor.
1623 1087 1649 1107 2.
1662 1077 1744 1116 Epist.
1762 1089 1786 1108 1.
1800 1088 1863 1116 552.

1341 1114 1449 1144 Dulcis.
1472 1114 1540 1145 Hor.
1554 1125 1578 1144 1.
1592 1115 1675 1153 Epist.
1687 1125 1712 1145 1.
1728 1125 1770 1152 51.

1342 1151 1441 1182 Foeda.
1465 1152 1532 1182 Hor.
1547 1161 1571 1189 3.
1588 1153 1680 1183 Carm.
1699 1164 1723 1189 5.
1738 1163 1783 1190 14.

1341 1190 1481 1220 Humana.
1508 1190 1565 1220 Cic.
1579 1200 1602 1220 1.
1619 1191 1701 1220 Tusc.
1718 1202 1760 1228 ις.

1339 1227 1441 1258 Infima
1451 1228 1578 1257 conditio
1591 1229 1737 1260 &fortuna
1748 1230 1897 1260 servorum.
1919 1230 1978 1261 Cic.
1990 1240 2014 1261 1.
2030 1231 2088 1263 Off.
2103 1241 2149 1269 41.

1339 1265 1389 1295 Vis
1404 1267 1429 1295 δε
1439 1265 1558 1295 fortunae
1570 1267 1697 1296 conditio
1710 1266 1805 1298 infima
1815 1268 1982 1306 aliquorum.
2004 1270 2064 1302 Cic.
2076 1281 2129 1310 pro
2139 1271 2221 1304 Corn.
2235 1273 2312 1307 Balb.
2324 1285 2372 1314 24.

1338 1302 1449 1341 Iniqua.
1479 1303 1511 1333 V.
1533 1315 1542 1332 1
1553 1313 1575 1333 N
1586 1315 1595 1333 1
1606 1315 1652 1342 Qu
1661 1315 1679 1334 o
1689 1315 1711 1335 s.

1340 1340 1552 1372 Infidiofiffima.
1586 1342 1616 1372 V.
1640 1354 1650 1371 1
1661 1353 1681 1372 N
1692 1353 1703 1372 s
1712 1354 1721 1372 1
1732 1353 1751 1373 D
1761 1354 1775 1373 a
1785 1353 1813 1374 o.

1340 1377 1447 1410 Triffls.
1474 1379 1573 1410 Claud.
1586 1391 1613 1416 4.
1629 1381 1709 1411 Cons.
1726 1381 1799 1412 Hon.
1813 1384 1878 1418 615.

1339 1416 1429 1453 AEqua
1439 1417 1483 1447 vel
1492 1418 1589 1455 iniqua
1598 1419 1763 1450 conditione
1774 1420 1884 1450 causam
1893 1420 1996 1451 dicere.
2035 1421 2096 1452 Cic.
2106 1433 2157 1461 pro
2169 1424 2281 1455 Cluent.
2292 1437 2337 1463 94.
2357 1427 2470 1460 Tamen

1359 1455 1403 1484 illi
1414 1456 1522 1492 judices
1537 1457 1690 1486 statuerunt
1701 1479 1709 1493 ‚
1730 1458 1827 1495 iniqua
1844 1459 2008 1489 conditione
2031 1469 2109 1491 reum
2128 1463 2236 1493 causam
2249 1464 2342 1495 dicere
2353 1487 2360 1501 ,
2382 1477 2471 1504 quum

1358 1493 1516 1523 adversario
1528 1495 1587 1530 ejus
1600 1517 1608 1530 ,
1631 1495 1667 1524 ad
1687 1496 1730 1531 J'us
1750 1495 1952 1533 accusationis,
1973 1497 2080 1527 summa
2101 1499 2142 1529 vis
2157 1501 2296 1538 potestatis
2310 1506 2468 1535 accederet.

1358 1531 1440 1561 Idem
1459 1532 1527 1561 ibid.
1549 1532 1702 1563 Accusante
1721 1533 1929 1572 Tribunopleb.
1955 1536 2122 1567 conditione
2136 1547 2213 1576 aequa
2230 1539 2377 1579 disceptari
2390 1544 2470 1580 posse

1358 1578 1419 1598 non
1432 1576 1609 1608 putaverunt.

1338 1605 1547 1674 NllelilqrejuArffi
1570 1608 1688 1639 meliore
1706 1609 1736 1639 in
1754 1608 1854 1645 causa,
1874 1610 2071 1641 commodiore
2093 1613 2259 1645 conditione
2279 1616 2342 1648 effe.
2362 1618 2422 1649 Cic.
2438 1629 2467 1650 2.

1382 1654 1398 1674 e
1430 1655 1445 1674 e
1465 1656 1480 1675 e
1547 1669 1553 1675 .
1567 1656 1594 1682 9.

1338 1655 1635 1715 melioregcongditione
1645 1684 1684 1715 est
1693 1684 1778 1715 senex
1791 1695 1874 1723 quam
1885 1685 2046 1717 adolescens
2058 1709 2066 1724 ‚
2089 1689 2213 1726 quumid
2223 1692 2299 1729 quod
2310 1692 2358 1723 ille
2367 1693 2469 1733 sperat,

1361 1721 1409 1750 hic
1420 1721 1607 1758 consequutus
1619 1723 1665 1753 est.
1689 1723 1749 1752 Cic.
1764 1723 1799 1752 de
1808 1723 1917 1754 Senec‘t.
1930 1727 1975 1759 68.

1337 1757 1435 1797 Longe
1444 1759 1496 1789 alia
1506 1760 1675 1799 conditione
1682 1759 1737 1790 effe
1752 1770 1785 1790 ac
1801 1762 1897 1792 ceteri.
1919 1762 1977 1792 Cic.
1993 1773 2017 1798 ς.
2029 1763 2106 1794 Fam.
2121 1774 2164 1795 10.

1339 1797 1373 1827 In
1383 1797 1516 1835 superiori
1525 1799 1689 1828 conditione
1698 1799 1833 1836 causaque
1843 1799 1964 1838 politum
1979 1800 2042 1831 effe.
2066 1804 2124 1832 Cic.
2135 1813 2186 1841 pro
2198 1803 2282 1836 Corn.
2297 1805 2374 1837 Balb.
2386 1811 2432 1844 36.

1338 1835 1505 1865 Convellere
1516 1837 1710 1866 conditionem
1719 1837 1857 1867 amicitiae.
1892 1838 1924 1868 In
1945 1848 1963 1867 c
1973 1848 1990 1867 o
2002 1849 2023 1868 N
2032 1848 2050 1868 v
2060 1850 2075 1869 13
2084 1851 2101 1869 1.
2110 1852 2127 1870 r.
2135 1851 2162 1871 o.

1338 1872 1478 1941 gxctgitere
1484 1874 1686 1941 {Qffi‘iffl'em
1697 1875 1815 1911 alicujus
1825 1897 1834 1912 ,
1855 1875 1874 1905 i.
1889 1886 1914 1906 e.
1935 1876 2103 1915 Expendere
2117 1880 2144 1910 &
2157 1881 2330 1913 considerare
2341 1884 2464 1922 penitus.

1374 1921 1400 1941 vi
1425 1933 1431 1940 .
1445 1921 1469 1947 3.
1513 1922 1533 1940 ri
1559 1934 1566 1942 .
1580 1922 1621 1948 ¹4·
1638 1922 1681 1948 52.

1357 1949 1434 1978 Pone
1448 1950 1477 1978 in
1499 1959 1677 1980 axcwrro.
1699 1948 1735 1981 H.
1758 1950 1798 1981 St.

1338 1985 1440 2016 Facere
1450 1987 1586 2025 disparem
1596 1989 1803 2019 conditionem.
1826 1986 1884 2019 C'ie.
1897 1990 1934 2020 de
1950 1989 2075 2022 provinc.
2088 1991 2169 2024 Confi
2183 1997 2227 2025 16.

1338 2024 1591 2055 Generarimortali
1603 2027 1777 2057 conditione.
1797 2025 1857 2058 Cic.
1873 2028 1909 2057 de
1920 2028 2047 2059 Univers.
2062 2035 2104 2066 3⁶-

1338 2062 1450 2093 Habere
1461 2071 1585 2093 naturam
1596 2066 1623 2094 ἂ
1635 2065 1829 2094 conditionem
1840 2087 1849 2101 ‚
1871 2073 1912 2095 ut.
1934 2066 1992 2097 Cic.
2002 2077 2054 2106 ¹pro
2063 2068 2188 2100 Marcell.
2203 2075 2229 2104 8.
2258 2070 2313 2102 Sed
2324 2081 2359 2102 ea
2370 2078 2469 2105 tamen

1358 2100 1446 2131 vicisti
1457 2123 1465 2136 ‚
1493 2110 1555 2138 quae
1566 2103 1591 2131 ἃ
1605 2109 1731 2132 naturam
1742 2125 1750 2139 ‚
1774 2105 1800 2132 ἃ
1813 2104 2007 2135 conditionem
2019 2127 2027 2140 ‚
2047 2114 2080 2135 ut
2089 2106 2163 2137 vinci
2176 2106 2296 2146 possent.
2315 2109 2468 2143 habebant.

1337 2137 1483 2206 Irbstituere
1496 2139 1591 2207 Ilvtlegem
1613 2141 1738 2178 iniquam
1757 2142 1785 2171 &
1799 2141 1924 2171 miseram
1943 2143 2142 2174 conditionem
2159 2146 2292 2184 periculis
2306 2147 2468 2181 hominum.

1385 2177 1417 2207 ic.
1454 2187 1483 2206 ro
1530 2187 1607 2207 uren.
1618 2182 1663 2208 60.

1338 2212 1420 2244 Nasci
1433 2187 1531 2244 {adem
1545 2216 1719 2246 conditione.
1742 2215 1800 2246 Cic.
1814 2225 1840 2246 2.
1853 2216 1889 2246 de
1898 2216 1992 2248 Divin.
2007 2228 2052 2256 93.

1337 2252 1405 2283 Nati
1416 2252 1509 2282 sumus
1523 2263 1555 2283 ea
1569 2254 1738 2284 conditione
1749 2276 1757 2290 ‚
1782 2260 1814 2284 ut
1831 2254 1912 2291 nihil,
1924 2256 2000 2293 quod
2006 2257 2117 2288 homini
2129 2258 2257 2291 accidere
2266 2261 2368 2300 possit,
2388 2272 2469 2295 recu.

1361 2290 1418 2320 sare
1426 2290 1591 2321 debeamus.
1613 2291 1674 2322 Cic.
1687 2302 1731 2328 ις.
1748 2293 1801 2322 Att.
1819 2302 1842 2323 1.

1338 2328 1404 2365 Qua
1415 2329 1472 2358 nati
1482 2328 1575 2359 sumus
1584 2331 1749 2359 conditione
1760 2331 1895 2360 vivamus.
1918 2330 1978 2361 Cic.
1991 2342 2015 2368 ς.
2029 2332 2105 2363 Fam.
2120 2337 2162 2365 16.

1336 2364 1543 2396 immortalium
1556 2368 1752 2397 conditionem
1763 2368 1910 2405 postulare.
1932 2368 1990 2400 Cic.
2009 2379 2032 2407 3.
2047 2369 2106 2402 off.

1335 2404 1486 2472 PrCovidere
1497 2405 1660 2472 gonlditioni
1672 2406 1776 2436 civium
1788 2412 1887 2436 contra
1896 2407 2135 2444 periculosissimas
2149 2410 2301 2443 hominum
2313 2414 2465 2452 potentias.

1380 2453 1415 2472 ic.
1452 2453 1480 2472 ro
1521 2453 1548 2471 oe
1563 2466 1569 2472 .
1582 2453 1626 2473 22.

1335 2453 1482 2515 Condiiim
1496 2478 1614 2517 [eligens]
1623 2481 1661 2510 est
1673 2480 1776 2511 Oblata
1784 2482 1904 2519 potestas
1913 2482 2018 2521 aliquid
2029 2484 2162 2523 eligendi.
2177 2485 2241 2517 Ter.
2252 2487 2398 2527 Heaut.2.3
2405 2495 2464 2527 ,ες-

1415 2519 1521 2548 Harum
1532 2519 1650 2549 duarum
1661 2519 1858 2549 conditionum
1873 2529 1949 2551 nunc
1959 2530 2048 2552 utram
2064 2523 2143 2554 malis
2154 2546 2163 2560 ,
2184 2525 2257 2556 vide.

1334 2552 1374 2586 Ea
1384 2557 1550 2585 conditione
1561 2557 1626 2587 dare
1637 2557 1752 2594 aliquid.
1776 2556 1834 2587 Cic.
1847 2561 1874 2587 6.
1888 2558 1962 2588 Fam.
1972 2569 1999 2597 7.

1334 2594 1392 2623 Sub
1405 2604 1437 2623 ea
1450 2593 1624 2625 conditione.
1663 2595 1722 2625 Cic.
1738 2604 1789 2633 pro
1802 2595 1881 2625 Arch.
1892 2606 1936 2632 ²5·
1958 2597 2062 2634 Jubere
2073 2599 2100 2629 ei
2109 2601 2258 2638 praemium
2273 2600 2359 2633 tribui
2368 2602 2416 2634 sub
2427 2613 2463 2635 ca

1355 2631 1521 2661 conditione
1532 2654 1540 2667 ‚
1562 2642 1598 2662 ne
1608 2633 1675 2672 quid
1684 2634 1780 2671 postea
1791 2633 1930 2665 scriberet.

1335 2667 1587 2700 Meliorconditio.
1611 2671 1733 2701 Martial.
1748 2671 1798 2702 lib.
1812 2681 1823 2700 1
1833 2682 1855 2702 1.
1870 2682 1912 2710 53.

1415 2707 1548 2737 Coenabis
1560 2707 1633 2738 belle
1643 2731 1651 2745 ‚
1671 2709 1729 2745 Juli
1740 2709 1861 2740 Cerealis
1872 2732 1880 2745 .
1900 2711 1977 2750 apud
1990 2722 2052 2744 me:

1457 2745 1591 2775 Conditio
1603 2745 1703 2776 melior
1712 2747 1732 2776 fi
1744 2747 1796 2777 tibi
1811 2748 1903 2784 nulla,
1923 2750 1997 2780 veni.

1335 2782 1453 2821 Optima
1464 2784 1632 2814 conditione
1647 2785 1760 2823 praedia.
1785 2785 1814 2815 V.
1836 2795 1906 2821 Jus.

1333 2821 1421 2850 Valde
1431 2822 1505 2852 bona
1514 2823 1641 2852 conditio
1653 2820 1670 2852 fi
1681 2823 1780 2859 fuerit,
1799 2822 1912 2854 fortasse
1921 2835 1980 2855 non
1990 2827 2129 2859 omittam.
2142 2827 2200 2860 Cic.
2212 2837 2239 2860 2.
2248 2828 2286 2867 Q.
2299 2829 2361 2861 frat.
2372 2833 2402 2864 6..

1332 2859 1531 2890 Controverliae
1542 2861 1678 2891 conditio.
1703 2861 1822 2898 Quintil.
1839 2862 1889 2892 lib.
1903 2874 1930 2900 4.
1944 2873 2006 2902 cap.
2021 2876 2045 2895 1.

1332 2896 1410 2926 Pacis
1418 2898 1547 2927 conditio
1555 2908 1621 2928 cum
1633 2898 1736 2936 aliquo.
1757 2899 1818 2930 Cic.
1829 2911 1856 2935 4.
1869 2898 1988 2940 Philipp.
2004 2912 2048 2932 11.

1331 2935 1474 2965 Praesentis
1487 2936 1662 2967 discriminis.
1685 2936 1807 2974 Quintil.
1824 2937 1872 2968 lib.
1886 2949 1913 2969 2.
1924 2949 1985 2978 cap.
2000 2949 2043 2977 13.

1334 2972 1514 3003 Petitionum.
1538 2974 1657 3011 Quintil.
1674 2975 1722 3006 lib.
1739 2984 1762 3012 3.
1778 2986 1840 3014 cap.
1856 2985 1899 3007 10.

1330 3010 1417 3041 Nulla
1427 3012 1591 3042 conditione
1600 3034 1608 3049 ‚
1630 3012 1717 3043 Nullo
1725 3014 1819 3052 pasto.
1842 3013 1900 3044 Cic.
1911 3025 1962 3053 pro
1972 3014 2056 3046 Corn.
2065 3014 2141 3054 Balb.
2152 3024 2198 3054 23.

1329 3049 1471 3080 Accedere
1480 3048 1514 3079 ad
1527 3051 1723 3081 conditionem
1734 3054 1760 3083 δι
1770 3052 1932 3091 pactionem
1942 3075 1950 3090 ,
1970 3063 2023 3092 pto
2037 3054 2209 3085 Consentire.
2238 3054 2271 3086 V.
2293 3063 2314 3087 A
2322 3063 2366 3087 ce
2374 3064 2391 3087 t
2399 3063 2420 3087 b
2429 3067 2461 3090 o.

1330 3088 1462 3125 Accipere
1478 3089 1685 3120 conditionem.
1726 3090 1757 3120 In
1781 3100 1802 3119 A
1810 3100 1853 3120 cc
1862 3101 1871 3119 1
1881 3101 1895 3119 Ρ
1903 3101 1914 3120 1
1923 3101 1950 3121 o.

1330 3125 1466 3163 Accipere
1477 3135 1509 3155 ea
1519 3127 1695 3157 conditione.
1714 3127 1775 3159 Cic.
1790 3138 1814 3158 1.
1826 3127 1907 3158 Tusc.
1921 3138 1966 3166 93.

1329 3163 1477 3193 Adducere
1485 3163 1606 3200 aliquem
1615 3165 1651 3194 ad
1661 3165 1783 3203 aliquam
1795 3166 2000 3197 conditionem.
2021 3163 2123 3198 Balbus
2137 3168 2288 3206 Ciceroni,
2304 3175 2334 3205 8.
2347 3169 2456 3208 Αῑως.

1330 3200 1486 3239 Astringere
1497 3201 1618 3239 aliquem
1632 3203 1686 3233 suis
1696 3204 1918 3234 conditionibus.
1940 3205 1999 3234 Cic.
2012 3215 2062 3243 pro
2075 3205 2172 3242 Quint.
2188 3216 2230 3243 ¹9·

1330 3239 1433 3269 Audire
1443 3239 1636 3270 conditionem
1649 3263 1657 3277 ‚
1679 3243 1706 3271 &
1719 3242 1813 3271 audita
1823 3242 1959 3272 conditio.
1981 3243 2065 3272 Ovid.
2076 3253 2120 3272 21.
2139 3244 2221 3282 Epist.
2238 3253 2301 3281 132.

1330 3275 1438 3315 Capere
1451 3278 1646 3308 conditionem
1655 3301 1664 3316 ‚
1685 3281 1711 3309 &
1722 3279 1753 3309 In
1763 3280 1966 3310 conditionem.
1990 3280 2020 3310 V.
2043 3290 2060 3309 c
2069 3292 2088 3310 A
2096 3291 2111 3310 P
2122 3292 2131 3310 1
2142 3290 2168 3310 0.

1330 3314 1405 3345 Dare
1415 3315 1533 3352 alicujus
1547 3318 1588 3346 rei
1599 3317 1893 3348 conditionemalicui.
1933 3317 1991 3347 Cic.
2009 3329 2035 3354 4.
2054 3320 2084 3348 in
2096 3319 2177 3349 Catil.
2194 3329 2217 3350 1.
2239 3318 2455 3360 Μίὴῑςηὶἀεηι,

1350 3351 1369 3382 fi
1380 3353 1439 3383 haec
1452 3355 1578 3384 conditio
1589 3354 1757 3384 Consulatus
1765 3355 1829 3384 data
1839 3355 1877 3385 est
1891 3377 1900 3391 ,
1920 3362 1952 3385 ut
1962 3378 1971 3392 ,
1993 3358 2045 3386 &c.

1328 3389 1490 3421 Defendere
1499 3392 1527 3421 se
1534 3392 1651 3428 alicujus
1658 3393 1698 3423 rei
1709 3393 1882 3423 conditione.
1904 3393 1964 3424 Cic.
1980 3404 2003 3424 1.
2016 3394 2052 3423 de
2064 3393 2136 3433 Lege
2146 3397 2206 3434 Agr.
2222 3399 2266 3432 56.

1328 3427 1475 3466 Depacisci
1486 3430 1521 3459 ad
1533 3431 1737 3460 conditionem.
1763 3430 1822 3460 Cic.
1837 3441 1860 3466 ς.
1879 3431 1951 3461 Verr.
1966 3435 2011 3461 60.

1328 3465 1505 3497 Descendere
1516 3467 1677 3499 alterutram
1686 3469 1721 3498 ad
1732 3468 1936 3500 conditionem.
1960 3469 2017 3499 Cic.
2031 3475 2057 3504 8.
2069 3470 2144 3500 Fam.
2156 3474 2183 3504 8.

1328 3504 1412 3535 Ferre
1423 3505 1627 3536 conditionem.
1648 3507 1667 3536 i.
1680 3516 1704 3536 e.
1727 3505 1845 3536 Offerre.
1867 3507 1932 3537 Ter.
1943 3507 2051 3537 phorm.
2063 3519 2089 3543 4·
2104 3518 2128 3537 1.
2142 3517 2186 3543 η.

1409 3543 1483 3572 Nam
1494 3543 1567 3572 hanc
1582 3544 1777 3574 conditionem
1792 3544 1809 3572 sl
1820 3545 1865 3573 cui
1877 3545 1966 3575 tulero
1975 3546 2107 3575 extrario.
2264 3568 2272 3583 5
2286 3581 2289 3584 Α

1329 3577 1412 3610 Ferre
1422 3581 1618 3617 conditiones,
1638 3583 1677 3611 est
1697 3582 1808 3611 victoris
1822 3582 2022 3621 &superioris:
2043 3584 2176 3621 Accipere
2186 3584 2389 3622 >conditiones1‚
2410 3586 2453 3617 viz

1349 3618 1398 3647 cii.
1418 3618 1475 3647 Cic.
1490 3623 1531 3647 16.
1548 3618 1621 3649 Fam.
1635 3630 1676 3649 11.
1700 3620 1835 3649 Feruntur
1845 3622 1964 3650 omnino
1977 3622 2156 3652 conditiones
2167 3621 2202 3652 ab
2213 3622 2272 3653 illo.

1327 3654 1411 3685 Ferre
1420 3656 1599 3686 conditiones
1613 3679 1621 3691 .
1642 3656 1717 3694 leges
1725 3658 1880 3695 imponere.
1904 3658 1961 3689 oie.
1973 3666 1999 3697 7.
2016 3659 2135 3698 Philipp.
2145 3669 2190 3689 21.
2285 3694 2288 3696 q

1326 3692 1476 3732 Imponere
1496 3694 1698 3724 conditionem.
1723 3695 1792 3724 Hirt.
1808 3695 1874 3726 Bell.
1892 3696 1966 3727 Alex.
1983 3701 2108 3732 65.eXtr.
2131 3697 2451 3737 Conditicnibusimpo-

1345 3731 1400 3761 sitis
1410 3732 1559 3769 provinciae
1570 3733 1683 3762 tuendae
1693 3742 1726 3762 ac
1736 3733 1923 3764 defendendae
1934 3755 1942 3771 ,
1964 3735 2089 3766 dimittit.

1331 3767 1449 3799 Manere
1460 3769 1488 3798 in
1501 3769 1675 3799 conditione.
1707 3770 1738 3799 V.
1761 3782 1781 3799 n
1790 3781 1809 3799 A
1820 3780 1841 3800 N
1850 3781 1864 3800 Β
1873 3781 1899 3801 o.

1326 3805 1427 3837 Manet
1437 3807 1572 3836 conditio.
1595 3807 1654 3837 Cic.
1666 3817 1692 3838 2.
1706 3808 1780 3837 Fam.
1792 3812 1817 3838 6.

1325 3845 1436 3875 Mutare
1449 3845 1653 3875 conditionem.
1677 3845 1797 3883 Quintil.
1809 3846 1861 3882 lib..
1870 3852 1893 3875 ·r.
1905 3852 1966 3885 cap.
1979 3852 2005 3884 “ς.

1328 3882 1440 3912 Offerre
1451 3883 1645 3912 conditionem
1652 3885 1748 3921 pacis,
1769 3885 1844 3922 apud
1860 3883 1976 3916 Livium.
1989 3893 2018 3917 2.
2030 3888 2126 3925 1‘3.‚p'r.
2151 3885 2192 3916 Al·
2210 3885 2301 3918 Ferre.

1327 3920 1466 3949 Omittere
1477 3920 1680 3951 conditionem.
1703 3919 1761 3951 Cic.
1776 3926 1802 3952 a.
1824 3922 1859 3959 Q.
1868 3923 1928 3953 frat.
1940 3933 1967 3954 2.

1325 3957 1452 3987 Onerare
1463 3958 1683 3989 conditionibus.
1706 3960 1765 3988 Cic.
1782 3971 1805 3995 ς.
1819 3960 1894 3990 Verr.

1323 3995 1479 4027 Perducete
1487 3995 1614 4034 aliquem
1623 3997 1660 4028 ad
1669 3996 1729 4029 suas
1737 3998 1927 4068 condiiiffirei
1950 3997 2009 4032 Cic.
2020 4009 2076 4040 ,pro
2087 3998 2186 4036 Quint.
2200 4005 2244 4035 27.
2347 4031 2367 4066 p
2383 4034 2419 4066 od

1917 4048 1923 4054 ⁷
1945 4047 1959 4076 3
2357 4046 2382 4066 ,s
2422 4045 2452 4067 ih
