2604 4222
115 153 184 185 660
539 148 569 182 C
667 147 702 181 O
795 143 829 178 N

156 232 221 262 Labi
233 232 355 261 consilio.
395 231 452 260 Cic,
467 240 491 266 7.
503 229 621 267 Philipp·
633 232 677 264 38.
700 227 756 264 Ego
765 234 830 255 vero
840 228 945 258 metuo,
965 221 982 248 si
994 220 1048 249 hoc
1060 222 1187 254 ternpore
1198 222 1266 244 cori·

176 270 236 299 silio
246 270 313 307 lapsi
322 270 432 299 erimus.

159 308 278 338 Manant
291 306 411 337 consilia.
451 306 482 335 In
503 316 523 333 M
533 314 552 332 A
561 313 582 332 N
591 313 616 331 ο.

161 345 277 375 Manere
287 346 315 374 in
327 344 448 375 consilio.
470 343 527 372 Cic.
544 351 568 371 1.
582 339 638 370 Off.
650 347 710 369 112.

163 383 301 413 Minuere.
341 383 372 412 In
394 390 458 411 Min
469 391 486 409 υ
497 390 522 408 0.

164 421 281 451 Miscere
290 430 354 450 cum
365 420 456 455 aliquo
464 415 583 447 consilia.
605 413 695 444 Tacit.
709 422 751 447 ις.
766 411 836 440 Ann.
853 412 898 442 68.
911 416 937 445 3.

164 459 281 489 Miscere
290 459 316 488 se
325 457 449 486 consiliis.
472 455 537 485 Stat.
554 461 594 482 12.
609 451 700 482 Theb.
715 456 759 484 82.
789 448 879 478 Tacit.
892 455 916 482 3.
933 444 1001 475 Hist.
1015 451 1042 478 τ.

167 496 290 526 Movere.
315 495 401 524 Valer.
414 505 440 528 4.
454 494 550 529 Argon.
563 495 627 525 430.
821 522 826 527 ·
992 520 997 524 .

168 534 286 564 Multata
296 532 404 563 consilia
415 531 529 565 alicujus
543 528 576 557 ab
588 526 644 565 ipsa
655 526 774 556 fortuna.
795 523 854 553 Cic.
865 530 917 560 pro
930 516 1115 556 Rabir.posth.
1128 523 1156 546 α..

168 572 285 601 Mutare.
308 570 377 607 Nep.
397 574 438 602 18.
452 577 478 602 9.
503 573 573 595 extr.

168 609 278 639 Mutare
289 607 400 636 itineris.
423 606 479 634 Cic.
495 614 535 639 1ς.
547 604 601 633 Att.

169 647 299 676 mutuari.
339 644 370 674 In
391 653 438 673 MU
448 652 467 671 Τ
477 652 494 670 u
505 651 560 670 um.
780 673 786 679 .

168 684 291 713 Narrare.
327 682 385 711 Cic.
402 691 442 715 1ς.
457 682 509 709 Att.
525 688 548 715 3.
569 676 679 706 Antonii
692 673 804 706 consilia
814 681 907 703 narras
917 669 1085 702 turbulenta.

169 721 324 750 Occultare.
365 719 396 748 ln
417 728 433 747 o
445 727 461 746 c
471 726 487 746 c
496 727 513 745 u
525 725 569 744 ιτ
578 725 604 744 ο.

170 758 323 796 Occupare.
360 757 391 785 In
412 766 429 783 0
439 765 455 784 e
465 766 482 783 t.
493 764 510 782 υ
521 763 534 782 1²
543 763 568 782 o.
629 790 635 796 ἢ
769 788 773 793 ἰ

170 796 323 825 Occurrere
332 793 450 823 consiliis
458 792 582 826 alicujus.
604 790 662 819 Cic.
676 797 700 825 3.
716 787 796 818 Catil.
810 794 853 822 17.

170 834 305 862 Omittere
314 831 464 861 consilium.
503 829 534 858 In
554 838 571 856 o
582 838 602 857 M
611 839 620 856 1
631 837 650 856 T
660 836 713 856 To.

171 871 261 900 Parere
271 868 399 899 consiliis.
423 869 492 903 Virg.
506 877 529 901 5.
545 866 607 896 AEn.
620 870 682 901 728.
720 878 727 907 3
814 899 819 906 ⁸

171 908 263 938 Patere
271 916 317 937 tua
331 906 441 936 consilia
454 914 509 934 non
521 903 626 933 sentis?
644 902 704 932 Cic.
719 911 748 930 in
760 898 842 930 Catil.
857 907 880 928 1.
894 907 919 927 1.

171 945 297 975 perferre.
335 946 365 975 ln
387 954 400 973 1¹
410 954 423 972 ii
435 954 447 971 a
459 954 471 971 r
482 951 552 970 ano.
864 975 870 980 ι

170 984 314 1013 Perimere.
354 982 384 1011 ln
405 989 548 1010 rsaimo.
570 978 644 1007 conf.
667 985 734 1005 mox
750 976 911 1006 Praevenire.

171 1020 423 1051 Petereconsilium.
447 1017 505 1047 Cic.
519 1027 559 1046 10.
573 1016 646 1045 Fam.
662 1017 702 1044 16.

171 1059 308 1088 Poenitere
317 1057 432 1087 consilii.
454 1056 512 1085 Cic.
526 1064 552 1089 9.
567 1054 638 1083 Fam.
653 1063 677 1088 5.
929 1084 934 1090 .

172 1097 339 1130 Praevenire,
361 1093 534 1124 Antevenite.
556 1088 773 1125 Cic.3.0ff.33.
814 1085 854 1116 Al.
877 1084 1023 1114 Perimere.

171 1134 325 1164 Ponderare
344 1140 454 1162 eventu.
495 1131 554 1160 Cic.
582 1129 643 1158 Hoc
660 1127 822 1166 plerumque
839 1124 864 1153 fa

191 1172 380 1210 ponderemus
393 1192 400 1204 ,
424 1172 474 1198 otc.
859 1199 865 1205 ι
890 1198 896 1204 .
1003 1197 1008 1202 ,

172 1210 308 1240 Promere.
347 1209 404 1236 Cic.
427 1208 510 1236 Nunc
521 1210 596 1234 certe
607 1201 760 1242 promenda
771 1199 833 1229 sunt
845 1197 897 1228 tibi
914 1196 1043 1232 consilia,
1059 1196 1112 1225 Sec.

172 1247 298 1276 Probare.
320 1246 377 1275 Cic.
390 1256 416 1280 4.
435 1244 508 1273 Fani.

173 1285 312 1321 Quaerere.
330 1283 420 1312 Catul.
434 1283 531 1317 Argon.
543 1287 606 1315 253.

173 1323 286 1352 Referre
297 1322 324 1350 in
337 1320 443 1350 melius.
466 1319 536 1356 Virg.
556 1328 577 1345 1.
591 1314 653 1346 AEn.
664 1320 728 1349 28¹.

173 1360 287 1397 Regere.
308 1358 425 1395 Quintil.
441 1357 487 1386 lib.
502 1366 524 1385 1.
539 1364 598 1391 cap.
614 1363 654 1382 io.
967 1384 983 1391 ..
1106 1383 1112 1388 ι

174 1398 325 1427 Removere
335 1406 349 1425 a
364 1394 492 1424 consiliis.
530 1392 587 1421 Cic.
612 1393 631 1420 A
645 1390 699 1420 suis
710 1391 735 1419 &
749 1387 867 1425 Reipub.
879 1385 997 1417 consiliis
1008 1380 1175 1414 removisset.

174 1435 309 1472 Repetere
321 1434 454 1462 rationem
466 1429 641 1460 consiliorum
653 1428 743 1457 altius.
784 1426 842 1455 Cic.
856 1435 879 1457 1.
893 1424 970 1454 Fam.
982 1433 1008 1460 9.
1020 1432 1035 1452 a
1045 1431 1087 1459 pr.
1109 1421 1196 1451 Altius
1208 1426 1280 1457 pau-

192 1472 219 1501 lo
230 1472 363 1500 rationem
377 1469 551 1500 consiliorum
562 1475 687 1496 meorum
697 1472 826 1503 repetam.

172 1509 392 1547 Reprehendere.
413 1507 472 1537 Cic.
483 1516 508 1536 2.
524 1507 576 1534 Att.

172 1547 335 1584 Repudiare.
358 1546 414 1575 Cic.
428 1555 453 1575 2.
467 1545 501 1573 de
516 1543 592 1573 Orat.
606 1550 630 1579 3.

174 1585 312 1614 Revocare
323 1593 346 1613 a.
368 1583 426 1612 Cic.
439 1592 463 1619 3.
477 1583 527 1611 Att.
541 1591 584 1614 1ς.
818 1613 825 1620 ·
983 1611 989 1618 .
1031 1610 1037 1616 Ι
1124 1609 1129 1616 ¹

171 1622 322 1653 Senescunt
331 1621 450 1651 consilia.
476 1619 533 1648 Liv.
542 1617 589 1647 lib.
604 1626 647 1654 35.
660 1626 701 1646 12.
714 1625 754 1653 pr.
778 1612 944 1652 agitandum
955 1610 1071 1649 aliquid,
1092 1609 1278 1640 miscendum-

190 1669 243 1696 que
254 1660 303 1689 rati
315 1681 323 1694 ,
343 1668 378 1688 ne
388 1657 545 1687 cunctando
555 1655 727 1685 senescerent
736 1652 858 1684 consilia.

170 1697 261 1733 Sequi.
282 1697 346 1726 Ter.
357 1696 434 1725 Adel.
446 1705 470 1731 3.
484 1706 509 1729 4.
523 1705 565 1730 54.

169 1736 300 1773 Spectare
313 1736 342 1763 in
353 1756 361 1765 .
381 1733 475 1763 velad.
497 1732 555 1761 Cic.
571 1740 597 1761 2.
610 1730 646 1760 de
656 1729 734 1760 Orat.
749 1731 810 1764 169.

168 1772 321 1810 Suscipere.
342 1771 400 1801 Cic.
417 1781 439 1800 1.
455 1770 512 1800 Off.
529 1778 590 1799 112.

167 1810 274 1847 Tegere
283 1809 368 1840 vultu.
392 1809 461 1846 Virg.
473 1819 499 1844 4.
512 1807 574 1837 AEn.
584 1814 648 1843 477.
765 1841 771 1847 ,

168 1848 276 1878 Tenere
287 1847 451 1877 obstinatum
460 1845 575 1881 alicuius
586 1844 634 1873 rei.
655 1842 720 1872 Sen.
734 1839 850 1879 Hippoi.
861 1848 888 1877 7.

167 1886 255 1915 Valet.
293 1885 351 1914 Cic.
364 1884 415 1914 Cn.
436 1884 540 1920 Magno
549 1879 723 1915 Proconsuli,
744 1884 769 1914 8.
787 1883 898 1915 Att.15.
918 1877 973 1908 Sed
991 1876 1060 1907 milii
1079 1884 1138 1906 non
1151 1871 1228 1905 sumo
1243 1878 1285 1904 ut*

186 1933 280 1952 meum
290 1922 433 1952 confilium
444 1921 534 1951 valere
542 1919 679 1950 debuerit.

168 1961 276 1991 Versare
311 1961 412 1989 ectore.
433 1959 504 1996 Virg.
519 1968 542 1988 1.
560 1958 621 1988 AEn.
635 1960 699 1991 ⁶58-
1119 1990 1125 1995 Ι

246 2000 278 2027 At
305 1999 423 2036 'ytherea
433 2006 518 2026 novas
525 2002 595 2025 artes
608 2016 616 2030 ‚
638 2002 710 2023 nova
720 1993 833 2030 pec‘tore
843 1990 931 2021 versat
1023 1988 1152 2020 Consilia.

166 2035 249 2072 Viget
258 2045 372 2072 regnum
383 2034 508 2064 consiliis.
531 2033 605 2071 virg.
618 2042 645 2061 2.
660 2031 720 2061 AEn.
734 2035 780 2065 88.

168 2074 215 2103 Uti
226 2073 352 2103 consiliis.
374 2073 432 2102 Cic.
446 2083 469 2102 1.
487 2071 560 2101 Fam.
572 2082 596 2106 9.
611 2079 697 2108 prope
708 2068 755 2097 fin.
774 2105 779 2110 Ι
941 2103 947 2109 .

169 2111 208 2141 Eo
220 2111 333 2140 consilio
346 2116 385 2140 ut.
406 2110 464 2139 Cic.
477 2119 500 2138 1.
514 2110 549 2138 de
562 2109 620 2138 Fin.
633 2117 677 2143 7²·
700 2104 851 2143 Explicavi,
871 2104 970 2141 inquit,
992 2102 1157 2133 sententiam
1171 2111 1275 2139 meam,

189 2151 214 2179 ἃ
223 2158 256 2178 eo
267 2149 380 2185 quidem
391 2147 504 2176 consilio
517 2168 524 2181 ,
544 2153 623 2177 tuum
633 2144 770 2181 judicium
784 2149 814 2172 ut
823 2141 1026 2185 cognoscerem.

170 2186 291 2216 Consilio
303 2208 311 2220 ,
332 2186 361 2214 in
373 2185 491 2214 ablativo
503 2206 511 2220 ‚
532 2194 582 2221 pro
593 2186 655 2212 Arte
666 2204 674 2217 ‚
695 2180 792 2211 velDe
806 2179 945 2222 industria.
976 2179 1034 2208 Liv.
1047 2187 1091 2215 35.
1108 2188 1151 2213 ¹4·
1172 2177 1277 2214 Sequu-

188 2231 247 2253 tum
257 2231 347 2253 tamen
357 2223 401 2252 sua
413 2222 510 2258 sponte
519 2222 557 2250 est
570 2243 577 2256 ,
597 2220 673 2250 velut
685 2217 798 2249 consilio
809 2224 929 2255 petitum
945 2217 1012 2247 effet
1022 2238 1031 2252 ,
1051 2223 1083 2246 ut
1099 2216 1179 2247 vilior
1193 2216 1229 2245 cb
1242 2225 1275 2246 ea

189 2261 244 2298 regi
257 2260 371 2290 Annibal
387 2260 587 2297 suspectiorque
602 2258 675 2287 esset

169 2299 289 2328 Conlilio
299 2299 401 2327 versare
412 2297 492 2326 dolos
505 2295 636 2334 ingressus
650 2297 676 2325 &
686 2293 750 2324 astu.
774 2292 845 2330 virg.
866 2301 908 2322 11.
922 2291 983 2322 AEn.
997 2300 1061 2328 704.

168 2336 287 2366 Consilio
295 2335 394 2365 afferri.
417 2335 486 2371 Virg.
500 2343 526 2371 7.
540 2333 600 2364 AEn.
613 2338 676 2363 216.
857 2367 863 2373 ⁶

247 2373 366 2440 ansilio
375 2373 446 2402 hanc
455 2381 569 2408 omnes,
589 2369 741 2407 animisque
757 2366 918 2398 volentibus
929 2388 938 2402 ,
959 2366 1056 2397 urbem

247 2413 264 2440 A
290 2412 400 2440 erimur.

168 2449 318 2479 Consilium
334 2469 343 2484 ,
362 2458 411 2486 pro
424 2446 463 2476 Eo
478 2448 524 2485 qui
538 2445 654 2476 consulit
662 2445 735 2476 varie
747 2443 869 2473 occurrit
881 2441 1000 2479 positum
1014 2464 1021 2477 ,
1044 2446 1074 2472 ut

169 2487 317 2516 Consilium
329 2507 338 2521 ‚
360 2495 409 2523 pro
421 2484 563 2520 Judicibus
574 2484 727 2520 designatis.
768 2482 827 2510 Cic.
840 2490 892 2518 pro
905 2479 984 2509 Rosc.
1004 2481 1093 2510 Amet.
1108 2484 1135 2512 8.
1164 2479 1221 2516 Qui
1239 2488 1275 2510 ex

188 2525 300 2554 civitate
320 2525 348 2552 in
369 2524 497 2552 Senatum
519 2529 630 2560 propter
644 2521 806 2558 dignitatem
817 2541 825 2554 ‚
846 2528 881 2548 ex
895 2518 997 2547 Senatu
1015 2518 1044 2547 in
1061 2518 1116 2547 hoc
1128 2517 1275 2548 consilium

188 2562 287 2591 delecti
299 2561 359 2592 estis
370 2567 482 2598 propter
490 2560 670 2589 securitatem.

168 2599 291 2636 Sapiens.
331 2599 389 2628 Cic.
402 2606 427 2627 2.
440 2598 475 2626 de
489 2597 566 2627 Orat.
580 2606 641 2633 333.
664 2597 749 2633 Atque
763 2595 822 2624 liaec
839 2595 867 2623 in
888 2593 990 2622 Senatu
1012 2593 1120 2622 minore
1140 2599 1274 2631 apparatu

187 2638 291 2673 agenda
301 2636 372 2665 sunt.
411 2636 526 2672 Sapiens
536 2636 610 2664 enini
621 2634 658 2664 est
673 2633 817 2663 consilium
828 2654 836 2667 ,
857 2630 1007 2668 multisque
1021 2631 1082 2661 aliis
1103 2631 1218 2660 dicendi
1233 2641 1275 2661 re-

187 2674 354 2710 linquendus
367 2673 453 2702 locus.

168 2712 301 2741 SanCtius.
324 2711 380 2740 Liv.
392 2720 433 2746 30.
451 2713 490 2739 16.
503 2719 541 2747 pr.
581 2709 665 2746 Quod
674 2707 755 2745 vulgo
765 2708 915 2737 Secretum.

169 2750 210 2779 De
220 2749 323 2778 consilii
336 2749 470 2778 sententia
480 2748 584 2784 aliquid
603 2747 700 2776 facere.
743 2746 800 2775 Cic.
815 2755 841 2775 2.
856 2746 908 2774 Att.
923 2753 966 2773 10.
998 2744 1041 2774 Ait
1063 2743 1091 2774 se
1110 2744 1146 2774 de
1167 2744 1274 2774 consilii

187 2787 321 2816 sententia
334 2796 391 2815 rem
409 2786 443 2814 ad
456 2786 587 2814 Senatum
597 2783 727 2820 rejeciss'e.

169 2826 298 2858 Abietzare
309 2823 460 2853 consilium.
501 2822 557 2852 Cic.
570 2833 596 2856 ⁴·
611 2822 683 2851 Verr.
694 2830 737 2856 73.
759 2819 874 2850 Dimiffo
888 2824 969 2857 atque
983 2818 1108 2857 ablegato
1119 2818 1243 2851 consilio.

170 2862 264 2891 Adesse
273 2862 354 2891 alicui
366 2863 392 2890 in
401 2859 525 2890 consilio.
548 2860 605 2889 Cic.
616 2869 666 2897 pro
678 2859 777 2896 Quint.
792 2868 836 2894 79.

169 2900 273 2934 Cogere
281 2899 433 2928 confilium.
455 2897 573 2934 Quintil.
584 2897 632 2926 lib.
645 2906 671 2933 7.
681 2906 740 2934 cap.
753 2906 778 2925 2.
789 2905 849 2934 pag.
861 2898 925 2925 601.

170 2937 329 2970 Dimittere,
351 2935 383 2965 V.
407 2935 545 2972 Ablegare.

171 2974 210 3004 Ire
228 2975 255 3003 in
268 2973 420 3003 consilium.
460 2974 518 3002 Cic.
531 2983 581 3011 pro
593 2972 689 3008 Quint.
703 2980 746 3007 34.
766 2970 832 3000 Tibi
844 2969 1109 3007 instatHortensius,
1131 2975 1161 3000 ut
1178 2979 1225 3001 eas
1244 2970 1273 3001 in

188 3012 340 3041 confilium.
378 3011 409 3040 V.
430 3010 545 3040 Hotom.
559 3009 718 3040 &patierat
741 3010 769 3038 in
783 3008 838 3038 loc.

171 3050 281 3078 Mittere
295 3050 332 3078 in.
372 3048 403 3078 ln
424 3057 521 3077 Mirr
531 3058 557 3078 o.

171 3087 290 3116 mussant
302 3086 407 3116 turbata
418 3085 536 3115 consilia.
572 3084 606 3115 al.
629 3083 764 3114 Concilia.
784 3084 884 3118 Stat.3.
900 3082 989 3113 Theb.
1004 3092 1046 3119 92.

171 3124 300 3153 Venirein
312 3124 427 3158 alicujus
436 3123 587 3152 consilium.
609 3122 667 3152 Cic.
683 3132 724 3150 io.
736 3123 786 3151 Att.
795 3132 816 3151 1.
831 3120 1038 3151 Veniendumne
1049 3121 1117 3150 sitin
1127 3121 1272 3153 consilium

188 3160 328 3198 Tyranni,
350 3162 366 3189 si
377 3162 397 3190 is
408 3160 497 3197 aliqua
509 3162 544 3190 de
555 3170 582 3190 re
596 3159 668 3189 bona
678 3159 880 3189 deliberaturus
891 3159 929 3188 sit.

170 3198 318 3228 Consilium
330 3221 336 3233 ,
357 3199 402 3228 cui
412 3198 500 3228 caussa
510 3198 725 3228 manumittendi
737 3197 802 3226 servi
815 3196 850 3226 ab
864 3197 942 3225 annis
955 3196 1051 3233 viginti
1062 3197 1169 3226 minore
1179 3218 1187 3233 ,
1209 3207 1273 3235 pro.

190 3236 277 3265 banda
288 3243 361 3270 erat,
382 3236 520 3265 constabat
531 3235 627 3265 Romoe
638 3236 750 3272 quidem
766 3244 800 3264 ex
811 3235 934 3272 quinque
943 3234 1119 3264 Senatoribus
1130 3256 1137 3269 ‚
1159 3237 1184 3264 ὅ(
1194 3237 1273 3272 quin-

189 3283 240 3309 que
252 3274 280 3303 E(
291 3273 393 3302 uiribus
406 3273 549 3303 Romanis:
572 3274 599 3302 in
611 3273 753 3311 provincia
775 3282 841 3303 vero
858 3271 956 3309 viginti
970 3272 1221 3309 Recuperatoribus
1235 3274 1274 3303 ci-

192 3311 268 3340 vibus
288 3313 393 3340 (oman.
417 3311 478 3348 Uip.
493 3312 533 3340 tit.
550 3321 571 3341 1.
589 3311 650 3340 lnst.

173 3347 319 3377 Consilium
332 3370 339 3382 ,
360 3348 466 3385 proillo
479 3348 559 3377 Coetu
573 3349 657 3377 etiam
668 3347 763 3385 saepius
774 3346 888 3377 sumitur
899 3369 907 3382 ,
929 3348 974 3383 qui
986 3355 1061 3375 more
1079 3346 1213 3382 majorum
1223 3349 1274 3377 im.

212 3387 307 3414 eratori
319 3395 375 3414 rem
388 3385 530 3414 militarem
542 3386 738 3416 administranti
761 3384 864 3414 solebat
883 3384 981 3414 adeise.
1022 3384 1128 3413 Sallust.
1150 3385 1178 3412 in
1201 3386 1270 3416 Bell.

190 3394 312 3457 fuguitli.
322 3424 357 3452 de
366 3422 480 3452 Metello
493 3425 673 3461 imperatore,
695 3432 753 3459 cap.
767 3427 811 3452 62.
833 3423 871 3453 lta
883 3431 959 3451 inore
975 3422 1110 3458 majorum
1121 3431 1154 3451 ex
1166 3423 1272 3453 consilii

191 3459 301 3488 decreti·
323 3470 369 3497 per
391 3460 491 3496 legatos
510 3460 650 3498 Jussnrtliae
667 3460 783 3497 imperat
798 3462 902 3498 argenti
919 3461 1014 3497 pondo
1031 3460 1153 3489 ducenta
1174 3461 1270 3491 millia.

190 3495 258 3525 Item
270 3506 327 3534 caii.
340 3508 383 3532 29.
406 3498 488 3534 igitur
500 3498 566 3533 Rex,
576 3499 614 3527 uti
624 3498 814 3533 constituerat,
830 3499 859 3528 in
869 3499 952 3528 castra
960 3498 1044 3532 venit,
1065 3507 1097 3527 ac
1106 3507 1195 3535 pauca
1205 3508 1273 3535 prae.

191 3533 257 3561 senti
269 3535 379 3562 coulilio
391 3535 416 3563 lo
439 3543 535 3570 uutus,
557 3537 608 3564 ἃς.
636 3535 791 3565 Turnebus.

172 3570 320 3599 Conlilium
331 3574 353 3600 ἃ
367 3572 423 3600 Con
439 3572 505 3601 ili-ari
517 3574 544 3601 in
556 3579 611 3601 arte
622 3573 762 3602 fullonica.
804 3573 873 3602 Vide
892 3573 966 3610 apud
978 3572 1078 3607 Janum
1090 3572 1270 3603 Gulielmium

189 3607 333 3637 Canterum
352 3609 395 3636 lib.
414 3619 434 3638 i.
458 3609 644 3639 verisimilium
655 3633 662 3643 ,
683 3612 772 3647 capite
793 3616 818 3644 8.
850 3610 884 3640 H.
909 3611 948 3640 St.
991 3611 1132 3646 Perperam
1159 3611 1270 3641 Canteri

189 3654 343 3681 cognomen
351 3646 552 3683 adposuitjano
563 3647 722 3682 Gulielmio,
733 3651 757 3677 ὁὶ
770 3648 816 3677 lib.
832 3658 854 3678 1.
868 3658 918 3686 pro
930 3657 956 3677 2.
978 3647 1008 3677 V.
1030 3648 1163 3678 Thesaur.
1175 3647 1270 3679 Critic.

149 3718 155 3726 ¹
188 3683 295 3711 Gruter.
316 3690 380 3710 tom.
394 3693 417 3718 3.
440 3692 571 3720 pappag..
596 3687 773 3722 partimini.

134 3717 205 3748 con
216 3729 336 3763 5111911
347 3741 353 3753 ,
373 3721 577 3764 [fflMssny-ffi-
601 3723 664 3759 dep.
687 3722 835 3752 Consilium
851 3723 914 3752 dare
925 3744 934 3755 .
955 3723 998 3752 vel
1018 3729 1122 3761 petere.
1144 3723 1202 3753 Cic.
1224 3733 1267 3758 1ς.

170 3758 221 3785 Att.
234 3767 258 3799 9.
288 3756 323 3784 1υ
335 3757 399 3792 quid
407 3768 490 3792 egeris
501 3766 556 3791 tua,
568 3770 630 3788 cum
640 3760 716 3793 tristi,
728 3768 785 3789 tum
804 3762 887 3789 etiam
899 3761 1006 3790 difficili
1023 3761 1057 3791 ad
1067 3761 1269 3791 consiliandum

169 3794 304 3837 legatione
318 3815 324 3826 ,
346 3793 518 3835 uehementer
530 3800 660 3833 expecto:
682 3798 718 3826 eit
736 3800 809 3826 enirn
830 3799 1040 3836 inexplicabilis.
1070 3800 1097 3828 h.
1113 3808 1138 3828 e.
1159 3799 1201 3828 De
1214 3809 1268 3837 qua

168 3840 220 3868 ego
231 3830 280 3860 tibi
290 3832 432 3896 consiliu¹m
443 3833 571 3892 ‘¹³{;'⁰.⁰⁰¹¹
581 3835 660 3863 facile
669 3835 774 3872 poffim.
797 3837 863 3865 Hor.
874 3846 898 3872 3.
914 3836 1002 3865 Carm.
1017 3846 1041 3872 3.
1058 3846 1100 3872 17.

356 3883 391 3887 --
408 3879 451 3896 iac
463 3871 592 3904 Quirinus

246 3904 341 3934 Martis
353 3916 428 3941 cquis
440 3908 589 3935 Acheronta
601 3908 667 3942 sugit
676 3931 684 3943 ,

205 3942 316 3971 Gratum
328 3942 436 3971 elocuta
447 3941 649 3973 consiliantibus

204 3978 312 4013 Junone
321 3980 401 4009 divis.
546 3980 620 4011 idem
635 3983 662 4010 in
678 3983 738 4012 Arte
754 3984 826 4013 Poet.
845 3988 902 4018 196.

1773 121 1803 156 C
1899 121 1933 155 O
2027 120 2061 156 N

1448 204 1588 236 lllebonis
1600 204 1760 239 faveatque,
1781 204 1808 232 Sc
1822 202 1981 232 consilietur
1995 203 2102 232 amicis.
2162 203 2193 232 V.
2215 201 2380 232 Lambinum
2391 201 2418 230 in
2429 199 2487 231 loci

1360 244 1400 276 111.
1417 245 1520 273 Amice.
1532 242 1621 271 Tacit.
1633 252 1658 270 2.
1676 241 1762 274 Hah<
1773 251 1792 275 3.
1816 241 1934 269 Rediere
1945 240 2105 269 Bononiam
2119 240 2209 270 rursus
2223 241 2400 270 consiliaturi.
2416 240 2486 269 Sunt

1362 290 1455 312 tamen
1469 282 1514 318 qui
1527 281 1599 310 hanc
1609 288 1707 308 vocem
1718 277 1772 307 effe
1781 288 1843 307 vere
1852 278 2008 307 Romanam
2019 277 2180 308 diffitentur.
2202 278 2234 308 V.
2253 278 2328 308 Parei
2340 278 2405 307 Lex.
2417 278 2484 307 Crit-

1364 323 1389 350 §t
1404 319 1524 348 Vossium
1538 318 1572 346 de
1586 316 1664 346 Vitiis
1676 316 1763 345 Serm.

1325 359 1350 389 C
1360 369 1375 388 o
1388 368 1406 387 N
1416 367 1473 387 811.
1485 360 1519 385 117.
1531 366 1574 384 ro
1585 365 1600 383 r.
1612 376 1620 389 ,
1643 354 1708 383 (iris.
1730 363 1766 382 m.
1790 349 1955 389 [amma]
1976 352 2044 382 Plin.
2058 364 2084 389 4.
2097 352 2180 391 Epist.
2197 361 2239 391 17.
2253 353 2289 383 ad
2300 352 2420 389 Gallum,
2435 351 2487 382 Ille

1365 397 1393 425 in
1405 394 1534 433 gerendis
1545 393 1615 422 meis
1625 391 1777 420 honoribus
1786 390 1945 420 consiliator
1958 391 1984 419 ἃ
1996 392 2094 420 redior.

1368 434 1394 463 Si
1406 443 1471 462 vero
1484 430 1593 461 accessit
1606 429 1763 459 consiliator
1777 428 1928 458 maleficus.
1952 428 2057 458 Pliaedr.
2071 438 2098 458 2.
2111 437 2138 466 7.

1329 472 1616 501 ConsimZTaix
1629 489 1636 503 ‚
1657 468 1718 496 icis.
1741 467 1760 496 f.
1783 465 1864 504 Apul.
1883 465 1952 495 Met.
1972 476 1995 498 ς.

1332 510 1357 539 C
1366 520 1382 537 o
1391 518 1409 537 N
1419 518 1447 537 si
1459 519 1474 536 L
1485 518 1492 535 i
1503 517 1521 535 A
1531 516 1563 535 ai
1572 516 1589 534 u
1598 515 1610 533 s
1625 527 1632 539 ,
1654 505 1671 534 i.
1694 514 1730 534 m.
1755 503 1935 540 [σύμέελῦυ]
1959 503 2015 539 Qui
2027 503 2075 532 dat
2086 503 2239 534 consilium.
2262 503 2321 533 Cic.
2335 513 2358 532 1.
2368 502 2445 533 Fam.
2456 509 2484 532 2.

1370 545 1506 584 Perspicio
1521 544 1550 572 id
1564 543 1639 580 quod
1652 544 1707 578 jam
1720 541 1850 571 omnibus
1862 541 1899 570 est
1910 549 2048 576 apertum.
2063 548 2151 570 totam
2161 550 2221 570 rem
2231 542 2307 571 istam
2318 540 2488 578 jampridem

1369 595 1383 613 a
1393 584 1472 612 certis
1481 581 1644 611 hominibus
1655 589 1711 609 nnn
1722 581 1809 609 invito
1819 589 1883 616 rege
1895 578 2177 616 ips0,consiliariisque
2187 580 2246 614 ejus
2256 579 2309 608 esse
2317 584 2500 617 corruptam..

1368 620 1544 651 consiliarius
1556 625 1637 656 atque
1647 618 1813 647 administer.
1856 617 1914 646 Cic.
1928 626 1952 653 3.
1967 617 2002 645 de
2015 615 2105 654 Legib.
2116 626 2162 653 43.
2187 616 2231 646 Est
2244 622 2337 646 autem
2353 615 2421 646 boni
2435 616 2489 645 Au-

1388 659 1461 695 guris
1472 680 1479 692 ,
1502 654 1793 686 meminissemiaximis
1809 654 1927 692 Reipub.
1942 654 2117 691 temporibus
2131 655 2226 692 praesto
2237 654 2292 684 else
2303 654 2420 690 debere,
2440 654 2488 690 Jo-

1388 697 1470 733 vique
1481 695 1599 733 Optimo
1610 693 1735 723 Maximo
1745 693 1770 722 se
1785 692 1973 722 consiliarium
1984 700 2067 730 atque
2077 692 2269 722 administrum
2281 691 2386 722 datum.

1370 735 1459 764 Amici
1475 732 1656 763 &consiliarii
1668 732 1794 767 alicujus.
1836 731 1893 760 Cic.
1903 742 1929 764 4·
1945 730 2019 759 Verr.
2031 739 2076 764 4²-
2104 730 2214 760 Interea
2231 730 2296 759 sane
2312 729 2490 768 perturbatus

1390 774 1416 801 6<
1428 771 1483 809 ipse
1493 793 1501 807 ,
1524 772 1549 800 δι
1559 771 1619 806 ejus
1630 769 1747 799 amici&
1759 767 1905 799 consiliarii
1917 767 2032 798 moleste
2041 767 2111 797 Ferre
2120 774 2277 806 coeperunt.

1369 809 1546 839 Conliliarius
1558 810 1584 838 8(
1601 809 1704 837 auctor.
1745 807 1803 836 Cic.
1818 816 1860 843 ¹4·
1873 808 1926 835 Att.
1940 816 1965 841 9-
1997 806 2053 835 Sed
2071 812 2166 835 tamen
2188 816 2221 836 ea
2241 805 2311 836 ratio
2332 804 2491 836 aedifieandi

1390 848 1475 876 initur
1484 870 1492 882 ‚
1514 845 1667 876 consiliario
1682 845 1795 882 quidem
1805 846 1832 874 St
1845 846 1957 874 auctore
1966 843 2098 872 Vestorio.

1371 884 1563 914 Coniiliarium
1577 885 1605 912 in
1616 884 1701 912 corde
1715 892 1878 913 convocare.
1918 881 1951 912 In
1972 882 2039 911 dict.
2050 881 2104 918 seq.
2122 883 2148 911 δι
2168 890 2186 911 c
2195 890 2212 909 0
2220 890 2241 910 N
2249 890 2267 911 v
2276 890 2293 910 o
2302 891 2354 911 cc.

1372 922 1548 952 Consiliarius
1563 921 1655 951 caedis.
1695 921 1798 951 Patere.
1811 930 1837 950 2.
1853 923 1896 956 5⁶·
1923 921 1941 949 i.
1954 929 1979 948 e.
2001 919 2057 955 Qui
2068 920 2173 949 caedem
2187 918 2246 949 fieri
2260 918 2409 950 consuluit.

1335 961 1433 992 cons
1444 972 1477 990 ii.
1488 971 1497 989 i
1507 970 1569 989 AB!
1581 969 1618 989 us
1633 981 1642 995 ,
1664 959 1727 995 Adj.
1748 957 1940 995 [βελόυπνρς]
1960 956 2046 987 Plaut.
2058 957 2143 988 Truc.
2154 967 2181 988 2.
2195 967 2219 988 1.
2234 959 2262 988 6.

1685 1013 1721 1018 -
1737 1006 1780 1026 ma
1802 1007 1823 1026 is
1845 1005 1880 1026 ue
2215 1011 2222 1017 .

1389 1035 1466 1065 Adeo
1477 1035 1501 1066 ei
1512 1034 1681 1065 consiliarius
1692 1034 1739 1064 hic
1748 1006 1853 1064 anigicgs
1864 1034 1911 1068 est,
1921 1042 2003 1071 quam
2015 1032 2184 1063 auxiliarius.
2213 1032 2491 1072 ldemEpid.i.2.56.

1449 1074 1511 1110 Jam
1520 1074 1654 1103 Senatum
1664 1073 1827 1107 convocabo
1839 1073 1868 1101 in
1880 1072 1965 1102 corde
1979 1071 2175 1101 consiliarium.

866 1123 974 1157 cimus,
996 1127 1027 1151 ut
1043 1117 1155 1149 consilia
1173 1114 1280 1147 eventis
1334 1111 1384 1141 Co
1395 1115 1543 1141 Νειωὸε
1554 1121 1612 1145 us,
1633 1121 1649 1140 a
1669 1110 1776 1140 Catone
1792 1110 1899 1140 dietum
1911 1131 1919 1145 ‚
1944 1109 2013 1139 teste
2036 1109 2109 1140 Gell.
2131 1109 2182 1139 lib.
2193 1118 2220 1145 4.
2232 1119 2330 1148 cap.9.
2351 1109 2449 1140 Sidon.
2462 1118 2490 1148 7.

1372 1149 1454 1188 Epist.
1467 1159 1493 1185 9.
1516 1147 1770 1178 Consiliosilsimum
1781 1148 1828 1178 est.

1334 1187 1357 1217 C
1368 1197 1384 1215 ο
1395 1197 1413 1216 Ν
1425 1188 1462 1217 εὔ
1471 1197 1511 1216 Lo
1523 1209 1531 1222 ,
1552 1187 1622 1216 sului
1633 1209 1640 1221 ,
1661 1186 1764 1215 fultum
1776 1207 1784 1221 ,
1806 1183 1972 1222 [βκλσῦομαι
1981 1207 1990 1221 ,
2011 1183 2178 1220 evadenda,
2202 1185 2406 1221 συμμηπάομοα,
2430 1197 2494 1222 rufa..

1373 1224 1524 1261 φρρίζομαω]
1545 1226 1600 1254 ὅτε.
1624 1224 1695 1254 Dare
1705 1231 1752 1253 aut
1764 1223 1858 1253 Petere
1870 1223 2016 1253 consilium
2026 1245 2034 1259 ,
2056 1233 2107 1260 pro
2121 1223 2195 1253 varia
2204 1223 2417 1253 constructione.

1372 1262 1522 1292 Consulere
1531 1263 1586 1292 sine
1599 1263 1710 1295 3111εᾶ0
1721 1284 1729 1296 ,
1753 1262 1830 1291 idem
1847 1262 1923 1299 quod
1943 1261 2105 1291 Consultare
2117 1261 2160 1290 vel
2176 1260 2340 1290 deliberare.
2380 1260 2447 1291 Caes.
2463 1269 2492 1297 7.

1391 1300 1459 1330 Bell.
1474 1300 1544 1330 Gall.
1558 1307 1602 1336 83.
1625 1301 1670 1330 Bis
1679 1309 1780 1337 magno
1789 1309 1853 1330 cum
1865 1299 2033 1329 detrimento
2047 1299 2147 1337 repulsi
2159 1298 2243 1335 Galli,
2253 1299 2322 1337 quid
2334 1305 2416 1338 agant
2425 1308 2493 1329 con-

1390 1338 1492 1368 sulunt.
1513 1338 1578 1368 Ter.
1590 1338 1667 1368 Adel.
1683 1348 1707 1374 ς.
1720 1348 1746 1374 9.
1758 1347 1804 1375 25.
1824 1338 1879 1376 Age
1888 1344 1975 1376 pater.
1996 1347 2028 1368 n.
2050 1337 2111 1375 post
2123 1336 2276 1368 consulam.

1373 1376 1406 1407 In
1416 1377 1624 1414 longitudinem
1635 1375 1788 1406 consulere.
1809 1375 1874 1406 Ter.
1887 1376 1986 1406 Heaut.
1999 1386 2022 1412 5.
2036 1385 2063 1405 2.
2078 1385 2121 1405 10.

1453 1414 1508 1444 Ubi
1517 1422 1545 1444 te
1558 1415 1615 1444 vidi
1626 1415 1722 1444 animo
1732 1413 1786 1444 effe
1796 1412 1895 1443 omisso
1909 1435 1917 1448 ,
1938 1415 1965 1444 ἀ
1980 1413 2072 1443 suavia
2084 1414 2114 1442 in
2124 1412 2269 1451 praesentia

1452 1453 1523 1490 Quae
1533 1452 1620 1483 essent
1629 1475 1637 1487 ,
1659 1452 1750 1491 prima
1760 1451 1861 1482 habere
1870 1474 1878 1487 ‚
1899 1461 1991 1488 neque
2001 1450 2146 1482 consulere
2159 1452 2190 1480 in
2206 1450 2433 1489 longitudinem:

1452 1491 1535 1529 Coepi
1559 1491 1696 1520 rationem
1707 1512 1715 1526 ,
1736 1497 1768 1520 ut
1784 1499 1876 1528 neque
1891 1499 2005 1528 egeres,
2025 1499 2118 1527 neque
2136 1495 2168 1520 ut
2184 1489 2245 1519 haec
2257 1489 2348 1528 posses
2363 1490 2490 1528 perdere.

1390 1529 1408 1558 i.
1421 1538 1445 1558 e.
1470 1529 1536 1558 Non
1548 1529 1693 1567 providere
1703 1529 1732 1558 in
1740 1528 1889 1566 posterum.

1368 1566 1402 1596 In
1421 1577 1580 1597 commune.
1609 1568 1628 1597 i.
1642 1577 1666 1596 e.
1688 1567 1719 1596 In
1736 1575 1916 1596 communem
1937 1565 2105 1600 utilitatem,
2125 1564 2198 1595 Item
2218 1564 2356 1595 advocato
2375 1565 2491 1603 publico

1387 1604 1502 1635 consilio
1513 1627 1521 1641 ,
1544 1606 1634 1643 deque
1644 1604 1766 1643 publicis
1774 1614 1809 1634 ne
1830 1605 1903 1634 otiis.
1924 1603 1990 1633 Ter.
2005 1604 2088 1633 Andr.
2104 1611 2128 1638 3.
2139 1611 2165 1640 3.
2180 1607 2225 1633 16.

1461 1643 1516 1672 Sed
1530 1643 1592 1673 siex
1604 1653 1635 1673 ea
1649 1653 1678 1672 re
1689 1643 1750 1681 plus
1766 1652 1809 1672 ma
1823 1642 1862 1671 i'st
1873 1652 1956 1680 quam
1966 1641 2113 1671 commodi

1461 1681 1577 1718 Utrique
1590 1704 1598 1715 ,
1620 1682 1649 1710 id
1661 1688 1688 1712 te
1700 1691 1751 1710 oro
1760 1681 1790 1710 in
1800 1690 1951 1710 commune
1966 1685 1997 1709 ut
2011 1678 2150 1709 consulas.
2232 1678 2307 1710 cons.
2328 1677 2402 1708 infra
2416 1678 2491 1709 Con-

1386 1718 1489 1748 cordiae
1500 1719 1654 1749 consulere.

1366 1755 1399 1787 In
1409 1757 1554 1794 publicum
1567 1780 1575 1793 ,
1595 1758 1683 1788 Idem.
1705 1756 1775 1787 Plin.
1788 1756 1838 1786 lib.
1851 1766 1877 1792 9.
1891 1755 1975 1794 Epist.
1990 1765 2034 1793 13.
2047 1760 2116 1785 extr.
2139 1754 2226 1792 Quod
2237 1753 2423 1787 intermissum
2431 1755 2489 1792 jam

1385 1795 1435 1824 diu
1446 1805 1553 1825 morem
1564 1796 1592 1825 in
1603 1795 1750 1834 publicum
1761 1794 1943 1830 consulendi,
1960 1793 2091 1832 susceptis
2101 1793 2222 1836 propriis
2231 1791 2416 1823 simultatibus
2426 1814 2434 1830 ‚
2445 1802 2488 1823 re·
2550 1786 2551 1791 ¹
2566 1784 2587 1817 '¹7.

1387 1833 1533 1863 duxissem.

1365 1870 1398 1901 In
1410 1872 1534 1901 medium
1546 1894 1553 1907 ,
1576 1872 1607 1902 ln
1617 1880 1778 1902 commune.
1801 1869 1904 1900 Lucan.
1923 1880 1947 1906 ς.
1962 1872 2008 1906 4⁶-

1367 1909 1526 1939 Consulitur
1545 1911 1574 1939 in
1591 1910 1726 1940 medium
1768 1908 1825 1939 Liv.
1839 1912 1885 1938 26.
1900 1917 1943 1938 12.
1975 1907 2106 1938 Ceterum
2117 1927 2126 1942 ‚
2147 1906 2387 1944 quemadmodum
2403 1915 2488 1936 nemo

1386 1949 1494 2015 prlivgto
1506 1948 1621 1978 consilio
1632 1949 1666 1978 ad
1678 1948 1786 1978 hostem
1795 1946 1941 1983 transibat,
1961 1945 2000 1976 ita
2014 1944 2086 1975 nihil
2095 1944 2213 1976 salutare
2232 1945 2263 1974 in
2280 1945 2406 1975 medium
2421 1954 2488 1974 con-

1400 1996 1414 2015 u
1428 1996 1442 2015 e
1465 1993 1532 2016 atur.

1368 2022 1399 2053 In
1412 2034 1508 2053 unum.
1529 2024 1621 2054 Tacit.
1637 2033 1661 2053 1.
1674 2023 1742 2054 Hist.
1756 2026 1801 2058 68.

1368 2062 1518 2092 Consulere
1533 2063 1577 2092 de.
1597 2063 1721 2100 Propert.
1732 2061 1782 2092 lib.
1795 2071 1821 2097 4.
1837 2072 1861 2097 ς.
1874 2069 1917 2096 17.

1424 2100 1621 2138 Consuluitque
1631 2101 1724 2137 striges
1736 2100 1828 2129 nostro
1839 2100 1875 2129 de
1885 2097 2027 2136 sanguine.
2044 2096 2191 2127 confiExta
2200 2096 2343 2127 consulere
2350 2095 2486 2128 &einflat

1369 2136 1517 2167 Consulere
1525 2138 1561 2167 de
1572 2138 1666 2175 aliquo
1685 2137 1756 2167 bene
1765 2137 1809 2168 vel
1822 2138 1913 2172 male,
1934 2136 1973 2166 est
1983 2135 2060 2165 Bene
2077 2135 2123 2165 vel
2141 2136 2218 2165 secus
2235 2146 2300 2165 eum
2317 2135 2444 2174 accipere
2461 2137 2490 2166 δε

1388 2177 1505 2205 trat‘tare
1516 2198 1523 2211 ,
1546 2177 1572 2206 &
1584 2186 1647 2205 curn
1660 2186 1694 2204 eo
1705 2173 1787 2213 agei-e
1799 2176 1950 2205 commode
1961 2181 2009 2203 aut
2020 2174 2212 2203 incommode.
2235 2174 2292 2210 Liv.
2304 2182 2347 2208 30.
2359 2182 2407 2209 ⁴³·
2416 2180 2489 2203 extr.

1388 2214 1430 2243 De
1441 2214 1563 2251 perfugis
1575 2215 1691 2251 gravius,
1703 2223 1784 2250 quam
1795 2214 1831 2243 de
1843 2212 1966 2251 fugitivis
1976 2211 2143 2242 consultum.
2183 2213 2230 2241 i.e.
2252 2211 2352 2241 Nullos
2362 2211 2490 2241 acerbius

1387 2253 1753 2290 acceperunt&trat‘karunt
1766 2273 1774 2288 ,
1796 2251 1841 2281 vel
1854 2252 2063 2288 cogitaverunt,
2085 2251 2111 2280 δι
2129 2249 2280 2280 statuerunt
2290 2250 2414 2279 tradate.
2435 2249 2489 2279 Bu·
2525 2279 2530 2285 .

1389 2290 1472 2319 daeus.
1515 2289 1697 2319 Tantundem
1713 2289 1751 2319 est
1763 2299 1794 2319 ac
1803 2290 1921 2319 statuere
1931 2289 1966 2317 de
1977 2288 2070 2325 aliquo
2079 2310 2088 2324 ,
2109 2286 2154 2318 vel
2163 2287 2194 2317 In
2203 2287 2334 2325 aliquem.

1369 2327 1518 2357 Consulere
1529 2328 1563 2357 de
1572 2328 1657 2357 salute
1667 2327 1796 2370 suorum,
1818 2329 1844 2357 Sc
1853 2327 2024 2364 Relinquere
2035 2335 2214 2355 communem
2227 2347 2236 2360 ,
2257 2326 2404 2356 contraria.
2426 2326 2486 2357 Cic.

1387 2376 1438 2403 pro
1450 2366 1517 2395 Sull.
1530 2370 1576 2400 63.
1599 2366 1698 2403 Neque
1719 2376 1771 2403 ego
1790 2371 1899 2394 tantum
1916 2365 2038 2394 fraterno
2058 2365 2146 2393 amori
2161 2364 2285 2393 dandum
2303 2364 2435 2400 arbitror,
2455 2372 2488 2394 ut

1388 2403 1530 2441 quisquam
1539 2404 1573 2433 de
1584 2403 1670 2433 salute
1679 2404 1791 2433 suorum
1803 2402 1943 2438 consulat,
1965 2412 2145 2432 communem
2160 2401 2307 2438 relinquat.

1369 2441 1519 2471 Consulere
1530 2442 1565 2471 de
1575 2441 1600 2471 se
1612 2464 1620 2477 ,
1642 2441 1686 2471 vel
1702 2441 1788 2471 salute
1798 2441 1861 2476 sua,
1882 2440 1998 2479 gravius.
2021 2439 2080 2469 Cic.
2096 2449 2138 2469 1ο.
2150 2440 2204 2469 Att.
2219 2449 2261 2469 11.
2284 2441 2301 2468 i.
2314 2449 2339 2470 e.
2362 2439 2489 2471 Noxium

1388 2480 1568 2509 &exitiosum
1582 2479 1629 2509 fibi
1641 2479 1786 2509 consilium
1802 2488 1910 2517 capere.
1947 2478 2006 2508 Cic.
2017 2482 2042 2511 8.
2058 2477 2133 2507 Fam.
2147 2481 2190 2507 16.
2211 2477 2262 2506 Per
2269 2477 2394 2507 fortunas
2408 2485 2468 2507 tuas
2478 2500 2489 2514 ,

1388 2517 1487 2547 Cicero
1499 2539 1506 2553 ‚
1527 2518 1684 2555 perliberos
1695 2527 1761 2554 oro,
1773 2517 1898 2547 obsecro
1910 2538 1919 2553 ,
1940 2526 1975 2546 ne
1987 2515 2172 2554 quidgravi‘us
2190 2515 2225 2549 de
2235 2513 2321 2546 salute
2337 2517 2363 2546 St
2380 2516 2488 2546 incolu-

1388 2556 1484 2584 mitate
1496 2563 1543 2584 tua
1556 2555 1691 2585 consulas.

1368 2593 1518 2623 Consulere
1529 2593 1576 2623 sibi
1587 2593 1657 2623 dese
1669 2593 1736 2631 ipso.
1776 2592 1835 2623 Cic.
1846 2601 1872 2628 7.
1883 2593 1937 2622 Att.
1952 2600 1993 2629 ¹3-
2014 2590 2101 2622 Aliter
2111 2591 2188 2622 enim
2199 2591 2270 2621 mihi
2284 2591 2320 2621 de
2330 2590 2384 2622 illis
2401 2600 2435 2622 ac
2450 2591 2487 2622 de

1388 2640 1433 2660 nie
1445 2631 1503 2669 ipso
1518 2631 1719 2661 consulendum
1729 2631 1776 2661 est.
2311 2633 2315 2635 ’
2551 2647 2570 2662 =·.

1367 2668 1409 2699 Ex
1418 2679 1446 2698 re
1455 2668 1606 2699 consulere.
1646 2670 1674 2699 11.
1688 2679 1712 2698 e.
1735 2670 1817 2699 Prout
1828 2667 1934 2697 occasio
1944 2666 2049 2697 tulerit.
2086 2666 2175 2697 Tacit.
2191 2676 2216 2699 1.
2232 2667 2302 2698 Anti.
2315 2676 2359 2704 24.
2391 2667 2486 2698 Nullis

1388 2707 1450 2736 satis
1459 2708 1540 2736 certis
1552 2707 1688 2736 mandatis
1700 2729 1707 2741 ,
1728 2716 1764 2736 ex
1775 2716 1804 2736 re
1814 2706 2017 2736 consulturum.
2326 2705 2337 2712 ³
2461 2727 2466 2729 .
2570 2718 2573 2727 1

1368 2744 1518 2774 Consulere
1530 2745 1601 2774 male
1619 2746 1647 2774 in
1668 2745 1790 2782 aliquem
1802 2766 1810 2780 ,
1831 2744 1907 2773 idem
1918 2743 1993 2780 quod
2009 2742 2085 2773 Male
2097 2753 2161 2772 eum
2176 2743 2305 2781 accipere
2321 2744 2347 2773 &
2360 2745 2492 2774 tractaieae

1387 2783 1445 2850 [ἣν.
1461 2787 1539 2850 3S.36.
1551 2790 1622 2812 extr.
1643 2783 1674 2813 ln
1693 2782 1855 2812 humiliores
1869 2781 2037 2817 crudeliter,
2058 2781 2262 2819 libidinoseque
2280 2780 2484 2812 consulebatur.

1422 2830 1459 2850 ias
1489 2828 1603 2851 tatuere.

1368 2858 1518 2888 Consulere
1528 2859 1633 2896 aliquid
1645 2860 1674 2888 in
1686 2858 1712 2887 se
1727 2858 1790 2888 &in
1799 2857 1925 2887 alterum.
1947 2856 2012 2887 Ter.
2024 2856 2125 2886 Heaut.
2135 2865 2161 2893 ς.
2175 2866 2198 2886 1.
2210 2861 2256 2892 28.

1458 2897 1531 2933 Quia
1541 2897 1656 2934 pelsime
1673 2897 1740 2925 istuc
1752 2896 1818 2925 inte
1832 2903 1915 2932 atque
1926 2895 1956 2924 in
1971 2894 2050 2924 illum
2062 2894 2199 2931 consulis,

1458 2935 1486 2964 Si
1500 2943 1526 2963 te
1536 2943 1591 2964 tam
1603 2935 1658 2964 leni
1670 2936 1695 2964 Sc
1707 2934 1780 2963 victo
1790 2933 1844 2963 esse
1857 2934 1951 2963 animo
1963 2932 2133 2962 ostenderis.

1365 2971 1441 3002 Male
1453 2971 1595 3002 consulere
1606 2974 1633 3002 in
1643 2972 1774 3010 aliquem.
1813 2972 1844 3001 ln
1864 2982 1885 3001 M
1896 2981 1916 3000 A
1927 2982 1943 3000 L
1954 2981 1971 2999 υ
1981 2981 2003 3000 s.
2492 2995 2496 2998 .

1365 3009 1536 3077 Bolriiibplin.
1550 3011 1579 3039 in
1592 3011 1731 3048 prooemio
1741 3009 1789 3039 lib.
1804 3018 1847 3046 33.
1867 3009 1886 3039 i.
1901 3019 1925 3039 e.
1949 3008 2057 3038 Bonum
2068 3007 2204 3044 Judicare‚
2226 3013 2257 3038 ut
2268 3008 2385 3047 exponit
2394 3008 2472 3046 Quin

1383 3056 1422 3077 ti.
1448 3059 1454 3077 ι
1477 3058 1650 3086 .1.cap.io.
1885 3053 1887 3056 ⁴

1365 3085 1435 3115 Boni
1446 3086 1587 3115 consulere
1602 3086 1715 3122 aliquid.
1744 3085 1829 3115 Ovid.
1843 3095 1869 3120 4.
1886 3084 1966 3114 Trist.
1980 3093 2004 3115 ,1.
2020 3094 2082 3118 104.

1365 3123 1501 3153 Laborem
1513 3124 1630 3160 alicujus
1642 3124 1718 3153 boni.
1740 3123 1860 3160 Quintil.
1871 3123 1899 3151 in
1932 3132 2030 3151 rooem.
2041 3121 2091 3151 lib.
2101 3123 2127 3150 6.

1366 3161 1516 3191 Consulere
1528 3162 1631 3198 aliquid
1641 3162 1706 3191 mali
1719 3161 1794 3199 quod
1806 3161 1912 3190 faciasa
1925 3159 1984 3189 teri.
2009 3159 2092 3189 Plaut.
2110 3158 2178 3189 Pers.
2191 3169 2213 3195 ς.
2225 3166 2251 3188 2.
2263 3161 2308 3196 63.

1458 3200 1540 3228 Certo
1552 3200 1590 3228 illi
1601 3200 1730 3229 homines
1739 3199 1806 3228 mihi
1818 3198 1911 3228 nescio
1923 3198 1990 3235 quid
2001 3197 2067 3227 mali
2079 3196 2229 3226 consulunt
2241 3197 2315 3226 quod
2325 3196 2434 3227 saciant.

1364 3236 1441 3266 Licet
1452 3237 1616 3266 consulere?
1645 3237 1702 3267 Cic.
1714 3247 1764 3275 pro
1778 3237 1887 3266 Murem
1898 3242 1941 3268 28.
1964 3235 2060 3272 Itaque
2074 3245 2130 3264 non
2143 3234 2229 3264 modo
2246 3234 2374 3264 beneficii
2394 3234 2483 3265 collo·

1383 3275 1463 3303 candi
1476 3275 1550 3312 spem
1561 3297 1568 3310 ,
1589 3275 1634 3305 sed
1643 3277 1725 3304 etiam
1738 3274 1809 3303 illud
1821 3274 1897 3310 quod
1911 3273 2061 3310 aliquando
2074 3273 2142 3307 suit,
2164 3272 2230 3302 licet
2242 3272 2406 3302 consulere?
2423 3274 2481 3309 jam

1383 3313 1547 3349 perdidistis.
1589 3313 1673 3343 Vetus
1684 3314 1721 3342 est
1732 3313 1865 3348 loquendi
1880 3311 2017 3340 formula:
2040 3312 2086 3348 qui
2106 3311 2182 3340 enini
2200 3309 2406 3346 jurisconsultos
2424 3312 2482 3339 adi·
2534 3294 2584 3345 ³2¹

1384 3351 1452 3380 bant
1472 3350 1661 3385 consultores,
1689 3352 1782 3380 dicere
1805 3349 1948 3383 solebant,
1975 3348 2054 3378 Licet
2074 3348 2238 3378 consulere?
2269 3349 2352 3385 Quod
2369 3349 2484 3378 venuste
2531 3350 2561 3385 ᾖ]

1382 3388 1504 3418 imitatus
1515 3389 1553 3417 est
1566 3389 1694 3418 Horatius
1707 3398 1731 3418 2.
1745 3389 1831 3418 Serm.
1845 3397 1868 3421 ³.
1888 3396 1949 3423 ¹9²·

1443 3425 1512 3463 Ergo
1525 3426 1669 3456 consulere
1683 3428 1709 3457 S:
1720 3435 1787 3455 mox
1801 3425 1968 3463 respondere
1986 3423 2104 3453 licebit?
2198 3422 2272 3453 conf.
2295 3422 2325 3452 in
2345 3432 2389 3452 co
2399 3433 2441 3454 Ns
2451 3434 2482 3453 is.

1381 3473 1423 3492 ιο
1434 3473 1449 3492 a
1469 3464 1548 3493 infra.

1361 3500 1511 3531 Consulere
1531 3501 1683 3538 [cie-egi]
1698 3500 1790 3533 alicui,
1801 3499 1946 3529 Providere
1956 3499 2039 3528 etiarn
2049 3497 2189 3536 significat.
2200 3497 2264 3527 Ter.
2271 3497 2478 3536 Heaut.4.3.37.

1454 3539 1497 3568 'su
1510 3539 1616 3569 fortasse
1630 3539 1698 3576 quid
1707 3548 1750 3567 me
1761 3537 1993 3575 fiatparvipendis
2004 3558 2012 3572 ,
2033 3537 2101 3565 dum
2115 3535 2155 3565 illi
2165 3535 2299 3565 consulas.

1363 3576 1511 3606 Consulere
1524 3579 1549 3607 &
1561 3577 1716 3615 providere.
1757 3576 1815 3605 Cic.
1828 3585 1854 3605 2.
1874 3575 1948 3604 Verr.
1961 3583 2006 3611 43.
2030 3574 2082 3603 Cui
2104 3572 2169 3603 loco
2187 3583 2237 3611 per
2253 3574 2321 3602 deos
2339 3574 2479 3605 immorta-

1382 3614 1421 3644 les
1431 3636 1438 3648 .
1460 3615 1572 3649 ,Iudices
1584 3637 1592 3649 ‚
1612 3613 1749 3644 consulite
1759 3635 1766 3648 ,
1788 3623 1818 3642 ac
1828 3612 1984 3650 providete.

1362 3651 1511 3681 Consulere
1526 3654 1551 3682 &
1565 3653 1729 3691 Negligere,
1750 3651 1909 3688 pugnantia.
1951 3649 2009 3679 Cic.
2025 3659 2047 3679 1.
2061 3647 2118 3678 Off.
2134 3653 2179 3681 85.
2213 3647 2269 3684 Qui
2289 3654 2381 3678 autern
2403 3649 2477 3687 parti

1381 3690 1482 3720 civium
1494 3690 1658 3725 consulunt,
1681 3696 1789 3727 partem
1799 3690 1962 3726 negligunt,
1984 3696 2042 3716 rem
2059 3684 2311 3724 perniciosissimam
2330 3687 2359 3716 in
2380 3688 2476 3719 civita·

1380 3734 1436 3756 teni
1447 3728 1602 3760 inducunt,
1624 3728 1790 3757 seditionem
1807 3734 1889 3763 atque
1900 3725 2075 3755 discordiam.

1361 3764 1516 3802 Prospicere
1537 3767 1562 3794 δι
1580 3765 1721 3795 consulere
1739 3764 1853 3802 aliquid.
1893 3763 1952 3793 Cic.
1973 3772 2015 3792 11.
2038 3763 2093 3792 Att.
2108 3771 2150 3796 14.
2182 3760 2237 3791 Sed
2255 3768 2347 3791 tamen
2370 3760 2475 3800 aliquid

1380 3802 1484 3832 consuli
1497 3804 1521 3832 64
1534 3803 1654 3840 prospici
1665 3803 1774 3840 poterit.

1360 3839 1463 3878 Longe.
1487 3840 1557 3876 Virg.
1570 3851 1594 3875 9.
1614 3841 1674 3871 lEn.
1687 3850 1748 3873 ³²2.
1843 3845 2134 3874 —tiinequamanus
2144 3835 2306 3866 seattollere
2320 3835 2402 3866 nobis

1455 3879 1472 3906 A
1486 3884 1562 3915 tergo
1576 3877 1790 3914 poilkcustodi,
1813 3875 2019 3906 &consulelon
2041 3884 2064 3903 e.

1360 3916 1501 3945 Omnibus
1518 3916 1661 3945 consulere
1675 3938 1683 3951 ,
1704 3915 1811 3945 mederi
1830 3913 2019 3945 incommodis
2055 3912 2199 3948 ominum,
2220 3911 2367 3950 providere
2386 3910 2474 3942 salua.

1377 3953 1437 3984 Cic.
1454 3964 1476 3983 1.
1490 3954 1526 3990 Q‚.
1540 3954 1602 3983 frat.
1616 3963 1659 3990 ¹7·
2373 3987 2394 4016 C
2434 3985 2451 4016 s

2396 3996 2432 4016 on
2445 3996 2474 4017 u-
