2604 4222
110 131 180 171 644
495 117 526 152 C
620 115 656 149 O
751 110 785 147 N

149 202 271 235 Turbam
283 201 440 239 ignotorum
452 199 577 229 deorum.
599 197 658 226 Cic.
677 204 701 224 r.
719 194 754 224 de
763 192 828 223 Nat.
843 191 926 221 Deor.
940 197 984 225 39.
1046 225 1052 231 .

151 243 229 271 Virus
239 245 429 277 congregatur.
451 237 515 267 Seii.
530 233 619 264 OEth.
632 236 724 268 V·565-
743 231 797 260 Sed
806 231 835 258 in
844 228 928 258 codd.
937 226 1067 256 corree'tis
1078 223 1259 261 Congeratur.

115 282 136 312 C
146 291 162 310 o
173 289 191 308 N
200 288 219 307 o
228 288 244 306 a
254 287 268 306 a
276 287 294 305 c
302 280 319 306 Ti
330 286 349 304 τ
360 286 396 305 us
407 296 416 311 ,
437 285 452 304 a
461 296 468 309 ‚
489 283 546 304 um.
578 265 817 308 [συνηθροισμθρῶι]
845 265 939 295 Partic.
961 271 992 293 ut
1001 285 1008 299 ,
1030 261 1185 293 Multitudo
1207 261 1258 290 ho-

152 318 259 347 minum
270 324 304 344 ex
314 314 396 343 servis
406 311 551 342 conductis
559 315 730 346 congregata.
753 305 810 335 Cic.
820 313 870 348 pro
881 303 972 332 Domo
982 306 1031 344 89..
1195 336 1201 343 ι

152 354 290 385 Homines
297 358 394 381 natura
407 348 564 388 congregati
584 345 719 388 adhibent
731 342 831 381 agend-i
846 339 1088 378 congregandique
1112 334 1259 366 solertiam.

173 392 231 421 Cic.
248 400 269 419 1.
283 389 340 419 Off.
354 398 413 425 ¹57·
455 387 494 416 Al.
515 383 726 422 Cogitandique.

155 430 212 461 Nix
223 436 257 457 ex
268 437 337 464 aqua
347 430 521 464 congregata.
544 423 601 452 Cic.
612 432 636 457 4.
649 420 732 450 Acad.
746 428 807 448 100.
830 416 869 460 Al.
890 411 1091 457 concreta-vel
1101 411 1261 459 Congelata.

158 467 204 497 Vis
215 466 306 494 oriens
318 466 343 494 &
351 469 514 500 congregata
526 482 533 495 ‚
552 461 597 489 cui
607 458 759 496 opponitur
768 456 813 485 Vis
824 454 948 484 distracta
960 454 985 483 ἃ
993 451 1122 495 extincta.
1146 449 1262 484 Cicpro

176 505 268 535 Domo
278 506 323 539 67.
345 501 384 531 Ex
393 510 447 537 quo
457 499 578 533 judicare
586 496 698 534 potestis
706 500 806 532 quanta
813 493 854 522 vis
865 491 912 521 illa
921 491 1004 520 fuerit
1011 488 1139 531 oriens&
1149 496 1264 524 congre-

179 548 238 580 gata
249 562 257 576 ,
279 549 363 577 quum
374 538 432 567 haec
443 537 494 566 Cn.
506 535 670 573 Pompeium
679 531 806 562 terruerit
820 531 875 566 jam
886 529 1012 558 distracta
1025 528 1051 557 δι
1059 526 1191 555 extincta.

121 581 347 611 CoNcarcATiM,
358 576 425 605 Adv.
437 575 513 604 Idem
523 573 597 610 quod
608 571 755 609 Gregatim.
768 568 897 598 Prudent.
910 567 1023 605 Hymno
1031 564 1264 601 JeJunant.v.r43.

247 615 359 646 Cursant
370 622 418 652 per
431 611 523 650 ampla
532 610 722 648 congregatim
733 607 846 637 moenia.
982 642 987 648 .
1012 641 1018 647 .

124 657 146 687 C
155 666 172 685 ο
181 665 200 684 Ν
209 664 249 684 oi<
260 663 301 682 ao
310 661 399 681 Λτιο
415 672 423 685 ,
445 651 515 680 onis.
537 648 556 678 f.
578 650 592 683 [
604 646 766 682 συνάῖμοιως]
795 644 854 674 Cic.
863 652 891 679 4.
910 642 946 672 de
959 640 1050 672 Finib.
1064 649 1092 676 4.
1124 637 1266 674 Natosque

158 693 211 723 esse
222 691 256 721 ad
267 689 509 727 congregationem
519 686 675 716 hominum.
959 718 965 723 .
990 718 996 723 -
1066 715 1071 721 ⁸

123 731 146 761 C
156 741 172 760 o
181 740 200 759 N
209 740 226 758 c
236 739 251 758 R
261 738 275 757 ir
284 731 326 757 ολ
334 737 354 756 ‘r
362 737 379 756 ο
388 737 402 755 ii
411 748 419 761 ,
440 726 503 755 oris.
526 734 562 754 m.
583 723 684 752 Arnob.
695 720 742 750 lib.
756 723 780 750 6.
791 730 820 758 p.
835 729 896 756 199.
918 717 1027 748 Phidias
1036 714 1148 748 sciebat,
1168 722 1266 743 aurum

160 767 246 802 fuisse,
259 765 374 803 lapides,
392 770 472 801 atque
480 762 545 798 ofl'a,
564 760 704 794 informia,
714 757 857 796 disparata,
877 755 1055 792 confusaque,
1073 752 1155 790 seque
1165 751 1267 781 horum

158 805 283 835 omniurn
292 810 516 840 congregatorem
528 806 609 836 atque
622 799 786 828 vinctorem.
1075 828 1081 834 ¹
1231 825 1236 832 Ι

123 845 145 875 C
153 854 169 873 o
177 853 196 873 N
207 852 225 871 c
235 852 250 871 a
260 852 274 871 iz
283 844 325 870 cx
335 851 351 869 B
359 842 371 869 ῐ
380 850 396 868 ι.
405 850 415 867 i
423 849 435 868 s
451 861 460 875 ,
479 848 503 868 e.
526 834 720 874 [mwa‘ipoirif]
741 833 826 870 Quod
833 831 915 862 facile
925 838 1082 867 congregari
1094 826 1191 866 potest.
1205 825 1263 855 Cic.

158 890 184 912 2.
199 879 255 910 Off.
270 888 330 915 ¹57·
351 879 437 914 Atque
458 883 489 906 ut
511 884 595 914 apum
608 874 735 903 examina
753 881 811 901 non
831 869 1026 908 fingendorum
1045 867 1172 896 favorum
1187 863 1267 905 causa

159 922 360 955 congregantur
375 937 383 950 ‚
403 913 449 944 sed
467 923 552 952 quum
566 910 769 949 congregabilia
783 915 879 939 natura
898 907 964 942 sint,
985 905 1094 943 fingunt
1111 904 1207 932 favos:
1230 904 1267 930 iic

181 956 288 985 omines
328 954 379 983 ἃς.

123 994 146 1025 C
156 957 201 1023 ΣΝ
211 1003 229 1021 c
241 1002 255 1021 a
266 976 306 1021 EG,
316 1001 354 1027 is,
369 999 402 1026 e;
422 988 466 1019 vel
485 989 532 1018 Co
541 997 562 1017 N
571 997 590 1016 c
599 996 616 1016 ir
624 997 639 1016 a
647 996 666 1015 x
675 1008 685 1022 ‚
706 984 889 1022 [σιωάμλῶυ]
909 982 1009 1012 dicitur
1020 979 1101 1017 Gregi
1109 977 1266 1016 copulatus,

159 1029 378 1067 commistusque.
392 1027 469 1065 Apul.
481 1026 557 1063 lib.7.
570 1023 815 1063 pag.i94.Equinis
825 1021 955 1052 armentis
965 1027 1084 1054 namque
1098 1026 1143 1046 me
1155 1023 1268 1052 congre-

160 1079 222 1107 gem
233 1068 321 1106 pastor
338 1066 461 1104 egregius
477 1066 528 1095 διο.
549 1063 700 1100 aliquando
720 1060 850 1098 permisit.
890 1059 936 1088 Sic
951 1058 1054 1094 Segrex
1066 1078 1075 1090 ,
1096 1056 1117 1084 Α
1134 1063 1216 1091 grege
1227 1052 1265 1081 se-

160 1113 284 1144 gregatus
294 1104 331 1134 ob
343 1103 547 1133 excellentiam.
583 1101 647 1130 Sen.
665 1100 693 1128 in
706 1098 818 1136 Hippol.
831 1107 857 1126 v.
870 1101 949 1130 1²08·
970 1091 1205 1137 Segregemsparsi
1215 1099 1264 1128 per

159 1153 246 1181 agros.
288 1142 328 1172 Al.
347 1141 487 1179 Segreges.
527 1139 558 1169 V.
581 1138 668 1168 Solin.
684 1147 743 1175 cap.
757 1146 782 1166 2.
799 1134 951 1165 &Tertull.
965 1133 1001 1162 de
1013 1135 1111 1175 t'oenit.
1123 1139 1184 1168 cap.
1200 1138 1243 1158 11.

159 1182 237 1220 Apud
249 1180 394 1210 Horatium
404 1179 515 1216 quidam
525 1177 620 1215 legunt
809 1189 846 1194 —
856 1180 994 1214 congrege
1002 1176 1125 1207 turpium

249 1217 351 1248 Morbo
361 1218 490 1246 virorum.
582 1223 634 1252 pro
650 1213 719 1243 Cum
729 1220 818 1250 grege.
841 1210 876 1240 H.
893 1210 933 1239 St.
954 1208 1004 1238 lib.
1019 1218 1042 1237 1.
1056 1207 1101 1236 od.
1115 1214 1158 1243 37.
1170 1214 1197 1240 9.
1219 1203 1265 1233 Sa-

178 1266 213 1286 ne
223 1256 316 1286 invitis
326 1255 419 1285 Musis.
680 1286 684 1289 ,
889 1281 895 1292 Ι
1036 1283 1042 1291 ,
1132 1282 1138 1290 ‚
1195 1279 1201 1289 Ι

122 1294 171 1325 Co
181 1304 199 1324 N
209 1305 228 1323 G
237 1304 251 1323 R
260 1297 302 1323 ῠο
314 1314 322 1328 ,
342 1293 382 1327 ἷιί,
406 1288 497 1328 [ἇξςῖιν
506 1312 515 1325 ‚
529 1286 636 1326 depo‘v‘iu
644 1309 652 1321 ,
671 1286 768 1323 ἁρμόζει
779 1307 788 1321 ,
805 1283 944 1321 iva-enegio,
962 1281 1109 1325 mamb,
1130 1279 1247 1308 zmcaemu
1256 1298 1264 1309 ‚

160 1328 321 1368 ὶφεςμιέῦω]
342 1333 395 1360 ὅτε.
417 1329 590 1359 Convenire:
612 1326 718 1355 dic‘tuin
738 1326 791 1360 (ut
810 1324 848 1352 ait
873 1321 988 1354 Festus)
1013 1330 1028 1349 a
1044 1318 1182 1352 Gruibus,
1205 1326 1266 1354 quae

159 1380 216 1399 non
228 1369 255 1398 se
274 1369 431 1406 segregant,
452 1367 504 1396 sive
521 1374 606 1402 quum
623 1362 735 1397 volant,
754 1361 808 1391 sive
829 1369 916 1397 quum
935 1358 1106 1400 pascuntur..
1131 1357 1207 1385 Suet.
1229 1355 1266 1384 de

160 1407 231 1437 Clar.
245 1407 365 1437 Gramm.
378 1414 437 1442 cap.
453 1413 478 1441 7.
509 1402 595 1440 Quod
617 1400 746 1438 equidem
762 1408 820 1429 non
848 1404 955 1427 temere
972 1395 1139 1426 crediderim
1149 1415 1158 1429 ,
1179 1402 1267 1430 quum

160 1453 316 1482 temporum
327 1444 397 1472 ratio
407 1443 452 1472 vix
461 1445 601 1478 congruat.
1045 1470 1050 1476 Ι
1131 1470 1137 1476 ⁴

161 1483 317 1519 Congruere
329 1482 356 1511 ἃ
366 1480 480 1510 Differre
495 1500 503 1514 ‚
521 1477 665 1508 contraria.
696 1475 754 1505 Cic.
769 1484 792 1504 1.
807 1474 842 1503 de
852 1472 947 1510 Legib.
958 1476 1001 1508 38.
1022 1471 1086 1499 Sive
1096 1467 1267 1512 Aristotelem

178 1521 204 1550 ἄ
214 1518 434 1557 Theophrastum
448 1526 511 1546 cum
523 1516 577 1546 illis
588 1519 771 1552 congruentes
780 1522 819 1548 re,
840 1519 941 1549 genere
955 1508 1079 1540 docendi
1087 1506 1203 1546 paulum
1213 1506 1266 1536 dif-

175 1557 311 1592 ferentes,
331 1556 417 1586 secuti
429 1555 498 1584 sunt.

158 1594 293 1625 Diffidere
304 1595 330 1624 ἀ
341 1594 499 1631 Congruere
511 1613 520 1627 ‚
541 1589 686 1620 contraria.
709 1588 766 1618 Cic.
780 1597 803 1617 1.
819 1587 856 1617 de
870 1585 1021 1630 Legib354.

158 1633 315 1670 Congruere
324 1633 351 1662 ἅ
363 1631 512 1661 convenire
522 1629 639 1659 decretis
649 1627 772 1663 alicujus.
792 1625 849 1655 Cic.
859 1634 886 1655 2.
898 1625 934 1654 de
942 1622 1031 1654 Finib.
1043 1632 1087 1659 99.

158 1670 241 1702 Bonae
252 1670 319 1699 fidei
330 1669 465 1706 congruit.
505 1667 569 1705 Ulp.
581 1665 640 1695 inl.
664 1665 796 1701 Idemque
807 1665 842 1693 ἃ.
864 1663 886 1700 §.
907 1662 936 1692 Si
947 1667 1114 1700 procurator.
1134 1657 1170 1688 D.
1183 1657 1266 1690 Man-

178 1709 233 1737 dat.
255 1707 328 1744 Quia
340 1707 419 1736 bonae
434 1705 498 1735 fidei
513 1705 567 1734 hoc
577 1703 722 1741 congruit,
743 1711 778 1730 ne
789 1701 824 1730 de
837 1700 929 1731 alieno
938 1700 1047 1729 lucrum
1057 1696 1164 1728 sentiat.

157 1745 292 1783 Congruit
301 1743 399 1774 mulier
407 1743 514 1773 mulieri
526 1742 621 1780 magis.
642 1740 706 1770 Ter.
718 1739 828 1769 Phorm.
841 1749 868 1775 4.
883 1748 908 1774 ς.
927 1748 971 1774 ¹4·

157 1783 321 1821 Congruunt
351 1782 425 1811 rimis
437 1788 567 1810 extrema.
589 1778 656 1809 Plin.
672 1778 701 1807 in
713 1777 810 1815 Paneg.
826 1786 887 1815 cap.
904 1779 1029 1812 65.extr.
1091 1811 1098 1818 ⁶
1206 1809 1213 1816 ·

157 1822 322 1858 Congruunt
343 1820 429 1849 itterae
439 1819 535 1848 litteris
543 1816 669 1847 aliorum.
710 1815 767 1845 Cic.
776 1825 802 1851 9.
816 1815 890 1844 Fam.
901 1823 947 1850 ²4·
968 1812 1038 1842 Volo
1052 1820 1128 1841 enim
1137 1815 1165 1840 te
1176 1809 1263 1845 scire,

176 1859 214 1888 mi
224 1859 296 1888 Paete
306 1879 315 1893 ‚
335 1858 444 1887 initium
456 1856 525 1885 mihi
535 1853 697 1893 suspicionis
711 1853 736 1883 ἆ
747 1853 883 1883 cautionis
897 1853 924 1882 &
940 1850 1089 1889 diligentiae
1100 1848 1178 1878 fuisse
1192 1848 1265 1877 litte-

175 1906 215 1926 ras
227 1902 287 1926 tuas
301 1905 308 1926 :
330 1894 430 1933 quibus
442 1894 539 1924 litteris
549 1897 733 1930 congruentes
742 1891 854 1921 fuerunt
867 1889 928 1919 aliae
938 1889 1031 1927 postea
1044 1886 1205 1916 multorum.
1235 1922 1241 1928 ἑ

156 1934 246 1965 Nostri
256 1933 345 1963 sensus
355 1937 518 1970 congruunt.
540 1930 599 1960 Cic.
611 1939 662 1968 pro
672 1928 797 1959 Marcell.
811 1932 854 1958 16.
874 1928 967 1958 Nostri
979 1927 1053 1956 enim
1064 1924 1155 1954 sensus
1166 1946 1174 1959 ‚
1194 1929 1264 1953 utin

174 1981 242 2039 gage
256 1971 382 2009 semper,
403 1970 439 2000 fic
449 1968 602 2016 tumftiam
618 1968 648 1997 in
667 1966 743 1997 bello
762 1965 961 2004 congruebant.
1003 1965 1021 1994 i.
1033 1974 1058 1994 e.
1066 1963 1146 1998 «Non
1163 1961 1265 1991 discor-

196 2019 210 2038 a
231 2014 287 2038 ant.

157 2046 363 2084 Congrueread.
404 2043 474 2075 Plin.
487 2044 536 2074 lib.
553 2053 664 2081 rr.cap.
680 2050 725 2080 37.
756 2042 880 2072 Murium
900 2039 1047 2078 jecusculis
1064 2038 1140 2069 fibiae
1155 2038 1192 2068 ad
1214 2047 1265 2068 nu-

175 2093 281 2114 merum
291 2083 362 2113 lunae
372 2083 401 2112 in
411 2082 503 2112 mense
516 2090 668 2119 congruere
683 2081 822 2110 dicuntur.

158 2122 199 2153 Ad
213 2121 282 2151 illud
294 2120 421 2158 congruit
430 2126 547 2158 tempus.
586 2119 643 2148 Liv.
657 2128 681 2148 1.
695 2128 719 2153 ς.
738 2118 773 2148 de
784 2116 928 2152 Faustulo,
948 2115 1092 2154 Expositos
1112 2113 1182 2150 jussu
1193 2113 1265 2150 regis

177 2159 296 2190 infantes
303 2158 421 2193 sciebat,
442 2159 467 2187 &
480 2165 590 2195 tempus
602 2166 657 2194 quo
671 2155 727 2194 ipse
737 2165 785 2186 eos
801 2154 965 2190 sustulisset,
985 2153 1021 2183 ad
1039 2153 1069 2183 id
1086 2152 1176 2191 ipsum
1197 2161 1265 2181 con-

177 2206 282 2235 gruere.
313 2197 330 2225 i.
344 2205 368 2225 e.
390 2195 564 2233 Competere.
585 2194 711 2224 Budaeus.
1190 2226 1196 2232 ·

159 2235 316 2273 Congruere
329 2242 402 2264 cuin.
423 2238 472 2268 ut,
492 2232 626 2270 Congruit
635 2232 694 2261 dies
708 2240 772 2261 cum
789 2229 852 2260 solis
868 2231 895 2260 δι
916 2229 991 2259 lunae
1009 2228 1125 2258 ratione.
1164 2226 1224 2256 Cic.
1235 2235 1263 2261 4.

178 2273 251 2302 Verr.
266 2282 277 2301 1
282 2281 327 2315 .²9·
350 2270 434 2308 Quod
446 2270 507 2300 suos
520 2270 579 2300 dies
590 2268 749 2307 mensesque
758 2277 910 2306 congruere
920 2267 1019 2297 volunt
1027 2275 1093 2297 cum
1105 2264 1168 2295 solis
1179 2264 1265 2294 lunae-

195 2319 229 2340 ue
240 2316 354 2339 ratione.

156 2321 226 2378 Cilim
234 2346 312 2376 causa
324 2346 502 2376 vehementer
513 2354 666 2383 congruere
682 2346 707 2375 ἃ,
719 2343 865 2374 cohaerere.
887 2342 946 2372 Cic.
962 2351 985 2370 1.
997 2341 1033 2371 de
1041 2341 1150 2371 Invent.
1162 2350 1204 2375 19.

75 2384 113 2446 Φ,
155 2385 226 2415 Cum
237 2384 341 2420 judicio
351 2383 520 2414 Senatuslex
529 2392 588 2420 quae
600 2383 736 2420 congruit.
776 2381 834 2410 Cic.
848 2381 884 2410 de
894 2378 987 2417 Arusp.
999 2379 1081 2417 Resp.
1093 2388 1137 2414 29.
1177 2377 1265 2415 Quod

98 2426 111 2439 -'
174 2432 235 2452 eam
248 2427 353 2460 partem
362 2421 428 2459 legis
439 2427 492 2450 tuae
503 2442 511 2454 ‚
535 2429 595 2457 quae
617 2419 787 2458 congruebat
804 2428 869 2449 cum
881 2418 987 2455 judicio
1007 2417 1124 2447 Senatus
1135 2438 1144 2452 ‚
1165 2422 1196 2446 ut
1208 2415 1266 2454 ipse

174 2470 221 2490 rex
233 2459 317 2495 effet,
335 2468 393 2488 non
411 2458 575 2496 repudiavit.

156 2498 226 2528 Cum
240 2497 337 2526 litteris
346 2497 400 2526 tuis
411 2495 602 2534 congruiteJ‘us
609 2494 705 2525 sermo.
725 2494 785 2523 Cic.
801 2503 827 2524 2.
841 2494 895 2524 Att.
905 2503 931 2529 9.

155 2537 225 2565 Cum
236 2534 358 2564 moribus
369 2533 489 2564 alterius.
529 2533 587 2563 Cic.
603 2533 638 2562 de
655 2532 762 2562 Amicit.
777 2540 821 2568 ²7.
845 2531 954 2561 Deinde
971 2539 1056 2568 quum
1067 2529 1161 2559 similis
1173 2528 1266 2560 sensus

175 2572 391 2608 extititamoris‚
412 2571 430 2600 fi
444 2571 566 2608 aliquem
585 2570 658 2600 nasti
677 2570 783 2606 sumus,
799 2570 879 2606 cujus
898 2578 964 2598 cuin
981 2568 1106 2598 moribus
1125 2569 1152 2599 δι
1168 2574 1265 2598 natura

177 2618 375 2648 congruamus,
396 2608 489 2646 quod,
502 2609 555 2638 &c.

158 2649 228 2678 Cum
237 2652 315 2677 motu
326 2647 412 2676 sidera
421 2646 490 2676 caelo
499 2645 660 2675 inhaerentia
667 2649 834 2681 congruunt.
857 2644 916 2675 Cic.
930 2654 954 2681 ς.
966 2643 1048 2674 Tusc.
1059 2646 1105 2680 69.

159 2687 230 2715 Cum
244 2684 349 2722 scriptis
363 2689 518 2722 congruunt
531 2683 612 2713 dicta.
633 2682 690 2712 Liv.
702 2691 746 2719 ²3·
760 2687 802 2719 38.

159 2723 229 2752 Cum
238 2723 339 2752 virtute
354 2730 505 2759 congruere
516 2719 631 2759 semper.
654 2719 712 2749 Cic.
743 2742 750 2749 .
767 2719 825 2749 Off.
840 2727 882 2754 13.

160 2760 292 2798 Congruit
301 2759 388 2789 sermo
397 2759 447 2788 tibi
457 2768 520 2788 cum
532 2757 587 2788 illa.
608 2757 695 2787 Plaut.
708 2729 791 2787 iviilit.
802 2768 828 2792 4.
843 2766 867 2793 3.
879 2766 925 2794 23.

250 2798 320 2827 Nam
330 2806 394 2827 cum
404 2796 520 2825 illasane
530 2795 659 2834 congruit
671 2795 758 2824 sermo
770 2794 830 2825 tibi.
924 2793 964 2824 Al.
987 2794 1140 2832 Congruus.

159 2835 262 2865 Natura
272 2835 297 2865 &
305 2834 430 2864 sermone
438 2835 464 2864 &
473 2833 521 2863 usu
530 2842 682 2871 congruere
693 2842 756 2862 cum
766 2832 868 2870 aliquo.
890 2831 948 2862 Cic.
960 2841 986 2862 2.
1006 2833 1041 2862 de
1052 2833 1140 2862 Finib.
1152 2842 1197 2869 45.
1214 2828 1265 2862 Ea·

177 2873 295 2910 demque
304 2873 372 2902 ratio
389 2872 454 2902 facit
463 2871 607 2901 hominem
616 2871 761 2900 hominum
770 2877 948 2909 appetentem
957 2892 966 2907 ,
987 2879 1107 2908 cumque
1115 2871 1159 2901 his
1168 2876 1266 2901 natura

178 2911 203 2940 δι
214 2909 337 2940 sermone
347 2911 373 2939 ἃ
381 2909 427 2939 usu
439 2914 644 2946 congruentem.

159 2948 199 2977 Re
209 2957 359 2985 congruere
367 2956 430 2976 cum
441 2945 544 2983 aliquo.
566 2946 625 2976 Cic.
641 2955 664 2976 r.
677 2946 712 2976 de
724 2945 815 2983 Legib.
831 2955 874 2982 54.

159 2985 314 3022 Congruere
330 2985 367 3014 in.
389 2990 421 3014 ut
432 3006 440 3018 ,
461 2983 662 3022 Congruuntin
672 2993 735 3013 eum
745 2992 859 3013 morem.
899 2981 957 3012 Liv.
972 2992 1016 3019 ²9·
1030 2986 1057 3013 6.
1078 2983 1216 3022 Principio
1228 2983 1264 3012 ab

177 3023 303 3052 Numidis
313 3022 385 3052 facto
396 3024 421 3052 &
434 3022 532 3051 Brutiis
542 3043 550 3058 ‚
571 3031 628 3051 nori
639 3021 767 3051 societate
780 3022 867 3059 magis
884 3020 1002 3056 Punica,
1024 3031 1105 3058 quam
1116 3021 1211 3060 suopte
1222 3022 1264 3051 in-

176 3061 257 3097 genio
270 3059 483 3098 congruentibus
492 3060 521 3088 in
531 3069 594 3089 eum
606 3069 721 3089 morem.
760 3059 908 3088 Latrocinii
920 3058 1024 3088 scilicet
1037 3059 1169 3090 faciendi.

160 3097 189 3126 ln
200 3107 284 3127 unum
297 3104 482 3134 congruerunt
495 3097 620 3127 omnium
631 3097 780 3126 sententiae.
800 3096 857 3126 Liv.
868 3105 913 3131 ις.
926 3104 970 3131 32.
984 3106 1024 3133 pr.

157 3134 266 3164 Summa
277 3135 411 3171 congruit.
432 3134 465 3164 Ul
489 3156 496 3164 .
508 3135 536 3163 in
546 3134 564 3163 l.
580 3145 602 3164 r.
617 3135 639 3169 §.
651 3134 669 3164 fi
679 3134 828 3173 stipulanti.
848 3133 884 3164 D.
899 3133 934 3164 de
943 3134 1019 3165 verb.
1034 3134 1120 3172 oblig.

157 3171 319 3210 congruunt
328 3173 400 3202 inter
411 3172 446 3202 se.
494 3181 530 3202 er.
541 3172 640 3202 Heaut.
652 3181 675 3208 3.
692 3183 713 3201 i.
723 3182 767 3208 9¹·

500 3225 537 3230 —
546 3210 670 3239 concede
678 3208 744 3239 hinc
754 3210 871 3240 domum
880 3231 890 3245 ,

234 3247 276 3276 Ne
292 3256 342 3276 nos
354 3248 424 3276 inter
433 3256 484 3276 nos
494 3257 646 3285 congruere
661 3247 785 3277 sentiant.

159 3281 254 3313 Multae
261 3285 344 3328 causae
354 3284 510 3314 convenisse
520 3294 605 3314 unum
615 3286 643 3314 in
653 3285 747 3315 locum
755 3307 764 3321 ,
784 3291 867 3322 atque
877 3284 950 3313 inter
963 3282 990 3313 se
1001 3291 1153 3322 congruere
1163 3282 1262 3315 viden-

178 3327 228 3349 tur.
250 3321 306 3350 Cic.
323 3332 372 3359 pro
384 3321 458 3351 Rosc.
471 3324 614 3352 Amer.62.

160 3355 196 3403 Ea
208 3359 275 3387 inter
284 3359 310 3388 se
321 3365 476 3396 congruunt
486 3370 501 3389 e
512 3359 610 3397 quibus
618 3360 780 3390 constamus.
801 3359 860 3390 Cic.
874 3370 901 3395 4.
913 3357 994 3389 Tusc.
1011 3367 1053 3393 30.

161 3396 499 3438 Longruuntconcorditer
509 3399 579 3426 inter
587 3397 622 3426 se.
646 3398 728 3428 Plaut.
740 3398 821 3428 Curc.
831 3407 857 3427 2.
870 3406 897 3427 α.
912 3406 954 3432 14.
981 3395 1022 3425 De
1034 3396 1096 3425 diis.

163 3428 226 3475 Hac
238 3441 306 3476 inter
317 3433 342 3462 se
351 3444 499 3467 congruere
508 3444 564 3464 non
582 3434 690 3472 possent
701 3457 709 3470 ‚
730 3442 776 3469 ut,
798 3436 850 3465 διε.
873 3435 932 3464 Cic.
947 3443 971 3468 3.
984 3433 1019 3462 de
1031 3433 1119 3463 Finib.
1136 3443 1179 3469 19.

160 3468 267 3512 Solinus
278 3479 304 3498 in
314 3473 424 3508 proprio
434 3471 581 3509 significatu
592 3473 653 3501 usus
663 3473 700 3501 est
715 3483 773 3511 cap.
789 3483 830 3508 ις.
853 3472 888 3501 de
900 3471 1012 3509 gruibus
1024 3493 1032 3506 ‚
1054 3472 1178 3501 Concors
1195 3481 1260 3503 cura

179 3515 301 3535 omnium
312 3518 359 3544 pro
370 3510 501 3544 fatigatis,
522 3510 591 3538 adeo
609 3516 639 3538 ut
660 3509 676 3538 si
687 3520 744 3546 quae
755 3510 925 3543 defecerint,
946 3515 1099 3546 congruant
1111 3509 1240 3539 universae
1250 3532 1260 3546 ,

179 3542 303 3579 laffiisque
313 3544 449 3587 sustollant
460 3569 467 3578 .
488 3546 638 3582 usquedum
651 3548 722 3576 vires
733 3548 791 3576 otio
802 3556 1007 3584 recuperentur.

160 3580 314 3652 (Σὲἓξῐιὲετὲ
332 3590 412 3611 etiam
433 3593 482 3619 pro
498 3585 584 3613 Simul
604 3585 716 3619 venire,
735 3587 915 3622 contingere,
936 3581 1013 3613 simul
1031 3585 1163 3614 incidere.
1194 3584 1260 3616 Ter.

241 3640 246 3646 .
276 3642 281 3647 .
312 3641 318 3647 .
332 3629 370 3656 pr.

350 3671 385 3676 —
394 3666 456 3685 nam
466 3657 492 3685 in
505 3667 548 3687 nie
561 3658 643 3696 plane
656 3659 697 3688 Dii
712 3660 871 3696 potestatem
880 3659 954 3688 suam

240 3691 518 3737 Ompenitistendere,
530 3698 574 3724 cui
583 3702 639 3724 tam
652 3695 741 3726 subito
753 3707 793 3726 rot
804 3699 982 3734 congruerint
990 3697 1149 3727 commoda.
1210 3697 1260 3727 Alii

180 3728 275 3772 legunt
284 3730 461 3776 Contigerint.
478 3732 526 3775 ‘Sic
537 3733 624 3776 Tacit.
638 3744 659 3762 i.
678 3734 742 3764 liist.
756 3744 780 3771 7.
795 3745 835 3772 pr.
852 3735 931 3763 Forte
943 3744 1116 3771 congruerat,
1127 3741 1158 3765 ut
1167 3735 1260 3765 Clodii

181 3766 266 3795 Macri
277 3767 301 3795 δι
313 3766 406 3795 Fontei
417 3767 558 3804 Capitonis
572 3771 661 3800 caedes
672 3774 869 3800 nuntiarentur.
893 3772 922 3801 V.
948 3783 989 3801 ιι.
1006 3776 1071 3801 ilnn.
1087 3777 1113 3802 6.

127 3806 148 3834 C
158 3815 173 3833 ο
183 3814 200 3832 Ν
211 3814 229 3831 ιι
240 3813 281 3846 “P
291 3811 304 3831 iz
313 3813 331 3831 N
342 3813 353 3831 s
366 3825 374 3836 .
395 3806 473 3847 entis.
495 3805 676 3843 [ἑυαρμέζω]
698 3810 790 3838 Partic.
814 3809 880 3838 Plin.
903 3810 932 3838 in
944 3810 1041 3848 i’aneg.
1059 3820 1119 3849 cap.
1132 3820 1177 3847 91.
1189 3816 1258 3841 extr.

164 3842 199 3870 lta
211 3848 307 3869 caritas
320 3847 413 3869 mutua
425 3863 431 3875 ,
453 3850 489 3870 ita
499 3852 649 3878 congruens
658 3853 737 3875 tenor
749 3848 819 3875 vitae.

161 3881 261 3915 Aprum
273 3879 298 3906 S<
307 3887 469 3912 congruens
492 3880 549 3908 cic.
563 3889 586 3913 3,
598 3881 632 3909 de
643 3882 719 3911 Orat.
735 3895 775 3916 ςο.

161 3917 260 3953 Aptum
268 3918 294 3945 ἅ
304 3925 458 3952 congruens
469 3916 563 3946 nostris
572 3917 674 3948 studiis.
697 3920 754 3949 Cic.
764 3930 790 3956 7.
801 3921 875 3950 Fam.
888 3928 934 3951 24-

1733 96 1762 130 C
1862 97 1896 131 O
1988 94 2023 130 N

1352 180 1430 210 Aetio
1437 179 1513 208 vocis
1528 199 1535 212 ‚
1555 177 1648 207 vultus
1660 198 1667 212 ‚
1690 178 1715 207 ἃ.
1730 178 1818 214 gestus
1831 199 1838 212 ,
1861 187 2018 215 congruens
2031 179 2058 207 ἃ
2073 183 2146 215 apta.
2168 177 2228 207 Cic.
2241 176 2270 206 in
2280 176 2372 207 Partit.
2389 183 2433 211 54.

1354 218 1482 247 Actiones
1490 217 1636 245 virtutibus
1645 223 1838 250 congruentes.
1861 216 1918 245 Cic.
1933 226 1956 249 ς.
1967 216 2001 244 de
2012 215 2099 244 Finib.
2116 220 2156 250 58-

1353 256 1446 285 Homo
1455 263 1612 289 congruens
1620 253 1781 282 hominibus
1791 262 1886 283 natura
1896 276 1904 288 ,
1926 253 2053 282 sermone
2065 255 2090 283 δι
2100 252 2158 282 usu.
2180 252 2211 282 V.
2230 252 2259 281 in
2269 251 2327 289 ipso
2334 250 2430 282 verbo.

1354 294 1451 322 Oratio
1465 292 1554 321 vei-bis
1565 290 1722 325 discrepans
1733 312 1740 325 ,
1764 290 1905 320 sententiis
1914 300 2077 328 congruens.
2100 290 2159 320 Cic.
2174 300 2195 319 1.
2210 290 2247 319 de
2262 289 2356 327 Legib.
2370 298 2414 325 30.

1355 331 1405 360 Pro
1418 329 1635 366 congruentibus
1646 328 1752 357 sumere
1761 334 1819 357 tam
1829 329 2009 358 vehementer
2017 329 2208 372 repugnantia.
2230 327 2288 357 Cic.
2300 339 2327 364 4.
2337 328 2471 365 Acad.44.

1356 369 1485 404 Compar.
1509 366 1628 407 baftant.
1640 376 1666 400 4.
1681 369 1725 394 26.
1741 374 1782 401 13.
1804 366 1883 403 Quid
1893 374 2092 403 congruentius
2103 366 2183 395 Deo?

1355 404 1463 442 Superl.
1504 404 1565 432 'vox
1577 403 1828 440 coiigruentiffima.
1869 403 1949 442 Apul.
1972 403 2049 441 Apol.
2062 414 2090 442 p.
2104 413 2167 441 3²0·
2196 403 2228 433 V.
2249 402 2334 433 etiam
2351 401 2471 434 Tertull.

1376 444 1410 472 de
1420 441 1526 472 Resurr.
1540 441 1620 471 Cam.
1638 450 1698 478 cap.
1716 451 1758 476 14.

1320 483 1366 512 Co
1376 490 1396 509 N
1405 490 1423 509 c
1432 491 1448 508 a
1459 490 1478 508 u
1488 489 1502 507 tt
1513 489 1533 507 N
1542 488 1561 507 T
1573 490 1580 506 i
1590 489 1608 507 A
1620 500 1627 513 ‚
1648 488 1679 507 ae.
1699 477 1718 507 f.
1742 473 1891 514 [ecpaeemyi
1905 499 1912 513 ‚
1940 472 2084 513 ἱμελοφῖω]
2105 477 2328 513 Convenientia,
2350 477 2474 508 similitu-

1357 519 1403 547 do.
1444 517 1557 547 Morum
1570 516 1767 554 congruentia,
1788 515 1864 553 apud
1884 515 1958 545 Suet.
1979 516 2010 545 in
2029 516 2135 546 Othon.
2152 520 2214 554 cap.
2225 526 2251 546 2.
2266 515 2335 545 Plin.
2349 514 2432 552 Epist.
2445 525 2473 550 ς.

1357 556 1404 585 lib.
1414 565 1439 585 a.
1462 555 1573 584 Etenim
1586 554 1603 582 si
1619 553 1742 582 avulsum
1752 554 1845 582 statuae
1859 560 1943 591 caput
1953 553 2118 591 inspiceres,
2137 563 2196 583 non
2205 559 2236 583 tu
2249 554 2364 591 quidem
2374 562 2409 582 ex
2422 553 2475 583 illo

1357 593 1446 632 posses
1457 592 1667 629 congruentiam
1677 591 1915 628 aequalitatemque
1926 591 2150 629 deprehendere,
2165 592 2218 621 διο.
2242 592 2262 621 i.
2270 601 2296 622 e.
2317 591 2476 630 Propertio-

1359 641 1439 666 nem,
1462 641 1496 659 an
1508 639 1573 659 curn
1583 629 1683 658 ceteris
1692 629 1824 659 membris
1835 629 2009 659 conveniret.

1358 668 1564 698 pronunciandi
1576 668 1766 705 congruentia.
1794 667 1873 705 Apul.
1891 667 1968 705 Apol.
1980 676 2009 704 p.
2022 671 2087 701 283.

1320 707 1342 738 C
1350 717 1366 736 o
1375 716 1393 736 N
1402 716 1421 735 c
1431 716 1447 735 a
1458 716 1477 735 u
1487 716 1500 734 iz
1509 715 1529 734 N
1538 714 1558 733 T
1567 715 1581 733 iz
1591 715 1607 733 R
1617 727 1625 739 ‚
1647 705 1712 734 Adv.
1736 704 1874 741 [ὃμρλόρως
1884 726 1893 741 ‚
1915 704 2071 741 kuagfw‘w]
2092 703 2150 733 Cic.
2165 711 2190 740 3.
2201 702 2238 732 de
2245 703 2323 734 Orat.
2335 712 2381 740 34.
2404 703 2476 741 Qui.

1357 754 1422 774 nam
1430 745 1514 781 igitur
1524 742 1638 772 dicendi
1648 742 1749 772 modus
1758 743 1796 772 est
1807 743 1906 773 melior
1926 743 2007 778 (nam
2017 743 2053 772 de
2064 742 2174 771 actione
2183 742 2244 779 post
2255 741 2371 778 videro)
2392 751 2476 780 quami

1358 789 1388 812 ut
1400 782 1493 811 Latine
1505 803 1513 815 ,
1536 787 1565 810 ut
1577 780 1661 818 plane
1673 802 1680 815 ‚
1702 787 1852 817 utornate,
1873 786 1904 810 ut
1912 780 1947 811 ad
1961 780 1990 809 id
2000 780 2189 818 quodcunque
2198 785 2309 817 agetur,
2330 786 2396 818 apte
2407 789 2477 810 con-

1357 826 1540 857 gruenterque
1551 819 1700 848 dicamus?

1357 858 1550 895 Congruenter
1558 857 1734 894 respondere.
1755 855 1858 894 Ulp.in
1868 856 1886 886 l.
1903 866 1926 885 1.
1940 856 1962 893 §.
1973 854 2024 884 ult.
2035 854 2070 884 D.
2085 855 2121 885 de
2130 854 2206 885 verb.
2214 854 2301 893 oblig.

1357 895 1577 933 Congruenfius,
1600 896 1629 924 in
1642 894 1661 924 l.
1679 894 1894 932 Congruentius.
1917 894 1947 923 C.
1961 893 1997 922 de
2008 899 2077 931 patr.
2088 893 2215 931 potestat.

1320 934 1341 964 C
1350 943 1366 978 o
1375 944 1392 962 N
1396 943 1423 1001 ἑ.
1432 944 1474 1000 εξ]
1485 943 1521 962 us
1530 954 1539 968 ‚
1560 943 1592 969 a,
1613 942 1670 962 um.
1693 932 1753 969 Adj.
1776 930 1953 969 [ἁςμρὣῷυ]
1973 936 2015 967 ut,
2037 930 2169 969 Congrua
2177 937 2313 969 tempora.
2334 929 2434 961 Claud.
2447 932 2476 962 ri

1355 982 1385 1001 in
1421 982 1437 1000 u
1464 994 1469 1000 .
1488 981 1550 1007 315.

1355 1008 1452 1040 Sermo
1462 1018 1610 1046 congruus.
1631 1007 1719 1037 Plaut.
1735 1007 1890 1044 Milit.4.3.
1903 1015 1949 1045 23.

1374 1084 1382 1114 l
1401 1084 1419 1114 d
1434 1047 1509 1076 Nam
1519 1056 1583 1076 cum
1594 1046 1642 1076 illa
1657 1046 1720 1075 sane
1729 1055 1867 1084 congruus
1880 1045 1969 1076 sermo
1981 1044 2043 1075 tibi.
2124 1043 2158 1075 V.
2178 1043 2260 1083 Apul.
2272 1043 2364 1075 Miles.
2377 1047 2403 1075 6.
2419 1043 2480 1074 Pai-

1385 1095 1398 1114 a
1422 1107 1428 1114 .
1446 1097 1467 1114 i.
1486 1094 1528 1114 η.

1319 1123 1341 1154 C
1350 1133 1366 1152 o
1376 1133 1421 1152 Nc.
1429 1133 1446 1152 a
1456 1133 1497 1152 uis
1508 1145 1517 1158 ‚
1539 1122 1607 1152 Adv.
1620 1121 1700 1151 Idem
1711 1131 1744 1152 ac
1755 1121 1956 1159 Congruenter.
1974 1120 2058 1151 Mart.
2081 1119 2189 1159 Capell.
2204 1123 2231 1151 6.
2242 1130 2271 1159 p.
2283 1130 2346 1157 1⁹5·
2367 1120 2397 1151 Si
2409 1129 2478 1150 con·

1355 1170 1420 1198 grue
1432 1161 1542 1190 videtur
1552 1160 1690 1190 assertum.

1318 1199 1340 1229 C
1351 1209 1367 1228 ο
1377 1208 1397 1228 Ν
1405 1209 1423 1227 c.
1433 1209 1448 1227 a
1457 1209 1476 1228 o
1487 1208 1524 1228 ιτ
1532 1208 1553 1228 Α
1561 1208 1573 1227 s
1583 1221 1591 1234 ,
1611 1198 1673 1227 atis.
1693 1197 1713 1226 f.
1734 1196 1891 1235 Symsnach.
1905 1208 1931 1234 9.
1945 1197 2028 1236 Epist.
2041 1205 2088 1233 4²-
2108 1195 2289 1226 Personarum
2298 1195 2428 1233 aequatio,
2448 1196 2477 1226 δε

1355 1236 1498 1267 honestate
1509 1259 1516 1272 ‚
1539 1238 1565 1266 ἃ
1582 1235 1761 1274 possibilitate
1775 1237 1942 1274 congruitas.

1319 1275 1364 1304 Co
1375 1284 1516 1310 NGRUS,
1537 1274 1580 1304 vel
1599 1274 1678 1303 CoN
1689 1282 1775 1310 cuit,
1796 1275 1846 1312 gri.
1868 1271 2024 1310 [ite'yse&-·]
2045 1273 2140 1303 Genus
2159 1271 2261 1311 piscis,
2281 1271 2318 1301 de
2332 1281 2388 1309 quo
2401 1270 2473 1302 Plin.

1356 1312 1405 1341 lib.
1417 1323 1443 1346 9-
1454 1322 1514 1350 cap.
1525 1317 1571 1342 62.
1594 1311 1685 1349 Mugil
1696 1311 1815 1349 &lupus
1826 1318 1925 1341 mutuo
1943 1311 2010 1341 odio
2021 1311 2154 1349 flagrant:
2175 1319 2279 1347 conger
2295 1311 2323 1340 &
2337 1319 2479 1346 muraena,

1357 1351 1460 1380 caudas
1471 1351 1543 1417 illinet
1552 1350 1580 1380 se
1589 1349 1787 1388 praerodentes.
1807 1349 1873 1380 Ter.
1885 1349 1965 1380 Adel.
1979 1358 2002 1386 3.
2017 1359 2042 1387 3.
2053 1358 2098 1387 23.
2120 1347 2254 1379 Scribitur
2267 1349 2352 1386 &per
2363 1357 2391 1377 c.
2404 1347 2479 1377 Gon-

1356 1398 1412 1426 ger.
1435 1398 1461 1425 q.
1497 1411 1504 1419 .

1321 1427 1342 1457 C
1351 1437 1367 1456 o
1378 1436 1398 1456 N
1408 1436 1427 1456 o
1437 1427 1455 1456 <r
1466 1438 1482 1455 L
1490 1438 1500 1455 1
1509 1437 1522 1456 s
1531 1448 1539 1460 ,
1554 1426 1585 1455 is.
1600 1425 1619 1455 f.
1637 1425 1733 1456 Graece
1744 1425 1859 1462 ωβλὶς,
1870 1424 1967 1455 Latine
1976 1424 2087 1463 Rapum
2098 1424 2210 1455 dicitur.
2220 1422 2477 1460 Columel.ro.421.

1436 1464 1514 1501 Quiri
1529 1466 1555 1495 ἃ
1567 1463 1707 1501 tardipedi
1716 1463 1796 1493 sacris
1806 1464 1861 1500 jam
1870 1464 1922 1492 rite
1932 1462 2028 1493 solutis

1436 1502 1520 1532 Nube
1528 1512 1600 1532 nova
1608 1501 1705 1531 seritur
1715 1523 1724 1537 ,
1745 1501 1805 1531 caeli
1813 1500 2003 1540 pendentibus
2015 1500 2099 1531 undis

1434 1540 1568 1579 Congylis
1576 1562 1583 1576 ‚
1605 1539 1702 1569 illustri
1711 1539 1797 1570 mittit
1807 1549 1891 1577 quam
1905 1539 2002 1569 Nursia
2011 1548 2123 1574 campo.
2256 1573 2259 1575 .

1321 1577 1343 1608 C
1354 1587 1370 1607 o
1379 1587 1401 1607 N
1409 1588 1420 1607 1
1430 1589 1450 1608 A
1461 1601 1470 1614 ‚
1492 1589 1523 1608 ae.
1544 1579 1564 1608 f.
1587 1577 1673 1607 Plaut.
1684 1577 1768 1607 Truc.
1781 1586 1805 1614 3.
1819 1587 1845 1607 2.
1859 1586 1904 1611 23·
1926 1576 1963 1606 Ut
1972 1576 2142 1607 Praenestinis
2157 1575 2239 1605 conia
2249 1574 2288 1605 est
2301 1573 2419 1605 ciconia.

1319 1616 1342 1645 C
1350 1626 1366 1645 o
1374 1625 1398 1659 Ν
1406 1626 1415 1644 r
1424 1627 1472 1684 ‘'pf-
1481 1627 1495 1646 E
1504 1617 1572 1684 Sl³b[
1580 1615 1714 1651 Κονιάδὶις]
1735 1616 1859 1654 Scriptor
1874 1615 1984 1646 Graecus
1995 1637 2005 1651 ,
2026 1616 2106 1651 cujus
2121 1623 2194 1652 opus
2208 1614 2245 1643 de
2263 1615 2402 1652 Apparatu
2418 1610 2477 1643 vini

1356 1660 1423 1683 citat
1464 1665 1501 1685 in.
1528 1666 1535 1684 i
1558 1677 1564 1684 .
1581 1664 1623 1689 14.
1637 1663 1669 1684 ca
1692 1676 1699 1683 .
1717 1663 1760 1689 19.

1319 1691 1366 1721 Co
1375 1701 1395 1721 N
1405 1703 1414 1721 i
1424 1703 1465 1722 BR
1475 1702 1510 1722 ic
1520 1702 1540 1722 A
1550 1714 1558 1728 ,
1579 1692 1624 1722 seu
1635 1664 1730 1730 pogius
1751 1691 1774 1722 C
1783 1694 1846 1721 ON'1
1855 1702 1900 1721 ΜΒ
1909 1701 1926 1720 R
1936 1700 1999 1721 icA
2010 1712 2019 1726 ,
2041 1689 2187 1720 Lusitaniae
2206 1689 2361 1728 oppidum,
2381 1692 2414 1717 ut
2430 1697 2479 1717 au·-

1359 1730 1418 1759 etot
1429 1731 1467 1761 est
1477 1730 1546 1760 Plin.
1565 1730 1611 1760 lib.
1625 1741 1651 1765 4.
1663 1739 1724 1766 cap.
1735 1739 1780 1759 21.
1792 1730 1823 1759 in
1835 1729 2024 1768 descriptione
2031 1727 2184 1759 Lusitaniae.
2203 1728 2285 1759 MSS.
2306 1727 2340 1758 al.
2362 1726 2479 1756 Cinum-

1356 1767 1442 1806 briga.
1482 1769 1514 1799 V.
1536 1768 1672 1798 Harduin.
1694 1766 1787 1806 Vulgo
1805 1767 1932 1797 Coimbra.

1319 1805 1415 1841 CoNJ
1426 1816 1522 1836 izcrA
1533 1817 1549 1835 R
1560 1816 1629 1835 ium
1641 1828 1650 1841 ‚
1679 1805 1928 1841 CoNJiicTon,
1958 1805 2155 1840 Comae-rusa
2179 1805 2232 1835 διο.
2271 1802 2304 1834 V.
2325 1810 2474 1838 conicio.

1319 1843 1502 1880 CONiraii,
1525 1846 1551 1875 &
1571 1845 1753 1874 Comen.
1794 1843 1826 1873 V.
1847 1853 1979 1874 conus.

1319 1881 1395 1912 CoN
1403 1884 1522 1918 jicio,
1543 1883 1606 1918 eci,
1626 1884 1721 1912 ectum
1732 1903 1741 1917 ‚
1762 1881 1926 1918 [eadgarum
1944 1880 2072 1918 'specim-1,
2101 1879 2268 1916 vagina]
2287 1879 2342 1909 ere.
2364 1888 2380 1909 a
2395 1877 2476 1915 Jacio

1354 1921 1553 1959 compositum3
1574 1920 1664 1950 Simul
1675 1921 1765 1956 Jacere
1775 1918 1919 1957 fignificat.

1354 1959 1478 1990 Domum
1486 1959 1628 1995 conjicere
1638 1956 2169 1996 aliquem,Compellere.Cic.proDomo
2177 1958 2222 1992 67.
2227 1955 2319 1993 Quam
2330 1953 2412 1984 facile
2421 1955 2476 1984 dcc.

1374 1997 1425 2026 Cn.
1439 1997 1601 2035 Pompeium
1611 1997 1682 2032 forn,
1703 1996 1836 2033 curiaque
1846 1996 1968 2033 privarit,
1986 1996 2158 2033 domumque
2168 1994 2338 2030 conjecerit,
2359 1992 2476 2024 vidistis.

1355 2035 1452 2065 Flabra
1462 2036 1617 2071 conjiciunt
1627 2033 1724 2064 nubila
1733 2035 1762 2063 in
1774 2035 1840 2064 alias
1851 2041 1950 2072 partes.
1969 2033 2077 2064 Lucret.
2088 2037 2114 2063 6.
2128 2042 2192 2070 731.

1355 2073 1502 2103 Palliolum
1512 2074 1541 2102 in
1552 2072 1657 2102 collum
1667 2073 1815 2108 conjicere.
1838 2072 1926 2102 Plaut.
1939 2072 2020 2110 Epid.
2031 2082 2057 2102 2.
2070 2081 2096 2101 2.
2110 2080 2151 2101 10.

1437 2112 1492 2148 Age
1502 2121 1577 2140 nunc
1584 2112 1639 2147 jam
1650 2133 1657 2146 ,
1680 2120 1748 2140 orna
1760 2116 1788 2140 te
1799 2133 1806 2146 ,
1828 2110 1944 2148 Epidice
1953 2132 1962 2145 ‚
1983 2111 2009 2140 ἃ
2024 2109 2170 2148 palliolum
2179 2108 2209 2137 in
2220 2106 2326 2137 collum
2337 2104 2457 2142 conjice.

1356 2147 1413 2178 Pila
1423 2149 1526 2178 viribus
1537 2156 1665 2178 contorta
1679 2149 1819 2184 conjicere
1827 2149 1857 2177 iri
1867 2149 1997 2186 aliquem.
2020 2148 2091 2178 Hirt.
2101 2146 2169 2177 Bell.
2181 2146 2235 2176 Afr.
2250 2155 2296 2183 70.

1356 2187 1483 2216 Sarcinas
1494 2188 1521 2215 in
1534 2187 1659 2216 medium
1670 2187 1819 2222 conjicere.
1842 2185 1900 2216 Liv.
1915 2195 1958 2221 31.
1973 2195 2018 2223 ²7·
2034 2192 2105 2216 extr.

1357 2225 1465 2254 Saxain
1479 2226 1604 2254 medium
1615 2226 1766 2261 conjicere.
1789 2224 1860 2262 Virg.
1874 2235 1901 2260 4.
1912 2224 2012 2263 Georg.
2027 2226 2073 2254 26.

1356 2263 1477 2292 Succum
1488 2264 1515 2291 in
1525 2263 1592 2292 vasa.
1617 2262 1687 2292 Plin.
1700 2264 1756 2299 19.)

1355 2300 1585 2345 Tela-conjicere.
1618 2301 1676 2331 Liv.
1688 2310 1715 2331 2.
1730 2310 1773 2330 ro.
1796 2300 1925 2331 Clamore
1934 2299 2025 2330 subito
2038 2299 2164 2336 undique
2170 2297 2201 2327 in
2208 2305 2297 2327 unum
2305 2295 2413 2326 hostem
2423 2293 2479 2326 tela

1373 2345 1537 2374 conJiciunt.
2380 2349 2385 2350 ⁷

1354 2376 1513 2414 Telumque
1526 2376 1639 2406 imbelle
1650 2376 1706 2406 sine
1717 2376 1776 2406 istu
1867 2375 2006 2412 ConJecit.
2028 2373 2100 2413 Virg.
2114 2383 2140 2403 2.
2153 2372 2215 2404 AEn.
2228 2382 2292 2409 545.

1354 2415 1500 2451 Conjicere
1509 2414 1630 2452 aliquem
1643 2415 1673 2444 in
1686 2423 1821 2444 amorem.
1845 2413 1933 2444 Plaut.
1948 2413 2035 2443 Merc.
2050 2423 2074 2448 ς.
2089 2422 2114 2449 3.
2126 2410 2235 2450 suppos.
2249 2420 2274 2447 ς.

1740 2468 1779 2474 --
1788 2453 1921 2489 quoniam
1932 2452 1991 2481 haee
1999 2451 2052 2480 tibi

1448 2489 1513 2519 Non
1526 2489 1637 2520 abstulit
1644 2490 1730 2520 modo
1741 2512 1750 2525 ,
1772 2490 1858 2520 sedin
1868 2498 1991 2520 amorem
2000 2486 2126 2524 conjecit
2135 2486 2243 2517 fortius.

1356 2527 1387 2558 ln
1398 2537 1473 2557 arcas
1485 2529 1598 2564 conjici.
1641 2528 1700 2558 Cic.
1711 2538 1762 2566 pro
1773 2527 1874 2558 Milon.
1886 2530 1931 2558 60.
1950 2527 2048 2556 Subito
2059 2525 2161 2563 arrepti
2179 2525 2209 2554 in
2221 2523 2398 2562 quaestionem
2408 2543 2417 2558 ‚
2438 2527 2479 2552 ta-

1374 2575 1440 2595 men
1451 2564 1608 2603 separantur
1619 2575 1634 2595 a
1648 2567 1747 2596 ceteris
1759 2588 1766 2600 ‚
1789 2568 1815 2596 Ge
1827 2567 1858 2595 in
1868 2575 1942 2595 arcas
1953 2565 2143 2601 conjiciuntur
2153 2584 2163 2600 ,
2183 2572 2220 2592 ne
2232 2563 2294 2600 quis
2303 2571 2368 2591 cum
2379 2560 2411 2590 iis
2422 2559 2479 2590 coI-

1375 2604 1453 2641 loqui
1471 2604 1560 2641 possit.
1585 2604 1619 2633 de
1631 2604 1724 2633 Servis
1737 2604 1839 2634 Clodii.

1355 2641 1387 2672 In
1403 2648 1533 2677 catenas,
1555 2643 1583 2671 in
1595 2651 1752 2677 carcerem,
1774 2642 1803 2671 in
1816 2640 1935 2671 vincula.
1976 2639 2035 2669 Liv.
2051 2638 2101 2668 lib.
2113 2647 2158 2675 29.
2171 2646 2233 2676 cap.
2245 2647 2272 2673 9.
2290 2638 2317 2667 &
2334 2646 2377 2672 19.
2394 2636 2478 2666 &aa

1376 2679 1409 2709 Et
1419 2679 1476 2709 Cic.
1489 2689 1515 2708 2.
1525 2679 1560 2709 de
1572 2680 1634 2709 Nat.
1649 2680 1730 2709 Deor.
1747 2681 1773 2710 δι
1785 2689 1810 2712 7.
1823 2679 1899 2709 Verr.
1914 2687 1956 2716 ¹7.
1970 2680 1997 2708 &
2014 2688 2038 2707 1.
2051 2676 2133 2707 Tusc.
2147 2679 2192 2713 96.

1354 2717 1387 2747 In
1397 2716 1479 2747 castra
1490 2716 1517 2747 se
1526 2717 1685 2752 adversarii,
1705 2717 1832 2748 Transire
1841 2717 1872 2747 in
1882 2716 1942 2754 ejus
1950 2722 2050 2755 partes.
2067 2715 2125 2745 Cic.
2136 2725 2162 2750 9.
2175 2713 2250 2743 Fam.
2259 2721 2305 2742 20.

1355 2755 1387 2785 In
1398 2755 1532 2784 familiam
1545 2755 1571 2785 se
1586 2756 1734 2791 conjicere.
1758 2756 1817 2785 Cic.
1826 2765 1878 2794 pro
1890 2756 1965 2784 Sext.
1976 2764 2002 2790 9.
2025 2753 2160 2790 Idemque
2176 2751 2207 2781 C.
2222 2748 2396 2783 Marcellum,
2409 2757 2476 2780 cum

1374 2793 1397 2823 is
1408 2803 1465 2822 non
1476 2793 1564 2823 solum
1574 2793 1698 2831 Capuam
1710 2793 1842 2827 venisset,
1864 2802 1960 2822 verum
1972 2792 2055 2822 etiam
2065 2790 2092 2820 se
2102 2812 2110 2824 ,
2132 2789 2204 2826 quasi
2214 2796 2354 2818 armorum
2364 2787 2454 2816 studio
2463 2808 2475 2823 ,

1373 2831 1401 2860 in
1411 2832 1561 2861 maximam
1573 2831 1705 2860 familiam
1715 2830 1892 2867 conjecisset,
1906 2831 1958 2860 &cn
1995 2827 2120 2859 Subaudi
2133 2827 2333 2857 Gladiatorum.

1333 2905 1336 2909 Α
1353 2867 1386 2899 In
1396 2870 1488 2906 fugam
1502 2868 1537 2898 se.
1576 2869 1632 2898 Cic.
1645 2879 1697 2906 pro
1708 2870 1779 2899 Coel.
1794 2874 1840 2904 63.
1864 2870 1951 2906 Atque
1962 2867 2011 2897 illo
2019 2866 2167 2905 repentino
2176 2862 2437 2900 hominumimpetu
2449 2861 2478 2892 se

1372 2908 1401 2936 in
1416 2908 1511 2944 fugam
1522 2907 1679 2941 conjecisse.
1722 2907 1788 2936 Cres.
1801 2916 1826 2936 2.
1837 2906 1905 2936 Bell.
1919 2905 2001 2936 Civil.
2012 2909 2057 2935 26.
2080 2905 2154 2934 Tota
2163 2902 2266 2932 auxilia
2275 2901 2346 2938 regis
2359 2901 2478 2938 impedi-

1371 2951 1399 2974 ta
1409 2952 1490 2982 atque
1502 2945 1660 2983 perturbata
1670 2967 1678 2981 ,
1699 2945 1777 2983 quod
1788 2944 1867 2975 nullo
1877 2944 1975 2974 ordine
1983 2965 1993 2979 ,
2014 2945 2040 2973 ἃ
2051 2943 2107 2973 sine
2120 2942 2223 2971 timore
2231 2941 2284 2970 iter
2291 2939 2424 2974 fecerant,
2445 2938 2476 2967 iri

1371 2983 1464 3020 fugam
1476 2983 1501 3011 se
1514 2983 1705 3018 conjecerunt.

1350 3020 1382 3050 In
1394 3023 1486 3057 fugam
1497 3021 1586 3049 hostes
1597 3022 1746 3057 conjicere.
1786 3019 1852 3050 Caes.
1865 3028 1891 3049 2.
1904 3018 1972 3049 Bell.
1986 3017 2057 3049 Gall.
2069 3025 2115 3055 23.
2145 3017 2185 3047 Ac
2199 3015 2351 3046 resistentes
2362 3012 2454 3044 hostes
2463 3033 2474 3049 ,

1372 3060 1560 3096 redintegrato
1572 3059 1668 3096 praelio
1677 3059 1706 3087 in
1718 3058 1812 3095 fugam
1824 3059 2014 3094 conjecerunt.

1352 3096 1383 3126 In
1395 3098 1487 3133 ignem
1495 3096 1522 3125 se
1530 3097 1679 3132 conjicere.
1703 3096 1788 3125 Plaut.
1803 3096 1876 3125 Rud.
1891 3104 1916 3130 3.
1930 3106 1956 3129 4.
1971 3097 2017 3130 64.

1352 3134 1384 3163 In
1395 3135 1526 3163 intimum
1539 3134 1711 3163 balnearum.
1735 3133 1793 3163 Cic.
1809 3143 1860 3172 pro
1878 3132 1950 3163 Coel.
1963 3135 2010 3162 62.

1351 3171 1436 3201 Intro.
1458 3172 1523 3202 Ter.
1539 3172 1638 3201 Heaut.
1653 3181 1678 3201 2.
1695 3181 1717 3207 3.
1731 3175 1774 3207 36.

1432 3209 1574 3238 Continuo
1585 3210 1631 3238 hic
1642 3209 1668 3239 se
1682 3208 1904 3245 conjecitintro:
1927 3216 1980 3245 ego
1990 3205 2154 3244 consequor.

1351 3246 1384 3277 In
1395 3247 1520 3277 laetitiam
1531 3246 1660 3285 aliquem.
1685 3247 1749 3277 Ter.
1763 3247 1864 3277 Heaut.
1874 3256 1900 3276 2.
1916 3255 1940 3282 3.
1956 3255 1999 3281 5¹·

1636 3301 1673 3306 -—
1682 3285 1749 3322 Syre
1760 3285 1816 3319 mi,
1838 3284 1969 3318 obsecro,

1444 3322 1487 3351 Ne
1498 3331 1543 3351 me
1554 3322 1583 3351 in
1593 3322 1718 3352 laetitiam
1732 3322 1826 3351 frustra
1837 3321 1980 3357 conjicias.

1350 3360 1383 3403 In
1394 3359 1526 3426 ¹².t‘{.bf²¹m
1537 3358 1571 3390 se.
1610 3360 1668 3391 Cic.
1681 3370 1707 3391 2.
1722 3360 1758 3390 de
1770 3360 1864 3390 Divin.
1876 3362 1921 3395 46.
1944 3357 1998 3389 Sed
2011 3364 2039 3387 te
2049 3355 2194 3387 mirificam
2214 3354 2244 3384 in
2262 3350 2397 3384 latebram
2406 3360 2474 3382 con·

1370 3407 1423 3433 jeci
1448 3407 1466 3427 i.

1350 3435 1382 3465 ln
1394 3435 1570 3465 latrocinium
1581 3441 1707 3472 apertum
1718 3434 1859 3471 conjicere
1869 3433 1989 3471 aliquem
1998 3442 2032 3462 ex
2041 3431 2156 3461 insidiis.
2199 3428 2256 3459 cic.
2268 3438 2294 3459 2.
2309 3429 2337 3457 in
2349 3426 2430 3458 Catil.
2447 3437 2471 3457 1.

1370 3474 1436 3503 Sine
1447 3473 1534 3502 dubio
1547 3474 1719 3510 pei-didimus
1728 3472 1874 3502 hominem
1886 3493 1894 3505 ,
1916 3470 2120 3507 magnificeque
2130 3467 2249 3498 vicimus
2260 3488 2268 3503 ‚
2289 3475 2374 3504 quum
2391 3465 2472 3495 illum

1369 3521 1403 3540 ei<
1415 3511 1532 3540 occultis
1544 3511 1646 3541 insidiis
1658 3512 1686 3539 in
1698 3516 1826 3548 apertum
1836 3509 2012 3539 latrocinium
2022 3508 2204 3544 conjecimus.

1350 3547 1382 3578 In
1394 3548 1496 3578 malum
1508 3549 1543 3578 se.
1566 3549 1632 3578 Ter.
1649 3549 1715 3578 Heu.
1731 3558 1754 3578 1.
1765 3557 1790 3577 2.
1808 3556 1850 3583 57.

1432 3586 1518 3622 Perii,
1540 3587 1608 3623 quid
1619 3596 1670 3624 ego
1682 3586 1748 3623 egi?
1769 3586 1798 3614 iri
1808 3584 1884 3622 quod
1895 3594 1941 3614 me
1955 3583 2064 3620 conieci
2076 3580 2200 3611 malum?

1350 3624 1381 3654 In
1390 3630 1505 3653 metum.
1548 3624 1604 3654 Liv.
1619 3633 1662 3660 39.
1681 3634 1726 3659 25.
1749 3623 1844 3660 ltaque
1865 3632 1930 3660 ergo
1944 3623 1973 3651 in
1984 3628 2094 3652 tantum
2104 3624 2212 3648 metum
2222 3626 2321 3647 omnes
2329 3614 2473 3647 Thessalos

1370 3662 1514 3696 conjestos
1525 3682 1533 3696 ,
1555 3670 1586 3691 ut
1597 3684 1605 3696 ,
1625 3664 1676 3692 Sco.

1350 3699 1382 3729 ln
1396 3699 1532 3728 morbum.
1573 3699 1659 3728 Plaut.
1672 3699 1749 3728 Poen.
1761 3697 1832 3734 prol.
1845 3701 1890 3732 69.

1430 3736 1585 3770 Conjicitur
1594 3737 1650 3774 ipse
1663 3738 1690 3765 in
1702 3736 1830 3765 niorbum
1840 3745 1874 3764 ei(
1886 3733 2058 3771 aegritudine.

1350 3774 1383 3804 In
1394 3775 1506 3802 noctem
1517 3774 1543 3802 se
1553 3776 1699 3807 conjicere.
1721 3774 1781 3803 Cic.
1793 3783 1843 3810 pro
1855 3773 1956 3803 Milon.
1967 3780 2013 3808 49.

1350 3812 1382 3841 In
1395 3813 1507 3848 nuptias
1520 3811 1649 3848 aliquem.
1675 3811 1740 3841 Ter.
1757 3812 1825 3840 And.
1840 3820 1863 3843 3.
1878 3822 1902 3846 ς.
1917 3820 1958 3845 14.
2100 3842 2107 3850 Δ

1431 3848 1487 3885 Qui
1497 3858 1540 3878 me
1555 3850 1640 3878 hodie
1650 3859 1683 3878 ex
1697 3847 1916 3885 tranquillissima
1927 3857 1955 3876 re
1965 3844 2108 3882 conjecisti
2118 3844 2147 3872 in
2157 3843 2279 3881 nuptias.
2401 3877 2410 3886 ·
2441 3877 2448 3884 .

1350 3887 1382 3917 ln
1396 3887 1524 3915 ordinem
1536 3887 1662 3922 judicum
1675 3886 1789 3922 conjici.
1830 3886 1889 3915 Cic.
1901 3886 1932 3915 iri
1942 3882 2030 3915 Pison.
2042 3893 2088 3919 94.
2110 3881 2189 3911 Nulli
2203 3879 2390 3919 conjicientur
2400 3886 2429 3908 in
2440 3877 2472 3907 il-

1369 3924 1429 3958 liam
1440 3923 1568 3954 ordinem
1579 3946 1587 3961 ,
1611 3924 1681 3954 nulli
1693 3925 1862 3955 eximantur.
2436 3950 2470 3981 h
