2600 4177
473 137 504 172 C
598 138 627 174 L
720 137 748 172 E

48 222 222 254 Cernens
233 244 242 259 ‚
261 219 407 258 [Κλήμης]
428 218 579 248 Historicm
591 239 599 251 ,
619 216 723 254 scripsit
741 216 777 246 de
795 216 918 252 Rege—‚us
937 219 963 249 ει
977 217 1192 255 imperatoribus

84 261 235 292 Romanis:
257 260 322 288 item
333 258 368 286 ad
377 256 538 292 Hieronym.
549 256 584 284 de
592 255 683 291 figuris
695 254 823 283 Isocrati:⁴
852 257 948 284 ,infftor
959 256 1066 286 suidas,

82 298 288 326 Clemensitem
298 293 498 324 Alexandrinus
513 292 605 322 Praesul
616 314 623 325 ,
645 291 781 321 Pantlieiii
794 292 945 329 distipulus
957 316 965 328 ,
987 294 1115 330 origenis
1127 302 1194 329 prae-

105 343 208 372 ceptor.
251 332 355 362 Floruit
370 331 417 361 sub
438 331 541 360 Severo
566 331 592 359 Sc
606 330 747 358 Antonino
763 331 944 368 principibus.
966 332 1151 368 Hieronymus
1167 331 1194 360 ἃ.

120 373 125 378 “
177 373 201 400 b.
216 371 262 400 lib.
274 375 299 399 6.

14 411 16 443 ἰ
51 372 237 443 Οιξῖιῗωε,
258 408 336 436 entis.
359 406 417 441 Adj.
441 405 548 441 Densi&
564 426 582 446 ‚⁵
601 402 778 437 σνήῗαψφνικὲς
789 426 797 438 ,
815 405 938 441 immae]
969 405 1070 434 dicitur
1084 406 1195 434 auctore

85 447 215 480 Donato,
236 446 292 482 Qui
304 453 360 473 non
373 443 493 472 irascitur
507 463 515 477 ,
537 451 584 478 qui
604 440 672 470 colit
695 450 819 472 mentem
840 443 915 472 suam
930 465 938 479 ,
963 453 1016 473 nec
1033 452 1095 472 cam
1114 449 1197 473 vexat

85 484 237 515 irascendo.
261 483 324 512 Ter.
337 481 412 510 Adel.
426 492 449 512 <-
461 491 488 516 4.
501 489 542 508 10.

165 521 292 550 Clemens
308 541 316 553 ‚
337 518 463 555 placidus
474 539 481 550 ,
503 516 571 545 nulli
583 516 683 545 liedere
697 525 727 545 os
741 538 749 549 ,
771 518 888 546 arridere
899 518 1037 547 omnibus.

88 559 168 590 Aditu
180 558 300 587 clemens
310 557 420 591 dicitur,
432 555 525 592 Quem
537 553 666 584 omnibus
675 554 844 584 familiariter
856 557 1006 585 convenirc
1020 555 1196 585 licetClaiid.

108 598 141 626 de
153 597 213 626 Sex.
227 594 306 624 Coos.
321 594 392 623 Hon.
407 603 467 626 ςςο.

90 634 218 665 Clemens
232 634 260 661 in
272 632 447 668 disputando.
489 630 545 659 Cic.
560 638 585 657 2.
599 628 634 657 dc
644 629 703 658 Fin.
720 638 761 658 12.
783 629 835 658 Etsi
845 629 906 660 satis
917 631 1039 660 clemens
1049 630 1108 660 suni
1118 631 1146 659 in
1159 630 1202 659 di-

107 671 241 710 sputando
253 692 261 705 ,
282 676 375 698 tamen
387 668 524 697 interilum
536 667 611 696 soleo
626 666 760 696 subirasci.

89 709 206 741 lncaede
217 708 390 736 clementior.
432 706 489 734 Cic.
502 714 528 742 7.
545 706 595 746 Ait.
608 713 632 740 7.
655 704 715 734 Nec
725 705 754 734 in
765 705 840 733 crede
858 705 1018 743 principum
1037 706 1200 735 clementio-

109 756 166 775 rem
182 746 256 774 hunc
265 745 323 774 fore
334 766 341 778 ,
363 753 445 780 quam
461 743 549 772 Cinna
560 743 650 771 iucrit.

90 782 323 814 Clementissimus
342 781 375 810 ab
391 781 559 810 innocentia.
600 779 658 808 Cic.
679 788 730 816 pro
752 779 832 808 Rosc.
857 780 945 808 Amer.
959 785 1003 815 ες.
1027 781 1094 817 Ego,
1114 791 1199 817 quan·

70 820 72 827 ’
105 820 293 859 quam'prieest
303 820 369 849 huic
380 819 518 855 quiestioni
533 819 572 847 vir
588 818 612 846 δέ
624 823 719 846 contra
727 818 873 846 audaciam
884 818 1043 848 tortiss'imus
1053 841 1060 854 ‚
1083 822 1108 850 ok
1118 820 1151 848 ab
1159 820 1200 848 in-

108 859 237 888 nocentia
246 856 486 887 clenientiilirnus:
513 862 604 885 tamen
614 855 696 883 facile
706 864 750 883 me
759 861 868 892 paterer
877 878 883 890 ,
905 857 956 885 &12.

88 897 186 928 Alveus
198 896 321 925 fluminis
331 895 502 924 clementior.
543 892 673 922 Curt.lib.
686 903 709 927 5.
728 902 788 930 cap.
800 902 823 928 3.
835 903 876 930 pr.
898 893 932 922 de
947 894 1032 930 Phasi,
1053 894 1200 932 Accipiunt

110 935 212 963 deinde
221 944 284 963 eum
299 943 327 962 ca·
333 933 405 968 mpi,
428 941 495 967 quos
506 930 686 960 clementiore
698 929 778 959 alveo
788 931 914 968 praeterit.

90 973 184 1037 Amni?¹
203 971 429 1001 clenientillimus
448 979 479 999 ea
495 976 572 1007 parte
592 968 709 1003 dicitur,
731 968 779 997 ubi
798 968 946 1007 minimum
966 969 1135 1007 impetuosus
1152 969 1198 999 est.

108 1010 164 1040 Ovi
189 1032 194 1038 .
228 1033 234 1038 .
256 1010 323 1038 Nlet.
339 1012 398 1037 116.

181 1020 241 1076 Ngc
253 1046 361 1075 dubitat
374 1068 381 1080 7
403 1054 455 1074 nec
469 1053 522 1081 qua
535 1043 565 1072 sit
576 1042 804 1073 clementissimus
815 1044 903 1073 amnis
913 1064 922 1080 ‚
1004 1044 1119 1081 Quaerit.

90 1086 188 1116 Animo
200 1084 331 1113 clementi
344 1082 493 1120 ignoscere.
516 1082 601 1111 Plaut.
618 1081 702 1111 milit.
714 1092 740 1116 4.
753 1084 779 1110 6.
794 1090 837 1118 37.

91 1124 174 1154 Aures
184 1122 344 1151 clementes.
367 1120 463 1150 Claud.
479 1123 505 1149 6.

91 1161 182 1190 Auster
191 1159 356 1189 clementior
370 1157 430 1187 vela
440 1165 528 1187 vocat.
550 1156 618 1186 Stat.
634 1168 658 1192 5.
672 1156 763 1186 Theb.
774 1159 838 1192 468.

91 1199 235 1234 Castigatio
249 1197 381 1227 clemens.
402 1197 460 1225 Cic.
473 1205 495 1224 i.
511 1194 568 1224 Off.
584 1203 644 1230 1³7-

90 1236 214 1267 Flamine
223 1235 352 1264 clementi
363 1233 447 1272 pulsae
458 1233 540 1262 unda:
552 1255 560 1267 ,
583 1232 644 1261 Miri
654 1241 724 1261 aura.
749 1231 836 1261 Catul.
849 1235 892 1261 62.
906 1241 970 1269 272.

89 1273 178 1306 Insula
195 1273 299 1302 ratibus
313 1272 446 1301 clemens.
484 1271 500 1298 i.
520 1279 544 1299 e.
576 1270 644 1306 Quae
663 1276 775 1307 portum
791 1270 875 1299 habet
892 1270 1067 1308 applicandis
1085 1269 1203 1301 navibus

109 1312 299 1341 commodum.
321 1310 417 1339 Claud.
429 1309 463 1337 de
473 1308 540 1337 Bell.
552 1308 624 1337 Gild.
639 1318 699 1342 ⁴3¹1·

91 1349 203 1386 judices
215 1348 399 1377 clementes&
411 1346 607 1375 misericordes.
630 1347 688 1375 Cic.
700 1355 750 1383 pro
763 1345 854 1375 Plane.
871 1354 915 1382 31.

92 1388 170 1418 Mare
179 1387 312 1416 clemens.
334 1385 493 1415 Ge11.2.21.

91 1424 198 1457 Rumor
208 1425 339 1453 clemens.
378 1421 483 1452 Sallust.
501 1421 529 1450 in
541 1421 667 1457 jugurth.
681 1431 742 1458 cap.
757 1429 800 1450 22.
823 1421 918 1458 Legati
938 1422 967 1450 iri
986 1422 1103 1452 Africam
1117 1430 1203 1453 matu-

111 1469 201 1496 rantes
214 1462 345 1496 veniunt,
366 1470 400 1489 eo
412 1470 455 1488 ma
476 1461 497 1488 is
508 1460 584 1496 quod
596 1459 689 1488 Romae
703 1460 769 1487 dum
781 1460 915 1496 proficisci
932 1468 1041 1496 parant,
1055 1461 1097 1497 ,de
1110 1461 1203 1498 praelio

28 1518 29 1532 i
111 1501 183 1530 facto
193 1501 219 1530 &
228 1499 438 1536 oppugnatione
474 1498 551 1526 isthic
564 1496 727 1526 audiebatur
739 1507 744 1525 :
766 1497 813 1526 sed
822 1498 843 1527 is
854 1508 947 1527 rumor
954 1497 1076 1528 clemens
1086 1506 1154 1529 erat.

28 1533 29 1539 ¹
93 1539 215 1569 Servitus
225 1538 293 1573 justa
302 1540 327 1567 ἄν.
336 1536 467 1565 clemens.
491 1535 554 1564 Ter.
567 1535 634 1564 And.
653 1546 674 1563 1.
692 1545 712 1564 i.
724 1545 749 1569 9.
887 1543 963 1565 —ut
974 1535 1080 1574 semper
1090 1536 1141 1566 tibi

28 1575 30 1608 ζ
74 1596 77 1597 ⁷
186 1576 205 1605 Λ
230 1576 265 1604 ud
276 1575 397 1611 niejusta
409 1572 564 1602 &clemens
574 1572 775 1603 fueritservitus
794 1572 853 1603 scis.

28 1620 31 1652 ⁴.
94 1614 184 1644 Sidus.
207 1585 303 1642 Claud.
313 1613 342 1641 in
354 1611 470 1649 Epithal.
485 1610 585 1640 Pallad.
599 1620 659 1640 120.

2 1657 6 1660 '
30 1670 31 1674 =
95 1651 278 1683 Vitaurbana.
298 1650 363 1680 Ter.
380 1648 455 1678 Adel.
472 1659 494 1678 1.
509 1658 532 1678 r.
548 1659 590 1685 17.
716 1667 726 1669 s

184 1689 241 1726 Ego
254 1689 324 1718 hanc
335 1689 503 1717 clementem
511 1687 594 1716 vitam
605 1685 739 1716 urbanam
749 1709 757 1723 ‚
778 1692 860 1724 atque
870 1688 958 1718 otium

185 1726 375 1757 Secutussum.

31 1790 33 1803 ‹
94 1766 184 1796 Primo
194 1765 358 1794 clementior
368 1774 436 1793 aevo.
458 1763 556 1793 Claud.
568 1771 592 1792 2.
606 1762 641 1791 de
652 1761 733 1799 Rapt.
744 1761 864 1799 Proserp.
878 1771 921 1798 51.

0 1829 15 1835 .,
31 1805 34 1824 l
61 1805 107 1836 Cr,
117 1814 159 1833 EM
169 1812 211 1832 ΒΝ
223 1813 241 1831 Τ
252 1813 260 1831 i
270 1813 290 1831 Α
302 1824 309 1837 ,
329 1812 360 1831 ae.
385 1801 403 1831 f.
426 1801 565 1837 [σνςᾳόη-ε,
586 1800 721 1834 iniciam]
743 1800 817 1830 iliius
828 1802 866 1830 est
877 1803 922 1838 qui
936 1811 993 1831 non
1003 1801 1131 1833 irascitur.
1145 1802 1206 1834 Cic.

32 1863 34 1872 ,
52 1851 56 1854 ’
95 1852 123 1873 2.
136 1842 171 1870 de
182 1840 289 1870 Invent.
304 1843 363 1876 164.
386 1839 543 1868 Clementia
553 1860 560 1872 ,
581 1838 619 1867 est
630 1847 678 1875 per
690 1847 773 1874 quani
787 1839 871 1867 animi
891 1849 993 1869 temere
1010 1841 1038 1868 in
1051 1841 1147 1869 odium
1161 1841 1209 1870 ali.

0 1905 2 1910 .
32 1883 35 1911 i
95 1881 174 1915 cujus
185 1878 348 1907 invectionis
359 1877 489 1906 concitati
501 1877 631 1905 comitate
643 1875 804 1905 retinentur.
840 1877 994 1915 [Suspecta
1002 1879 1101 1907 merito
1114 1878 1208 1909 let‘tio.

93 1917 164 1948 Puto
176 1926 209 1946 ex
222 1916 303 1945 codd.
316 1915 407 1953 vestig.
421 1915 571 1952 legendum
581 1937 589 1950 ‚
610 1914 702 1943 Animi
715 1935 722 1949 ,
742 1923 800 1943 non
815 1920 918 1945 temere
928 1916 957 1945 in
970 1916 1030 1945 odii
1040 1915 1156 1953 alicujus
1168 1918 1210 1947 in-

94 1956 245 1991 jectionem
260 1954 407 1987 concitati,
424 1954 475 1982 dcc.

92 1992 221 2026 Facilitas
233 1994 258 2021 δι
272 1990 434 2021 Clementia.
458 1989 521 2020 Ter.
540 1988 655 2027 Adelph.
667 1999 691 2026 5.
704 2000 730 2026 4.
742 1998 768 2027 7.

188 2030 329 2060 Facilitate
337 2028 406 2058 nihil
417 2027 471 2058 effe
480 2027 589 2056 homini
598 2027 696 2056 melius
705 2049 713 2063 ,
735 2037 826 2065 neque
838 2028 996 2060 clementia.

0 2084 5 2091 ι
56 2088 60 2092 Α
95 2068 205 2100 Lenitas
218 2067 411 2097 &clementia
452 2066 510 2096 Cic.
524 2075 567 2101 14.
588 2067 640 2094 Art.
654 2074 699 2095 21.
724 2065 763 2095 Nl.
783 2067 917 2096 Antonius
934 2068 969 2096 ad
983 2078 1029 2098 me
1046 2074 1156 2098 tantum
1174 2069 1209 2099 de

117 2106 216 2136 Clodio
231 2104 363 2142 rescripsit
375 2127 383 2138 ,
405 2113 495 2133 meam
504 2103 649 2133 lenitatem
661 2104 686 2132 δ’(
698 2103 888 2139 clementiam,
911 2107 962 2135 Sec.

0 2156 9 2180 ,ι
36 2157 39 2171 ι
97 2144 251 2175 Clementia
261 2145 286 2172 ἃ
298 2142 490 2171 mansuetudo.
532 2142 589 2170 Cic.
601 2150 626 2177 7.
650 2140 722 2170 Verr.
738 2152 797 2176 114.
822 2142 898 2171 illam
914 2143 1092 2173 clementiam
1104 2166 1112 2179 ,
1133 2154 1211 2173 man-

36 2174 39 2187 ἶ
115 2181 347 2217 ssietiidinemque
359 2180 441 2209 nostri
452 2179 560 2218 imperii
577 2179 606 2207 in
617 2186 723 2208 tantam
733 2179 926 2210 crudelitatem
939 2203 948 2217 ,
967 2182 1212 2212 inhumanitatem-

2 2246 7 2252 ..
117 2229 171 2257 que
181 2218 233 2248 else
243 2217 403 2247 conversam
410 2219 423 2246 ⁸?

0 2257 12 2289 ὲ
37 2256 40 2279 i
97 2257 251 2288 Crudelitas
265 2258 290 2286 Sc
305 2256 478 2291 Clementia,
498 2254 642 2284 contraria.
672 2253 730 2283 Cic.
750 2264 800 2292 pro
813 2254 900 2284 Deiot.
913 2264 981 2285 extr.
1004 2257 1133 2294 Quorum
1145 2258 1215 2288 alte-

117 2304 177 2324 rum
188 2302 293 2332 optare,
301 2293 413 2323 illorum
426 2293 597 2322 crudelitatis
607 2292 661 2321 est:
674 2292 791 2321 aiterum
799 2293 968 2330 conservare,
980 2295 1136 2325 clementiae
1147 2304 1210 2328 tuae.

98 2333 254 2363 Clementia
269 2332 297 2360 in
307 2331 502 2362 crudelitatem
511 2331 649 2359 conversa.
676 2330 704 2357 V.
728 2340 744 2358 c
753 2340 769 2358 o
779 2340 798 2358 N
809 2340 826 2359 v
838 2341 851 2359 F.
860 2341 875 2359 R
885 2341 904 2359 T
912 2341 938 2360 ο.

94 2371 305 2402 Munimentum
315 2369 480 2399 clementiae.
501 2368 561 2398 Cic.
577 2378 626 2406 pro
634 2367 724 2397 Deiot.
737 2378 784 2403 40.

97 2409 233 2446 Magnum
242 2409 348 2437 timoris
361 2407 513 2436 remedium
524 2406 672 2435 clementia
682 2406 727 2435 est.
750 2406 813 2436 Sen.
824 2405 919 2436 OC'tav.
932 2411 958 2441 8.

99 2446 205 2477 AEstatis
214 2447 282 2474 mira
293 2445 449 2474 clementia.
473 2445 538 2474 Plin.
555 2455 577 2478 ς.
594 2444 673 2480 Epist.
686 2447 761 2483 6.pr.

98 2483 186 2514 Ducis
196 2483 353 2512 clementia.
375 2483 459 2513 Ovid.
471 2491 496 2520 3.
510 2482 589 2513 Txist.
602 2492 626 2517 ς.
641 2490 684 2518 39.

98 2521 172 2552 Caeli.
197 2521 299 2550 Lucan.
313 2526 339 2555 8.
355 2525 418 2555 366.

29 2575 32 2578 ·
98 2558 214 2589 Hieniis.
233 2558 372 2588 Coluniel.
384 2558 432 2588 lib.
446 2567 471 2588 2.
488 2567 548 2596 cap.
560 2568 586 2594 9.

15 2614 18 2624 r
44 2620 45 2628 ,
95 2597 131 2627 'In
142 2597 288 2635 supplices.
311 2596 378 2626 Plin.
394 2596 443 2626 lib.
455 2602 480 2630 8.
497 2607 556 2634 cap.
573 2598 612 2625 16.

44 2636 46 2638 ’
98 2634 182 2665 Plena
193 2635 287 2663 omnia
295 2634 451 2664 clementiae
464 2657 472 2667 ,
494 2633 713 2664 mansuetudinis
724 2656 732 2670 ‚
752 2634 939 2666 humanitatis.
961 2635 1023 2666 Cic.
1036 2645 1061 2666 1.
1073 2636 1109 2675 Q
1121 2636 1182 2668 frat.
1189 2647 1212 2669 1.

101 2672 275 2703 Admirabilis
287 2671 444 2701 clementia.
467 2672 525 2701 Cic.
542 2681 591 2709 pro
604 2671 688 2708 Ligar.
705 2676 731 2701 6.

77 2719 79 2724 ·
100 2710 230 2742 Fecunda
243 2710 344 2748 placidi
355 2709 506 2739 clementia
517 2710 583 2739 Nili.
604 2710 672 2739 Stat.
686 2719 710 2747 3.
726 2709 818 2739 Theb.
832 2719 893 2747 527.

100 2748 202 2779 Hilaris
215 2748 370 2777 clementia.
393 2748 512 2777 Martial.
524 2748 574 2778 lib.
589 2757 632 2777 12.
645 2751 670 2777 6.

100 2786 186 2817 Mitis.
207 2786 274 2815 Stat.
289 2795 332 2815 12.
348 2785 439 2815 Theb.
451 2791 517 2821 48²·

99 2823 250 2862 Popularis.
294 2823 351 2853 Cic.
368 2833 410 2853 10.
424 2825 476 2853 Att.
490 2834 517 2859 4.
538 2823 629 2861 Ipsum
639 2829 732 2853 autem
747 2833 804 2852 non
815 2823 974 2860 voluntate,
995 2830 1042 2855 aut
1051 2830 1146 2856 natura
1155 2836 1214 2857 non

119 2861 173 2893 eise
185 2860 327 2890 crudelem
340 2883 348 2896 ,
369 2861 417 2890 sed
429 2861 505 2898 quod
518 2868 630 2899 putaret
647 2861 810 2899 popularem
822 2861 876 2892 esse
887 2862 1084 2893 clementiam:
1107 2865 1182 2902 quod
1196 2865 1215 2895 fi

71 2916 75 2917 ν
121 2898 220 2938 populi
231 2899 351 2928 studium
360 2898 486 2929 amisisset
498 2921 506 2934 ‚
527 2899 669 2929 crudelem
684 2899 752 2928 fore.

102 2938 259 2975 Confiigere
269 2937 304 2966 ad
314 2937 492 2966 clementiam
505 2937 631 2973 alicujus.
654 2937 713 2966 Cic.
728 2947 778 2974 pro
793 2937 878 2975 Ligar.
889 2946 932 2973 30.

101 2976 254 3014 Expedtare
266 2975 443 3005 clementiam
454 2975 563 3011 judicis.
604 2974 695 3005 Tacit.
710 2984 751 3011 ις.
768 2979 837 3005 Arm.
854 2985 897 3010 ῖς.
917 2976 1012 3012 Quum
1023 2977 1164 3007 damnatio
1176 2978 1217 3007 in.

121 3014 216 3049 staret,
236 3012 413 3042 brachiorum
427 3022 511 3042 venas
520 3012 678 3050 Torquatus
690 3013 848 3047 intercidit,
868 3013 1015 3049 secutaque
1027 3016 1144 3045 Neronis
1158 3026 1218 3045 ora-

121 3052 162 3082 tio
171 3061 207 3081 ex
217 3060 294 3080 more
304 3072 312 3087 ,
333 3051 459 3088 quamvis
470 3050 576 3080 sontem
591 3053 617 3080 ἃ
636 3050 789 3080 defensioni
803 3052 902 3081 merito
921 3052 1039 3083 diffisum
1050 3075 1059 3089 ,
1080 3054 1218 3084 victurum

122 3090 215 3120 tamen
229 3088 432 3118 siclementiarn
442 3089 544 3125 judicis
554 3087 730 3126 expectasset.

101 3127 245 3165 Impedire
255 3125 433 3156 clementiam
443 3126 568 3163 alicujus.
591 3127 649 3156 Cic.
663 3136 713 3164 pro
723 3126 807 3163 Ligar.
822 3136 864 3162 15.

28 3199 35 3207 ⁴
77 3175 83 3184 ¹
103 3165 217 3196 Referre
228 3171 375 3202 acceptum
385 3164 489 3202 aliquid
500 3164 656 3194 clementiae
666 3165 791 3199 alicujus.
812 3164 871 3194 Cic.
884 3174 935 3203 pro
951 3164 1044 3195 Deiot.
1061 3171 1104 3204 38.

105 3203 152 3234 Ma
192 3203 293 3233 aestin
307 3202 522 3232 illoclementia.
547 3202 669 3237 Ovid.4.
687 3202 766 3232 Trist.
777 3213 802 3237 4.
815 3211 858 3238 53.

105 3213 213 3271 Viosd're
224 3240 402 3270 clementiam
415 3262 424 3276 ‚
445 3240 615 3270 Posthabere.
637 3240 709 3278 Nep.
721 3249 746 3278 7.
762 3250 803 3270 io.
817 3249 840 3277 3.

103 3278 151 3308 Uti
162 3278 319 3309 clementia.
340 3277 399 3308 Cic.
416 3288 458 3314 14.
474 3280 527 3308 Att.
539 3288 585 3313 ας.

56 3341 58 3348 .
105 3316 302 3351 Clementiam,
321 3325 352 3345 ut
363 3316 460 3351 Deam,
477 3316 513 3346 sic
521 3315 650 3345 describit
659 3316 757 3345 Claud.
770 3316 800 3345 in
809 3316 930 3354 primum
941 3315 1053 3347 Consul.
1065 3316 1125 3348 Stil.
1135 3326 1161 3349 2.
1172 3322 1200 3349 6.

184 3354 325 3391 Principio
335 3355 426 3391 magni
442 3354 531 3383 custos
541 3353 697 3383 Clementia
706 3353 767 3383 caeli
778 3375 786 3388 ,

185 3392 256 3429 Quae
265 3391 341 3427 Jovis
350 3391 469 3421 incoluit
479 3391 588 3421 Zonam
597 3414 607 3428 ,
628 3401 688 3428 quae
702 3396 838 3429 temperat
848 3391 962 3422 aethram

185 3429 304 3466 Frigoris
319 3431 345 3459 &
356 3429 474 3460 flanimae
488 3429 609 3459 mediam
619 3451 626 3465 ,
648 3439 709 3466 quae
720 3430 840 3459 maxima
850 3437 914 3458 natu

186 3466 348 3497 Caelicolum
359 3489 368 3503 ,
390 3468 401 3502 (
413 3476 477 3496 nam
489 3467 576 3505 prima
587 3466 681 3496 Chaos
693 3467 847 3497 Clementia
856 3466 936 3496 solvit

186 3504 352 3542 Congeriem
362 3504 487 3534 miserata
495 3505 594 3534 rudem
604 3527 614 3539 ,
633 3505 767 3543 vultuque
773 3504 869 3534 sereno

185 3542 315 3573 Diseuffis
326 3542 448 3572 tenebris
456 3542 486 3572 in
494 3542 587 3572 lucem
598 3542 696 3572 saecula
705 3543 804 3577 fudit.)

0 3588 17 3619 ti
86 3592 89 3594 ·
186 3580 255 3610 Haec
265 3580 324 3609 Dea
332 3590 381 3617 pro
391 3579 503 3619 templis
512 3603 520 3616 ,
542 3580 658 3610 &thure
674 3580 830 3609 carentibus
840 3579 892 3610 aris

2 3638 5 3643 .
25 3639 27 3642 -
187 3618 231 3648 Te
240 3618 348 3647 fruitur.
461 3618 539 3648 [deni
549 3618 584 3647 de
598 3617 679 3648 Coris.
693 3618 780 3648 Mani.
792 3627 853 3654 ¹97·

187 3655 292 3686 Nonne
302 3655 378 3684 vides
387 3677 395 3690 ,
416 3661 448 3685 ut
457 3656 547 3686 nostra
556 3655 631 3685 soror
644 3655 800 3686 Clementia
811 3655 900 3685 tristes

188 3693 337 3723 Obtundat
348 3692 463 3730 gladios.

16 3759 17 3765 ,
77 3729 320 3766 Cumani-iia,
342 3731 495 3768 [ὲππεωῦς]
517 3732 586 3763 Adv.
606 3732 671 3762 Sine
688 3731 735 3760 ira.
768 3731 794 3760 h.
808 3741 832 3760 e.
854 3729 982 3759 Modeste
1001 3730 1046 3762 vel
1068 3731 1220 3764 moderare.

1 3773 26 3808 ’42-
110 3769 169 3800 Cic.
181 3772 207 3799 6.
222 3768 297 3797 Verr.
312 3772 357 3802 86.
377 3768 488 3799 Leniter
497 3770 655 3806 hominem,
676 3769 883 3805 clementerque
893 3769 1009 3806 accepit.

15 3807 29 3833 ἡ
110 3807 268 3837 Clementer
276 3806 424 3836 admovere
433 3808 647 3837 consolationes,
670 3807 737 3836 Plin.
752 3818 776 3841 ς.
790 3806 871 3843 Epist.
889 3810 930 3834 16.
943 3813 1012 3836 extr.

0 3844 40 3884 ῥ’·
111 3844 269 3875 Clementer
281 3852 360 3880 agere
369 3853 432 3873 cum
446 3845 550 3884 aliquo.
587 3845 696 3884 Ulpian.
716 3845 745 3873 in
762 3844 780 3874 l.
801 3844 872 3874 Item
886 3843 905 3872 si
919 3853 984 3873 cum
997 3845 1173 3882 exceptione.
1196 3847 1220 3884 5.

131 3894 155 3912 1.
177 3882 211 3912 D.
223 3881 299 3920 quod
306 3889 371 3910 met.
382 3881 464 3912 cauis.

113 3919 269 3950 Clementer
291 3918 440 3949 ambulate.
480 3919 565 3949 Plaut.
582 3919 669 3949 Merc.
692 3929 717 3956 ς.
731 3929 758 3952 2.
775 3928 839 3950 111.
869 3918 992 3956 Sequere
1005 3918 1046 3949 sis.
1066 3928 1093 3950 c.
1114 3919 1221 3957 sequor.

72 3997 74 4004 ἲ
129 3967 156 3990 ι,
175 3957 326 3989 clementer
335 3956 444 3994 quaeso,
463 3957 553 3989 calces
563 3958 674 3988 deteris.

73 4008 75 4023 Ι

74 4045 75 4058 l

1276 3095 1428 3127 ctuosi,
1449 3090 1570 3127 [κλέων]

1648 137 1678 172 C
1775 137 1803 172 L
1902 138 1929 175 E
2339 159 2404 193 543

1286 216 1396 246 Audire.
1436 218 1494 248 Cic.
1513 219 1606 255 Anteq.
1622 219 1674 248 iret
1685 219 1713 247 in
1724 218 1788 249 exil.
1801 228 1846 255 27.
1877 219 1931 249 Sed
1944 223 2075 258 quoniam
2085 232 2176 260 neque
2188 225 2256 254 milii
2267 225 2352 256 libere
2363 228 2404 257 lo-

1305 255 1429 290 quendi,
1450 266 1541 293 neque
1559 258 1637 285 vobis
1657 257 1808 286 clementer
1821 258 1973 294 audiendi,
1995 269 2086 297 neque
2105 263 2222 292 omnino
2236 264 2381 299 judicandi
2395 287 2405 302 ,

1306 302 1456 328 paucorum
1465 294 1554 323 surore
1565 296 1590 324 ἃ
1600 294 1714 324 audacia
1728 295 1798 324 iacta
1809 296 1846 324 est
1857 297 1984 333 potestas.

1288 329 1445 359 Clementer
1456 334 1479 360 S:
1495 333 1635 361 moderate
1645 332 1687 366 jus
1698 332 1798 362 dicere.
1821 333 1886 363 Caes.
1902 343 1925 369 3.
1943 332 2009 364 Bell.
2022 335 2101 365 Civil.
2113 346 2157 366 20.

1286 367 1403 396 Nullius
1415 368 1634 404 clementiusque
1645 371 1876 401 traciareiiberos.
1897 372 2021 402 Plin.lib.
2034 379 2059 407 8.
2074 374 2155 411 Epist.
2167 375 2216 404 ult.
2247 381 2251 385 ’

1288 404 1447 434 Clementer
1457 407 1529 435 volo.
1572 407 1655 436 l'laut.
1668 408 1753 437 Stich.
1765 419 1791 444 4.
1808 419 1832 439 1.
1849 413 1894 439 26.
1919 410 2004 446 Quod
2016 411 2116 448 vulgus
2131 412 2307 443 barbarorum
2319 413 2406 450 dicit.

1310 442 1365 478 Ego
1376 442 1433 471 sum
1447 444 1519 472 bene
1532 451 1689 474 contentus.
1730 446 1762 476 Et
1771 446 1901 477 translate
1911 448 1945 476 ad
1954 457 1995 477 res
2012 449 2185 480 inanimatas.

1289 478 1384 546 03¹1}OE
1398 481 1550 510 clementer
1569 482 1746 519 assurgentes.
1783 485 1873 514 Tacit.
1885 494 1926 522 13.
1939 485 2011 517 Ann.
2027 493 2070 523 38.
2110 487 2141 518 V.
2170 490 2196 518 ἃς
2210 487 2350 518 Drakenb.
2371 488 2408 519 ad

1330 527 1335 545 i
1351 540 1356 545 .
1374 527 1395 546 r.
1411 527 1473 554 274.

1290 554 1318 583 Si
1329 564 1383 597 ‘qua
1397 555 1458 597 juga
1471 557 1605 593 Apennini
1617 556 1784 589 clementius
1794 559 1944 590 adirentur.
1984 561 2075 592 Tacit.
2094 570 2119 599 3.
2132 561 2200 593 Hist.
2216 572 2260 599 52.
2283 563 2302 592 i.
2315 573 2340 594 e.
2362 563 2413 594 Fa-

1309 592 1362 620 cile
1376 594 1400 621 &
1412 594 1466 621 sine
1480 604 1579 627 maeno
1594 594 1697 624 labore.

1291 628 1356 658 Dixi
1367 640 1421 666 quo
1432 633 1512 667 patto
1523 632 1550 659 id
1561 632 1619 660 iieri
1630 632 1711 669 poilit
1723 633 1943 665 clementissime.
1966 634 2051 665 Plaut.
2064 636 2126 667 Mil.
2140 648 2166 672 4.
2183 647 2208 674 3.
2225 648 2238 674 ς

1255 666 1277 696 C
1287 678 1302 695 L
1312 677 1350 695 iio
1361 677 1375 694 B
1387 678 1394 695 1
1404 677 1415 696 s
1425 690 1433 701 ‚
1456 668 1597 703 [mio-Tic]
1619 670 1702 706 Argiae
1723 671 1760 706 (i.
1777 681 1801 701 e.
1820 674 1944 708 Argivae)
1964 672 2112 703 sacerdotis
2120 674 2200 705 iilius.
2225 661 2313 705 Cic.1.
2324 674 2408 706 Tusc.

1295 714 1356 747 μς.
1381 704 1499 734 Primum
1512 707 1594 743 Argiae
1606 706 1751 750 sacerdotis
1762 709 1874 739 Cleobis
1890 711 1914 740 ἂ
1932 710 2013 740 Biton
2033 711 2082 741 filii
2103 713 2293 748 praedicantur.
2334 714 2409 744 Nota

1291 742 1384 786 tabula
1393 744 1439 771 est.
1480 743 1575 787 Quum
1587 753 1662 773 enim
1673 744 1747 774 illam
1762 747 1796 775 ad
1805 747 1929 777 solemne
1948 750 1974 777 ἅ
1985 749 2081 778 statum
2094 750 2254 780 sacrificium
2266 760 2347 780 curru
2364 761 2410 781 ve-

1292 780 1466 822 li11usleisct,
1486 782 1549 824 {atis
1561 781 1645 818 longe
1656 782 1690 811 ab
1700 784 1807 820 oppido
1822 785 1857 813 ad
1879 785 1973 815 fanum
1985 808 1993 822 ‚
2014 795 2242 825 morarenturque
2264 789 2410 824 jumenta:

1293 824 1361 847 tunc
1371 827 1518 861 juvenes-11
1529 828 1598 855 quos
1609 819 1694 861 modo
1705 823 1865 858 nominavi,
1886 824 1960 852 veste
1977 825 2063 861 polita
2077 847 2085 858 ,
2106 835 2220 862 corpora
2236 825 2299 855 oleo
2311 837 2414 864 perun-

1292 862 1413 890 xerunt,
1434 856 1468 884 ad
1482 866 1578 892 jugum
1593 858 1770 899 accesserunt.
1812 860 1851 889 Ita
1868 859 1993 890 sacerdos
2007 862 2120 891 advecta
2136 864 2163 891 in
2183 863 2277 893 sanum
2296 886 2303 898 ,
2324 874 2411 901 quum

1291 903 1388 922 currus
1396 892 1570 923 effetducrus
1580 904 1594 923 a
1605 894 1668 923 tiliis
1680 916 1687 929 ‚
1709 902 1818 932 precata
1830 907 1845 926 a
1857 898 1909 926 dea
1921 897 2022 927 dicitur
2032 921 2041 934 ,
2063 908 2092 929 ut
2103 900 2156 930 illis
2168 902 2312 939 praemium
2331 902 2411 931 daret

1292 941 1343 969 pro
1369 931 1490 968 pietate,
1512 932 1587 998 quod
1599 932 1750 961 maximum
1764 933 1871 963 homini
1888 935 1946 964 dari
1962 936 2044 973 possit
2062 947 2077 966 a
2096 938 2165 967 Deo.
2207 939 2266 968 Post
2285 940 2413 976 epulatos
2458 958 2464 960 >

1295 978 1360 998 cum
1369 975 1454 998 matre
1463 969 1515 998 ado
1529 968 1651 999 escentes
1662 970 1757 999 somno
1769 971 1794 999 se
1805 972 1910 1001 dedisse
1923 994 1930 1007 ,
1952 983 2033 1003 mane
2043 976 2172 1004 inventos
2190 976 2244 1005 eise
2257 984 2391 1006 mortuos.

1257 1007 1280 1037 C
1290 1018 1306 1036 1.
1314 1017 1328 1035 a
1336 1017 1353 1035 o
1363 1017 1377 1034 B
1385 1009 1402 1035 ij
1412 1017 1428 1034 L
1436 1016 1454 1035 u
1465 1016 1476 1035 s
1485 1029 1493 1041 ,
1515 1006 1708 1043 [erdsssa&]
1729 1008 1857 1046 Evagorae
1874 1008 1947 1039 silius
1957 1010 2071 1042 Lindius
2079 1034 2086 1047 ,
2108 1023 2179 1042 unus
2195 1024 2210 1043 e
2225 1014 2328 1052 septem
2341 1014 2414 1044 Gra:-

1295 1046 1345 1074 ciae
1363 1044 1548 1088 sapientibus,
1569 1045 1686 1080 robore,
1709 1047 1734 1075 &
1752 1047 1960 1083 pulchritudine
1977 1051 2100 1087 corporis
2117 1052 2254 1086 eximius,
2285 1062 2300 1081 e
2323 1052 2413 1082 Lindo

1293 1083 1444 1120 AEgyptum
1453 1082 1667 1119 philosophandi
1676 1084 1761 1120 gratia
1771 1106 1779 1118 ,
1797 1084 1894 1122 petisse
1905 1085 1998 1115 fertur.
2021 1095 2097 1116 extat
2115 1089 2174 1124 ejus
2189 1089 2276 1119 brevis
2289 1090 2322 1118 ad
2334 1090 2414 1119 Solo.

1294 1130 1360 1150 nem
1369 1120 1490 1157 epistola.
1529 1120 1626 1149 Filiam
1635 1121 1734 1150 habuit
1744 1121 1960 1157 Cleobulinam,
1980 1124 2116 1161 virginem
2140 1126 2268 1156 doctam:
2291 1138 2351 1164 quie
2366 1128 2416 1157 he-

1294 1159 1427 1188 xametris
1441 1159 1586 1195 :enigmata
1599 1159 1724 1195 quaedam
1737 1159 1898 1198 perscripsit.
1940 1161 2061 1191 Decessit
2073 1163 2223 1193 Cleobulus
2234 1175 2321 1194 annos
2333 1174 2413 1195 natus

1296 1205 1377 1225 Lxx.
1418 1195 1472 1225 Hic
1496 1196 1568 1225 dixit
1585 1197 1691 1226 amicos
1710 1204 1792 1234 atque
1810 1198 1939 1228 inimicos
1957 1199 2100 1229 beneficiis
2115 1203 2241 1238 prosequi
2266 1210 2413 1239 oportere:

1296 1233 1348 1277 lios
1359 1240 1391 1263 ut
1404 1234 1509 1277 amicos
1519 1255 1527 1269 ,
1547 1233 1611 1277 illos
1621 1241 1651 1278 ut
1658 1235 1805 1265 amiciores
1816 1237 1974 1267 reddamus.
2014 1238 2146 1269 Aut‘tores
2157 1261 2165 1274 ,
2186 1238 2326 1278 Diogenes
2339 1240 2418 1270 Laer-

1296 1278 1352 1300 tius
1364 1292 1374 1307 ‚
1395 1272 1534 1301 &Surdas
1575 1271 1683 1301 Dieitur
1698 1275 1724 1303 &
1736 1273 1894 1303 Cleoboius.

1258 1309 1282 1339 C
1291 1321 1307 1338 L
1319 1319 1358 1338 iio
1369 1318 1385 1338 c
1396 1319 1411 1337 R
1422 1319 1459 1338 ιτ
1470 1320 1487 1338 υ
1496 1319 1508 1338 s
1518 1331 1526 1346 ‚
1548 1311 1729 1345 [Knia'zessr&
1741 1311 1755 1345 ]
1775 1312 1849 1349 apud
1864 1312 1994 1342 Comicos
2007 1318 2116 1343 taxatur
2135 1319 2168 1343 ut
2185 1314 2345 1345 mulierosus
2358 1338 2366 1351 ,
2389 1317 2418 1346 ἀ

1298 1347 1432 1382 cinaedus,
1454 1349 1480 1391 ὃς
1491 1347 1633 1384 obscurus,
1655 1349 1681 1377 ἃ
1692 1355 1722 1378 ut
1735 1348 1853 1393 Cybeles
1864 1349 1943 1381 filius.
1981 1350 2056 1381 Nam
2069 1352 2098 1381 in
2106 1352 2240 1390 mysteriis
2252 1353 2336 1383 Rheae
2345 1354 2418 1384 mol-

1297 1384 1338 1414 les
1351 1390 1459 1414 tantum
1470 1385 1613 1415 intersunt.
1636 1386 1703 1416 Haec
1719 1387 1825 1417 Suidas.

1261 1423 1283 1453 C
1292 1435 1307 1451 i.
1318 1433 1331 1451 a
1340 1433 1355 1451 o
1366 1433 1383 1451 o
1395 1433 1413 1452 Α
1422 1434 1442 1451 M
1452 1433 1471 1451 A
1481 1433 1492 1452 s
1504 1445 1512 1457 ,
1534 1420 1729 1459 [κλειδὶέμοις]
1752 1426 1886 1455 Achnaeus
1906 1425 2031 1462 (Achnae
2041 1432 2135 1457 autem
2145 1428 2241 1457 civitas
2256 1427 2294 1457 est
2305 1427 2419 1459 Thessa-

1297 1461 1341 1490 liae
1356 1461 1368 1497 )
1388 1461 1490 1498 scripfit
1500 1462 1535 1490 de
1545 1470 1610 1490 cura
1622 1471 1764 1498 equorum.
1786 1465 1888 1493 Auctor
1900 1464 2057 1500 Stephanus
2068 1465 2097 1493 in
2108 1464 2215 1499 ”Axiam

1298 1499 1375 1566 Alius
1382 1498 1550 1566 1Cleoqarnas
1560 1498 1676 1529 Thasius
1687 1500 1867 1539 philosophus
1881 1523 1889 1537 ‚
1909 1503 1958 1539 qui
1967 1501 2089 1533 Platonis
2108 1508 2236 1542 tempore
2250 1503 2280 1532 in
2299 1503 2419 1535 Geome-

1334 1547 1372 1565 ria
1403 1547 1461 1566 orui
1477 1560 1483 1566 .

1262 1575 1285 1605 C
1294 1586 1309 1603 L
1318 1584 1332 1604 iz
1342 1585 1359 1603 o
1369 1585 1387 1603 o
1397 1579 1413 1603 ὃ
1422 1584 1439 1603 a
1449 1585 1468 1603 A
1478 1596 1486 1610 ,
1507 1567 1680 1610 [κλεόῖὶιεφ]
1700 1574 1840 1613 Nympha:
1849 1587 1954 1607 nomen
1967 1599 1976 1613 ‚
1997 1578 2091 1608 matris
2104 1578 2222 1609 Parnassi
2233 1601 2240 1614 ‚
2263 1588 2278 1607 a
2290 1589 2345 1616 quo
2358 1579 2421 1617 Para

1301 1613 1391 1642 nassus
1404 1622 1483 1642 mons
1494 1622 1598 1642 nomen
1610 1614 1728 1651 accepit.
1766 1614 1798 1645 V.
1818 1615 1884 1645 Cael.
1900 1615 1950 1645 lib.
1963 1618 2005 1645 16.
2021 1625 2082 1654 cap.
2100 1626 2141 1651 ¹9·

1264 1651 1310 1680 Ci,
1319 1661 1358 1679 izo
1371 1662 1389 1679 M
1401 1661 1419 1679 A
1431 1660 1448 1679 e
1458 1660 1476 1679 ri
1487 1661 1504 1679 u
1514 1661 1545 1686 s,
1568 1652 1778 1694 [Kheo'nqixssb]
1797 1652 1953 1690 Magnesius
1968 1653 2062 1697 pugil,
2084 1654 2130 1691 qui
2151 1653 2180 1682 in
2204 1654 2305 1683 cinaedi
2329 1655 2420 1692 cujus-

1303 1689 1366 1717 dam
1382 1690 1407 1718 &
1418 1688 1525 1717 ancillae
1537 1698 1662 1718 amorem
1679 1689 1806 1719 incidens
1817 1712 1825 1726 ,
1847 1701 1906 1728 quae
1921 1702 1936 1720 a
1951 1691 2060 1720 cinaedo
2081 1691 2204 1721 alebatur
2218 1714 2226 1726 ‚
2249 1693 2421 1723 cinaedorum

1302 1728 1329 1756 ἃ
1340 1727 1494 1756 orationem
1506 1728 1531 1755 ἅ
1543 1736 1632 1757 mores
1642 1726 1680 1756 est
1691 1727 1823 1758 imitatus.
1865 1729 1950 1765 Quod
1962 1738 2050 1766 genus
2067 1729 2199 1759 orationis
2219 1730 2253 1759 ab
2274 1730 2421 1762 'inventore

1303 1764 1407 1795 Sotade
1418 1765 1579 1795 Sotadicum
1589 1764 1656 1794 alias
1665 1765 1777 1795 dicitur.
1818 1767 1919 1796 Auctor
1930 1767 2027 1796 Strabo
2042 1767 2091 1797 lib.
2105 1777 2147 1802 14.

1265 1802 1288 1833 C
1297 1813 1313 1831 r.
1322 1812 1335 1831 a
1343 1813 1360 1831 o
1371 1813 1391 1831 M
1400 1813 1415 1830 u
1425 1812 1440 1830 R
1449 1804 1466 1831 ὅ
1476 1812 1493 1830 r
1502 1812 1521 1830 υ
1531 1812 1543 1831 s
1553 1823 1561 1838 ,
1581 1801 1805 1839 [κλεὸμέςοτίῷν]
1826 1804 1888 1834 Fuit
1895 1804 2054 1834 adolescens
2069 1805 2241 1835 Ambraciota
2250 1827 2257 1841 ,
2277 1807 2321 1835 eui
2336 1816 2423 1839 ouum

1303 1840 1374 1869 nihil
1382 1839 1523 1869 accidisset
1533 1840 1637 1869 adversi
1649 1862 1656 1876 ‚
1676 1850 1692 1869 e
1710 1850 1790 1870 muro
1801 1841 1826 1870 se
1838 1843 1865 1870 in
1881 1852 1956 1872 mare
1975 1842 2094 1878 abiecit,
2115 1843 2190 1873 lecto
2208 1843 2327 1873 Platonis
2347 1844 2421 1874 libro

1304 1878 1342 1908 de
1356 1879 1516 1907 Animorum
1526 1878 1743 1908 immortalitate.
1765 1879 1833 1909 Haec
1847 1880 1904 1909 Cic.
1920 1890 1944 1910 1.
1956 1879 2036 1910 Tusc.
2050 1886 2095 1916 84.

1382 1914 1461 1948 ’Ἄξων
1475 1912 1528 1941 iustu
1545 1909 1599 1942 ὶοῗὶὶν
1610 1917 1704 1948 9ᾱνιὶτε
1715 1914 1798 1948 versv.
1879 1918 1977 1948 Cicero
1989 1928 2047 1948 non
2056 1919 2126 1949 dicit
2135 1917 2312 1950 Adolescens.
2333 1919 2368 1951 H.
2378 1920 2419 1951 St.

1304 1953 1345 1983 Eo
1357 1953 1458 1983 alludit
1470 1953 1553 1984 Ovid.
1572 1955 1600 1983 in
1612 1954 1672 1983 lbin
1685 1976 1693 1989 ,
1713 1964 1740 1985 v.
1752 1964 1817 1992 493.

1385 1991 1434 2022 Vel
1446 1992 1481 2020 de
1492 1992 1626 2029 praecipiti
1638 1992 1732 2021 venias
1741 1993 1769 2022 in
1779 1999 1876 2023 tartara
1888 1993 1952 2023 saxo
1961 2016 1970 2031 ‚

1423 2029 1460 2059 Ut
1472 2030 1516 2066 qui
1526 2029 1700 2059 Socraticum
1714 2030 1749 2060 de
1760 2040 1829 2060 nece
1839 2030 1907 2069 legit
1913 2042 1995 2073 opus.
2088 2030 2122 2061 V.
2145 2031 2306 2063 Callimachi
2328 2032 2421 2073 Epigr.

1324 2077 1370 2101 24.
1395 2067 1478 2096 Unde
1488 2066 1580 2097 Graeca
1591 2067 1654 2097 sunt
1665 2090 1674 2102 ,
1696 2078 1757 2104 quae
1773 2069 1806 2098 Η.
1822 2068 1861 2099 St.
1874 2070 1986 2104 adiecit.

1267 2105 1291 2137 C
1300 2117 1316 2135 L
1325 2116 1340 2135 a
1348 2116 1365 2134 o
1376 2116 1398 2134 M
1408 2109 1449 2134 {o
1462 2115 1474 2134 a
1483 2115 1495 2134 s
1504 2127 1511 2135 .
1533 2102 1713 2141 [Κλεομήὲης]
1734 2106 1955 2151 Astypalaeenlis,
1978 2107 2056 2151 cuius
2075 2113 2204 2144 portenta
2221 2108 2347 2144 quaedam
2367 2119 2425 2139 me-

1306 2150 1459 2181 morantur.
1490 2143 1544 2172 Hic
1555 2143 1654 2172 robore
1665 2153 1696 2173 ac
1706 2145 1898 2181 magnitudine
1908 2155 2011 2174 exunia
2020 2155 2106 2182 quum
2116 2146 2232 2175 Ciccum
2243 2147 2425 2184 Epidaurium

1306 2182 1385 2220 pugil
1396 2180 1536 2210 interfecit
1545 2203 1553 2215 ,
1574 2182 1695 2210 vit‘toriae
1706 2183 1824 2218 praemiis
1834 2183 1985 2218 fraudatus,
2006 2193 2061 2220 prae
2071 2183 2169 2212 dolore
2178 2183 2287 2213 insanus
2297 2184 2424 2221 effecius,

1305 2230 1342 2249 ex
1357 2219 1490 2256 Olympia
1502 2219 1678 2256 Ailypalaeam
1687 2219 1823 2254 reversus,
1843 2230 1985 2258 quumque
2000 2222 2039 2250 ibi
2052 2221 2138 2250 multa
2148 2228 2252 2250 temere
2269 2232 2300 2251 ac
2319 2223 2427 2252 violeri-

1306 2264 1350 2287 ter
1365 2256 1489 2292 fecisset,
1512 2257 1651 2294 postremo
1666 2256 1764 2286 ludum
1782 2267 1931 2295 puerorum
1953 2258 2106 2296 ingressus,
2125 2259 2321 2297 apprehensam
2340 2271 2426 2290 manu

1308 2296 1469 2326 columnam
1480 2316 1488 2330 ,
1509 2305 1570 2331 quae
1581 2296 1685 2324 testum
1693 2295 1858 2325 sustentabat
1869 2318 1878 2332 ,
1899 2298 2065 2327 concutiens
2075 2319 2083 2334 ,
2104 2298 2225 2327 mediam
2245 2297 2353 2333 fregiise
2363 2321 2370 2332 .
2393 2308 2425 2328 ac

1307 2335 1414 2363 tedium
1426 2332 1554 2367 dejecisse
1564 2332 1674 2362 dicitur.
1715 2333 1870 2363 Interfectis
1878 2340 1970 2363 autem
1984 2336 2093 2373 pueris,
2115 2345 2201 2372 quum
2213 2344 2377 2367 quaereretur
2389 2337 2424 2365 ad

1307 2371 1477 2409 supplicium
1487 2393 1495 2406 ,
1516 2371 1545 2399 in
1556 2370 1712 2408 sepulcrum
1733 2381 1864 2408 magnum
1875 2371 1901 2401 se
1915 2370 2080 2408 conjeciffe‚
2102 2374 2127 2402 ἃ
2145 2373 2269 2402 clausum
2286 2374 2360 2402 intus
2381 2374 2428 2403 ad-

1307 2411 1414 2447 jet‘tum
1426 2408 1543 2446 desuper
1552 2408 1714 2446 operculum
1726 2410 1796 2439 adeo
1808 2409 1924 2440 tenuisse
1935 2432 1942 2445 ,
1964 2418 1995 2439 ut
2011 2420 2048 2440 ne
2067 2421 2084 2440 a
2098 2410 2195 2440 multis
2214 2412 2327 2448 quidem
2346 2411 2427 2441 simul

1307 2447 1500 2478 adnitentibus
1509 2468 1519 2482 ,
1539 2448 1566 2475 vi
1578 2446 1635 2476 ulla
1644 2447 1724 2475 evelli
1736 2447 1832 2483 posset.
1872 2447 1990 2477 Conciso
2001 2448 2085 2485 igitur
2093 2449 2168 2478 circa
2180 2449 2243 2478 loco
2253 2471 2261 2483 ,
2282 2459 2373 2485 neque
2385 2451 2424 2478 vi-

1308 2495 1375 2515 vum
1386 2485 1528 2514 hominem
1536 2506 1544 2519 ,
1566 2494 1656 2521 neque
1666 2494 1808 2515 mortuum
1816 2484 1870 2515 esse
1878 2493 2065 2524 compertum.
2106 2487 2198 2523 Quare
2206 2487 2290 2517 miffis
2301 2487 2426 2525 Delphos

1308 2523 1407 2562 legatis
1419 2521 1585 2560 respondisse
1597 2522 1721 2559 Pythiam
1730 2544 1738 2557 ‚

1402 2561 1523 2590 Ultimus
1532 2561 1650 2589 heroum
1663 2559 1829 2591 Cleomedes
1841 2561 2017 2599 Astypalaeus.
2110 2561 2178 2592 Haec
2189 2564 2289 2601 partim
2300 2573 2316 2593 e
2326 2563 2425 2600 Suida,

1331 2599 1411 2628 artim
1421 2608 1436 2628 e
1446 2597 1602 2627 Plutarcho.

1333 2638 1374 2667 uit
1387 2638 1413 2666 ἃ
1425 2635 1605 2671 cleomedes,
1626 2635 1736 2666 Graecus
1749 2637 1862 2671 anaor,
1885 2637 1933 2675 qui
1952 2635 2056 2674 scripsit
2071 2637 2106 2668 de
2123 2637 2239 2668 Circulis
2257 2638 2426 2676 caelestibus,

1331 2675 1405 2712 quod
1417 2684 1488 2712 opus
1496 2674 1606 2710 elegans
1619 2674 1772 2703 admodum
1782 2675 1876 2704 adhuc
1885 2681 1970 2705 extat.
2001 2675 2108 2706 Suidas.
2331 2698 2333 2700 »

1271 2714 1298 2745 C
1307 2725 1323 2742 L
1332 2724 1345 2742 E
1354 2723 1370 2741 o
1382 2714 1425 2741 Mi}
1436 2722 1456 2740 N
1466 2722 1516 2748 iis,
1536 2712 1709 2748 [Κλεομένης]
1730 2711 2004 2742 Lacedaemoniorum
2016 2714 2074 2742 dux
2084 2735 2092 2748 ,
2111 2713 2161 2751 qui
2172 2713 2206 2742 ab
2219 2714 2353 2751 Antigone
2364 2724 2428 2758 rege

1311 2752 1341 2781 in
1352 2750 1557 2788 praeliovidius,
1577 2750 1614 2780 ad
1623 2748 1798 2780 Ptolemaeum
1808 2750 1982 2788 Philopatora
1997 2750 2024 2780 se
2037 2752 2143 2789 recepit
2155 2773 2163 2786 ‚
2185 2751 2360 2789 benigneque
2396 2762 2428 2780 ri-

1311 2799 1391 2819 mum
1412 2795 1546 2825 exceptus
1558 2809 1566 2823 ,
1587 2796 1654 2817 mox
1676 2787 1819 2823 Nicagorae
1830 2786 1974 2823 cujusdam
1994 2788 2133 2818 calumnia
2145 2790 2218 2826 apud
2234 2800 2325 2827 regem
2341 2763 2430 2827 suspe-

1312 2829 1374 2856 t‘tus
1383 2848 1391 2862 .,
1412 2826 1544 2855 custodiae
1554 2835 1618 2855 cum
1628 2824 1688 2855 aliis
1701 2825 1863 2892 quibusdam
1870 2827 1998 2862 traditus,
2019 2827 2067 2863 qui
2077 2837 2175 2856 omnes
2186 2827 2211 2856 se
2223 2829 2324 2857 mutuis
2336 2828 2432 2857 vulne-

1313 2865 1390 2895 ribus
1402 2873 1545 2893 necavere.
1587 2863 1648 2893 Rex
1658 2863 1707 2892 Pto
1720 2874 1821 2894 emaeus
1841 2864 2023 2894 Cleomenem
2042 2872 2181 2895 mortuum
2201 2865 2275 2903 pelle
2296 2867 2428 2901 nudavit,

1312 2901 1559 2938 cruciqueadsixit.
1581 2900 1621 2930 Ex
1638 2900 1783 2931 Plutarcho
1804 2902 1834 2931 in
1846 2903 1900 2932 vita
1909 2903 1969 2938 ejus
1980 2902 2072 2940 parall.
2083 2904 2109 2932 Sc
2121 2903 2198 2939 Agid.

1313 2941 1378 2971 Fuit
1390 2941 1415 2970 δι
1426 2940 1593 2969 Cleomenes
1604 2939 1712 2969 Siculus
1722 2962 1729 2974 ,
1751 2940 1797 2977 qui
1805 2940 1915 2970 luxuria
1927 2962 1935 2975 ‚
1956 2941 2136 2977 nequitiaque
2155 2940 2264 2970 Verrem
2283 2940 2428 2970 referebat.

1334 2978 1394 3008 Cic.
1408 2987 1433 3014 7.
1445 2977 1505 3007 Ver.
1518 2982 1565 3011 8⁶.
1585 2976 1751 3007 Cleomenes
1766 2985 1869 3014 autem,
1890 2979 1936 3015 qui
1948 2978 2064 3008 alterum
2076 2977 2102 3008 se
2112 2978 2223 3007 Verrem
2232 2980 2339 3008 luxuria
2349 2985 2431 3015 atque

1334 3016 1477 3053 nequitia,
1499 3021 1560 3044 tum
1577 3015 1662 3045 etiam
1674 3016 1710 3044 im
1734 3016 1792 3045 erio
1804 3022 1931 3054 putaret,
1951 3016 2074 3047 similiter
2089 3022 2163 3046 totos
2178 3016 2236 3046 dies
2252 3018 2280 3046 in
2294 3016 2377 3046 litore
2393 3024 2432 3046 ta.

1334 3053 1485 3084 bernaculo
1496 3053 1585 3091 posito
1617 3060 1712 3091 erpota
1734 3061 1769 3083 at.

1594 3063 1656 3121 ssux
1671 3091 1879 3121 Atheniensium
1898 3092 1927 3120 in
1948 3091 2120 3129 Reipublicae
2132 3091 2367 3121 administratione
2386 3092 2434 3121 ad-

1316 3129 1413 3160 versari
1423 3129 1516 3159 solitus
1529 3128 1615 3158 Niciae
1624 3129 1745 3159 Nicerati
1756 3129 1822 3165 filio,
1843 3129 1936 3159 missus
1950 3130 2070 3165 denique
2085 3130 2112 3157 in
2124 3129 2270 3158 Thraciam
2282 3139 2344 3158 cum
2355 3139 2432 3159 eiter-

1316 3169 1373 3198 citu
1386 3190 1394 3201 ,
1416 3166 1518 3197 multas
1527 3167 1609 3197 urbes
1622 3168 1706 3205 cepit.
1736 3167 1806 3196 Eum
1816 3167 1964 3197 inferiatur
1977 3167 2167 3204 Aristophanes
2176 3167 2204 3196 in
2216 3167 2363 3197 Comoedia
2373 3178 2434 3205 quae

1316 3205 1473 3235 inscribitur
1484 3204 1567 3232 ἱππεῖς
1582 3227 1590 3240 ‚
1611 3205 1639 3234 id
1649 3205 1687 3234 est
1698 3205 1818 3241 Equites.

1315 3243 1416 3274 Fuit&
1429 3242 1516 3272 Cleon
1530 3251 1629 3280 poeta,
1650 3244 1696 3280 qui
1709 3243 1888 3280 Argonautica
1900 3242 2002 3280 scripsit
2013 3264 2021 3277 ,
2042 3252 2057 3271 a
2076 3252 2131 3278 quo
2142 3248 2338 3279 argumentum
2350 3242 2434 3280 Apol.

1336 3281 1428 3310 lonius
1440 3280 1568 3310 Rhodius
1582 3288 1722 3310 mutuatus
1733 3281 1784 3315 est,
1802 3287 1835 3309 ut
1844 3281 1903 3315 eius
1913 3287 2050 3309 enarrator
2061 3279 2159 3308 scribit.

1317 3319 1381 3350 Fuit
1391 3320 1457 3348 item
1471 3318 1561 3348 Cleon
1570 3318 1788 3348 Halicarnasseus
1799 3325 1908 3354 orator,
1927 3318 1976 3355 qui
1991 3317 2127 3355 Lysandro
2143 3316 2355 3348 Lacedaemonio
2374 3327 2435 3347 ora.

1337 3359 1444 3386 tionem
1455 3355 1622 3393 composuit.
1644 3357 1745 3386 Auctor
1756 3356 1861 3385 Suidas.

1319 3395 1409 3425 Cleon
1417 3416 1425 3430 ‚
1446 3394 1526 3424 Latro
1537 3394 1648 3431 quidam
1658 3394 1768 3431 insignis
1779 3393 1831 3422 suit
1840 3415 1847 3427 ,
1868 3402 1883 3421 e
1892 3392 1954 3422 vico
1967 3392 2061 3422 Gordo
2071 3391 2209 3421 oriundus
2219 3413 2227 3427 ,
2248 3402 2330 3429 quem
2342 3393 2436 3430 postea

1338 3442 1441 3471 augens
1453 3433 1547 3461 urbem
1559 3432 1624 3461 fecit
1634 3454 1642 3467 ,
1662 3433 1688 3461 ἃ
1702 3423 1866 3468 ¹luli'opolim
1878 3430 2038 3467 appellavit.
2079 3429 2105 3460 Is
2123 3430 2212 3467 primo
2224 3430 2336 3466 quidem
2354 3432 2436 3460 Anto-

1338 3472 1386 3500 nio
1399 3470 1482 3500 vaide
1493 3469 1570 3499 utilis
1579 3470 1631 3499 fuit
1642 3491 1650 3505 ,
1671 3469 1717 3498 sed
1731 3478 1814 3505 quum
1824 3469 1852 3497 in
1864 3467 1938 3497 bello
1951 3468 2059 3497 Ae'tiaco
2071 3467 2105 3497 ab
2116 3477 2151 3496 eo
2163 3466 2329 3502 descivisset,
2351 3468 2437 3498 Caesa-

1338 3510 1376 3538 ris
1384 3508 1501 3538 ducibus
1512 3507 1638 3542 adhaesit,
1660 3516 1691 3535 ac
1701 3506 1777 3543 supra
1786 3515 1868 3542 quam
1882 3506 1942 3541 ejus
1956 3506 2088 3535 merirum
2108 3512 2266 3542 pateretur,
2289 3506 2316 3534 in
2329 3507 2436 3536 honore

1339 3547 1449 3576 habitus
1457 3547 1504 3575 est.
1540 3544 1670 3574 Mortuus
1680 3550 1771 3573 autem
1781 3544 1818 3573 est
1826 3544 1853 3572 in
1867 3543 1956 3572 Ponto
1968 3565 1976 3579 ,
1997 3543 2141 3581 postquam
2154 3543 2340 3572 Cumanorum
2354 3544 2439 3573 sacer.

1339 3585 1449 3613 dotium
1460 3581 1614 3619 accepisset,
1635 3588 1666 3610 ut
1675 3581 1767 3610 videre
1778 3582 1817 3610 est
1825 3581 1901 3618 apud
1910 3581 1999 3611 Strab.
2010 3582 2058 3611 lib.
2072 3590 2113 3610 1².
2137 3581 2183 3618 qui
2198 3581 2279 3617 huius
2292 3583 2375 3611 vitani
2389 3582 2438 3611 ali-

1342 3629 1447 3659 quanto
1458 3621 1538 3649 latius
1548 3620 1702 3656 exequitur.

1285 3660 1308 3690 C
1318 3670 1355 3689 LE
1365 3664 1381 3689 ὅ
1391 3669 1411 3688 N
1421 3670 1443 3687 ῆι
1455 3680 1463 3692 ,
1485 3656 1633 3693 [mamad]
1653 3660 1739 3685 arum.
1751 3655 1770 3685 f.
1786 3655 1825 3690 (Se
1836 3655 1857 3684 C
1866 3665 1883 3683 r.
1892 3665 1907 3683 s
1915 3665 1932 3684 0
1941 3664 1962 3684 N
1971 3665 1985 3684 a
1998 3655 2123 3692 singulari
2136 3656 2266 3686 numero&
2291 3656 2439 3686 Mediocre

1323 3697 1459 3735 oppidum
1470 3697 1498 3724 in
1509 3696 1552 3724 via
1568 3695 1646 3723 situm
1656 3716 1664 3728 ,
1686 3703 1745 3729 quae
1756 3702 1789 3722 et<
1802 3695 1869 3730 Argo
1879 3692 2049 3726 Corinthum
2059 3693 2153 3722 ducit:
2177 3694 2311 3731 distatque
2323 3696 2354 3722 ab
2368 3696 2436 3732 Argo

1322 3735 1416 3765 stadiis
1431 3743 1449 3762 c
1460 3743 1478 3760 x
1490 3742 1522 3761 x:
1545 3742 1560 3761 a
1571 3732 1708 3761 Corintho
1720 3740 1783 3760 vero
1796 3741 1810 3758 i.
1820 3739 1837 3759 x
1846 3738 1863 3758 x
1872 3740 1898 3759 x.
1938 3730 1979 3761 Ibi
1997 3731 2130 3760 Hercules
2140 3731 2252 3761 leonem
2261 3733 2366 3761 occidi:
2376 3742 2439 3771 pro-

1323 3784 1360 3811 pe
1372 3773 1530 3802 Nenieteani
1541 3769 1641 3804 silvam,
1665 3768 1859 3806 utaitrSizidas.
1879 3769 2025 3799 Senecam
2038 3768 2119 3798 Herc.
2131 3768 2222 3799 Orith.
2236 3780 2259 3799 V.
2276 3775 2356 3804 1891.

1403 3809 1478 3838 Flete
1496 3807 1640 3843 iitgolicae,
1660 3806 1725 3835 fiere
1737 3806 1856 3835 Ciconae.

1321 3846 1451 3877 Humiles
1461 3845 1579 3874 Cleonce.
1602 3844 1686 3874 Ovid.
1700 3848 1724 3872 6.
1739 3842 1806 3872 Met.
1820 3852 1884 3881 417.
2158 3861 2160 3865 ‹

1402 3881 1649 3918 Orchomenosque
1659 3881 1733 3913 ferax
1742 3902 1749 3914 ‚
1772 3884 1797 3910 oz
1808 3881 1909 3909 nobilis
1919 3889 1971 3910 aere
1981 3880 2130 3911 Corinthos
2141 3902 2151 3918 ,

1402 3918 1580 3952 Messenen?
1590 3922 1666 3948 ferox
1677 3940 1685 3951 ,
1706 3918 1844 3947 Pan-ime
1855 3940 1862 3953 ,
1883 3918 2055 3954 humilesque
2070 3919 2192 3948 Cleonae.

1285 3958 1411 3990 Cenon
1421 3969 1444 3987 ai
1454 3968 1470 3986 u
1480 3968 1491 3986 s
1501 3979 1509 3993 ,
1532 3958 1724 3993 [meamne-j
1746 3958 1806 3992 Situ.
1828 3966 1874 3990 ut,
1896 3956 1952 3985 L:o
1963 3958 2117 3986 biconaeus.
2139 3957 2187 3986 Sil.
2203 3955 2251 3985 lib.
2264 3964 2287 3990 3.
2300 3963 2342 3990 34.
2408 3991 2420 4021 Ι

2421 4002 2441 4021 n
