2600 4177
396 143 425 178 C
521 144 548 178 A
643 144 673 179 Τ

80 223 232 260 corpusque
243 234 326 254 omne
336 223 411 254 velut
424 224 486 261 gelu
497 225 652 262 obrigescit.
687 226 776 263 Hujus
790 227 880 256 morbi
892 228 941 259 tria
952 230 1018 259 facit
1030 240 1129 267 genera
1140 231 1192 260 Ga-

82 258 161 289 lenus
171 262 215 290 lib.
229 262 307 291 Finit.
322 262 426 291 Medic.
439 263 485 291 ubi
496 263 568 292 vide.

44 295 68 324 C
79 306 96 324 Α
107 307 125 324 ἰ’
134 302 151 327 ὗ
162 309 178 327 c
188 303 203 327 E
213 310 258 328 um
269 321 278 335 ‚
298 300 317 328 i.
337 309 364 328 n.
387 301 403 334 [
415 300 567 335 wwydov]
588 300 769 330 Domiciliuni
783 301 996 333 subterraneum.

47 332 70 362 C
81 343 99 361 A
109 344 126 362 vr
137 345 152 363 o
161 341 183 364 M
194 346 210 364 u
220 347 241 364 >a
250 358 258 369 ,
280 337 297 365 i.
315 346 341 365 n.
366 335 512 365 Vinculum
527 339 553 367 &
565 344 689 367 catenam
704 339 852 375 significat,
872 349 902 370 ut
919 341 1018 378 legitur
1030 342 1057 370 in
1068 343 1190 379 quodam

81 371 110 399 in
127 372 288 406 Juvenalem
300 374 413 402 scholio,
455 374 512 403 Cic.
527 384 552 410 7.
570 375 643 404 Fam.
655 381 698 404 26.
733 377 832 406 Vereor
854 388 890 407 ne
912 379 939 407 iri
961 387 1101 408 catomum
1121 380 1190 409 Cato

81 418 141 438 nos.
180 410 327 448 Usurpatur
338 413 362 440 Sc
374 421 388 440 a
401 410 517 440 Laberio
525 413 599 449 apud
609 412 729 443 Gellium
739 415 767 443 in
778 415 852 444 versu
868 416 1029 445 catalectico
1037 438 1045 452 ‚

162 447 256 477 Tollet
267 448 338 477 bona
349 449 402 477 fide
412 459 459 478 vos
468 459 548 478 orcus
558 450 644 479 nudas
656 451 685 479 in
696 459 846 482 catomum.
929 454 980 483 Alii
998 462 1114 492 utroque
1127 454 1191 484 loco

83 483 230 514 Catonium
241 485 344 522 legunt.
386 486 416 515 V.
437 485 484 515 suo
503 487 575 516 loco.

46 521 91 550 Ca
102 525 145 551 τᾶ
155 531 174 550 N
184 532 233 556 gs,
254 524 411 558 [Κάτωνες]
432 533 465 552 ex
477 525 584 561 oppido
596 524 719 554 Tusculo
729 527 864 563 originem
885 528 1005 558 habuere
1014 552 1021 561 ,
1043 529 1119 558 unde
1139 530 1193 567 pri-

83 568 160 588 mum
171 560 310 597 profectus
322 561 361 590 M.
375 561 484 590 Porcius
496 562 563 591 Cato
574 563 666 596 senex,
687 563 859 600 persuasione
871 574 952 603 atque
961 568 1082 596 amicitia
1092 567 1192 596 Valerii

81 596 172 626 Flacci
185 597 344 627 solicitatus.
365 599 419 628 Hic
429 598 506 629 Trib.
521 600 579 630 niil.
598 601 628 629 in
639 601 733 630 Sicilia
744 601 804 631 fuit.
842 602 942 633 Praetor
959 605 1114 633 Sardiniam
1130 615 1191 642 pro-

81 634 200 664 vinciam
211 635 349 669 obtinuit,
372 636 419 665 ubi
439 637 473 665 ab
494 637 585 666 Ennio
604 638 657 667 suit
667 638 767 668 Graecis
782 640 878 669 litteris
890 642 1028 672 institutus
1046 649 1124 671 aetate
1137 643 1192 677 jam

81 672 202 709 grandis.
242 672 343 702 Consul
360 673 464 703 deinde
484 684 547 704 cum
565 676 666 706 eodem
687 675 784 705 Flacco
804 686 910 707 creatus
925 680 1083 709 citeriorem
1098 679 1192 717 Hispa-

81 709 155 738 niam
169 709 332 745 sortitusest,
353 711 402 740 ubi
411 712 492 741 rebus
502 713 619 743 feliciter
627 714 706 750 gestis
718 735 724 747 ,
747 716 872 744 oninium
885 717 993 746 urbium
1010 727 1113 752 muros,
1131 728 1192 755 quae

81 747 152 776 intra
165 747 259 777 Baerim
270 748 341 782 sunt,
353 759 410 777 uno
419 750 465 780 die
476 750 532 779 solo
546 752 644 788 aequari
654 751 734 785 jussit.
751 753 849 782 Auctor
858 753 1028 792 Polyb.apud
1040 755 1107 784 Pliit.
1121 755 1190 785 Plin.

80 784 224 823 iib.7.cap.
239 795 282 822 27.
304 786 392 816 tribus
401 797 465 817 eum
475 788 603 818 laudibus
613 789 744 822 cumulat,
752 791 904 827 perfeetum
914 794 939 821 δι
948 793 1154 829 Imperatorem,
1167 796 1193 822 δε

81 823 243 852 Senatorem
253 846 261 858 ,
282 825 307 854 &
322 825 467 854 Oratorem
477 827 659 855 nominando.
689 827 773 861 Cujus
786 828 889 865 ingenii
902 831 985 859 etiam
996 831 1190 860 ineminitCic.

82 860 118 889 de
128 860 200 890 Clar.
213 861 289 890 Orat.
303 871 365 898 293.
379 862 420 892 his
427 863 528 900 verbis,
549 864 697 893 Orationes
708 866 777 900 ejus,
789 872 819 895 ut
829 866 884 895 illis
899 868 1090 905 temporibus,
1110 869 1192 897 valde

81 897 176 928 laudo.
198 899 349 935 significant
363 901 440 930 enim
451 901 567 931 formam
577 903 714 939 quandam
730 903 852 940 ingenii,
874 905 921 934 sed
937 906 1090 935 admodum
1104 906 1193 944 impo-

82 935 159 964 litam
170 938 195 966 ἄ
206 937 287 975 plane
298 938 410 973 rudem,
424 940 474 969 Sec.
517 939 626 976 Scripsit
643 940 788 977 Origines.
810 943 836 971 ἃ
846 952 962 978 parvum
975 944 1010 973 de
1022 944 1192 982 Agricultura

81 973 183 1004 librum
193 997 201 1010 ,
223 976 268 1012 qui
279 976 314 1005 ad
322 975 382 1005 haec
391 982 515 1014 tempora
526 978 662 1015 pervenit.
702 978 754 1008 Hic
763 978 832 1008 Cato
842 980 932 1015 Major
943 983 968 1011 ἃ
979 982 1015 1010 ob
1025 982 1144 1012 censurae
1155 982 1193 1010 se-

80 1011 223 1042 veritatem
233 1013 377 1043 Censorius
387 1014 477 1044 dietus
487 1014 540 1050 est,
561 1015 597 1044 de
608 1025 663 1053 quo
671 1015 751 1053 plura
775 1016 804 1046 V.
821 1019 895 1055 apud
907 1018 1014 1048 Livium
1026 1019 1073 1049 lib.
1085 1029 1129 1056 34.
1147 1019 1193 1049 Ci-

80 1058 229 1085 ceronem,
249 1050 372 1080 Gellium
383 1073 391 1085 ,
413 1052 531 1082 Plinium
544 1053 638 1091 passim
651 1075 658 1088 ,
680 1054 820 1092 Nepotem
832 1058 857 1084 ὅ(
874 1055 1048 1087 Plutarchum
1061 1058 1088 1086 in
1100 1064 1147 1087 vit.

80 1087 202 1117 Catones
216 1089 282 1118 item
301 1090 358 1118 duo
375 1090 487 1119 fuerunt
505 1090 648 1129 superioris
659 1091 727 1126 filii,
749 1102 866 1129 quorum
877 1093 945 1123 alter
962 1095 991 1123 in
1007 1095 1079 1124 bello
1098 1102 1194 1124 contra

100 1125 225 1155 Perseum
236 1126 284 1155 sub
292 1127 403 1157 AEmilio
416 1128 499 1157 Paulo
509 1139 607 1167 magna
617 1139 681 1158 cum
690 1129 773 1159 laude
786 1130 923 1161 militavit.
965 1132 1037 1162 Alter
1045 1132 1193 1162 Saloninus

99 1162 145 1192 vel
158 1164 340 1200 Salonianus,
362 1175 396 1194 eiiv
415 1172 501 1195 matre
520 1168 753 1205 cognominatus,
774 1175 852 1205 patre
874 1169 1015 1207 superstite
1031 1180 1063 1200 ac
1077 1171 1194 1200 Praetore

100 1200 389 1270 flesgtgngtcileilitgnstus
399 1203 437 1233 est
448 1226 456 1239 ,
477 1206 503 1234 ἃ
514 1205 639 1243 egregios
649 1205 679 1234 in
691 1206 759 1242 juris
772 1205 1010 1244 disciplinalibros
1026 1209 1192 1247 composuit.

123 1249 140 1268 u
173 1262 178 1268 .
217 1250 489 1272 e.i.2.ca.1.

80 1275 122 1306 Μ.
143 1276 214 1306 Cato
224 1299 232 1312 ,
258 1279 380 1308 Senioris
404 1252 546 1318 grossepos
563 1302 572 1315 ,
606 1279 752 1310 severitate
774 1291 807 1311 ac
834 1282 961 1313 doctrina
994 1284 1088 1313 Stoica
1116 1294 1195 1322 proa-

101 1324 168 1344 vum
190 1315 326 1345 referebat
341 1326 348 1345 ι
388 1318 471 1346 nudis
487 1318 629 1347 interdum
654 1319 774 1356 pedibus
803 1320 933 1357 brevique
962 1327 1027 1359 toga
1050 1322 1079 1350 in
1105 1322 1197 1360 publi-

101 1362 166 1382 cum
186 1353 315 1390 prodibat
327 1376 335 1388 ,
356 1354 410 1384 sese
430 1355 616 1385 adsuefaciens
637 1356 726 1385 nihilo
740 1379 748 1392 ,
770 1358 818 1386 nisi
834 1358 967 1388 obscaenis
985 1359 1067 1389 rebus
1078 1370 1110 1389 ac
1121 1360 1197 1389 dete-

99 1390 241 1421 stabilibus
271 1391 439 1422 erubescere.
478 1393 602 1423 Praeturae
628 1393 713 1423 semel
738 1395 872 1433 repulsam
894 1396 958 1426 tulit
970 1419 978 1432 ‚
1015 1397 1196 1428 Consulatum

98 1428 194 1458 frustra
208 1430 297 1467 petiit.
339 1430 472 1459 Marciam
487 1433 637 1469 conjugem
648 1433 755 1470 roganti
776 1433 922 1463 Hortensio
941 1435 1032 1465 amico
1044 1435 1195 1471 conceffit,

98 1466 272 1504 eandemque
306 1468 378 1497 ostea
388 1468 524 1498 Hortensii
535 1470 674 1499 haeredem
685 1472 835 1508 recepitJd
846 1473 922 1509 quod
931 1472 1054 1508 eiCaesar,
1064 1480 1196 1511 tanquam

99 1505 216 1534 avaritiae
228 1515 277 1534 cau
292 1516 307 1535 a
317 1505 419 1535 facium
430 1506 543 1540 obiecit.
564 1507 672 1536 Dimisit
691 1504 807 1546 (inquit)
828 1517 858 1538 ut
867 1509 1038 1548 locupletem
1050 1512 1194 1550 reciperet.

99 1541 175 1572 Toto
186 1542 273 1573 civilis
286 1543 352 1573 belli
363 1551 490 1582 tempore
498 1545 622 1574 intonsus
634 1546 693 1575 [iiit.
715 1546 774 1575 Post
790 1558 912 1585 pugnam
927 1548 1114 1584 Pharsalicam,
1138 1549 1196 1579 Uti-

98 1589 158 1610 cam
170 1590 234 1610 cum
245 1582 376 1619 Scipione
389 1582 415 1611 se
425 1583 546 1620 recepit:
569 1583 617 1612 ubi
628 1593 713 1620 quum
730 1586 800 1614 mori
811 1585 941 1615 statuisset
955 1609 963 1620 ,
984 1588 1067 1616 nocte
1079 1587 1113 1617 de
1124 1588 1195 1617 Stoi-

99 1628 131 1648 ca
140 1618 318 1657 philosophia
335 1619 475 1655 disseruit,
496 1631 529 1650 ac
546 1620 683 1651 Phaedone
693 1621 816 1652 Platonis
834 1623 870 1652 de
884 1625 969 1653 animi
987 1625 1195 1655 immortalitate

98 1656 224 1724 {lerledtp¹
234 1679 242 1693 ,
263 1657 355 1695 gladio
367 1658 505 1689 incubuit.
545 1658 614 1689 Inde
631 1659 834 1698 ascriptoribus
845 1661 977 1692 Uticenlis
991 1670 1114 1694 vocatur.
1155 1664 1196 1695 Ex

0 1722 2 1727 ,
131 1702 205 1725 utare
225 1705 252 1725 0.

0 1735 8 1767 li
79 1731 116 1799 li‘i³
125 1732 231 1801 CaCtlone
242 1731 437 1771 perfectissimo
447 1734 542 1765 Stoico
551 1731 685 1765 summam
702 1735 891 1773 eloquentiam
908 1747 966 1767 non
983 1738 1120 1769 desiderat
1135 1739 1194 1769 Cic.

0 1782 8 1789 ¹·
119 1780 135 1800 e
181 1781 217 1801 ar.
231 1773 307 1801 Orat.
321 1778 381 1806 118.

0 1815 5 1840 'i
78 1809 172 1839 Annos
183 1810 303 1876 qignqpe
315 1811 341 1839 &
352 1821 369 1839 i.
380 1820 396 1839 x
407 1820 424 1839 x
432 1819 450 1839 x
463 1816 543 1840 natus
554 1809 623 1840 Cato
635 1810 750 1840 excessit
765 1821 781 1842 e
793 1813 856 1842 vita.
898 1813 957 1843 Cic.
979 1814 1016 1844 de
1031 1814 1103 1844 Clar.
1115 1814 1193 1844 Orat.

96 1851 144 1880 80.
160 1847 195 1876 de
232 1858 267 1877 en
280 1849 349 1877 orio.

79 1882 192 1915 Marcus
207 1884 276 1915 Cato
287 1884 391 1914 nullam
405 1885 558 1915 adulteram
570 1895 629 1915 non
642 1886 763 1917 eandem
775 1887 830 1918 esse
842 1888 995 1918 veneficam
1005 1889 1085 1919 dixit.
1104 1890 1195 1927 Quin-

98 1922 139 1952 til.
151 1922 197 1952 lib.
231 1946 237 1953 .
250 1933 281 1953 ca
306 1947 311 1953 .
327 1933 369 1953 11.

0 1958 14 1989 Τ
78 1959 134 1990 Dat
142 1961 201 1996 jura
212 1934 264 1999 {iis
275 1933 344 1991 Cato
352 1961 545 1998 apudinferos.
569 1961 641 1999 Virg.
655 1968 681 1996 8.
697 1962 759 1993 AEn.
771 1967 834 2001 670.

158 1998 337 2036 Secretosque
348 2000 419 2037 pios,
434 1999 476 2028 his
487 1999 600 2029 dantem
610 2001 669 2036 jura
677 2000 824 2031 Catonem.
907 2002 962 2032 Ubi
973 2002 1083 2032 Servius
1093 2025 1101 2038 ‚
1123 2003 1196 2032 Cen-

96 2034 197 2065 sorium
217 2038 229 2072 (
242 2037 355 2073 inquit)
375 2036 507 2074 significat
517 2059 525 2073 ,
545 2047 603 2067 non
613 2038 770 2068 Uticensem
779 2061 787 2074 ,
809 2040 856 2076 qui
870 2046 966 2070 contra
977 2040 1109 2070 Caesarem
1119 2040 1194 2070 bella

95 2073 222 2111 suscepit.
262 2075 296 2104 Et
304 2074 486 2113 supergressus
497 2075 535 2104 est
546 2076 600 2105 hoc
611 2076 674 2106 loco
686 2077 799 2107 Homeri
809 2077 1035 2116 dispositionem:
1058 2078 1194 2116 siquidem

95 2111 143 2140 ille
156 2112 300 2147 Minoem,
318 2112 561 2149 Rhadamantum,
581 2113 696 2144 AEacum
717 2115 753 2144 de
766 2115 860 2153 impiis
877 2117 1001 2152 judicare
1023 2116 1093 2146 dicit
1107 2139 1115 2153 ‚
1145 2117 1194 2147 hic

96 2148 255 2179 Romanum
266 2151 368 2180 ducem
382 2151 580 2181 innocentibus
592 2153 657 2181 dare
666 2153 725 2189 jura
735 2160 946 2184 commemorat.

78 2184 198 2217 Grandia
205 2188 318 2218 Catonis
328 2189 456 2218 morituri
466 2189 557 2219 verba.
580 2189 648 2220 Pers.
662 2200 687 2228 3.
700 2191 754 2221 Sat.
769 2202 819 2227 45.

77 2225 169 2255 Durus
182 2225 259 2255 Cato.
279 2226 406 2262 Juvenal.
422 2237 464 2256 11.
478 2227 533 2257 Sat.
549 2238 594 2264 90.

76 2262 188 2294 Hilaris.
210 2264 331 2294 Martial.
348 2264 397 2293 lib.
416 2274 458 2294 12.
472 2269 499 2294 6.

156 2302 236 2338 Quos
248 2302 341 2332 Numa
349 2325 357 2337 ,
378 2312 447 2339 quos
457 2302 550 2333 hilaris
559 2302 648 2341 posset
661 2303 761 2334 habere
770 2303 850 2334 Cato.

0 2347 6 2365 i
77 2339 213 2370 intonsus.
235 2340 303 2370 Hor.
314 2350 340 2370 2.
353 2340 443 2370 Carm.
462 2351 504 2376 ις.
519 2351 561 2371 11.

0 2379 9 2406 ³
77 2376 157 2407 Prisci
168 2377 295 2408 Catones.
318 2378 386 2408 Hor.
401 2389 428 2408 2.
449 2379 530 2416 Epist.
542 2389 568 2408 2.
584 2387 644 2417 ¹¹7·

0 2411 11 2484 ἒ
77 2415 181 2453 Rigidi.
203 2415 301 2446 Claud.
314 2425 339 2445 2.
356 2417 384 2445 in
402 2427 425 2445 1.
441 2417 521 2446 Cons.
536 2417 596 2447 Stil.
614 2423 677 2454 382.

77 2452 186 2483 Tertius
201 2464 216 2483 e
226 2454 294 2484 caelo
303 2455 407 2483 cecidit
418 2454 494 2484 Cato.
516 2454 616 2490 Juven.
629 2465 655 2485 2.
670 2456 725 2486 Sat.
738 2467 785 2490 40.

0 2489 10 2556 ξ
75 2491 167 2520 Virtus
176 2491 290 2521 Caton's
301 2500 423 2522 narratur
431 2492 501 2530 saepe
510 2503 588 2522 mero
598 2494 718 2524 caluisse.
741 2494 807 2524 Hor.
823 2502 848 2531 3.
861 2492 952 2523 Carni.
964 2502 1009 2523 21.
1022 2502 1065 2524 υ.

76 2528 213 2558 Virtutem
223 2530 365 2567 moresque
376 2530 489 2560 Catonis
496 2531 698 2568 repraesentare.
722 2532 788 2561 Hor.
801 2541 824 2560 1.
838 2532 920 2569 Epist.
934 2541 979 2561 20.
992 2542 1035 2567 14.

76 2566 145 2596 Cato
159 2577 211 2605 pro
222 2567 298 2597 Duro
310 2590 318 2604 ,
339 2568 427 2606 rigido
439 2568 566 2598 &severo
578 2569 702 2599 homine.
725 2569 843 2600 Martial.
861 2570 910 2600 lib.
925 2580 967 2599 ιι.
980 2580 1027 2606 40.
1050 2570 1079 2599 in
1098 2569 1193 2601 Chari-

94 2606 209 2635 demum
224 2627 232 2640 ,

169 2643 267 2672 Desine
279 2653 285 2673 :
308 2653 365 2672 non
376 2643 485 2681 possum
499 2644 630 2674 libertum
645 2645 716 2674 serre
728 2645 875 2674 Catonem.

76 2679 175 2711 Fuit&
186 2681 308 2710 Valerius
321 2682 391 2711 Cato
411 2683 604 2720 grammaticus
623 2683 719 2712 Romae
730 2706 738 2718 ,
770 2684 818 2719 qui
835 2682 939 2713 multos
965 2682 1076 2714 nobiles
1095 2683 1194 2714 docuit

95 2726 221 2758 tempore
234 2719 317 2749 Sullae
330 2729 337 2748 ;
359 2721 437 2756 cujus
451 2720 550 2750 famam
567 2721 595 2750 hi
607 2721 696 2751 versus
705 2722 850 2757 indicant,

167 2756 238 2786 Cato
249 2756 451 2787 Grammaticus
463 2780 471 2793 ,
491 2758 587 2788 Latina
598 2759 677 2789 Siren
688 2780 698 2796 ‚

168 2795 226 2831 Qui
236 2795 308 2824 solus
318 2795 394 2832 legit,
416 2797 441 2825 St
455 2796 522 2826 facit
530 2803 636 2834 poetas.

95 2839 153 2863 tori.
170 2834 205 2862 de
217 2832 258 2862 lll.
273 2833 365 2863 Grani.
383 2843 443 2872 cap.
459 2844 500 2863 11.
1065 2874 1070 2879 ι
1087 2874 1092 2879 .
1158 2874 1163 2880 ⁸

5 2894 9 2899 .
42 2869 93 2901 CA
102 2881 121 2900 τ
131 2881 148 2899 o
158 2875 221 2900 Nisi
231 2881 252 2900 N
262 2881 280 2900 u
289 2881 302 2900 s
312 2893 320 2906 ,
342 2881 356 2900 a
370 2893 378 2905 ,
400 2882 456 2901 um.
479 2873 668 2908 [Kardia&]
691 2872 750 2907 Adj.
772 2879 820 2907 ut,
843 2872 995 2902 Catoniana
1006 2873 1118 2903 familia.
1132 2873 1191 2904 Cic.

3 2918 10 2936 i
79 2918 104 2938 2.
117 2909 151 2946 Q.
165 2909 227 2938 frat.
240 2912 267 2938 6.
288 2908 426 2938 Tabulam
437 2910 538 2947 proscri
561 2910 607 2945 sit,
630 2909 655 2939 se
668 2910 799 2939 familiam
809 2911 992 2940 Catonianam
1001 2912 1190 2942 venditurum.

0 2947 11 2982 ‘i
79 2947 232 2977 Catoniana
244 2946 338 2984 regula
349 2948 377 2976 in
387 2948 447 2983 jure
456 2921 611 2986 appelliitur
621 2970 628 2984 ,
650 2959 710 2985 quae
724 2949 761 2977 ita
777 2947 890 2983 definit,
911 2956 943 2977 ut
954 2949 1076 2992 legatum
1086 2971 1095 2984 ,
1115 2951 1191 2987 quod

0 2998 4 3013 ι
95 2985 193 3014 inutile
203 2985 275 3015 foret
287 3007 296 3018 ,
318 2985 334 3013 si
348 2986 503 3015 testamenti
515 2986 581 3016 facti
601 2994 729 3024 tempore
746 2987 857 3015 testator
873 2986 1026 3016 deceslisset
1037 3009 1045 3021 ,
1066 2988 1192 3024 quando-

91 3033 206 3090 {unque
217 3023 307 3090 polstea
316 3023 461 3053 decesserit
471 3033 530 3053 non
540 3024 723 3054 convalescat.
745 3024 763 3053 l.
777 3034 800 3053 1.
813 3024 846 3053 D.
865 3024 901 3053 de
922 3034 979 3062 reg.
999 3025 1097 3054 Cuton.
1114 3024 1133 3054 l.
1147 3035 1189 3062 ¹3·

118 3061 198 3091 „deo
222 3067 240 3090 t.
261 3071 276 3090 e
296 3068 330 3090 at.

41 3093 189 3128 CATON1
200 3071 250 3128 iim
261 3071 309 3134 ,δὴ
326 3108 354 3128 n.
376 3098 434 3128 Cic.
445 3107 470 3136 7.
484 3099 558 3129 Fam.
570 3109 614 3135 25·
637 3099 741 3129 Vereor
756 3109 792 3128 ne
805 3099 834 3128 in
858 3099 1008 3129 Catonium
1027 3100 1190 3130 Catoninos.

0 3147 11 3162 Ἰι
59 3135 104 3170 ’ἰὴ
117 3146 140 3166 e.
163 3136 262 3166 Vereor
271 3147 308 3166 ne
319 3137 404 3166 nimia
414 3136 543 3173 libertas,
565 3139 591 3167 Sc
602 3137 715 3166 Catonis
727 3138 845 3166 imitatio
855 3159 863 3172 ,
885 3139 963 3174 cujus
974 3137 1069 3167 laudes
1084 3139 1110 3167 δι
1127 3140 1191 3168 tu&

77 3183 129 3212 ego
139 3174 291 3212 scripsimus
312 3175 488 3210 (eratautem
498 3175 553 3205 hoc
571 3175 668 3204 Caesari
680 3175 919 3209 molestissimum,
942 3176 1017 3204 unde
1036 3178 1061 3205 ἃ
1081 3176 1192 3205 Antica-

77 3218 156 3241 tones
172 3212 263 3250 postea
272 3212 397 3250 scripsit)
418 3212 535 3242 subaudi
550 3213 704 3251 Praecipitet
714 3223 765 3242 nos
776 3214 805 3242 in
816 3213 975 3247 Catonium,
997 3214 1074 3256 idest
1082 3223 1189 3249 orcum,

77 3257 123 3280 aut
134 3251 233 3279 inferni
244 3251 397 3279 baratrum:
420 3251 474 3280 hoc
485 3251 540 3286 est,
562 3251 593 3280 sit
606 3251 687 3280 nobis
699 3251 777 3280 causa
789 3251 893 3280 mortis.
934 3251 999 3280 Cael.
1012 3250 1059 3280 lib.
1073 3261 1114 3280 12.
1128 3262 1189 3289 cap.

80 3294 120 3324 17.
142 3289 284 3325 Siquidem
300 3288 447 3318 Catonium
458 3298 509 3326 pro
519 3288 614 3318 inferis
625 3291 701 3319 rec‘te
712 3290 797 3327 poni,
819 3298 853 3318 ex
867 3288 980 3333 Laberio
997 3289 1192 3326 comprobavit

0 3327 11 3351 >¹
76 3325 181 3356 Gellius
192 3348 199 3361 ,
219 3326 303 3355 etiam
311 3326 329 3355 si
339 3327 410 3355 inter
420 3326 529 3356 sordida
539 3326 716 3363 obsoletaque
725 3337 758 3356 ac
769 3326 947 3361 maculantia,
969 3327 997 3355 id
1009 3326 1062 3355 esse
1071 3328 1192 3356 vocabu-

12 3376 15 3382 ·
77 3363 136 3393 lum
147 3370 236 3402 putat.
264 3364 325 3393 Nec
334 3374 368 3392 eo
378 3364 461 3393 verbo
472 3364 539 3394 esset
551 3364 613 3394 usus
629 3372 730 3399 orator,
742 3365 790 3393 nisi
799 3365 834 3393 de
843 3365 972 3393 industria
983 3374 1016 3407 εὶς
1027 3364 1192 3395 obscuritate

78 3401 170 3438 iocum
179 3401 318 3439 captasset.
342 3402 408 3432 Haec
419 3401 528 3432 Caelius.
549 3401 655 3432 Laberii
667 3403 758 3432 versus
768 3402 843 3440 apud
854 3402 985 3435 Gellium.
993 3402 1188 3446 lib'.16.cap.7.

60 3462 66 3467 .
167 3439 263 3469 Tollet
277 3439 351 3469 bona
357 3439 413 3469 fide
426 3450 474 3469 vos
483 3450 563 3470 orcus
572 3441 660 3470 nudas
676 3442 704 3469 in
715 3440 874 3469 Catonium.
969 3440 1040 3469 Fieri
1060 3441 1149 3477 potest
1160 3447 1192 3470 ut

12 3492 14 3499 ›
77 3476 111 3506 ab
119 3477 250 3513 adverbio
262 3478 358 3507 Graeco
375 3475 443 3509 ›ui-m
455 3478 538 3508 ducat
549 3479 686 3516 originem
698 3500 705 3512 ,
728 3479 804 3514 quod
820 3478 988 3507 &inferiora
1009 3480 1035 3507 Sc
1057 3478 1192 3508 subterra-

77 3521 129 3544 nea
137 3514 199 3545 loca
210 3515 350 3552 significat.
392 3513 587 3553 nmerpachius
601 3518 628 3546 ἃ
641 3515 762 3545 Rutilius
781 3525 830 3553 per
847 3515 997 3544 Catoniuni
1008 3538 1020 3553 ,ξ
1037 3515 1091 3545 sive
1110 3516 1191 3545 Cato.

78 3553 190 3582 nianum
203 3575 211 3588 ,
233 3553 392 3590 intelligunt
403 3554 551 3582 Fortunam
563 3564 644 3589 quam
653 3554 742 3591 passus
755 3555 791 3583 est
801 3554 869 3583 Cato
881 3575 888 3587 ,
910 3563 993 3590 quum
1005 3553 1043 3597 est.
1060 3563 1075 3582 a
1086 3553 1191 3590 Caesare

77 3590 170 3620 mifl'us
181 3592 210 3620 in
218 3600 365 3621 carcerem.
396 3592 469 3627 ¹Qua
479 3592 515 3621 de
526 3601 555 3621 re
565 3592 641 3621 Suet.
656 3593 685 3621 in
694 3591 749 3627 Jul.
761 3602 819 3629 cap.
834 3601 879 3620 20.
903 3593 929 3620 ἅ
942 3590 1011 3620 Gell.
1023 3590 1073 3620 lib.
1085 3602 1110 3635 45·
1125 3601 1188 3630 cap.

80 3637 122 3657 10.
143 3629 331 3667 Scio&apud
342 3628 483 3664 Gellium,
504 3631 531 3659 δι
550 3630 624 3666 apud
639 3629 806 3659 Ciceronem
824 3629 858 3658 ab
876 3628 936 3658 aliis
952 3628 1032 3657 aliter
1050 3628 1120 3665 legi:
1142 3629 1191 3659 sed

78 3661 189 3703 longum
201 3667 272 3696 foret
280 3667 374 3696 omnia
384 3667 440 3696 huc
454 3666 643 3697 transcribere.
684 3669 699 3704 [
710 3667 798 3696 Locus
809 3674 922 3703 uterque
932 3674 1045 3695 vexatus
1062 3668 1087 3697 &
1097 3667 1192 3710 pbscu-

78 3712 121 3732 rus
132 3705 178 3733 est.
210 3704 281 3734 Illud
295 3705 467 3743 perspicuum
479 3705 594 3734 arbitror
606 3727 614 3741 ,
636 3705 804 3735 Ciceronem
822 3705 858 3734 ad
879 3713 985 3733 nomen
1004 3703 1118 3734 Catonis
1141 3715 1191 3743 per

77 3742 257 3778 'paronymian
267 3742 391 3772 alludere
404 3742 528 3772 voluisse.

45 3774 119 3808 cm
128 3788 144 3807 o
153 3781 218 3808 ΡΤΞ
227 3790 244 3808 R
253 3791 262 3808 i
273 3790 291 3809 u
301 3790 313 3810 s
323 3803 331 3816 ,
351 3781 368 3810 i.
388 3790 426 3809 m.
447 3779 663 3816 [mm-vigi&]
684 3779 773 3810 Locus
787 3779 901 3816 quidam
918 3788 1040 3818 praeceps
1055 3780 1092 3810 est
1104 3790 1118 3810 a
1131 3780 1191 3810 Par-

78 3815 152 3846 nasso
164 3818 346 3854 proveniens,
366 3818 412 3854 qui
423 3818 547 3848 ventosas
564 3818 593 3847 in
612 3819 793 3847 Anemoream
813 3818 909 3852 (unde
928 3819 954 3847 ἃ
965 3827 1069 3861 nomen
1086 3818 1190 3855 habet)

79 3854 165 3883 trudit
173 3855 315 3892 procellas.
339 3856 392 3885 Hic
402 3855 480 3885 locus
490 3855 664 3893 Delphorum
674 3858 699 3885 &r
713 3855 890 3885 Phocensium
900 3862 1035 3898 terminus
1050 3863 1117 3891 erat,
1137 3867 1190 3893 qua

77 3893 238 3928 tempestate
248 3892 450 3923 Lacedaemonii
460 3893 583 3931 Delphos
604 3903 619 3923 a
639 3894 819 3924 Phocensium
831 3893 961 3923 societate
977 3894 1188 3937 disjunxerunt,

80 3931 105 3959 ἃ
117 3930 200 3966 perse
215 3939 273 3959 rem
280 3930 356 3961 suam
388 3931 507 3961 ublicam
520 3932 621 3969 agitare
634 3931 823 3969 permiserunt.
847 3931 912 3960 Haec
928 3930 1014 3960 Strab.
1028 3931 1107 3965 lib.o.

45 3965 66 3996 C
75 3977 118 3995 A'r
127 3977 143 3996 o
153 3976 167 3996 Ρ
177 3977 212 3996 Τι
223 3977 240 3996 c
251 3977 263 3996 iz
274 3990 282 4003 ,
302 3978 339 3998 es.
360 3942 385 3998 sp
402 3966 579 4005 [xanchn']
600 3970 703 4000 dicitur
713 3969 833 3998 Videndi
845 3968 890 3997 illa
901 3970 969 3997 ratio
987 3978 1039 4012 qua
1052 3969 1191 4013 despet‘ia-

78 4013 151 4066 mus}
186 4004 287 4072 Tripus
297 4007 372 4037 enim
384 4007 475 4037 modis
484 4007 540 4037 visu
551 4009 665 4037 utimur.
706 4007 779 4037 Nam
791 4008 878 4037 autin
891 4008 998 4037 rectum
1011 4008 1138 4045 dirigitur
1153 4015 1193 4038 vi.

158 4052 175 4069 0
187 4053 211 4072 L·
248 4066 255 4073 .

0 2800 10 2826 ,ν
0 2742 6 2765 ,-

718 2796 808 2833 Hujus
821 2797 950 2826 meminit
960 2796 1112 2835 Tranquill.
1125 2798 1192 2828 Sue-

1616 152 1897 187 CAT
2325 172 2395 209 457

1284 231 1326 260 sus
1339 253 1345 265 ,
1367 233 1392 260 ἃ
1403 231 1502 261 dicitur
1514 233 1631 270 Optice:
1654 241 1702 263 aut
1710 233 1810 263 sursum
1823 234 1985 272 spedlanius,
2007 238 2032 266 Sc
2044 237 2081 266 est
2093 238 2242 277 Anoptice:
2265 245 2395 274 autdeor-

1287 268 1343 297 suni
1354 269 1439 298 fertur
1449 270 1593 300 oculorum
1606 273 1696 307 acies,
1727 274 1751 302 62
1768 272 1826 300 haec
1845 276 1882 302 eit
1899 283 1979 309 quani
1996 276 2159 312 Catopiiceri
2178 279 2304 312 (licinius.
2347 285 2395 312 Ce-

1285 312 1376 335 terum
1389 307 1475 336 hucin
1484 318 1512 337 re
1522 308 1591 337 illud
1610 311 1747 347 contingit
1760 310 1885 339 mirabile
1896 333 1904 344 ,
1924 310 1941 339 li
1953 312 2092 341 attollatur
2102 315 2171 343 visus
2181 338 2187 349 ,
2212 318 2294 347 etiam
2308 320 2396 349 stellas

1285 345 1487 380 contingimus:
1511 346 1527 374 li
1540 347 1565 374 in
1580 349 1683 376 rectum
1695 348 1855 385 prospedtus
1871 355 1996 385 petatur,
2018 351 2196 386 quadraginta
2207 355 2325 385 millium
2342 358 2400 395 pris-

1285 379 1361 408 suum
1374 392 1430 410 non
1442 384 1585 412 exceditur
1595 385 1711 414 mensus.
1753 386 1823 415 infra
1837 388 1995 416 vermeriam
2007 389 2116 417 minore
2130 391 2216 419 inuito
2228 395 2352 423 mensura
2360 397 2398 423 vi-

1285 417 1342 456 siim
1360 419 1504 448 hebescere
1516 443 1522 455 ,
1544 421 1715 451 observatum
1726 445 1734 457 ‚
1756 423 1866 460 quando
1878 424 1914 452 cll
1924 424 1968 453 hic
1978 424 2060 462 longe
2071 426 2209 457 difficilior
2220 433 2327 461 modus.
2357 434 2397 462 Ex

1285 455 1349 483 Czel.
1362 456 1451 486 Rhod.
1466 457 1514 486 lib.
1529 468 1569 489 ις.
1580 469 1640 496 cap.
1654 472 1679 494 4.
1728 461 1848 497 [Nugze.
1892 462 1988 491 Forsan
2000 463 2162 501 Catopticen
2176 477 2226 503 pro
2238 468 2397 506 Cutoptrice

1285 494 1410 529 arripuit.
1452 495 1522 530 Quae
1534 496 1570 524 est
1580 507 1640 533 pars
1654 497 1770 533 Optices
1786 500 1820 526 ad
1831 498 2006 529 lleiiexiones
2016 503 2165 538 pertinens.

1248 529 1271 558 C
1280 540 1297 558 A
1310 540 1352 558 ro
1362 541 1375 558 P
1384 541 1402 558 ἰ’
1412 542 1425 558 s
1438 542 1454 559 o
1465 542 1483 560 N
1497 554 1504 566 ,
1526 533 1543 561 i.
1570 544 1597 562 n.
1619 533 1792 570 [ιωίῖεπνιξον]
1813 537 1974 573 Speculum.
1996 537 2069 568 luter
2079 549 2241 571 ornamenta
2252 543 2397 575 muliebria

1287 567 1377 603 posuit
1388 568 1483 597 Pollux
1498 569 1546 598 lib.
1560 580 1584 606 7.
1598 581 1657 609 cap.
1672 582 1716 601 22.
1731 574 1757 602 ἃ·
1770 573 1817 602 lib.
1831 584 1870 602 io.
1883 583 1943 612 cap.
1958 581 2001 609 28.

1248 604 1300 646 CA
1314 615 1487 635 maritum
1499 617 1515 635 A
1527 618 1546 636 N
1558 618 1618 637 'riA
1631 631 1638 642 ,
1659 619 1690 638 κε.
1718 611 1736 639 f.
1770 611 2028 648 [xxffivn'offcowrioe]
2056 614 2198 645 Divinatio
2222 628 2282 655 quae
2301 618 2331 648 fit
2348 630 2398 657 per

1285 643 1427 678 speculum
1439 665 1446 678 ‚
1469 644 1504 672 de
1514 655 1566 681 qua
1579 647 1642 675 vide
1658 648 1726 676 infra
1737 648 1765 676 in
1777 648 1900 677 dictione
1918 661 1937 677 M
1949 661 1965 678 A
1977 661 1993 679 c
2006 662 2013 679 i
2025 662 2053 681 A.

1247 679 1269 708 C
1280 690 1297 708 A
1307 690 1326 722 J*
1335 690 1351 708 o
1363 690 1375 708 Ρ
1386 690 1403 723 v
1413 691 1445 708 Rr
1456 691 1474 708 τ
1484 691 1497 709 it
1508 692 1520 710 s
1531 704 1538 717 ,
1561 693 1591 711 ie.
1615 693 1650 713 in.
1673 684 1882 720 [καῦπυειτης]
1903 688 2018 717 Gemma
2034 700 2094 726 quae
2113 700 2147 719 cx
2162 690 2339 730 Cappadocia
2354 706 2398 726 ve-

1285 724 1333 745 nit.
1358 718 1424 746 Plin.
1439 718 1484 747 lib.
1500 728 1542 755 37.
1556 730 1616 757 cap.
1631 731 1670 750 io.

1247 754 1270 783 C
1280 764 1297 783 A
1308 765 1351 783 'ro
1361 765 1377 783 R
1388 765 1433 784 cri
1446 767 1454 783 1
1464 766 1482 784 'r
1495 766 1526 785 as
1538 778 1545 791 ,
1567 768 1597 786 ae.
1620 768 1657 787 m.
1681 759 1780 788 Vinum
1791 782 1800 792 ,
1823 761 1897 796 quod
1910 763 1935 790 ἃς
1946 762 2052 799 Sycites
2062 774 2077 793 e
2090 764 2150 794 fico.
2175 766 2241 797 Plin.
2260 774 2358 804 1416.

1247 791 1270 822 C
1280 802 1298 820 A
1311 803 1329 820 vr
1339 803 1378 821 ort
1386 803 1405 821 ‘r
1414 802 1432 821 ii
1442 797 1458 822 ὃ
1466 804 1486 822 Μ
1500 804 1519 822 A
1530 817 1537 828 ,
1559 796 1618 825 fitis.
1641 806 1668 825 n.
1691 794 1880 833 [καιπῖςῧωκα]
1897 799 1979 829 Recte
1990 800 2092 831 factum
2104 804 2298 841 interpretatur
2310 808 2365 837 Cic.
2374 818 2397 845 3.

1283 830 1318 874 de
1333 830 1392 859 Fin.
1405 841 1450 865 45.
1480 832 1729 868 Quemadmodum
1752 838 1943 872 opportunitas
1964 838 2020 871 (sic
2040 841 2115 869 enim
2130 843 2304 879 appellemus
2323 847 2400 877 εἰνωιι-

1284 869 1370 903 φαμι)
1391 878 1448 897 non
1464 869 1494 898 fit
1505 871 1591 906 major
1605 872 1788 908 productione
1800 877 1932 909 temporis
1953 882 1962 908 t
1977 875 2079 906 hubent
2096 880 2170 908 enini
2187 881 2262 910 suum
2282 884 2399 914 modum

1284 915 1464 943 quaecumque
1472 915 1629 944 opportuna
1640 909 1785 943 dicuntur)
1794 910 1828 938 sic
1839 912 1911 940 reela
1927 912 2038 942 effectio
2050 924 2056 943 :
2070 917 2211 949 xxrdq'fim.
2222 921 2296 949 enim
2305 923 2341 950 itu
2353 932 2400 959 ap.

1284 943 1380 981 pello:
1403 945 1535 981 quoniam
1557 947 1663 975 rectum
1681 947 1784 976 fastum
1806 947 1962 983 καῗὲεθωμᾳῑ
1986 953 2059 982 reeta
2085 954 2167 990 igitur
2181 956 2291 986 effectio
2303 981 2309 992 ,
2332 960 2400 989 item

1283 982 1499 1018 convenientia,
1519 983 1743 1022 deniqueipsum
1754 985 1870 1021 bonum,
1883 988 1957 1023 quod
1969 989 1997 1016 in
2013 1000 2047 1018 eo
2061 991 2179 1028 politum
2200 995 2237 1023 est
2254 1002 2283 1024 ut
2296 1004 2401 1026 naturae

1284 1019 1456 1054 consentiat,
1478 1021 1618 1050 crescendi
1628 1022 1812 1052 accessionem
1825 1024 1929 1053 nullam
1942 1025 2031 1055 habet.
2073 1029 2150 1058 idem
2170 1030 2218 1060 lib.
2234 1033 2314 1064 Offic.
2338 1044 2360 1063 1.
2372 1041 2398 1069 8.

1284 1057 1333 1086 ubi
1345 1058 1380 1086 de
1395 1059 1471 1087 recto
1484 1061 1509 1088 ἃ
1522 1068 1601 1095 aequo
1613 1059 1660 1088 dis
1676 1067 1752 1096 urat,
1775 1060 1928 1092 Perfectum
1936 1063 2069 1100 officium,
2092 1070 2197 1098 rectum
2211 1071 2312 1108 opinor
2322 1082 2402 1102 voce-

1286 1104 1365 1130 mus,
1387 1096 1461 1133 quod
1473 1096 1561 1125 Graeci
1576 1099 1652 1132 κατόρ
1684 1109 1734 1131 10190·

1249 1132 1548 1168 CATos‘riit'isis,
1581 1135 1609 1164 V.
1633 1137 1661 1164 in
1682 1145 1959 1167 CATORTHOMA.

1249 1171 1272 1200 C
1280 1180 1299 1199 A
1311 1181 1330 1199 T
1339 1174 1356 1200 6
1366 1180 1385 1199 T
1393 1171 1408 1200 ἒ
1419 1181 1434 1199 R
1444 1173 1480 1200 ie
1488 1182 1518 1207 A,
1541 1170 1747 1209 [mmmm]
1763 1174 1910 1204 Pharmaca
1921 1183 2055 1207 vocantur
2065 1188 2124 1216 quae
2137 1190 2254 1219 purgant
2264 1193 2312 1221 per
2322 1184 2403 1215 inser-

1287 1218 1353 1237 num
1365 1216 1499 1245 ventrem,
1510 1216 1540 1239 ut
1547 1210 1643 1240 Galen.
1656 1213 1726 1241 auct.
1739 1212 1776 1241 est
1787 1212 1836 1242 lib.
1854 1223 1896 1247 1³·
1916 1213 2145 1252 Therapeutices.
2170 1219 2199 1249 V.
2222 1231 2401 1253 ANoTERiCA.

1251 1245 1273 1275 C
1282 1257 1301 1275 A
1310 1256 1384 1275 TTA
1396 1269 1404 1281 ,
1424 1256 1455 1276 ae.
1477 1247 1496 1276 f.
1519 1247 1643 1283 [misia]
1665 1249 1747 1279 Felis.
1771 1250 1892 1280 Martial.
1909 1261 1950 1286 13.
1969 1252 2058 1290 Epigr.
2070 1258 2115 1291 ⁶9·

1367 1284 1521 1314 Panonicas
1532 1286 1614 1316 nobis
1625 1297 1766 1324 nunquam
1779 1288 1858 1317 dedit
1871 1289 1983 1320 Umbria
1993 1298 2089 1321 cattas.

1287 1321 1379 1352 Cattas
1389 1323 1473 1352 etiam
1488 1323 1560 1353 inter
1573 1324 1692 1354 Navium
1701 1325 1902 1363 appellationes
1913 1327 2004 1358 refert.
2025 1329 2096 1360 Gell.
2110 1340 2152 1360 ro.
2163 1340 2208 1367 ας.

1249 1359 1272 1389 C
1282 1369 1357 1388 ATT
1367 1371 1376 1388 1
1390 1382 1398 1395 ,
1419 1370 1510 1390 orum.
1531 1371 1569 1391 m.
1592 1362 1717 1398 [midai]
1739 1364 1892 1393 Germaniae
1900 1366 2007 1403 populi.
2033 1368 2123 1398 Tacit.
2135 1369 2227 1401 Germ.
2240 1380 2282 1408 3¹-
2297 1382 2320 1402 r.

1249 1397 1450 1428 CATricus
1465 1421 1473 1434 ,
1495 1409 1511 1428 a
1525 1419 1531 1430 .
1551 1409 1608 1429 um.
1631 1401 1692 1436 Adj.
1714 1401 1833 1431 Martial.
1849 1412 1891 1436 14.
1910 1403 2002 1441 Epigr.
2017 1409 2062 1435 26.

1357 1436 1464 1466 Cattica
1473 1436 1646 1467 Teutonicos
1656 1440 1784 1468 accendit
1793 1440 1889 1478 spuma
1899 1441 2026 1479 capillos.

1249 1471 1565 1510 Cim-Timeamus,
1600 1475 1631 1505 V.
1655 1486 1857 1506 CAssiTsRi
1870 1488 1941 1508 uss.

1250 1510 1273 1540 C
1282 1521 1300 1539 A
1310 1520 1330 1538 'r
1340 1521 1358 1540 u
1368 1523 1384 1540 L
1393 1522 1412 1540 A
1422 1523 1438 1541 r.
1449 1523 1457 1540 r
1468 1522 1488 1541 A
1501 1535 1509 1548 ,
1531 1513 1612 1543 Porta
1623 1514 1696 1544 dieta
1710 1515 1805 1544 Romaz
1817 1516 1855 1545 est
1868 1538 1875 1550 ,
1898 1517 1960 1553 quin
1971 1527 2027 1547 non
2040 1516 2124 1557 longe
2142 1520 2176 1549 ab
2195 1531 2228 1550 ea
2245 1522 2279 1551 ad
2295 1523 2406 1560 placan-

1287 1549 1355 1577 dum
1365 1549 1504 1580 Caniculae
1520 1551 1591 1580 sidus
1610 1551 1733 1588 frugibus
1746 1552 1910 1589 inimicum,
1932 1556 1998 1585 rufae
2018 1566 2100 1587 canes
2119 1558 2353 1597 immolabantur,
2374 1569 2406 1592 ut

1287 1586 1379 1624 fruges
1388 1588 1620 1624 maturescentes,
1641 1590 1677 1619 ad
1687 1593 1874 1621 maturitatem
1905 1593 2110 1625 erducerentur.
2135 1596 2202 1626 Fest.

1250 1624 1273 1654 C
1284 1634 1302 1652 A
1312 1635 1331 1653 ἰ’
1342 1635 1360 1653 υ
1370 1636 1435 1655 i.1.u
1445 1636 1457 1655 s
1470 1648 1478 1661 ,
1498 1627 1517 1656 i.
1539 1637 1576 1656 m.
1596 1628 1610 1663 [
1624 1628 1775 1664 κάπωιῷυ]
1797 1630 1827 1658 Ο,
1846 1629 1867 1657 V
1896 1631 1968 1660 erius
1982 1631 2107 1662 Catullus
2124 1634 2208 1664 Poeta
2224 1635 2384 1667 Veronensis
2395 1660 2404 1673 ,

1289 1669 1369 1692 natus
1378 1674 1452 1692 anno
1463 1670 1528 1694 ante
1542 1664 1700 1694 Sallustium
1712 1688 1720 1702 ,
1742 1666 1841 1703 Sullae,
1864 1668 2002 1706 Mariique
2018 1672 2190 1708 temporibus
2200 1695 2208 1706 ,
2229 1673 2257 1701 in
2270 1677 2407 1711 poematis

1288 1700 1494 1737 cumlascivus,
1515 1708 1573 1731 tum
1583 1704 1714 1739 mordax,
1737 1706 1843 1742 quippe
1854 1707 1901 1743 qui
1912 1706 2008 1736 Caesari
2024 1710 2148 1738 maximo
2167 1718 2236 1739 tunc
2247 1713 2306 1740 viro
2326 1714 2406 1742 mini-

1288 1747 1334 1767 me
1347 1740 1489 1777 pepercit,
1510 1740 1611 1769 iambis
1620 1750 1684 1770 eum
1697 1742 1872 1773 criminatus:
1894 1745 2091 1776 reconciliatus
2102 1748 2298 1784 nihilominus,
2319 1760 2351 1779 ac
2361 1761 2407 1780 eo-

1288 1776 1353 1806 dem
1365 1777 1411 1806 die
1421 1778 1455 1807 ab
1467 1788 1501 1807 eo
1512 1787 1599 1808 coenae
1608 1779 1749 1809 adhibitus
1761 1781 1799 1810 est
1810 1803 1817 1815 ,
1841 1782 1906 1811 teste
1916 1783 2081 1822 Tranquillo
2092 1807 2100 1821 ‚
2121 1787 2151 1814 in
2166 1785 2221 1821 Jul.
2233 1796 2294 1825 cap.
2304 1797 2348 1824 73.
2370 1790 2406 1819 de

1287 1820 1415 1852 tempore
1430 1817 1528 1845 mortis
1538 1817 1597 1849 eius
1608 1827 1665 1845 non
1675 1817 1738 1847 saris
1752 1820 1867 1848 constat.

1288 1851 1395 1882 Doctus
1406 1852 1540 1883 Catullus.
1562 1853 1647 1884 Ovid.
1660 1864 1683 1891 3.
1698 1857 1788 1885 Amor.
1800 1867 1825 1893 9.
1838 1861 1883 1887 62.

1286 1889 1424 1920 Lascivus.
1446 1891 1532 1922 Ovid.
1544 1901 1569 1921 2.
1583 1891 1663 1922 Trist.
1674 1903 1737 1930 427.

1286 1927 1381 1957 Tener
1390 1928 1524 1959 Catullus.
1545 1929 1665 1960 Martial.
1679 1931 1727 1961 lib.
1742 1941 1783 1962 12.
1795 1943 1840 1968 44.

1366 1966 1463 1996 Lesbia
1475 1977 1541 1997 cum
1550 1974 1647 1997 tenero
1659 1976 1687 1999 te
1700 1969 1789 2007 posset
1800 1980 1893 2001 amare
1909 1971 2035 2003 Catullo.

1286 2003 1424 2035 Urbanus.
1446 2004 1545 2040 Juven.
1560 2015 1601 2043 13.
1615 2006 1670 2036 Sat.
1686 2017 1747 2038 111.

1285 2041 1416 2072 Vesanus.
1435 2042 1538 2074 Catuli.
1551 2053 1578 2081 7.
1594 2054 1634 2074 10.

1285 2079 1402 2110 Cantare
1414 2080 1567 2111 Catullum.
1590 2083 1608 2110 i.
1625 2092 1648 2111 e.
1671 2083 1765 2121 Opera
1777 2083 1888 2114 Catulli.
1910 2085 1977 2115 Hor.
1991 2096 2014 2116 1.
2026 2086 2113 2118 Serm.
2128 2098 2226 2125 10.19.

1285 2116 1425 2148 Fuitalius
1436 2119 1561 2149 Catullus
1575 2119 1726 2151 urbicarius
1737 2122 1961 2161 mimographus,
1983 2125 2018 2153 de
2038 2135 2093 2162 quo
2110 2126 2209 2162 Juven.
2223 2129 2328 2164 13.Sat.
2344 2138 2405 2159 111.

1561 2159 1725 2188 —minium
1734 2161 1791 2197 agit
1801 2160 1849 2189 ille

1378 2194 1506 2224 Urbanus
1517 2217 1524 2231 ,
1547 2195 1657 2233 qualem
1667 2197 1797 2234 fugitivus
1808 2197 1897 2228 scurra
1908 2199 2019 2230 Catulli.

1478 2243 1642 2268 —vocem,
1666 2234 1831 2274 Damasippe
1841 2258 1849 2271 ,
1871 2236 1964 2266 locasti

1379 2269 1487 2307 Sipario
1497 2293 1505 2306 ,
1527 2271 1679 2301 clamosum
1690 2282 1783 2310 ageres
1792 2284 1877 2310 quum
1889 2275 2001 2312 phasma
2013 2275 2123 2307 Catulli.

1248 2306 1299 2337 CA
1309 2316 1355 2337 ru
1366 2318 1381 2336 1.
1393 2318 1454 2336 LrA
1464 2318 1483 2337 N
1493 2319 1511 2337 υ
1522 2318 1549 2344 s,
1570 2319 1585 2338 a
1598 2332 1606 2345 ,
1627 2320 1683 2339 um.
1710 2312 1770 2345 Adi.
1794 2318 1845 2347 ut,
1866 2312 1940 2343 Basia
1952 2314 2115 2345 Catulliana.
2137 2315 2257 2347 Martial.
2269 2317 2317 2347 lib.
2333 2328 2405 2357 11.7.

1378 2345 1420 2375 Da
1430 2356 1507 2376 nunc
1518 2346 1589 2376 basia
1600 2370 1608 2383 ‚
1631 2347 1677 2377 sed
1690 2348 1855 2378 Catulliana.

1248 2382 1272 2412 C
1284 2393 1302 2411 A
1311 2392 1331 2411 T
1341 2392 1359 2411 u
1369 2394 1385 2411 L
1394 2394 1410 2412 ι
1420 2394 1429 2412 ι
1439 2394 1459 2412 N
1468 2394 1488 2413 u
1497 2394 1509 2414 s
1521 2407 1528 2419 ,
1550 2385 1568 2415 i.
1591 2395 1627 2414 m.
1648 2386 1812 2417 Virillustris
1827 2387 1902 2424 apud
1912 2388 2008 2418 Sidon.
2021 2389 2101 2427 Epist.
2119 2401 2141 2420 i.
2158 2402 2198 2422 11.
2214 2393 2307 2422 Carni.
2324 2404 2365 2424 12.

1249 2421 1298 2450 CK
1308 2423 1353 2450 τῠ
1363 2432 1378 2449 i.
1388 2431 1405 2450 u
1417 2431 1429 2451 s
1438 2444 1446 2457 ,
1468 2423 1486 2451 i.
1509 2432 1547 2452 m.
1579 2423 1736 2460 [Κάτλῶυ]
1773 2424 1891 2463 simplici
1917 2437 1934 2454 L
1952 2427 2036 2456 etiam
2063 2427 2204 2465 scribitur,
2236 2432 2406 2470 corripitque

1291 2459 1485 2496 penultimam.
1518 2460 1617 2490 Forsan
1627 2471 1641 2490 a
1653 2462 1737 2491 Catus
1748 2462 1909 2493 deduoum.
1932 2464 1994 2494 Fuit
2004 2472 2096 2495 autem
2109 2467 2163 2496 hoc
2175 2478 2331 2506 cognomen
2342 2481 2407 2508 gen-

1285 2498 1321 2525 tis
1330 2496 1454 2527 Lutatiae.
1495 2498 1525 2527 C.
1549 2498 1673 2528 Lutatius
1684 2499 1799 2530 Catulus
1808 2502 1897 2539 primo
1912 2501 1985 2531 bello
1996 2502 2099 2533 Punico
2109 2505 2204 2535 consul
2215 2529 2223 2541 ,
2245 2516 2287 2536 cc
2297 2517 2314 2536 c
2331 2509 2406 2538 navi-

1285 2535 1337 2563 bus
1348 2535 1476 2564 adversus
1485 2535 1584 2565 Poenos
1595 2537 1735 2574 profectus
1747 2560 1754 2573 ,
1776 2538 1918 2569 sexcentas
1931 2550 2029 2570 eorum
2042 2551 2125 2571 naves
2141 2545 2342 2575 commeatibus
2356 2547 2406 2575 iiii-

1285 2573 1395 2610 peditas
1406 2573 1479 2602 duce
1491 2574 1608 2604 Annone
1620 2576 1694 2612 apud
1705 2576 1813 2614 AEgates
1823 2576 1923 2606 insulas
1935 2600 1942 2611 ,
1964 2579 2037 2608 inter
2050 2580 2173 2610 Siciliam
2186 2584 2211 2611 Sc
2223 2583 2337 2612 Africam
2359 2585 2406 2613 de-

1285 2609 1396 2647 pressit,
1420 2610 1562 2648 finemque
1585 2612 1659 2642 bello
1675 2614 1824 2651 imposuit:
1862 2625 1961 2653 pacem
1982 2617 2142 2654 petentibus
2165 2620 2216 2649 hac
2239 2621 2406 2652 conditione

1286 2648 1441 2684 concessit,
1462 2654 1494 2678 ut
1511 2649 1603 2679 Sicilia
1615 2672 1624 2686 ,
1645 2652 1787 2687 Sardinia,
1818 2653 1968 2690 ceterisque
1985 2655 2080 2685 insulis
2098 2657 2170 2686 inter
2190 2658 2313 2694 ltaliam,
2338 2661 2407 2689 Afri-

1283 2695 1402 2723 camque
1409 2686 1588 2723 decederent,
1602 2688 1769 2727 &Hispania
1778 2690 1847 2720 citra
1856 2691 1966 2721 Iberum
1977 2692 2153 2724 abitt-erent.
2176 2695 2233 2725 Liv.
2247 2697 2320 2734 Epit.
2335 2698 2351 2727 l.
2361 2708 2403 2735 ¹9·

1286 2725 1386 2753 Auctor
1399 2724 1434 2753 de
1446 2723 1500 2753 Vir.
1517 2724 1558 2755 ΙΙΙ.
1569 2735 1630 2763 cap.
1641 2737 1686 2764 41.

1285 2761 1399 2791 Catulus
1410 2762 1478 2791 item
1489 2769 1591 2799 orator,
1604 2764 1707 2794 Consul
1717 2775 1782 2795 cum
1791 2765 1823 2795 C.
1836 2766 1929 2797 Mario
1938 2774 2036 2804 quarto
2049 2769 2108 2804 ejus
2123 2770 2264 2800 consulatu
2277 2772 2404 2803 Cimbros

1303 2799 1392 2829 fudit:
1414 2799 1449 2829 ab
1461 2801 1562 2830 eodem
1572 2802 1665 2839 postea
1675 2804 1741 2833 urbe
1752 2810 1890 2842 occupata
1902 2816 1951 2843 per
1962 2806 2153 2837 dissensionem
2172 2811 2241 2838 mori
2253 2810 2334 2843 iussus
2347 2811 2400 2847 est,

1303 2837 1400 2867 frustra
1409 2839 1586 2875 precantibus
1600 2850 1651 2878 pro
1664 2850 1698 2870 eo
1709 2842 1824 2871 civibus.
1865 2843 1960 2880 Itaque
1978 2845 2007 2873 in
2028 2844 2158 2874 cubiculo
2177 2847 2295 2876 inclusus
2307 2870 2314 2881 ,
2338 2858 2402 2877 cari-

1303 2876 1430 2905 dentium
1439 2876 1591 2906 carbonum
1599 2888 1700 2916 vapore
1708 2878 1856 2910 suffocatus
1865 2882 1902 2910 est
1913 2903 1921 2915 ,
1943 2882 2009 2911 teste
2018 2882 2125 2911 Valerio
2138 2884 2183 2913 lib.
2194 2896 2218 2919 9.
2252 2885 2336 2921 Cujus
2347 2896 2404 2916 ma-

1302 2922 1352 2943 nes
1363 2912 1436 2943 ultus
1447 2914 1485 2943 est
1491 2915 1584 2952 postea
1595 2916 1680 2952 Sulla,
1691 2918 1837 2948 interfefto
1847 2919 1937 2949 Mario
1945 2920 2068 2956 juniore.
2090 2921 2192 2952 Lucan.
2202 2923 2250 2952 lib.
2260 2932 2284 2951 2.
2303 2933 2362 2960 173.

1477 2967 1513 2972 —
1522 2953 1589 2990 quid
1600 2954 1732 2992 sanguine
1740 2966 1836 2986 manes

1376 2988 1502 3019 Placatos
1521 2991 1613 3021 Catuli
1634 2992 1751 3023 referam
1761 2995 1775 3022 ⁴?
1869 2994 1911 3024 De
1927 2994 1982 3025 hoc
2000 2994 2100 3026 Catulo
2115 2996 2173 3026 Cic.
2189 2997 2224 3026 de
2237 2997 2308 3027 Clar.
2321 2999 2400 3029 Orat.

1305 3026 1393 3056 multa
1406 3027 1508 3058 scribit.
1542 3029 1640 3059 Ascon.
1653 3031 1682 3059 in
1695 3040 1718 3066 3.
1734 3031 1806 3061 Verr.
1823 3043 1884 3068 ¹55·

1283 3064 1414 3100 Catulus,
1436 3065 1505 3095 alius
1512 3065 1631 3097 sororius
1643 3068 1780 3105 Catilinae,
1792 3080 1877 3107 eques
1888 3070 2040 3105 Romanus,
2052 3071 2171 3108 partium
2181 3072 2330 3108 nullarum,
2344 3080 2404 3103 tan.

1301 3109 1417 3140 tumque
1428 3104 1514 3140 quieti
1525 3105 1647 3141 studens,
1658 3106 1795 3137 aCatilina
1805 3107 1958 3144 jussuSullae
1970 3109 2128 3138 interfectus
2137 3110 2402 3142 eitiiuciori’edian.

1246 3138 1268 3168 C
1278 3149 1296 3168 A
1306 3150 1326 3168 ‘r
1336 3150 1352 3168 u
1362 3151 1379 3168 L
1388 3151 1397 3169 1
1409 3151 1426 3169 A
1435 3151 1455 3169 N
1467 3151 1484 3170 u
1495 3152 1506 3171 s
1515 3164 1525 3177 ,
1547 3153 1577 3177 a,
1599 3153 1655 3173 um.
1678 3146 1738 3181 Adj.
1761 3153 1806 3181 ut,
1829 3146 1956 3176 Minerva
1971 3146 2114 3176 Catuliana
2124 3169 2131 3182 ,
2152 3148 2247 3178 Romae
2263 3159 2279 3178 a
2290 3150 2324 3187 Q.
2339 3150 2400 3180 Ltir.

1283 3177 1384 3207 Catulo
1398 3179 1497 3208 dicata.
1521 3180 1588 3210 Pliii.
1604 3191 1646 3218 ³4-
1658 3188 1684 3216 8.

1246 3215 1269 3245 C
1280 3226 1296 3281 l
1308 3225 1327 3244 ‘r
1337 3226 1355 3244 υ
1365 3227 1381 3244 L
1391 3226 1430 3283 ονε
1439 3238 1447 3252 ,
1471 3217 1549 3247 Festo
1560 3241 1569 3254 ,
1590 3220 1684 3250 Genus
1696 3220 1838 3258 quoddam
1847 3221 1969 3256 vinculi,
1991 3221 2037 3257 qui
2048 3221 2189 3251 interdum
2207 3222 2289 3253 Canis
2304 3225 2401 3263 appel-

1282 3260 1362 3283 atur.
1427 3277 1433 3284 .
1456 3265 1578 3287 CAN1s.

1246 3290 1269 3321 C
1281 3302 1299 3319 A
1308 3293 1423 3321 Tutus
1433 3314 1441 3326 ,
1463 3293 1480 3322 i.
1503 3303 1541 3323 m.
1562 3295 1703 3330 [σκύλαξ]
1725 3296 1835 3333 proprie
1844 3295 1977 3333 fignificat
1988 3295 2070 3326 Canis
2084 3296 2216 3328 filiolum:
2238 3299 2328 3329 dietus
2346 3301 2358 3337 (
2370 3308 2399 3330 ut

1282 3330 1322 3358 ait
1331 3329 1413 3359 Varro
1424 3330 1472 3360 lib.
1485 3343 1510 3366 4.
1521 3332 1557 3361 de
1567 3333 1594 3362 L.
1606 3332 1635 3362 L.
1649 3333 1660 3368 )
1682 3333 1790 3371 asagaci
1803 3333 1880 3362 sensu
1898 3336 1922 3362 ἃ
1934 3341 2024 3363 acuto.
2048 3334 2119 3372 Virg.
2134 3346 2155 3364 i.
2170 3336 2226 3365 Ecl.
2242 3346 2286 3372 23.

1374 3368 1419 3397 Sic
1427 3369 1544 3400 canibus
1552 3370 1659 3400 catulos
1670 3371 1778 3404 similes,
1800 3371 1835 3400 sic
1846 3371 1976 3400 matribus
1989 3372 2089 3401 hoedos
2099 3395 2107 3407 ,
2120 3374 2172 3402 ἃς.
2255 3375 2313 3404 Cic.
2325 3385 2350 3405 2.
2363 3377 2398 3406 de

1281 3405 1346 3435 Nat.
1359 3405 1441 3436 Deor.
1453 3413 1496 3443 38.
1519 3408 1594 3437 Bene
1604 3409 1771 3445 igituridem
1784 3408 1949 3446 Chrysippus
1961 3410 2009 3445 qui
2027 3409 2217 3441 similitudines
2228 3413 2397 3451 adjungens,

1281 3444 1413 3473 omniain
1424 3446 1553 3482 perfeetis
1564 3447 1588 3475 ἃ
1603 3447 1715 3475 maturis
1727 3447 1810 3475 docet
1820 3446 1874 3474 else
1884 3447 2008 3482 meliora,
2018 3449 2088 3477 utin
2100 3458 2172 3485 equo
2182 3460 2265 3488 quam
2276 3452 2306 3480 in
2314 3461 2399 3489 equu-

1281 3480 1310 3509 lo
1322 3503 1330 3515 ,
1350 3482 1380 3510 in
1391 3492 1460 3512 cane
1472 3493 1553 3519 quarn
1564 3484 1593 3512 in
1605 3484 1697 3513 catulo
1707 3506 1715 3518 ,
1738 3485 1766 3512 in
1777 3484 1836 3512 viro
1846 3494 1927 3521 quarn
1937 3485 1964 3513 in
1981 3494 2076 3522 puero.

1281 3518 1391 3549 Fideles
1400 3520 1494 3549 catuli.
1514 3521 1582 3550 Hor.
1597 3531 1619 3550 i.
1634 3521 1722 3550 Cui-m.
1742 3532 1762 3550 i.
1775 3531 1818 3557 27.

1362 3557 1415 3587 Seu
1426 3558 1479 3588 visa
1488 3558 1525 3587 est
1536 3558 1632 3588 catulis
1642 3568 1722 3587 cerva
1731 3558 1869 3588 fidelibus.

1300 3594 1491 3632 investigando
1500 3596 1684 3631 servantibus,
1708 3603 1738 3625 ut
1748 3598 1787 3625 ait
1802 3599 1901 3626 Acron.

1300 3634 1444 3669 proprium
1455 3634 1601 3671 epitheton
1615 3634 1653 3662 lit.

1282 3669 1379 3707 sagax.
1402 3671 1485 3700 Ovid.
1498 3672 1532 3700 de
1544 3671 1621 3700 Rem.
1635 3672 1724 3700 Amor.
1739 3680 1801 3700 ποι.

1364 3708 1446 3737 Nunc
1455 3708 1578 3745 leporem
1589 3718 1706 3746 pronum
1719 3709 1810 3738 catulo
1820 3709 1920 3739 sectare
1938 3709 2034 3748 sagaci.

1283 3744 1409 3774 veloces.
1433 3745 1502 3781 Virg.
1517 3755 1539 3781 3.
1555 3746 1653 3783 Georg.
1666 3757 1729 3782 405.

1282 3782 1403 3811 Castrare
1418 3784 1520 3812 caudas
1531 3783 1694 3812 catulorum.
1718 3784 1856 3815 Columel.
1870 3785 1917 3815 lib.
1931 3796 1955 3823 7.
1969 3796 2029 3825 cap.
2045 3796 2086 3818 12.
2123 3787 2155 3818 V.
2176 3799 2193 3818 c
2202 3799 2221 3818 A
2231 3799 2269 3819 ετ
2278 3799 2292 3818 R
2301 3801 2327 3821 o.

1282 3819 1424 3849 Militatin
1437 3820 1514 3849 silvis.
1540 3822 1605 3850 Hor.
1621 3832 1641 3850 i.
1656 3822 1734 3859 Epist.
1749 3832 1774 3850 2.
1787 3828 1831 3859 ⁶7-

1282 3857 1369 3886 Oleiit
1382 3858 1466 3895 longe
1476 3858 1554 3887 aliter
1564 3859 1648 3888 catuli
1662 3881 1668 3893 ,
1690 3860 1769 3889 aliter
1787 3860 1856 3890 sues.
1896 3860 1982 3891 Plaut.
1994 3862 2073 3900 Epid.
2086 3873 2113 3899 4.
2123 3873 2148 3892 2.
2162 3874 2187 3899 9.
2221 3865 2400 3895 Proverbialis

1302 3895 1418 3923 formula
1428 3895 1458 3924 ln
1470 3896 1551 3925 rebus
1561 3895 1641 3933 longe
1653 3897 1764 3926 diversit
1776 3907 1888 3928 naturae.

1282 3931 1393 3962 Pascere
1403 3933 1508 3961 catulos
1518 3934 1584 3963 sero.
1607 3935 1678 3970 Virg.
1696 3944 1718 3971 3.
1736 3936 1833 3974 Georg.
1848 3948 1910 3971 ⁴05-
2006 3938 2100 3967 ³-sed
2116 3948 2170 3967 una

1374 3970 1489 4000 veloces
1499 3972 1601 4008 Spartae
1615 3973 1730 4008 catulos,
1749 3984 1896 4011 acremque
1909 3975 2056 4004 iiioioffiim

1372 4007 1451 4038 Pasce
1461 4008 1519 4038 sero
1527 4010 1634 4047 pingui.
1665 4011 1682 4039 i.
1694 4021 1717 4040 e.
1741 4014 1816 4049 Aqua
1827 4012 1912 4047 laetis,
1925 4024 1983 4049 quae
1991 4014 2108 4051 pingues
2115 4012 2202 4041 efficit
2211 4023 2302 4043 caries.
2323 4015 2398 4046 SerV.

1803 4050 1872 4079 Min
1884 4060 1914 4080 m
2265 4051 2401 4082 Subblan-

2108 1443 2156 1474 alii
2164 1444 2262 1483 legunt
2270 1446 2402 1479 Caustica.

2102 2202 2181 2232 Ideni
2192 2207 2218 2238 8.
2233 2203 2289 2234 Sat.
2306 2210 2366 2242 185.

1965 3560 1983 3589 i.
1996 3569 2022 3588 e.
2042 3560 2199 3599 Sagaeibus,
2207 3562 2252 3592 vel
2261 3563 2398 3595 silentium

1961 3597 2101 3635 [Inscite‚
2122 3599 2195 3637 quasi
2214 3610 2273 3631 non
2291 3603 2400 3633 Canum
