2641 4187
424 101 462 138 AE
557 101 591 136 V
688 101 720 136 U

71 185 149 216 caede
161 194 210 223 per
221 183 259 214 im
282 183 438 215 rudentium
452 184 480 212 in
493 183 580 220 patria
592 189 764 220 perpetrata.
784 183 854 218 fugit
864 184 891 213 in
905 195 965 214 eam
979 188 1121 223 regionem
1134 195 1193 223 quae

73 224 166 261 postea
177 223 211 252 ab
224 224 251 260 ip
265 232 281 251 o
294 221 393 252 AEtolia
410 221 483 250 dista
495 221 533 249 est
543 243 550 255 ‚
572 220 666 256 ibique
678 221 773 257 genuit
792 221 879 251 filiuni
898 223 1059 253 l’leuroncni
1071 247 1078 257 ,
1108 234 1123 252 a
1140 234 1194 259 quo

72 261 138 290 urbs
151 260 258 290 AEtoliae
271 261 352 289 dieta.
393 259 482 290 Huius
495 264 587 287 autem
605 257 662 286 duo
682 258 730 286 filii
750 259 879 295 fuerunt,
907 261 992 291 Cures
1013 264 1039 291 St
1058 261 1194 298 Calydon,

73 307 89 326 a
100 299 199 335 quibus
210 297 298 327 rursus
309 296 368 326 aliis
379 295 492 325 urbibus
504 295 619 324 nomina
629 294 693 324 data
704 295 774 324 sunt.

36 334 126 366 AETU
137 346 185 364 AT
197 346 204 363 i
215 346 223 363 r
236 357 244 368 ‚
272 334 444 370 [airadum]
474 332 573 375 Populi
591 331 703 374 Galliae,
734 333 769 362 de
786 333 885 370 quihus
903 335 937 364 lic
953 335 1049 364 Strabo
1061 357 1069 369 ‚
1098 335 1197 364 Rheno

75 382 167 402 autem
181 373 271 402 vicina
285 370 413 400 omnium
428 370 509 408 primi
522 370 620 398 colunt
635 370 746 398 lhtuatii
759 392 766 405 ,
814 372 894 401 uibus
906 373 1029 401 liurninis
1042 373 1118 408 origo
1133 373 1200 401 vici-

74 420 110 439 na
121 410 159 439 est
169 432 176 445 ,
198 408 227 438 in
237 407 383 438 Diaduella
396 414 500 437 monte.
528 407 594 437 Haec
607 406 654 436 ille
668 407 715 436 lib.
732 419 758 443 4.
824 409 903 439 Forte
914 410 1065 448 legendum
1083 410 1200 437 Namad-

75 459 120 473 ‘rm
133 465 139 475 ‚
161 446 203 476 vel
226 448 380 478 Nau-risae-raq,

36 485 59 515 Α
68 485 83 514 ἔ
93 494 112 512 τ
122 494 140 513 u
149 494 161 513 s
172 505 179 519 ‚
200 485 217 519 [
227 479 321 517 Αέτὲς]
352 482 419 511 olim
437 481 593 520 appellatus
604 482 657 511 fuit
677 482 789 519 AEgypti
806 483 907 513 fluvius
919 507 926 519 ‚
955 487 1001 522 qui
1014 485 1106 523 postca
1120 484 1202 513 Nilus

75 522 164 551 dictus
176 521 229 555 est,
251 528 281 550 ut
291 530 327 549 ex
338 520 522 558 Lycophrone
533 520 676 549 annotavit
689 520 753 549 Cael.
768 522 858 558 Antiq.
874 522 945 551 [αεὶ.
959 524 1006 552 lib.
1022 533 1065 551 20.
1082 532 1141 559 cap.
1158 531 1200 557 13.

75 559 162 595 Quod
182 567 287 587 nomen
310 568 325 587 a
342 558 434 587 cursus
458 556 610 587 velocitate
630 557 669 586 illi
690 558 849 594 impositum
869 560 946 589 fuill‘e
965 568 1095 598 apparet,
1127 559 1204 596 quod

75 596 180 662 scidlicet
190 595 313 625 volatum
325 595 423 633 aquilae
444 596 549 632 (quam
560 595 647 625 Graeci
658 604 759 625 vocant
774 592 859 632 ἀπὺ)
880 598 1085 635 propemodum
1097 607 1204 634 aequare

75 644 103 663 vi
125 642 225 662 eretur.

74 671 314 701 Commemoratur
325 672 350 701 Sc
363 671 392 699 in
403 670 516 708 Scythia
527 670 628 699 fluvius
641 670 755 699 nornine
773 671 855 699 lictus
866 694 872 705 ‚
895 673 940 708 qui
956 673 1030 709 quod
1047 672 1202 702 Promethei

92 719 187 746 agrum
205 709 319 738 uberem
336 708 441 745 alioqui
462 708 564 737 crebris
580 707 819 737 exundationibus
840 710 977 739 infestaret
989 733 996 743 ,
1027 711 1093 739 secit
1109 710 1205 738 locum

90 747 209 782 fabulae,
230 754 261 776 ut
273 747 426 776 Promethei
439 748 575 775 continuo
593 746 737 775 renascens
755 746 849 782 jecur,
878 748 911 776 ab
930 748 1019 786 aquila
1036 748 1118 778 exedi
1131 748 1206 778 dicc-

91 792 175 814 retur.
216 784 258 814 Ex
275 784 402 820 ejusdem
421 784 486 813 Cael.
503 784 551 813 lib.
565 794 590 821 7.
606 793 666 821 cap.
679 793 723 820 27.

541 856 579 894 AE
678 857 714 894 V

37 930 96 966 Ἐν
108 942 156 961 uM
167 955 174 968 ‚
196 933 301 969 [αἰὼν]
329 932 457 969 Servius,
485 932 585 962 AEvum
602 932 714 970 proprie
728 932 900 963 IEternitatis
920 934 977 964 est:
1007 944 1067 972 quae
1085 944 1144 964 non
1155 932 1207 963 nisi

75 972 105 1003 in
123 970 192 1000 deos
211 971 296 1000 venit.
336 970 459 1005 Ennius,

154 1008 291 1038 Romulus
305 1009 334 1037 in
349 1008 424 1037 coelo
440 1017 506 1037 cum
520 1007 563 1037 dis
577 1007 744 1044 genitalibus
760 1018 849 1038 aevaim

135 1078 138 1080 ,
153 1047 245 1084 Degit.
326 1045 406 1074 Unde
419 1045 477 1075 Cic.
494 1056 517 1074 i.
531 1044 613 1075 Tusc.
628 1045 716 1081 dixit,
738 1046 824 1083 Agere
835 1056 923 1077 aevum
936 1057 1001 1076 cum
1016 1048 1069 1078 diis
1081 1049 1110 1077 in
1122 1046 1204 1078 coelo.

76 1085 97 1114 i.
112 1094 135 1114 c.
157 1085 302 1114 AEternum
312 1084 412 1113 vivere.

77 1121 177 1154 IEvum
195 1122 231 1152 lic
249 1121 347 1150 definit
365 1120 532 1151 Censorinus
551 1121 582 1149 in
596 1119 644 1150 lib.
667 1121 702 1150 de
722 1121 775 1150 Die
789 1122 899 1157 Natali,
914 1129 989 1160 ‘cap
1007 1135 1029 1159 5.
1071 1123 1115 1152 Est
1132 1123 1209 1152 enim

94 1159 279 1195 immensum,
306 1159 362 1189 fine
380 1159 487 1197 origine
498 1181 507 1194 ,
536 1158 592 1187 sine
604 1159 660 1188 fine
671 1181 678 1194 ,
707 1159 783 1196 quod
800 1160 901 1189 eodem
917 1162 1003 1190 modo
1015 1161 1122 1199 semper
1137 1162 1206 1195 fuit,

95 1197 204 1236 semper
220 1198 345 1227 futurum
364 1198 421 1226 est:
453 1206 545 1233 neque
567 1197 602 1225 ad
622 1207 781 1234 quenquam
799 1197 945 1227 hominum
965 1200 1051 1236 magis
1070 1208 1152 1236 quam
1173 1198 1209 1227 ad

95 1235 214 1266 alterum
234 1237 365 1273 pertinet.
403 1234 466 1264 Hoc
483 1235 513 1263 in
531 1235 584 1263 tria
602 1235 737 1264 dividitur
753 1242 893 1273 tempora:
927 1238 1114 1274 praeteritum,
1142 1247 1210 1273 prae-

96 1273 158 1305 sens
171 1296 178 1308 ,
205 1273 339 1302 futurum.
368 1281 403 1302 ex
419 1272 519 1310 quibus
536 1274 708 1310 praeteritum
728 1273 810 1302 initio
834 1280 908 1302 caret
926 1285 931 1302 z
967 1276 1043 1304 exitu
1063 1275 1206 1304 futurum:

97 1311 215 1342 Praesens
226 1318 320 1340 autem
330 1333 338 1346 ,
360 1311 436 1348 quod
446 1311 572 1340 medium
585 1311 640 1346 est,
663 1311 734 1340 adeo
747 1311 880 1347 exiguum
891 1314 917 1341 ἃ
930 1312 1210 1349 incomprehenlibile

96 1350 154 1385 est,
186 1356 218 1378 ut
239 1349 344 1379 nullam
368 1349 488 1387 accipiat
514 1348 722 1386 longitudinem
732 1371 740 1383 ,
772 1358 864 1386 neque
890 1350 965 1379 aliud
991 1351 1044 1379 ell'e
1066 1350 1209 1384 videatur,

98 1397 182 1425 quam
197 1387 325 1417 transacti
337 1387 478 1424 futurique
490 1387 653 1422 conjunctio
665 1396 671 1416 ε
700 1387 772 1415 adeo
784 1397 867 1424 porro
882 1388 1006 1418 instabile
1017 1411 1024 1424 ,
1047 1395 1078 1417 ut
1090 1388 1169 1418 idem
1179 1387 1211 1416 sit

98 1435 257 1463 nunquam:
281 1427 307 1455 ἃ
319 1424 453 1462 quicquid
467 1425 626 1453 transcurrit
637 1447 644 1459 ‚
667 1435 682 1454 a
692 1425 787 1454 futuro
800 1425 935 1463 decerpit.

79 1463 198 1500 AEvum,
218 1473 269 1501 pro
282 1463 379 1493 AEtatc.
416 1463 487 1500 Virg.
501 1472 525 1491 2.
543 1462 604 1492 AEn.
618 1467 681 1499 633.

239 1517 277 1522 —-
288 1501 344 1530 Vos
359 1502 376 1529 ὸ
393 1500 492 1538 quibus
507 1501 614 1538 integer
629 1501 679 1530 aevi

161 1539 296 1577 Sanguis,
322 1540 368 1568 ait.
461 1538 514 1567 Ubi
529 1539 640 1568 Servius
652 1562 660 1574 ,
689 1537 804 1568 Plenam
821 1546 930 1569 aetatern
950 1539 1083 1578 significat
1098 1548 1133 1569 ex
1154 1538 1213 1569 san-

140 1578 185 1608 ine
194 1600 202 1614 ‚
224 1578 272 1615 qui
283 1587 341 1606 non
354 1576 392 1606 est
402 1576 509 1614 integer
519 1577 568 1606 nisi
580 1578 608 1605 in
620 1577 778 1612 juvenibus.

117 1625 200 1651 vum,
220 1625 271 1653 pro
282 1615 376 1645 Rebus
387 1614 479 1651 aliquo
492 1625 549 1644 aevo
562 1615 650 1652 gestis.
683 1615 755 1657 Virg.
769 1621 794 1649 8.
812 1614 874 1644 ΖΕΗ.
888 1619 951 1652 627.
1114 1636 1119 1638 -

163 1653 246 1683 Haud
258 1663 353 1683 vatum
367 1653 476 1690 ignarus
488 1675 496 1688 ,
517 1654 681 1690 venturique
697 1653 798 1683 inicius
813 1654 870 1683 aevi.
943 1653 1027 1683 Ovid.
1042 1663 1153 1691 quoque
1168 1663 1210 1690 ις.

104 1691 174 1721 Met.
196 1702 237 1720 11.
333 1707 370 1711 —
381 1691 481 1720 veteris
496 1701 554 1720 non
569 1690 669 1721 inscius
684 1691 743 1721 aevi.

83 1729 201 1766 AEvum,
221 1734 272 1768 pro
284 1728 434 1766 Tempore.
465 1728 538 1766 Virg.
554 1735 579 1764 8.
596 1729 653 1759 Ecl.
666 1735 711 1763 28·

244 1784 281 1788 —
295 1777 408 1804 aevoque
422 1766 547 1804 sequenti

165 1805 238 1835 Cum
253 1805 367 1834 canibus
380 1805 473 1834 timidi
488 1805 603 1834 venient
617 1805 651 1834 ad
665 1804 767 1842 pocula
781 1805 877 1834 damae.

103 1853 164 1882 cap.
180 1847 205 1873 6.
246 1843 405 1872 Umbricius
419 1842 575 1881 aruspicum
589 1843 618 1872 iri
632 1843 723 1872 nostro
739 1853 796 1873 aevo
810 1842 996 1881 peritissimus.

83 1881 154 1915 AEvo
166 1881 258 1910 nostro
269 1881 381 1910 accidit.
413 1880 482 1911 Plin.
498 1880 545 1910 lib.
560 1891 586 1910 2.
602 1891 662 1919 cap.
678 1890 719 1917 13.

84 1920 127 1950 Ad
141 1919 197 1948 hoc
208 1920 275 1955 aevi,
299 1929 350 1957 pro
364 1919 407 1949 Ad
420 1919 475 1948 hoc
491 1929 578 1957 usque
591 1928 711 1957 tempus.
742 1919 812 1949 Plin.
826 1919 876 1949 lib.
890 1923 932 1950 16.
952 1929 1011 1957 eap-
1024 1929 1052 1956 42

48 1963 49 1967 ’
85 1957 186 1990 AEvum
197 1979 204 1992 ‚
225 1967 277 1995 pro
291 1957 360 1986 Vita.
393 1957 461 1987 Hor.
475 1966 500 1986 2.
517 1958 604 1986 Serm.
617 1960 642 1986 6.
657 1966 702 1994 97.

165 1995 233 2024 Vive
247 2005 356 2025 memor
369 2005 452 2032 quam
466 1994 499 2024 sis
513 1995 564 2024 aevi
579 1995 680 2024 brevis.

85 2032 237 2062 Confectus
249 2043 318 2063 aevo.
340 2033 368 2062 h.
381 2043 406 2062 e.
427 2033 527 2063 AEtate.
548 2033 624 2071 Virg.
639 2043 681 2067 11.
699 2033 761 2063 [ΕΠ.
774 2038 820 2070 8ς.

83 2070 148 2102 Flos
160 2071 219 2100 aevi.
250 2071 335 2101 Ovid.
351 2081 376 2107 9.
392 2070 463 2100 Met.

85 2109 199 2139 Gravior
214 2118 282 2138 aevo.
313 2109 387 2146 Virg.
401 2119 427 2138 2.
444 2109 505 2139 AEn.
518 2118 584 2146 435.

82 2147 219 2178 Maturus.
250 2147 324 2185 Virg.
341 2158 364 2183 5.
380 2147 442 2181 AEu.
455 2156 499 2184 73.

85 2184 176 2216 Menas
189 2185 240 2214 aevi
251 2184 455 2215 transcendere.
485 2185 554 2215 Stat.
568 2196 592 2222 5.
609 2182 683 2223 Sylv.
700 2194 723 2222 3.
741 2194 805 2223 255.

84 2222 203 2254 Praesens
216 2233 314 2253 sevum.
341 2223 390 2253 Sil.
406 2223 455 2253 lib.
474 2233 516 2260 17.

77 2259 239 2299 ‘Reparator
249 2262 300 2291 aevi
315 2261 450 2291 immensi.
479 2261 546 2291 Stat.
560 2272 588 2297 4.
606 2260 680 2299 Sylv.
695 2270 718 2291 1.
738 2270 781 2291 11.

85 2298 183 2330 Robur
195 2300 253 2329 aevi.
284 2299 369 2329 Ovid.
384 2310 427 2334 ις.
443 2299 515 2329 Met.

84 2337 164 2367 Sator
174 2338 225 2367 aevi
234 2338 352 2375 Jupiter.
383 2337 432 2367 Sil.
444 2348 469 2373 9.
488 2339 549 2375 306.

85 2376 161 2405 Situs
173 2376 231 2405 aevi.
272 2376 304 2406 V.
328 2385 340 2405 s
349 2386 359 2404 i
370 2385 390 2404 'r
399 2386 417 2404 u
427 2385 448 2405 s.

85 2413 181 2443 Tenor
192 2414 251 2443 aevi.
282 2414 350 2444 Stat.
364 2423 388 2450 3.
406 2413 480 2452 Sylv.
494 2422 517 2449 3.

85 2451 236 2481 Terminus
249 2453 299 2482 aevi
311 2451 450 2490 angustus.
479 2451 553 2488 Virg.
567 2461 593 2487 4.
608 2450 708 2489 Georg.
722 2453 788 2481 206.

85 2489 259 2520 Venerabilis
272 2500 339 2520 aevo.
369 2490 436 2519 Stat.
452 2499 494 2518 11.
509 2489 601 2519 Theb.

86 2527 121 2559 In
136 2538 235 2558 aevum.
272 2528 441 2558 Callistratus
458 2528 488 2557 in
505 2527 523 2557 1.
545 2527 708 2556 liberorum.
731 2537 796 2557 202.
824 2525 857 2556 D.
884 2525 919 2556 de
936 2527 1012 2556 verb.
1033 2524 1121 2564 signif.
1156 2525 1219 2556 Ete—

104 2566 165 2595 nim
179 2567 285 2596 idcirco
299 2566 372 2596 filios
386 2566 493 2595 filiasve
503 2566 681 2603 concipimus
690 2571 773 2603 atque
789 2565 899 2595 edimus
908 2588 916 2601 ,
940 2572 970 2594 ut
981 2575 1015 2594 ex
1026 2565 1105 2603 prole
1120 2575 1219 2595 eorum

105 2614 234 2634 earumve
245 2627 253 2640 ,
283 2605 474 2634 diuturnitatis
495 2603 577 2633 nobis
598 2613 763 2633 memoriam
781 2604 812 2632 in
825 2613 915 2634 aevum
932 2603 1130 2641 relinquamus.
1159 2604 1177 2633 i.
1193 2613 1217 2634 e.

105 2642 139 2672 In
153 2650 329 2681 perpetuum.

12 2704 14 2706 .
86 2679 204 2718 AEquaie
215 2691 313 2712 aevum.
351 2680 382 2710 V.
405 2691 430 2709 AE
439 2690 487 2716 Qu
495 2690 515 2709 A
524 2690 540 2708 L
549 2690 559 2708 1
568 2690 590 2709 s.

7 2720 17 2745 ἱ
41 2748 46 2751 ,
86 2718 241 2750 AEternum.
282 2719 314 2749 V.
336 2729 361 2747 ιε
370 2728 390 2747 T
399 2728 439 2747 ER
448 2728 468 2747 N
480 2728 497 2747 u
506 2728 527 2747 s.

15 2771 19 2779 v
68 2756 240 2787 ,Ar-mosum.
270 2756 373 2787 Lucan.
390 2755 439 2786 lib.
453 2765 479 2793 9.
497 2764 558 2793 359.
582 2754 651 2786 Plin.
668 2754 718 2785 lib.
731 2766 758 2791 4.
776 2765 836 2794 cap.
853 2765 895 2786 12.

88 2795 184 2824 Breve.
212 2795 281 2825 Hor.
296 2805 322 2825 2.
339 2794 429 2825 Carm.
445 2798 487 2824 16.
507 2804 549 2832 17.
575 2796 602 2824 &c
616 2803 642 2824 2.
659 2794 745 2823 Serm.
761 2797 786 2824 6.
805 2804 850 2831 97.

89 2832 213 2864 Canum.
233 2833 331 2863 Claud.
344 2843 372 2870 3.
387 2833 486 2871 Paneg.

91 2870 215 2900 Condito
229 2871 264 2900 ab
278 2881 345 2901 aevo.
380 2871 450 2901 Plin.
472 2870 521 2900 lib.
538 2879 563 2908 7.
590 2878 651 2908 cap.
671 2879 717 2907 43.

110 2919 256 2947 nunquam
267 2909 319 2939 ulli
333 2909 380 2939 alii
396 2919 412 2939 a
428 2909 546 2939 condito
559 2918 629 2938 aevo.
696 2937 698 2940 ,

84 2946 213 2978 Extento
223 2957 281 2977 aevo
292 2948 393 2977 vivere.
414 2947 442 2977 h.
455 2957 479 2976 e.
502 2947 536 2976 In
549 2953 692 2976 aeternum.
723 2947 790 2978 Hor.
806 2955 831 2977 2.
849 2945 938 2977 Carni.
952 2955 977 2976 2.
993 2957 1017 2983 ς.

128 2985 211 3015 Vivet
223 2992 339 3015 extento
354 2984 514 3015 Proculeius
528 2994 596 3014 aeVO.

89 3021 187 3054 Futuri
198 3024 249 3053 aevi
259 3030 391 3054 eventura
401 3024 505 3053 videre.
531 3022 626 3053 Tibul.
642 3022 691 3053 li'b.
706 3032 730 3060 3.
742 3034 769 3060 4.
782 3031 828 3060 47.

91 3060 203 3092 Grande
216 3072 314 3092 aevum.
345 3061 454 3091 Lucret.
470 3060 519 3090 lib.
533 3070 559 3090 2.
576 3070 657 3096 1141.

90 3098 235 3138 Ignavum.
265 3100 364 3130 Claud.
378 3110 403 3136 3.
420 3101 455 3129 de
470 3099 552 3137 Rapt.
566 3098 688 3137 Proserp.

91 3136 270 3168 Immensum.
294 3138 363 3168 Stat.
375 3149 401 3174 4.
417 3137 491 3175 Sylv.
507 3147 530 3166 1.

90 3174 244 3206 Immortali
257 3185 316 3207 aevo
326 3185 392 3205 cum
401 3185 470 3214 pace
481 3175 544 3205 frui.
576 3174 684 3205 Lucret.
701 3175 750 3205 lib.
764 3184 789 3205 2.
806 3177 870 3212 646.

91 3209 242 3245 Incertum.
271 3214 355 3244 Ovid.
372 3224 412 3249 ις.
430 3214 500 3244 Met.
515 3219 579 3250 874.

93 3248 259 3290 Longinquo
271 3262 330 3281 aevo
343 3252 438 3282 omnia
449 3251 549 3281 fluunt.
580 3251 691 3281 Lucret.
706 3251 755 3281 lib.
766 3261 792 3281 2.
805 3254 851 3285 68.

93 3289 222 3328 Longum
233 3300 323 3320 aevum
334 3299 492 3328 prorogare.
522 3288 591 3320 Hor.
608 3290 644 3319 de
654 3293 718 3320 Arte
730 3290 804 3319 Poet.
820 3292 883 3327 346.

94 3327 232 3367 Magnum
244 3329 342 3358 durare
354 3338 404 3367 per
416 3337 516 3358 aevum.
542 3327 651 3357 Lucret.
667 3327 716 3357 lib.
732 3339 756 3364 5.
771 3332 816 3358 62.

9 3363 12 3371 ⁴
58 3368 59 3376 ¹
93 3366 214 3399 Memor.
235 3367 308 3404 Virg.
321 3377 346 3403 9.
362 3366 424 3396 AEn.
436 3368 502 3402 446.
585 3383 622 3388 —-
636 3366 726 3404 siquid
741 3375 804 3395 mea
817 3365 940 3396 carmina
954 3363 1074 3403 poffunt,

89 3412 91 3415 ’
174 3403 260 3434 Nulla
274 3405 334 3434 dies
347 3413 470 3442 unquam
483 3405 602 3433 memori
616 3414 665 3434 vos
679 3404 785 3433 eximet
799 3413 867 3433 aevo.

95 3435 260 3473 miserabile.
290 3443 363 3480 Virg.
380 3443 410 3471 in
424 3442 517 3479 Epigr.
534 3442 569 3471 de
583 3441 664 3471 litera
677 3442 717 3477 Y,
739 3452 764 3471 v.
783 3452 845 3471 120.

174 3481 210 3511 At
222 3481 271 3518 qui
285 3480 418 3510 desidiam
428 3503 436 3515 ,
457 3479 611 3517 luxumque
625 3480 753 3517 sequetur
766 3481 901 3509 inertem:

174 3518 251 3548 Dum
265 3519 338 3556 fugit
350 3518 491 3556 oppositos
504 3518 617 3547 incauta
631 3526 726 3547 mente
740 3518 864 3547 labores:

173 3554 265 3594 Turpi
292 3558 431 3595 inopsque
444 3555 523 3585 simul
537 3555 694 3586 miserabile
708 3555 831 3594 transigit
844 3564 941 3584 aevum.

96 3592 244 3624 Mutabile.
299 3595 347 3632 irg.
363 3605 405 3623 11.
421 3594 483 3624 AEn.
496 3603 560 3630 425.

96 3631 219 3662 occulto
228 3632 307 3662 velut
317 3642 376 3662 aevo
386 3632 485 3661 crescit
494 3631 583 3661 arbor.
613 3631 681 3662 Hor.
697 3642 720 3662 1.
738 3631 830 3662 Carm.
844 3640 886 3661 12.
899 3639 946 3667 45.

97 3668 220 3700 Parvum.
251 3670 335 3700 Ovid.
349 3670 384 3699 ad
396 3669 519 3705 Liviam⁷
539 3675 602 3705 285.

96 3706 229 3737 Perbreve
240 3717 338 3738 aevum.
378 3708 409 3737 V.
431 3718 445 3736 Ρ
456 3718 470 3736 a
478 3718 495 3736 R
503 3718 519 3736 B
528 3717 545 3736 R
554 3718 569 3736 ε
577 3718 593 3737 v
603 3718 612 3737 i
621 3717 643 3737 s.

96 3744 272 3784 Perpetuum.
304 3745 412 3775 Lucret.
428 3745 516 3784 lib65.
534 3749 595 3775 162.

97 3782 242 3813 Placidum
252 3793 341 3813 aevum
352 3784 461 3821 degere.
493 3783 602 3813 Lucret.
618 3783 668 3814 lib.
682 3793 708 3813 2.
726 3791 806 3820 1093.

98 3821 275 3859 Sempiterno
285 3831 343 3851 aevo
353 3821 416 3851 srui.
446 3822 506 3851 Cic.
523 3822 558 3851 de
573 3822 668 3851 Somn.
684 3822 759 3860 Scip.

99 3858 207 3888 Senius.
236 3859 299 3888 Sen.
316 3859 432 3897 Hippoi.
446 3868 509 3896 742.
547 3859 632 3890 Fama
642 3861 768 3890 miratrix
778 3859 893 3893 senioris
908 3858 968 3889 aevi.

99 3896 264 3933 Spatiosum.
294 3897 377 3926 Ovid.
391 3907 415 3934 3.
432 3897 502 3927 Met.
518 3907 579 3934 529.

102 3933 252 3965 Tenerum.
279 3934 414 3972 Claud.4.
429 3935 528 3974 Paneg.

1004 1803 1073 1834 Plin.
1097 1803 1146 1835 lib.
1169 1814 1212 1835 10.

767 2868 879 2900 Tribuit
898 2869 925 2899 ei
943 2878 1010 2909 pop.
1034 2870 1116 2902 Rom.
1144 2871 1222 2912 quod

1665 107 1694 141 A
1792 107 1816 144 F
1914 108 1938 142 F
2340 125 2408 160 109

1290 186 1387 216 Veios.
1415 188 1479 217 Sen.
1498 188 1578 218 Herc.
1594 197 1618 223 ς.

1290 224 1394 253 Viride.
1426 227 1508 255 (hid.
1523 236 1545 261 3.
1563 225 1643 256 Trist.
1660 235 1684 254 r.
1696 234 1722 263 7.

1292 262 1376 297 Agr-ru
1390 274 1477 292 irvuni
1498 264 1632 293 {et-urum.
1667 264 1694 294 h.
1713 273 1738 293 e.
1768 261 1833 292 Sine
1849 261 2027 292 solicitudine
2042 265 2068 294 8<
2085 274 2150 294 cura
2163 266 2263 298 vivere.
2302 269 2410 301 Lucret-

1314 311 1338 331 ς.
1357 308 1401 334 κζ.

1295 337 1402 370 ligitare
1414 348 1500 366 aarum
1514 337 1562 367 sub
1575 338 1689 375 legibus.
1713 338 1731 367 i.
1745 348 1769 367 e.
1791 337 1898 367 Vivere.
1930 338 2001 374 Virg.
2014 351 2039 374 4.
2057 340 2155 377 (ieorg.

1295 374 1392 402 Colere
1406 376 1430 402 vi
1443 386 1538 404 reruni.
1565 376 1591 406 h.
1606 387 1629 405 e.
1658 376 1747 405 Vitam
1758 375 1900 405 traducere
1913 376 1943 404 in
1958 385 2054 405 mutua
2068 377 2208 408 violentia.
2242 379 2348 411 Lucret.
2364 381 2410 414 lib.

1317 422 1340 441 ς.
1367 422 1444 446 1144.

1296 447 1462 477 Consumere
1476 460 1563 478 zrvuin
1575 451 1603 478 in
1616 451 1696 479 curis.
1729 450 1836 480 Lucrct.
1856 450 1905 480 lib.
1920 461 1943 486 ς.
1959 460 2038 488 1430.

1296 484 1475 514 Desuncluni.
1506 488 1602 515 Claud.
1619 497 1641 521 3.
1661 488 1679 517 Ε
1693 489 1735 525 rig.

1296 521 1457 558 Depereunt
1469 534 1525 551 iero
1537 525 1638 552 omnia.
1673 499 1756 555 (hvid.
1772 536 1793 554 1.
1811 527 1902 555 Amor.
1919 536 1958 561 15.
1976 535 2017 563 32.

1298 559 1405 588 Ducere
1420 570 1507 589 a’vuin
1520 571 1566 597 per
1579 562 1684 598 gradus.
1718 565 1781 592 Seii.
1801 563 1915 601 llippol.
1929 575 1954 599 4.

1298 595 1402 638 Durare
1420 598 1491 639 aevis.
1522 598 1587 626 Plin.
1606 599 1651 641 lib.
1668 609 1709 634 35·
1726 611 1785 637 cup.
1802 611 1842 635 ¹4-
1884 601 1915 630 ln
1931 601 2020 630 Africa
2039 600 2224 645 Hispaniaque
2236 612 2270 633 ex
2286 611 2355 634 terra
2370 616 2415 644 pa.

1312 642 1398 676 ,rietes
1411 644 1473 662 ieris
1485 634 1584 664 durant
1595 658 1601 669 ,
1623 639 1773 674 incorrupti
1787 639 1919 667 imbribus
1930 661 1937 673 ,
1958 641 2047 668 ventis
2057 662 2064 674 ,
2087 640 2206 677 ignibus.

1298 669 1416 705 Exigere
1429 681 1518 701 arvum
1534 671 1627 701 studiis
1640 674 1772 703 virilibus.
1805 676 1889 706 Ovid.
1905 686 1946 706 12.
1964 676 2033 707 Met.
2045 683 2109 711 208.

1298 707 1392 737 Fenus
1404 717 1470 737 irvo.
1505 709 1611 738 liuere-t.
1628 709 1674 738 lib.
1689 720 1711 747 3.
1726 722 1789 746 459-

1299 745 1390 775 Finire
1402 755 1498 774 aevum.
1523 747 1539 775 i.
1554 757 1577 776 e.
1600 747 1698 776 Vitam.
1725 749 1808 778 Ovid.
1823 761 1844 785 5.
1862 749 1929 780 Met.
1943 762 2006 787 400.

1299 783 1423 812 florens.
1453 783 1560 814 Lucret.
1578 783 1626 812 lib.
1642 795 1664 819 5.
1687 794 1765 814 1021.

1299 820 1418 851 Ineunte
1434 830 1469 850 ex
1489 832 1556 852 aevo.
1587 822 1614 850 h.
1635 831 1658 850 e.
1690 823 1711 851 A
1730 823 1868 861 principio
1888 833 1972 857 aeratis
1989 828 2015 857 ἃ
2041 827 2199 858 nativitatis.
2240 827 2347 860 Lucret.
2369 829 2416 859 lib.

1299 896 1459 926 Instactum.
1492 895 1539 926 Sil.
1556 896 1604 925 lib.
1620 906 1660 933 ις.

1299 933 1416 964 Laberis.
1445 934 1492 963 Sil.
1509 934 1556 963 lib.
1575 944 1615 971 17.

1304 971 1407 1002 Notare
1421 982 1518 1001 aevum.
1551 972 1622 1009 Virg.
1637 981 1660 1008 3.
1677 970 1776 1009 Georg.
1792 982 1853 1001 100.

1460 1011 1614 1039 -animos
1630 1019 1774 1046 aevumque
1788 1009 1898 1039 notabis

1381 1046 1529 1091 Ptrecipue.
1614 1047 1668 1077 Ubi
1678 1048 1797 1083 Servius,
1809 1048 1880 1077 Ante
1890 1049 1984 1078 omnia
1997 1052 2424 1092 aetatemmagnanimitatemque

1322 1094 1451 1122 requires.

1300 1122 1413 1153 Pacisci.
1445 1125 1512 1153 Stat.
1530 1133 1551 1152 1.
1569 1122 1736 1158 Theb-319.

1419 1177 1456 1181 -—
1468 1161 1518 1190 hac
1533 1170 1622 1190 aevum
1637 1161 1730 1198 cupiat
1744 1171 1794 1198 pro
1809 1160 1891 1190 laude
1905 1160 2016 1198 pacisci.

1321 1199 1376 1228 tius
1389 1199 1451 1227 vitre
1465 1197 1517 1228 fine
1531 1199 1651 1228 libenter
1665 1198 1763 1228 offerre
1779 1198 1847 1228 velit
1859 1205 1994 1236 tempora.

1302 1236 1371 1266 Pati.
1407 1236 1438 1265 V.
1462 1247 1614 1266 Parios..

1303 1274 1441 1311 Peragere.
1468 1274 1552 1303 Ovid.
1568 1285 1609 1309 ις.
1625 1274 1694 1304 Met.
1709 1279 1774 1310 485.

1302 1311 1429 1342 Perdere.
1459 1312 1526 1341 Stat.
1543 1323 1564 1348 5.
1582 1312 1672 1341 Theb.
1689 1316 1748 1348 136.

1302 1348 1459 1387 Prorogare.
1491 1350 1523 1379 V.
1542 1351 1643 1380 AEvum
1653 1349 1778 1387 longum.

1303 1386 1426 1417 Rediens
1437 1398 1535 1418 aevuni.
1569 1388 1599 1417 V.
1616 1389 1676 1418 AEvi
1688 1388 1818 1417 conditor
1828 1411 1836 1424 ,
1857 1387 1889 1416 in
1904 1395 1922 1416 c
1931 1397 1947 1416 o
1957 1395 1977 1416 N
1985 1397 2004 1417 n
2013 1398 2039 1417 o.

1303 1425 1457 1455 Renovare.
1488 1426 1571 1455 Ovid.
1584 1435 1610 1463 7.
1627 1426 1696 1455 Met.

1303 1463 1451 1494 Senescere
1463 1474 1530 1493 azvo.
1562 1463 1668 1493 Lucret.
1686 1462 1736 1492 lib.
1752 1473 1774 1492 1.
1790 1465 1851 1497 326.

1305 1502 1395 1531 Soluti
1408 1503 1488 1531 annis
1501 1503 1526 1531 Sc
1538 1512 1604 1531 avve.
1636 1502 1720 1531 Ovid.
1732 1507 1758 1535 8.
1776 1500 1845 1530 Met.
1860 1511 1923 1540 712.

1305 1539 1431 1569 Tardans
1443 1550 1540 1569 a‘vum.
1568 1540 1635 1569 Stat.
1648 1544 1673 1568 6.
1690 1539 1780 1568 Theb.
1795 1549 1857 1575 559.

1305 1577 1408 1607 Terere
1420 1587 1518 1607 aevum.
1550 1577 1647 1607 Claud.
1662 1587 1686 1614 3.
1703 1577 1792 1615 Epigr.

1306 1615 1466 1645 Traducere
1477 1615 1587 1645 leniter.
1619 1616 1686 1646 Hor.
1704 1626 1726 1644 1.
1743 1614 1826 1652 Epist.
1841 1625 1882 1651 19.
1895 1624 1940 1652 97.

1306 1653 1466 1691 Transigere
1478 1654 1508 1682 in
1520 1654 1610 1683 armis.
1640 1653 1737 1682 Claud.
1751 1663 1775 1681 2.
1793 1652 1885 1690 Epigr.

1306 1691 1399 1729 Vergit
1411 1701 1507 1721 aevum.
1540 1691 1608 1722 Plin.
1624 1691 1673 1720 lib.
1687 1701 1713 1728 7.
1729 1701 1788 1728 cap.
1805 1696 1845 1720 16.

1270 1729 1303 1761 ΖΕ
1315 1740 1329 1759 ν
1341 1739 1379 1759 us
1390 1752 1397 1765 ,
1419 1730 1436 1758 i.
1459 1739 1496 1758 m.
1525 1729 1604 1758 ldem
1621 1729 1696 1767 apud
1708 1736 1823 1758 veteres.
1853 1728 1939 1758 Plaut.
1958 1727 2035 1757 Poen.
2051 1738 2073 1764 ς.
2087 1739 2113 1764 4.
2131 1736 2172 1763 14.
2213 1727 2262 1758 Per
2274 1738 2354 1767 quem
2365 1730 2430 1760 vivi.

1308 1777 1370 1797 inus
1379 1767 1493 1797 vitalem
1503 1775 1601 1797 aevum.
1624 1768 1657 1797 Et
1669 1766 1777 1796 Lucret.
1789 1767 1836 1796 lib.
1850 1777 1875 1796 2.
1890 1773 1951 1797 tor.
1968 1768 1994 1796 ὃς
2008 1776 2032 1801 3.
2046 1770 2110 1802 605.
2140 1766 2239 1795 AEvum
2249 1777 2298 1805 per
2308 1777 2429 1799 omnem.

1270 1806 1303 1837 ff,
1313 1815 1330 1835 v
1339 1808 1349 1835 ῑ
1359 1815 1378 1834 Τ
1387 1817 1406 1834 A
1416 1815 1428 1834 s
1438 1827 1445 1839 ,
1459 1806 1520 1834 atis.
1535 1805 1553 1834 f.
1574 1806 1713 1841 [nimam]
1731 1805 1838 1841 antiqui
1850 1814 1900 1842 pro
1910 1805 1998 1834 AEras
2008 1814 2034 1841 q.
2044 1804 2074 1833 V.
2087 1803 2130 1833 vel
2141 1804 2280 1834 alnnositas
2291 1805 2429 1838 dixerunt.

1308 1844 1393 1873 Varro
1405 1843 1530 1872 Tithono
1541 1866 1548 1879 ,
1570 1843 1663 1880 Quam
1675 1842 1849 1872 voluntatem
1865 1843 1981 1871 aevitatis
1992 1843 2095 1871 extima
2112 1843 2203 1880 attigit
2218 1851 2320 1871 metam
2332 1845 2430 1874 invitas.

1308 1881 1380 1912 Gell.
1396 1880 1444 1910 lib.
1460 1891 1502 1910 10.
1519 1891 1578 1919 cap.
1595 1892 1618 1911 1.
1659 1881 1687 1910 Si
1699 1881 1728 1909 iri
1741 1881 1784 1916 jus
1795 1887 1893 1916 vocat,
1917 1880 1934 1908 li
1952 1880 2064 1909 morbus
2082 1880 2228 1917 aevitasque
2246 1881 2344 1910 virium
2357 1883 2432 1917 esset,

1309 1921 1357 1957 qui
1377 1920 1459 1955 injus
1470 1919 1584 1949 vocabit
1595 1942 1603 1955 ,
1623 1920 1782 1956 jumentum
1793 1919 1866 1947 dato.
1908 1920 1979 1947 Sunt
1989 1927 2083 1947 autem
2094 1918 2177 1947 verba
2193 1928 2228 1947 ex
2248 1928 2280 1946 xi
2292 1929 2312 1947 r.
2331 1919 2431 1949 Tabul.

1311 1958 1369 1987 Cic.
1388 1957 1423 1986 de
1438 1956 1532 1995 Legib.
1551 1967 1575 1994 3.
1592 1967 1615 1994 3.
1657 1956 1788 1986 Censores
1804 1955 1903 1995 Populi
1920 1957 2041 1986 aevitates
2052 1978 2060 1992 ,
2085 1955 2212 1992 soboles,
2232 1956 2366 1992 familias,
2388 1968 2434 1996 pe.

1310 1996 1463 2033 cuniasque
1475 1995 1618 2026 censento.
1659 1994 1700 2024 Ex
1711 1994 1821 2024 iisdem-

1272 2034 1306 2066 ,ΞΕ
1314 2044 1332 2063 v
1343 2045 1351 2062 1
1362 2043 1382 2062 T
1392 2044 1405 2062 E
1413 2044 1430 2062 R
1440 2043 1460 2062 N
1470 2043 1488 2062 u
1498 2044 1510 2063 s
1520 2056 1527 2069 ,
1549 2044 1565 2063 a
1573 2056 1581 2069 ,
1603 2042 1660 2062 um.
1686 2032 1768 2062 Unde
1778 2033 1882 2062 factum
1893 2031 1930 2061 est
1940 2032 2078 2061 ffiternus.
2105 2031 2179 2061 Hinc
2189 2032 2322 2062 ffiviterni
2333 2033 2379 2062 dei
2389 2043 2434 2075 ap-

1310 2070 1451 2110 pellantur
1461 2094 1469 2107 ,
1489 2072 1565 2109 quod
1576 2081 1635 2101 aevo
1650 2070 1819 2108 sempiterno
1830 2077 2026 2108 permaneant:
2055 2069 2142 2112 qualis
2151 2069 2259 2108 Jupiter
2270 2092 2277 2104 ,
2299 2080 2381 2107 quein
2399 2074 2434 2101 lic

1310 2110 1422 2139 vocavit
1441 2109 1555 2140 Ennius.
1596 2109 1627 2139 V.
1653 2108 1793 2138 Crinitum
1810 2108 1858 2138 lib.
1876 2118 1918 2137 12.
1942 2117 2002 2146 cap.
2020 2107 2128 2137 ultimo.
2161 2109 2188 2137 δε
2210 2107 2311 2137 Lilium
2330 2109 2364 2137 de
2382 2110 2434 2138 diis

1311 2148 1455 2186 gentium,
1474 2158 1536 2185 pag.
1550 2151 1595 2177 26.
1635 2146 1703 2176 Usus
1719 2156 1752 2176 eo
1767 2145 1848 2184 Apul.
1863 2146 1898 2175 de
1912 2145 1973 2175 Deo
1991 2146 2095 2175 Socrat.
2110 2156 2138 2184 p.
2152 2154 2196 2181 43.
2237 2145 2343 2175 Prorsus
2358 2149 2383 2176 δε
2398 2156 2437 2176 re-

1311 2193 1356 2215 tro
1369 2186 1492 2215 aeviterni
1509 2186 1565 2215 Dii.
1589 2187 1615 2215 δι
1630 2184 1714 2214 Varro
1727 2185 1803 2223 apud
1820 2183 1947 2213 Priscian.
1961 2193 1987 2213 2.
2003 2193 2031 2222 p.
2044 2192 2105 2221 593.
2146 2182 2195 2213 Per
2210 2184 2370 2215 aeviternam
2388 2185 2437 2214 ho-

1310 2224 1420 2254 minum
1434 2224 1551 2254 domum
1564 2222 1693 2254 tellurem
1707 2232 1828 2261 propero
1842 2222 1967 2260 gradum.

1765 2299 1804 2334 AE
1900 2297 1936 2333 X

1271 2385 1352 2422 AEx,
1374 2383 1466 2423 [Αἴξ]
1485 2383 1557 2415 Plin.
1571 2384 1618 2415 lib.
1632 2394 1657 2421 4.
1675 2395 1736 2423 cap.
1752 2394 1795 2415 11.
1836 2384 1931 2421 AEgaeo.
1940 2384 2008 2415 mari
2021 2393 2127 2414 nomen
2139 2384 2217 2414 dedit
2227 2384 2355 2424 scopulus
2366 2386 2437 2416 inter

1310 2424 1462 2454 Tenedum
1473 2425 1500 2453 Sc
1512 2424 1615 2453 Chium
1630 2424 1721 2453 verius
1738 2431 1822 2460 quarn
1837 2422 1925 2452 insula
1936 2446 1944 2459 ,
1971 2423 2024 2454 AEx
2040 2423 2173 2459 nomine,
2202 2433 2217 2452 a
2231 2423 2322 2462 specie
2339 2434 2436 2462 capra',

1312 2473 1373 2500 qua:
1386 2463 1425 2491 ita
1438 2462 1540 2491 Graecis
1552 2461 1716 2500 appellatur.

1273 2501 1307 2531 AE
1316 2510 1333 2529 x
1344 2505 1360 2530 ὃ
1371 2510 1390 2529 Ν
1402 2511 1417 2529 a
1425 2510 1437 2529 s
1448 2522 1455 2535 ,
1477 2499 1576 2538 Populi
1585 2501 1699 2530 fuerunt
1710 2499 1740 2527 in
1750 2499 1840 2528 Attica
1851 2521 1858 2534 ,
1879 2498 2026 2528 dicacitate
2038 2500 2064 2529 ἃ
2075 2499 2250 2529 intoleranda
2259 2500 2443 2529 mordacitate
2470 2521 2473 2525 .

1311 2538 1429 2576 inlignes
1439 2560 1446 2573 ,
1466 2544 1498 2566 ut
1509 2536 1673 2570 οοίξωνεόειθοᾳ
1684 2536 1818 2574 signatum
1829 2537 1896 2566 inde
1906 2537 2021 2566 verbum
2031 2537 2062 2565 sit
2072 2559 2079 2572 ,
2096 2545 2152 2574 quo
2164 2537 2329 2576 significatur
2338 2537 2436 2567 intole-

1312 2577 1399 2605 randa
1414 2576 1589 2605 mordacitas.
1624 2575 1689 2604 Cael.
1710 2575 1801 2612 Antiq.
1823 2574 1898 2604 Leet.
1916 2574 1965 2604 lib.
1987 2579 2030 2608 18.
2052 2584 2113 2613 cap.
2129 2585 2175 2612 25.
2218 2575 2294 2606 Hinc
2314 2575 2438 2606 acerrimi

1313 2614 1515 2644 conviciatores
1525 2636 1533 2650 ,
1552 2614 1674 2644 AExones
1684 2620 1827 2642 vocantur.

1275 2651 1308 2684 ΖΕ
1318 2662 1336 2682 x
1344 2662 1362 2682 o
1371 2662 1392 2682 N
1401 2662 1416 2682 E
1425 2661 1444 2681 N
1455 2661 1466 2681 s
1476 2663 1485 2681 1
1495 2662 1507 2681 s
1516 2671 1525 2689 ‚
1552 2651 1632 2683 Idem
1645 2660 1677 2680 ac
1687 2650 1854 2681 Maledicus.
1883 2650 1962 2681 Suid.
1977 2652 2004 2681 ἃ.
2015 2649 2087 2680 Eust.

1783 2726 1821 2763 ΑΞ
1918 2727 1948 2763 Ζ

1275 2802 1308 2834 AE
1318 2810 1333 2832 z
1344 2812 1363 2831 A
1372 2811 1393 2831 N
1403 2811 1422 2832 υ
1431 2812 1443 2831 s
1455 2824 1462 2837 ,
1489 2799 1601 2831 Tantali
1613 2800 1686 2831 filius
1694 2823 1702 2838 ‚
1723 2810 1740 2832 a
1759 2810 1815 2839 quo
1826 2801 1924 2835 AEzani
1941 2799 2050 2840 populi.
2091 2799 2266 2831 Herodianus
2280 2800 2353 2840 apud
2369 2799 2439 2835 Her,

1315 2840 1439 2870 molaum
1453 2841 1483 2868 in
1498 2840 1627 2869 Plinium.

1275 2878 1309 2910 AE
1318 2888 1334 2909 z
1345 2889 1354 2908 i
1366 2888 1383 2908 c
1393 2888 1413 2908 A
1423 2900 1431 2914 ‚
1452 2877 1513 2908 Pars
1525 2878 1661 2908 Thraciae.
1683 2873 1780 2917 Stepii.

1722 2956 1751 2992 A
1845 2954 1870 2990 F
1966 2952 1992 2989 F

1278 3027 1322 3057 Ar
1332 3036 1351 3055 A
1360 3035 1381 3055 N
1390 3034 1411 3054 N
1420 3035 1443 3054 Ξ
1453 3045 1462 3061 ,
1481 3023 1571 3054 Locus
1584 3023 1686 3055 Siciliae
1702 3023 1834 3054 obscurus
1843 3047 1850 3059 ‚
1871 3022 1946 3053 unde
1957 3023 2040 3061 vulgo
2050 3022 2167 3058 dicitur,
2188 3020 2239 3050 Abi
2255 3019 2290 3051 ad
2308 3020 2436 3064 afannas,

1316 3064 1352 3094 de
1368 3063 1450 3093 rebus
1468 3063 1598 3098 incertis,
1627 3065 1654 3093 δι
1672 3072 1749 3093 exrra
1763 3062 1859 3091 locum
1870 3061 1970 3100 politis.
2011 3061 2074 3091 Fuit
2089 3061 2173 3090 etiam
2190 3059 2279 3089 Locus
2289 3060 2438 3089 Ainartidis

1315 3102 1404 3131 tribus
1415 3101 1519 3130 Atticae.
1550 3101 1665 3139 Buleng.
1682 3101 1717 3131 de
1731 3101 1843 3130 Theatr.
1858 3110 1881 3130 1.
1896 3110 1942 3136 42.
1960 3108 1995 3129 ex
2006 3099 2092 3129 Pitisc.
2106 3098 2171 3127 Lex.

1279 3142 1391 3174 Arsa,
1415 3139 1480 3168 Afri.
1520 3138 1550 3168 V.
1573 3149 1723 3169 arinca.

1280 3180 1564 3211 Amisimus,
1593 3176 1625 3206 V.
1648 3177 1870 3212 AFFOR,aris.-
2286 3209 2291 3214 .

1278 3218 1302 3248 A
1311 3228 1323 3246 r
1334 3228 1345 3245 r
1356 3219 1373 3245 Ᾰ
1382 3226 1396 3244 s
1407 3226 1423 3244 R
1434 3225 1448 3244 iz
1457 3236 1466 3251 ,
1497 3214 1565 3245 Adv.
1594 3209 1757 3251 [δοριὲὶιλέως
1767 3236 1775 3251 ,
1803 3213 1943 3248 ἀτέχνως]
1968 3213 1986 3241 i.
2006 3221 2028 3240 e.
2061 3210 2176 3241 Pulchre
2189 3232 2196 3245 ,
2226 3216 2257 3239 ut
2268 3217 2306 3240 ait
2316 3209 2435 3252 Nonius.

1319 3254 1474 3289 Catterum,
1505 3260 1537 3282 ut
1554 3262 1589 3282 ex
1609 3252 1666 3290 ipsa
1688 3253 1795 3290 origine
1812 3258 1942 3290 apparet,
1971 3259 2029 3279 non
2046 3248 2132 3278 modo
2149 3247 2266 3291 pulchre
2290 3247 2437 3292 significat,

1317 3292 1366 3322 sed
1381 3292 1469 3328 magis
1483 3291 1567 3321 etiam
1578 3290 1731 3320 artificiose.
1761 3290 1820 3319 Cic.
1832 3300 1857 3319 2.
1874 3289 1949 3318 Verr.
1970 3325 1974 3330 Ι
1989 3287 2078 3316 Deum
2093 3286 2219 3329 ‘denique
2236 3285 2345 3329 nullum
2362 3289 2439 3316 Sicu-

1315 3330 1352 3360 lis
1363 3352 1370 3365 ‚
1400 3330 1447 3367 qui
1460 3330 1486 3359 ei
1497 3329 1582 3367 paulo
1600 3329 1687 3366 magis
1703 3328 1804 3357 affabre
1821 3334 1901 3365 atque
1920 3332 2032 3362 antiquo
2043 3325 2164 3367 ‘artihcio
2180 3323 2267 3353 factus
2289 3325 2438 3359 videretur,

1318 3368 1439 3405 reliquit.
1489 3368 1533 3397 fit
1552 3373 1645 3396 autem
1664 3365 1772 3396 Affabre
1790 3366 1823 3394 ab
1841 3365 1953 3401 antiquo
1973 3372 2087 3405 nomine
2102 3362 2260 3404 Affabrumf
2293 3363 2368 3399 quod
2389 3367 2438 3397 (ut

1317 3406 1412 3436 Festus
1425 3405 1481 3439 ait)
1508 3412 1613 3434 veteres
1627 3404 1759 3433 dixerunt
1772 3413 1822 3441 pro
1839 3401 2044 3436 Fabrefactuim
2067 3410 2084 3429 i.
2101 3409 2124 3429 e.
2155 3398 2305 3429 Artificiose
2323 3400 2436 3429 factum.

1319 3444 1455 3474 Scribitur
1467 3444 1493 3473 Sc
1506 3444 1620 3480 antiquo
1632 3452 1709 3472 more
1720 3451 1771 3480 per
1781 3442 1800 3470 d
1809 3462 1816 3476 ‚
1836 3439 1961 3469 Adfabre.

1282 3483 1304 3513 A
1312 3493 1325 3511 r
1335 3493 1348 3511 p
1359 3493 1377 3511 Α
1387 3493 1401 3510 Β
1413 3492 1430 3511 υ
1440 3493 1455 3510 L
1466 3491 1485 3509 A
1494 3491 1514 3510 T
1523 3492 1532 3509 1
1542 3491 1559 3510 0
1569 3502 1576 3516 ,
1593 3481 1663 3510 (mis,
1685 3480 1704 3509 f.
1727 3478 1894 3515 [mi‘uu'snov]
1914 3476 2016 3505 dicitur
2025 3475 2110 3505 Breve
2121 3475 2324 3504 documentum
2334 3497 2341 3509 ,
2362 3473 2439 3511 quod

1321 3520 1421 3549 fabulis
1432 3519 1586 3549 subnexum
1597 3528 1690 3547 earum
1702 3516 1822 3554 explicat
1834 3514 1988 3543 utilitatem.
2022 3513 2053 3542 V.
2070 3512 2136 3542 Cael.
2151 3512 2200 3542 lib.
2215 3519 2256 3547 18.
2273 3522 2332 3550 cap.
2346 3523 2371 3549 7.
2419 3549 2424 3553 ¹

1282 3559 1326 3588 Ar
1335 3569 1348 3587 ιτ
1358 3568 1377 3587 Α
1386 3568 1406 3587 N
1416 3568 1425 3586 i
1434 3568 1458 3586 Αἱ
1467 3579 1474 3592 ,
1492 3561 1578 3586 arum.
1602 3551 1717 3592 [ῧθλοι]
1740 3554 1829 3583 Dictio
1841 3551 2029 3590 Appuleiam,
2046 3561 2095 3589 pro
2107 3551 2194 3589 Nugis
2205 3573 2213 3585 ,
2228 3550 2347 3580 afando
2358 3549 2437 3578 incli-

1321 3603 1420 3625 natum
1431 3604 1544 3624 nomen.
1576 3594 1601 3623 is
1613 3593 1660 3622 lib.
1672 3604 1699 3628 4.
1721 3591 1756 3621 sic
1768 3590 1874 3628 inquit,
1895 3590 1962 3619 Haec
1976 3589 2041 3619 alias
2059 3588 2157 3618 similes
2175 3589 2288 3618 affanias
2302 3589 2439 3617 oblatrari-

1320 3640 1363 3664 tes
1374 3656 1382 3669 ,
1403 3643 1451 3663 eos
1460 3631 1607 3662 retrorsum
1616 3631 1759 3662 adducunt
1768 3628 1876 3666 pagani.
1951 3663 1956 3670 '
2264 3664 2268 3668 ι
2356 3662 2361 3668 ’

1281 3672 1473 3705 Ari-firma,
1512 3666 1598 3706 [ruhi
1613 3688 1621 3699 ‚
1651 3663 1730 3703 ῥυδὶῖν,
1758 3667 1812 3695 3⁶an
1824 3687 1832 3701 ‚
1861 3665 2022 3703 ιατακρςως]
2051 3665 2119 3694 Adv.
2147 3663 2300 3701 qualitatis,
2321 3672 2438 3700 primam

1321 3711 1389 3739 teste
1407 3707 1476 3738 Gell.
1493 3707 1541 3736 lib.
1555 3716 1579 3743 7.
1597 3716 1657 3743 cap.
1670 3714 1694 3742 7.
1712 3704 1795 3733 acuit.
1837 3702 1947 3739 Festus,
1973 3702 2084 3732 Affatim
2099 3703 2205 3731 dictum
2225 3712 2239 3730 a
2255 3701 2336 3737 copia
2351 3701 2435 3734 fandi,

1322 3747 1457 3785 significat
1472 3745 1659 3775 Abundanter.
1690 3741 1748 3773 Liv.
1785 3739 1897 3772 Affatim
1912 3741 1978 3776 edi,
2008 3740 2082 3775 bibi,
2103 3740 2160 3769 lusi.
2202 3739 2349 3769 Terentius
2366 3739 2438 3767 adla-

1323 3787 1375 3814 tim
1386 3785 1472 3818 dixit,
1494 3792 1544 3820 pro
1556 3792 1590 3810 eo
1607 3780 1682 3818 quod
1693 3779 1747 3814 est,
1775 3779 1811 3808 ad
1827 3778 2030 3813 lassitudinem,
2061 3778 2120 3807 haec
2139 3778 2206 3807 fest.
2247 3778 2354 3819 Servius
2371 3776 2405 3804 ad
2417 3775 2436 3804 I.

1323 3823 1385 3854 ΖΕΗ.
1403 3830 1462 3857 127.
1500 3819 1655 3852 fatiscunt,
1676 3817 1848 3846 abundanter
1863 3818 2032 3854 aperiuntur.
2070 3816 2159 3845 Fatim
2176 3816 2251 3844 enim
2269 3814 2440 3843 abundanter

1324 3860 1444 3888 dicimus
1455 3867 1461 3886 ε
1484 3857 1558 3885 unde
1569 3858 1595 3885 ἃ*
1605 3855 1719 3884 affatim.
2313 3889 2318 3894 ι

1324 3895 1462 3933 Lamprid.
1476 3895 1505 3923 in
1516 3894 1591 3923 Alex.
1610 3895 1710 3928 Severo
1724 3903 1752 3930 p.
1766 3901 1829 3928 225.
1858 3892 1937 3923 Frob.
1952 3895 1982 3922 in
1999 3892 2070 3921 fine:
2100 3891 2158 3929 Ip¹se
2173 3890 2236 3920 cibo
2248 3889 2371 3931 plutino*
2383 3886 2442 3915 refi-

1344 3933 1484 3968 ciebatur,
1502 3932 1567 3963 vino
1580 3939 1672 3968 neque
1682 3940 1784 3969 parce,
1804 3940 1902 3999 nequ?>
1912 3930 2040 3969 copiose,
2062 3929 2166 3960 affatim
2178 3936 2276 3959 tamen.
2308 3925 2446 3993 HAiiFtim

1935 3979 1947 4007 3
2378 3972 2393 3991 a

2100 1163 2126 1192 'n-
2142 1173 2165 1193 e.
2192 1165 2242 1195 Pro
2257 1166 2305 1196 illo
2322 1168 2367 1197 die
2384 1175 2425 1198 to-
