2604 4222
705 119 738 154 R
832 119 864 153 G

209 209 327 245 Argue-re
343 215 436 243 regem
452 206 549 242 culpae·
570 203 628 232 Liv.
645 212 667 231 1.
686 200 792 230 Decad.
896 237 901 241 .

210 244 349 276 Facinoris
358 254 434 272 reum
444 244 529 280 argui.
551 241 608 271 Cic.
621 249 672 278 pro
687 238 756 268 Coel.
773 248 795 267 1.
826 238 935 273 Siquis,
953 234 1074 270 Judices,
1092 232 1163 262 sorte
1172 240 1246 260 nunc
1258 231 1328 261 adsit

230 286 341 321 ignarus
354 282 464 318 leguni',
485 290 536 309 nec
553 279 680 311 dubitet,
703 277 768 313 quin
782 276 850 304 tanti
865 273 996 303 iacinctis
1007 282 1068 301 reus
1082 276 1210 307 arguatur
1220 291 1228 305 ,
1251 277 1279 299 ut
1292 279 1326 298 eo

230 321 358 359 neglecto
369 320 463 348 civitas
475 319 542 347 stare
553 326 610 345 non
621 314 711 353 possit.
872 349 877 354 Ι

211 360 453 397 Arguiturpatrem
463 353 595 385 occidisse
606 354 669 382 Sex.
701 349 823 380 Roscius.
847 348 905 377 Cic.
916 358 974 391 'pro
985 345 1064 376 Rosc.
1077 345 1165 374 Ainer.
1182 354 1225 382 37.

214 398 300 434 Qiod
311 396 410 425 author
420 394 526 430 injuriae
536 389 693 421 illiusfuiffe
701 393 867 428 argueretur.
890 386 949 414 Cic.
964 394 992 427 3.¹
1006 384 1080 412 Verr.
1093 389 1138 418 85.

214 437 317 471 Arguor
328 433 467 462 immerito
478 453 485 464 ,
506 431 544 459 cst
557 429 658 461 Iniuste
669 425 788 455 accusor.
810 423 894 466 OVid.
908 433 933 452 2.
944 422 1025 452 Trist.
1037 430 1098 457 327.
1191 458 1197 464 ·
1248 458 1253 463 1

214 475 353 510 Arguere,
373 480 437 499 cum
448 469 505 498 solo
525 466 694 497 accusativo,
716 472 765 500 pro
786 460 919 490 Vitiosum
936 460 1131 489 demonstrare.
1167 457 1223 487 Liv.
1235 457 1281 486 lib.
1304 468 1328 492 ς..

234 510 339 541 Decad.
360 508 444 544 Leges
457 504 631 536 Macedoniae
640 502 718 530 dedit
730 509 792 529 cum
803 506 878 527 tanta
891 508 971 533 cura,
993 504 1024 526 ut
1038 507 1096 525 non
1108 496 1229 525 hostibus
1241 496 1330 530 victis,

235 549 282 578 sed
294 547 373 576 sociis
395 546 465 574 bene
484 542 587 572 meritis
605 541 669 569 dare
690 539 845 571 videretur,
867 539 893 566 δε
908 546 975 573 quas
990 545 1025 564 ne
1043 534 1104 565 usus
1121 535 1235 572 quidem
1245 533 1331 571 longo

234 593 359 623 tempore
383 583 452 619 (qui
463 592 480 610 u
504 590 534 609 us
554 579 591 608 est
604 576 700 613 legum
716 576 875 609 corrector)
892 580 1028 611 argueret.

218 625 336 660 Arguere
351 644 358 657 ‚
380 631 430 658 pro
444 619 519 648 Veta.
556 619 581 646 ἅ
592 614 748 653 prohibere,
758 623 821 642 cum
834 612 885 641 inf.
907 612 990 642 Ovid.
1008 621 1053 647 15.
1068 610 1136 640 Met.
1150 619 1194 647 73.

371 674 408 679 -—
427 658 531 695 primus
562 664 587 682 ie
605 652 733 682 animalia
745 651 845 680 meniis
925 649 1022 687 Arguit
1039 649 1155 686 imponi.

237 698 283 727 alii
294 697 377 726 codd.
400 695 455 724 Sed
467 694 495 722 V.
509 693 601 721 Burin.
739 726 744 731 ι

217 736 349 765 Αητυῑιιῃι
367 733 397 762 iri
411 754 419 766 .
445 733 472 760 in
490 730 638 759 discrimen
655 736 755 755 vocari.
796 726 897 755 festus.

179 760 279 803 Aac&
291 782 331 800 RN
343 782 355 800 s
366 793 373 805 ,
404 772 418 805 [
434 771 532 804 ἐλέηραν
548 768 562 802 ]
593 765 688 796 Partic.
709 763 776 793 Plin.
799 764 846 793 lib.
856 773 882 792 2.
898 772 958 800 cap.
977 772 1017 791 12.
1052 762 1117 799 Quo
1130 762 1159 790 ii:
1170 766 1246 790 metu
1255 758 1333 788 fuisse

215 810 361 840 Stelichori
370 810 395 838 ἃ
406 807 616 837 l’indarivatum
624 803 750 832 sublimia
760 812 808 832 ora
821 802 912 840 palam
921 801 959 830 est
967 800 1091 837 deliquio
1098 799 1207 835 Soli3,&
1218 799 1245 827 iri
1257 797 1333 827 Luna

216 847 350 877 veneficia
365 851 497 882 arguente
507 842 682 873 mortalitate.

180 887 252 916 Aac
263 889 279 913 ῡ
290 894 336 913 ’111
347 894 359 912 s
372 906 379 919 ,
401 883 497 913 Partic.
519 882 534 917 [
550 880 681 914 ἐλεγχθὰς
697 879 712 913 ]
733 878 750 907 i.
767 888 790 907 e.
813 876 967 907 Accusatus.
999 876 1084 905 Plaut.
1098 874 1193 904 Pseud.
1206 883 1232 903 2.
1243 884 1269 908 4.
1289 874 1331 907 56.

217 923 325 959 Ecquid
334 929 445 958 argutus
457 921 494 949 est
505 921 518 948 ἵ)
542 929 559 948 c
570 929 598 948 11.
622 916 758 947 malorum
777 916 933 945 facinorum
947 913 1099 952 i‘aepiss'inie.
1128 912 1213 942 Plaut.
1230 911 1332 948 Amph.

218 970 241 997 3.
255 970 281 989 2.
294 969 319 989 2.
342 961 473 988 Alcmena
487 957 631 989 dedecoris
641 960 743 992 arguta.
1266 956 1282 969 s

179 999 224 1029 Aa
234 1009 251 1027 G
261 1008 279 1027 υ
288 1008 307 1026 τ
317 1007 333 1026 u
344 1007 356 1026 s
367 1020 374 1032 ,
397 996 455 1032 Adj.
479 997 494 1032 [
508 992 633 1031 ἀφχὶνοίῷυ
649 994 663 1028 ]
685 993 742 1029 Qui
755 992 793 1021 est
800 997 879 1020 acuta
895 990 1014 1027 quadam
1027 990 1052 1018 ἃ
1062 993 1189 1017 accurata
1200 985 1308 1015 solertia
1324 995 1331 1015 ε

216 1036 289 1073 quasi
299 1036 384 1064 Acute
395 1043 511 1071 arguens
530 1035 555 1063 &
565 1032 697 1068 vestigans
710 1040 716 1059 2
738 1039 795 1058 non
805 1035 898 1057 autem
908 1028 943 1056 ab
953 1027 1039 1056 altero
1048 1033 1127 1055 acute
1139 1024 1296 1054 intelleclus
1307 1025 1333 1053 Sc

214 1074 370 1110 vestigatus.
391 1073 458 1102 Haec
468 1070 600 1101 Vallalib.
617 1079 640 1098 1.
653 1066 836 1098 plautatum
850 1076 875 1095 2.
889 1069 915 1094 6.
931 1076 972 1100 14.
1004 1065 1069 1094 Sine
1090 1065 1191 1093 virtute
1206 1069 1335 1099 argutum

216 1113 306 1141 civern
317 1111 385 1140 mihi
397 1109 514 1139 habeam
525 1119 575 1147 pro
585 1103 714 1137 venefica.
739 1105 796 1134 Cic.
809 1105 844 1133 de
855 1103 925 1132 Clar.
939 1103 1015 1132 Orat.
1029 1106 1087 1138 65..
1104 1102 1174 1138 Quis
1186 1101 1215 1129 in
1227 1100 1336 1129 senten-

216 1151 262 1179 tiis
281 1149 424 1186 argutior?
451 1149 480 1177 in
502 1146 631 1176 docendo
647 1142 876 1179 edisserendoque
890 1140 1038 1170 subtilior?
1061 1139 1139 1170 Idem
1157 1149 1183 1168 2.
1206 1138 1241 1168 de
1255 1138 1332 1167 Orat.

216 1197 280 1223 250.
302 1186 343 1216 Ex
352 1186 481 1223 ambiguo
492 1185 567 1215 dieta
578 1207 586 1219 ,
604 1182 647 1212 vel
659 1180 825 1220 argutiffima
835 1186 974 1217 putantur.
1280 1214 1285 1218 ³

214 1228 331 1263 Argutos
342 1231 424 1254 vocat
438 1223 556 1258 Probus,
569 1222 622 1251 Eos
639 1221 685 1258 qui
705 1219 831 1248 celeriter
841 1217 994 1255 loquuntur
1004 1217 1029 1246 St
1040 1214 1159 1244 multum
1171 1224 1177 1244 ι
1200 1221 1333 1251 quoniam

233 1263 328 1293 Graece
341 1259 411 1299 &5231
421 1284 429 1297 ,
450 1260 533 1290 velox
542 1261 644 1290 dicitur
661 1257 766 1287 Latine.

213 1302 339 1331 Acumen
353 1307 490 1338 argutum.
512 1299 578 1328 Hor.
589 1299 618 1326 in
634 1297 696 1325 Arte
707 1295 782 1324 Poet.
800 1296 862 1330 364.

214 1338 360 1368 Blanditia.
384 1339 506 1375 Propert.
519 1336 566 1366 lib.
580 1346 603 1364 1.
616 1338 658 1363 16.
671 1338 712 1362 16.
761 1370 766 1375 .

215 1377 292 1406 Calo.
312 1376 340 1406 h.
355 1386 380 1406 e.
403 1374 571 1413 Ingeniosus.
594 1372 660 1402 Hor.
677 1381 699 1401 1.
717 1369 798 1408 Epist.
815 1378 858 1402 14.
874 1376 921 1404 42,
1046 1402 1054 1408 ¹
1220 1394 1223 1397 ,

212 1414 318 1445 Dolore
332 1421 429 1452 arguto
449 1413 534 1450 queri.
568 1411 690 1449 Propert.
701 1409 748 1438 lib.
764 1418 786 1436 1.
802 1411 842 1440 18·
856 1410 901 1435 26.
930 1404 958 1448 h.
976 1414 1000 1433 e.
1023 1403 1152 1433 Clamoso
1169 1405 1196 1433 ἃ
1213 1402 1332 1433 sonoro}

233 1460 265 1482 ut
275 1453 333 1482 llex
345 1450 457 1487 Virgilio
469 1451 571 1480 dicitur
581 1455 684 1486 arguta.
732 1448 748 1482 [
760 1445 850 1475 Immo
861 1442 1007 1481 ingeniose
1022 1441 1096 1471 malo
1108 1463 1116 1475 ‚
1130 1448 1162 1471 ut
1174 1442 1274 1471 rectius
1289 1451 1335 1470 exa

233 1491 314 1529 ponit
326 1488 434 1520 ssroekh.
466 1499 491 1526 q.
513 1487 543 1517 V.
1060 1518 1065 1523 ·
1182 1517 1187 1523 .

213 1528 389 1560 Facunditas.
412 1527 498 1557 Plaut.
516 1523 714 1555 iTrucui.2.⁶.
728 1531 768 1559 13.
790 1519 883 1551 Facile
893 1518 941 1548 sibi
952 1518 1154 1548 facunditatem
1162 1522 1248 1547 Virtus
1260 1523 1336 1555 argi'ra¹

231 1573 288 1596 tam
300 1567 415 1596 invenit.

213 1604 336 1634 Libellus
344 1610 464 1641 argutus.
485 1603 502 1631 i.
520 1611 544 1631 e.
565 1599 655 1630 Salsus
667 1599 822 1629 &acumen
834 1595 948 1625 habens.
971 1593 1092 1623 Martial.
1112 1593 1158 1622 lib.
1176 1604 1198 1622 1.
1215 1603 1237 1623 1.

213 1641 311 1674 Literae
322 1652 404 1679 quam
413 1639 593 1678 argutissimas.
615 1638 673 1666 Cic.
686 1640 711 1666 6.
728 1637 781 1665 Att.
797 1646 821 1671 5.
854 1633 943 1662 Velim
953 1632 1047 1662 obvias
1057 1631 1127 1661 mihi
1143 1631 1237 1661 literas
1252 1634 1336 1669 quain

233 1680 412 1718 argutissimas
422 1680 458 1709 de
469 1677 598 1707 omnibus
609 1675 690 1705 rebus
700 1674 797 1703 crebro
806 1672 907 1701 mittas.

213 1719 325 1749 Manus.
348 1718 406 1747 Cic.
420 1726 443 1754 3.
456 1717 491 1746 de
503 1716 578 1745 Orat.
595 1719 659 1747 218-
699 1712 802 1743 Manus
811 1716 903 1739 autem
913 1709 1006 1738 minus
1014 1713 1108 1746 arguta
1118 1729 1126 1743 ,
1145 1707 1238 1746 digitis
1246 1707 1336 1737 subse·⁴

233 1766 330 1794 quens,
338 1755 422 1786 verba
430 1765 488 1783 non
497 1753 663 1790 exprimens.
700 1750 801 1780 Manus
811 1748 942 1777 firminus
953 1753 1057 1783 arguta,
1073 1746 1099 1775 h.
1115 1755 1139 1775 e.
1162 1746 1259 1781 Acuta,
1269 1746 1335 1775 cita-

233 1802 271 1830 ta,
281 1794 442 1828 mobilis,ne
453 1792 577 1822 videatur
587 1789 640 1819 effe
649 1786 861 1827 praestigiatoris,
871 1791 918 1814 aut
924 1785 1037 1821 ejusqui
1047 1785 1133 1813 micat
1143 1782 1246 1821 digitis.
1270 1783 1337 1812 Ver-

233 1832 268 1862 ba
279 1832 463 1869 subsequatur,
484 1830 511 1859 h.
529 1839 553 1858 e.
593 1827 646 1857 Ubi
660 1823 953 1865 pronuntiatafuerint
963 1823 1064 1857 verba,
1087 1831 1145 1851 reru
1156 1821 1335 1858 significatam

233 1870 443 1908 quodammodo
461 1868 587 1905 sequatur
598 1875 685 1902 ,·non
694 1864 833 1902 exprimat
843 1884 851 1898 ,
873 1868 905 1891 ut
921 1871 954 1890 ea
963 1870 1023 1898 quae
1033 1859 1149 1890 ciconiae
1165 1860 1282 1889 rostrum
1291 1858 1336 1889 vel

231 1907 369 1938 auriculas
383 1907 448 1936 asini
465 1906 595 1935 imitatur.
879 1937 884 1942 ⁵

214 1946 357 1976 Meretrix.
381 1945 447 1975 Hor.
467 1956 489 1973 1.
502 1944 587 1973 Semi.
604 1951 647 1970 10.
658 1951 704 1977 40.
726 1940 754 1969 h.
772 1948 795 1968 e.
816 1937 931 1967 Callida.
953 1937 1053 1966 Acron.

215 1984 309 2014 Oculi.
345 1984 403 2013 Cic.
421 1993 443 2012 i.
455 1982 489 2011 de
500 1980 594 2019 Legib.
607 1989 652 2016 27.
679 1978 763 2008 Oculi
773 1976 855 2006 nimis
865 1975 974 2012 arguti,
993 1972 1234 2011 quemadmodum
1243 1973 1337 2003 animo

233 2022 326 2052 affecti
336 2021 438 2055 sumus,
450 2020 610 2057 loquuntur.
632 2018 683 2046 i-e.
708 2016 799 2046 Nimis
809 2013 927 2043 mobiles
939 2014 965 2043 δι
977 2012 1074 2050 agiles
1095 2018 1126 2041 ut
1136 2012 1224 2049 Digiti
1238 2012 1336 2050 arguti.

212 2058 313 2090 Poe'tae.
336 2059 402 2089 Hor.
416 2069 441 2088 2.
461 2058 542 2095 Epist.
556 2066 635 2093 2.90.

213 2098 366 2128 Sedulitas.'
382 2097 440 2126 Cic.
453 2102 477 2130 8.
501 2095 576 2124 Fam.
593 2104 617 2123 1.

212 2133 320 2166 Thaliae
329 2142 429 2172 argutae
439 2135 553 2163 doctor:
575 2132 593 2161 i.
609 2142 632 2160 e.
654 2130 809 2166 Praeceptor
819 2128 884 2157 artis
898 2127 1016 2157 mufiCae.
1046 2125 1113 2156 Hor.
1125 2136 1151 2162 4.
1165 2125 1334 2161 Carm.6.25i

212 2175 329 2211 Argutus
343 2174 378 2202 de
394 2173 470 2202 Sono
482 2171 644 2209 plerumque
661 2169 784 2198 acutiore
794 2189 802 2203 ,
826 2174 858 2196 ut

213 2213 268 2243 AEs.
291 2211 339 2241 Sil.
353 2211 401 2240 lib.
418 2219 458 2247 17.

212 2251 282 2280 Aves
292 2256 401 2286 argutae.
423 2249 439 2278 i.
453 2258 477 2277 e.
500 2246 623 2276 Canorae.
645 2244 767 2281 Propert.
781 2242 832 2272 lib:
846 2251 870 2271 1.
890 2246 932 2276 18-
945 2250 988 2278 30.
1020 2239 1166 2269 obvocem
1176 2238 1314 2277 Argutam.

212 2287 327 2317 Calanii.
350 2288 367 2316 i.
383 2297 407 2316 e.
429 2283 639 2315 Sonorafistula.
670 2282 719 2312 Sil.
732 2281 781 2311 lib.
801 2291 826 2310 1.
839 2288 880 2317 13.

213 2326 312 2355 Canes.
334 2325 398 2354 Sen.
420 2322 535 2361 Hippoi.
557 2331 580 2351 1.

211 2362 319 2394 Fistula.
344 2363 415 2400 Virg.
427 2372 451 2398 7.
462 2361 519 2391 Ecl.
533 2369 578 2395 24.
843 2394 849 2399 .

212 2401 314 2432 Forum
333 2408 467 2430 argutum.
490 2400 507 2428 i.
522 2408 546 2427 e.
568 2396 775 2433 Obstreperum.
795 2392 880 2423 Ovid.
898 2402 921 2421 1.
944 2391 979 2421 de
989 2391 1051 2421 Arte
1064 2391 1123 2420 Am.
1140 2396 1183 2420 80.

213 2426 510 2475 Historiamoargutam,
534 2445 583 2474 pro
598 2433 718 2471 Loquaci
728 2431 825 2461 dixisse
836 2431 947 2460 videtur
956 2430 1077 2467 Propert.
1089 2429 1116 2458 dc
1132 2438 1192 2466 quae
1204 2428 1234 2458 in
1245 2436 1292 2458 ore
1304 2423 1337 2458 sit

212 2475 610 2552 IlglitiiilrlgliiiglikapiiltsVirgxg.
622 2477 678 2539 ligi.
700 2468 1092 2543 {egbieSeliiffisslih‘Ar'gth
1111 2505 1197 2534 modo
1216 2514 1334 2541 canora,

212 2553 351 2622 Nsietiiiiilsld:⁷
366 2591 385 2619 i.
402 2599 426 2618 e.
449 2586 613 2622 Garrulum,
633 2583 797 2619 stridulum,
817 2583 855 2612 ait
863 2582 972 2612 Servius
987 2581 1098 2618 inVirg.
1112 2586 1139 2615 8.
1158 2579 1215 2610 Ecl.
1228 2590 1273 2611 22.

213 2629 292 2659 Olor.
316 2629 386 2666 Virg.
396 2638 420 2663 9.
434 2626 490 2656 Ecl.
508 2629 551 2662 36.

371 2682 408 2686 ——
427 2664 615 2700 argutosinter
626 2661 744 2698 strepere
753 2658 830 2689 anser
840 2657 931 2687 olores
942 2663 949 2684 :

213 2704 278 2735 Ora.
301 2704 407 2734 Stat.2.
423 2702 488 2732 Silv.
503 2711 525 2730 1.
539 2711 584 2736 4ς.

211 2742 299 2772 Passer
308 2747 427 2779 argutus.
458 2737 577 2769 Martial.
587 2737 635 2766 lib.
646 2746 672 2772 9.
688 2746 729 2771 55.
769 2733 801 2763 V.
825 2735 902 2764 Aves.
1037 2770 1043 2776 .

211 2780 313 2811 Pesten
325 2779 469 2809 textorius.
498 2776 570 2813 Virg.
587 2775 716 2811 1.Georg.
727 2782 790 2808 294.
831 2772 969 2806 Sonorus,
991 2769 1138 2801 Stridulus.
1163 2769 1240 2799 Serv.

211 2819 297 2848 Serra.
320 2818 391 2854 Virg.
407 2826 429 2845 1.
450 2816 548 2851 Georg.
564 2822 623 2849 143.
645 2812 672 2841 h.
688 2821 711 2840 e.
734 2809 864 2840 Stridula.

210 2856 318 2886 Valles:
340 2856 358 2884 i.
374 2864 397 2883 e.
429 2852 607 2883 Resonantes.
627 2848 764 2879 Columel.
781 2847 829 2877 lib.
845 2858 870 2883 9.
883 2856 944 2884 cap.
960 2857 984 2882 ς.
1015 2845 1077 2875 Nec
1099 2845 1192 2874 minus
1210 2845 1334 2875 vitentur

229 2898 459 2930 cavaerupes‚aut
467 2889 554 2919 valles
564 2894 664 2925 argutae
674 2909 682 2922 ,
704 2896 770 2924 quas
780 2886 867 2915 Graeci
888 2885 949 2921 ἐρεοῦς
968 2890 1078 2913 vocant.

208 2933 311 2970 Arguta
320 2938 383 2960 exta
395 2952 402 2965 ,
425 2929 495 2965 Quae
511 2927 630 2956 maxime
640 2924 781 2954 declararit
793 2923 986 2956 &ostendunt.
995 2921 1061 2959 quid
1072 2921 1194 2950 futurum
1207 2920 1246 2950 sit.
1269 2921 1329 2950 Cic.

229 2980 254 3000 2.
276 2970 311 2999 de
331 2967 423 2998 Divin.
437 2977 481 3002 29.
521 2966 592 2994 Sunt
604 2963 680 2992 enim
699 2963 745 2999 qui
756 2961 800 2990 vel
822 2960 988 2998 argutissima
1007 2960 1065 2988 haec
1080 2958 1208 2988 extaeffe
1220 2959 1331 2988 dicant:

227 3008 276 3038 sed
292 3005 458 3042 tauriopimi
472 3004 563 3040 jecur,'
572 3007 683 3035 autcor,
696 3006 742 3029 aut
752 2999 848 3035 pulmo
859 3020 866 3034 ,
890 2998 958 3034 quid
968 2997 1051 3027 habet
1066 2996 1200 3031 naturale,
1220 3006 1274 3034 quo
1286 2996 1334 3025 de-

227 3045 323 3076 clarari
334 3044 433 3083 possit,
455 3041 523 3079 quid
536 3041 661 3069 futurum
673 3038 725 3066 sit?
744 3037 786 3066 De
797 3036 862 3066 felle
873 3035 1026 3073 gallinaceo
1040 3035 1171 3072 loquitur.

208 3085 339 3121 Argutum
349 3087 432 3119 caput
444 3102 452 3115 ‚
473 3078 574 3113 Exile,
594 3077 695 3110 breve,
717 3076 743 3104 &
756 3074 956 3111 quasiacutum.
986 3073 1059 3110 Virg.
1071 3081 1094 3110 3.
1116 3073 1216 3110 Georg.
1232 3075 1278 3106 80.
1298 3072 1334 3102 de

227 3122 313 3158 equis.
335 3120 445 3150 Nonius
464 3117 578 3147 Parvum
594 3115 796 3155 interpretatur.
903 3149 909 3154 ι
1135 3148 1140 3153 ι

172 3162 193 3191 A
202 3171 216 3191 R
227 3170 243 3188 c
252 3169 271 3188 u
280 3169 299 3187 T
308 3159 325 3187 ὕ
334 3169 349 3186 i.
359 3168 378 3186 υ
387 3167 399 3186 s
409 3179 417 3191 ,
439 3154 538 3185 dimin.
560 3153 619 3183 Cic.
633 3161 675 3187 13.
687 3152 792 3184 Att.18.
832 3148 890 3186 Ego
902 3154 1007 3178 interea
1027 3148 1173 3177 admonitu
1185 3153 1234 3177 tuo
1245 3147 1335 3186 perso·³

210 3197 235 3227 ci
247 3197 310 3226 sane
318 3194 459 3233 argutulos
470 3192 555 3222 libros
565 3191 600 3220 ad
611 3189 771 3219 Varronem.

173 3238 344 3267 Aacu‘rt,
364 3232 432 3262 iidv.
454 3228 628 3267 [ἁγχινόως]
1042 3261 1048 3266 .

209 3275 297 3303 Acute
309 3273 335 3301 ἃ
345 3277 439 3308 argute
449 3268 597 3303 conjicere.
632 3265 689 3295 Cic.
702 3263 738 3293 de
746 3262 818 3293 Clar.
830 3261 908 3291 Orat.
919 3270 968 3304 53.
992 3261 1062 3297 Quis
1073 3266 1154 3297 putet
1162 3260 1334 3289 celeritatem

228 3310 333 3347 ingenii
351 3308 379 3337 L.
398 3308 481 3338 Bruto
492 3303 608 3335 defuisse
622 3326 631 3339 ,
652 3302 698 3340 qui
710 3302 745 3330 de
757 3307 842 3330 matre
852 3297 1000 3329 suavianda
1019 3309 1054 3328 ex
1068 3298 1180 3327 oraculo
1196 3298 1333 3336 Apollinis

229 3354 287 3377 tam
298 3353 378 3376 acute
390 3352 538 3382 arguteque
553 3341 730 3378 conjecerit?
991 3373 996 3378 ¹
1040 3373 1045 3378 ·
1071 3373 1076 3378 .

209 3387 297 3416 Acute
308 3390 458 3421 arguteque
467 3381 647 3420 respondere.
677 3378 734 3407 Cic.
745 3386 796 3415 pro
807 3373 884 3418 COEI'.
894 3383 936 3409 19.
969 3373 997 3402 Si
1009 3373 1077 3401 milii
1093 3379 1173 3402 acute
1183 3378 1333 3411 arguteque

228 3422 401 3460 responderit
410 3443 418 3456 ,
440 3427 500 3450 tum
510 3428 629 3456 quaeram
638 3416 759 3453 denique
770 3423 804 3443 ex
814 3422 868 3450 quo
877 3411 923 3440 istc
931 3411 1007 3440 fonte
1017 3411 1133 3439 Senator
1143 3418 1266 3440 emanet.

209 3461 466 3496 Breviter&argute
475 3457 601 3494 judicum
612 3455 720 3484 animos
731 3452 832 3482 laxare.
855 3449 914 3478 Cic.
926 3447 1045 3491 deCla-in
1063 3448 1146 3491 Orat.
1156 3458 1217 3483 322-
1240 3449 1332 3479 Nemo

230 3499 277 3536 qui
288 3497 405 3526 breviter
416 3502 564 3533 arguteque
573 3492 680 3522 incluso
688 3489 841 3520 adversario
851 3487 955 3516 laxaret
966 3486 1092 3521 judicum
1103 3495 1209 3516 animos
1220 3509 1229 3522 ,
1249 3494 1331 3524 atque

228 3546 244 3565 a
254 3536 395 3565 severitate
413 3532 550 3572 paulisper
562 3531 596 3560 ad
606 3529 770 3560 hilaritatem
781 3526 919 3562 risumque
928 3524 1093 3568 traduceret.
1105 3560 1109 3565 .
1126 3560 1132 3565 ·

211 3573 318 3603 Callide
325 3580 474 3610 arguteque
486 3571 588 3598 dicere.
613 3568 671 3597 Cic.
684 3567 712 3596 iri
727 3566 853 3600 Orat.98.
877 3563 971 3599 Quim
982 3560 1029 3590 illo
1040 3559 1132 3603 iubtili
1147 3561 1172 3590 δι
1183 3567 1265 3591 acuto
1277 3562 1334 3592 ela-

231 3611 338 3640 boravit
353 3632 361 3644 ,
384 3617 414 3638 ut
431 3608 534 3638 callide
545 3613 693 3644 arguteque
712 3604 834 3636 diceret,
855 3610 908 3630 nec
922 3600 1071 3637 quicquam
1082 3598 1164 3627 altius
1180 3600 1331 3637 cogitaret,

228 3649 283 3679 hoc
293 3658 350 3677 uno
364 3647 489 3684 profecto
500 3653 615 3681 magnus
631 3649 723 3672 orator
731 3641 769 3670 est
784 3663 792 3675 ,
813 3639 831 3668 si
844 3648 901 3667 non
910 3638 1065 3679 maximus.-

174 3687 219 3717 Aa
229 3695 353 3715 0011111
363 3707 370 3719 ,
390 3682 475 3713 arum.
505 3684 520 3718 [
534 3680 733 3717 ἀγχινοιίμᾳπι]
755 3679 840 3707 Acute
855 3677 928 3705 dicta
939 3677 965 3705 <St
977 3672 1119 3703 subtiliter.
1141 3672 1227 3701 Plaut.
1246 3674 1328 3704 Most,

164 135 235 169 252
584 121 609 155 A

1239 646 1332 675 Arcuit

998 2657 1015 2686 i.
1035 2666 1059 2686 e.
1083 2655 1195 2694 Cygnus
1206 2664 1333 2686 canoros.

214 3734 237 3754 1.
253 3733 275 3752 1.
291 3733 313 3751 1.
335 3722 390 3758 Qui
402 3722 469 3750 milii
480 3722 551 3749 inter
560 3719 667 3757 patinas
681 3716 797 3746 exhibes
809 3714 935 3751 argutias.
959 3712 1017 3742 Cic.
1032 3721 1054 3740 1.
1067 3711 1102 3739 de
1113 3710 1205 3747 Legib.
1221 3719 1246 3746 7.
1260 3712 1347 3755 Nam·

211 3761 278 3798 quid
288 3760 400 3789 Accium
410 3766 572 3791 memorem,
583 3757 661 3791 cujus
673 3754 824 3791 loquacitas
836 3751 921 3781 habet
930 3749 1036 3787 aliquid
1049 3749 1215 3785 argutiarum
1223 3749 1260 3791 ’.7η

212 3798 335 3830 Multum
345 3797 511 3832 argutiarum
521 3796 547 3824 Sc
559 3793 730 3823 urbanitatis.
758 3791 815 3820 Cic.
838 3790 874 3818 de
885 3788 956 3818 Clar.
975 3788 1052 3816 Orat.
1067 3790 1127 3822 167.
1151 3785 1181 3814 C.
1193 3785 1261 3815 Titii
1273 3796 1332 3816 ora-

228 3837 319 3865 tiones
335 3841 442 3863 tantuin
464 3833 630 3869 argutiarum
643 3852 651 3865 ,
673 3836 781 3858 tantum
802 3826 997 3863 exemplorum
1006 3847 1014 3861 ,
1044 3830 1152 3853 tantum
1169 3823 1332 3854 urbanitatis

228 3873 332 3903 haberit
343 3894 351 3905 ,
371 3879 402 3900 ut
413 3879 484 3908 pene
495 3870 584 3899 Attico
598 3867 665 3904 stylo
675 3867 781 3904 scripta:
796 3864 849 3894 esse
860 3864 1015 3893 videantur.

207 3911 500 3948 Argutiae&aeumen.
522 3907 581 3934 Cic.
592 3906 620 3933 in
630 3905 706 3933 Orat.
728 3913 788 3932 110.
811 3902 1011 3931 Demosthenes
1020 3899 1089 3928 nihil
1100 3898 1181 3937 Lysiae
1200 3898 1332 3928 subtilita-

226 3957 253 3978 te
269 3948 359 3981 cedit,
381 3945 450 3975 nihil
460 3944 572 3980 argutiis
590 3944 615 3971 ὁὶ
633 3942 763 3971 acumine
772 3939 909 3977 Hyperidi
922 3961 930 3973 ,
953 3937 1147 3967 nihillenitate
1165 3936 1288 3966 IEschini
1304 3939 1330 3966 S<

226 3986 372 4024 splendore
383 3982 540 4012 verborum.

1826 113 1853 147 A
1949 113 1979 147 R

1419 192 1677 236 Perseqiiiargutiis.
1700 189 1810 234 Cic3de
1823 193 1930 235 Amicit.
1942 205 1988 229 45.
2011 195 2187 231 Quibusdam
2203 217 2211 230 ,
2232 204 2300 233 quos
2310 196 2393 226 audio
2403 196 2535 234 sapientes

1438 231 1517 260 suisse
1525 230 1633 273 habitos
1645 240 1673 258 111
1682 230 1786 259 Greecra
1799 230 1928 268 placuille
1942 233 2043 269 opinor
2055 233 2188 262 mirabilia
2197 235 2332 269 quaedam.
2355 234 2409 263 Sed
2419 234 2486 263 nihil
2499 236 2534 264 est

1438 268 1520 311 quo-d·
1535 267 1575 311 illi
1596 277 1654 296 non
1662 267 1942 305 :persequanturlsuis
1954 272 2065 307 argutiis
2076 293 2083 306 ,
2104 271 2205 308 partini
2216 272 2360 309 fugiendas
2372 268 2425 301 esse
2441 273 2538 302 nimiae

1440 312 1575 335 amieitias
1585 327 1592 339 ,
1613 307 1665 334 &Q

1421 343 1710 386 Digitorum‘argutiae.
1734 343 1791 372 Cic.
1804 344 1832 372 in
1842 344 1918 373 Orat.
1933 350 1974 379 58·
2012 344 2220 375 Nuliainollitia
2228 347 2367 376 cervicum
2379 368 2387 381 ,
2404 346 2486 376 nullae
2499 357 2537 377 ar-

1441 389 1522 419 gutiae
1534 381 1703 424 digitorum,
1724 391 1781 409 nori
1791 382 1825 410 ad
1837 392 1983 412 numerum
1994 384 2123 412 articulus
2136 384 2247 413 cadens.

1384 420 1407 449 A
1416 429 1430 448 a
1443 429 1460 447 0
1472 429 1489 447 υ
1504 429 1517 447 r
1527 429 1535 446 1
1547 421 1563 447 ὅ
1574 430 1589 446 1.
1599 418 1912 457 A,dimin.(1'ell.l.2.C.7.
1922 420 2055 458 ›lrgutiola
2064 422 2169 458 quippe
2180 422 2241 451 111εο
2249 421 2346 451 frivola
2360 423 2385 451 St
2397 421 2484 451 inanis
2491 423 2543 453 est..

1385 458 1406 486 A
1417 467 1431 485 R
1442 467 1459 485 G
1468 460 1485 485 ῦ
1494 466 1513 484 ’1-
1523 466 1540 484 0
1551 466 1566 483 R
1577 478 1584 489 ,
1606 457 1620 491 [
1634 458 1789 486 πφιςεύομαν
1802 457 1817 492 ]
1836 458 1883 487 ari.
1905 459 1969 496 dep.
2001 458 2165 495 Loquaciter
2179 460 2318 497 proloqui,
2336 466 2366 488 ut
2375 460 2413 488 ait
2421 459 2537 490 Nonius.

1424 494 1510 524 Plaut.
1524 493 1622 530 Amph.
1639 504 1660 522 1.
1670 504 1760 537 1191..
1778 494 1874 532 Pergin
1884 497 2001 533 argutari
2012 498 2024 525 ἶ)
2042 496 2154 526 Naevius
2165 498 2239 535 apud
2254 498 2328 526 Non.
2343 507 2368 532 4.
2383 506 2426 532 34.
2447 497 2539 533 Quana

1424 532 1461 560 do
1474 533 1508 560 ad
1519 531 1601 575 ludos
1613 539 1698 574 yenit,
1709 532 1752 560 alu
1767 542 1851 569 quum
1862 539 1994 567 tacerent,
2012 540 2102 563 totum
2114 535 2190 564 diem
2203 542 2344 572 argutatur
2355 534 2426 572 quasi
2436 535 2538 566 cicada.

1424 570 1547 611 Argi-itari
1557 569 1685 612 pedibus,
1694 570 1824 600 Suffilire.
1840 571 1982 601 Titinnius
1990 571 2249 607 Fullouibus,Terra
2260 573 2318 602 liaec
2330 572 2378 605 est,
2391 582 2448 601 nori
2461 582 2541 610 aqua,

1443 608 1491 673 ἰὼι
1502 614 1531 635 tu
1544 606 1638 674 {3¹¹th
1646 609 1762 645 argutari
1774 608 1909 646 pedibus,
1933 617 2038 639 cretam
2050 610 2117 639 dum
2133 609 2307 648 compescis,
2326 610 2541 648 vestimentaque

1455 654 1524 673 avas.
1574 654 1664 674 onius.

1388 683 1459 712 Aac
1469 686 1486 710 ῡ
1496 692 1541 710 το
1552 704 1559 717 ,
1580 684 1717 726 [grapa-edos
1731 684 1746 718 ]
1766 688 1820 714 are.
1840 684 2112 722 voxinfrequentior.
2139 684 2262 723 Propert.
2279 685 2327 715 lib.
2343 696 2364 715 1.
2377 689 2403 714 6.
2418 693 2443 720 7.

1506 719 1556 763 llla
1573 720 1642 749 mihi
1660 722 1727 764 totis
1745 729 1852 760 argutat
1869 723 1999 753 noctibus
2013 724 2101 760 ignes.
2184 725 2203 753 i.
2218 734 2242 753 e.
2264 725 2364 761 Argute
2380 723 2485 759 objicit,
2497 728 2543 754 aut

1427 758 1481 792 (ut
1490 767 1528 786 ait
1541 757 1680 792 Budaeus)
1702 767 1830 797 imputat.

1388 797 1410 825 A
1422 805 1436 823 R
1448 805 1466 823 c,
1475 805 1493 823 u
1502 805 1520 824 r
1531 805 1550 838 A.
1560 806 1579 824 T
1590 807 1599 824 1
1608 806 1625 825 0
1638 818 1646 829 ,
1666 798 1737 826 onis.
1758 799 1777 827 f.
1799 798 1984 835 [λινφωνιόι]
2005 808 2055 836 pro
2067 798 2201 837 Strepitu,
2210 798 2357 828 &stridulo
2369 799 2469 828 sonitu.
2492 807 2522 829 ut
2532 816 2542 836 ,

1426 832 1607 871 Tremulique
1618 834 1710 871 quassa
1722 835 1785 865 lerfti
1951 837 1956 842 “
2030 837 2035 842 ’

1428 870 1516 900 Catul.
1531 875 1556 900 6.
1570 882 1579 900 1
1589 882 1612 900 1.

1389 909 1409 938 A
1420 919 1435 937 P.
1445 918 1463 937 G
1473 919 1518 937 UT
1528 920 1548 938 A
1558 919 1603 938 'ro
1614 919 1658 953 a,
1669 911 1732 954 5115.
1754 921 1791 940 m.
1815 912 1968 947 [πφιςῆς]
1988 911 2059 942 Gell.
2069 912 2117 942 lib.
2131 922 2173 950 17.
2187 922 2248 951 cap.
2268 923 2292 949 ς.
2314 911 2483 942 Processisset
2499 923 2545 943 au.

1427 954 1483 975 teni
1493 954 1641 985 argutatori
1651 948 1693 977 isti
1701 948 1809 978 fortass‘e
1818 950 2001 988 repflehenfio.
2041 952 2232 988 Argutatorem
2242 961 2292 989 pro
2303 951 2429 989 Sophista
2437 958 2544 990 argutua

1427 984 1521 1029 logei
1532 992 1754 1030 argumentatore
1773 988 1884 1025 accipit.
1926 989 1944 1017 i.
1960 998 1983 1017 e.
2007 988 2147 1018 Artificiali
2163 1011 2171 1024 ,
2192 990 2284 1025 inquit
2295 989 2421 1018 Budaeus.

1389 1022 1433 1051 Aa
1444 1032 1487 1051 cu
1497 1034 1517 1051 M
1527 1033 1568 1069 1111
1579 1033 1625 1052 τυ
1636 1035 1657 1052 M
1670 1046 1677 1059 ‚
1699 1035 1716 1054 1.
1738 1026 1916 1061 [ἐπιχείςηκφ
1932 1048 1940 1061 ,
1963 1024 2040 1062 πὶςτς,
2061 1032 2181 1060 ortyx&
2198 1027 2212 1062 ]
2234 1027 2299 1063 Quo
2308 1027 2412 1063 aliquid
2427 1025 2546 1057 declara-

1427 1067 1480 1090 tur.
1522 1062 1577 1104 Sic,
1590 1062 1707 1098 Arguere
1719 1063 1825 1092 dictum
1835 1064 1873 1093 est
1883 1071 1933 1101 pro
1944 1062 2099 1094 Declarare.
2120 1064 2196 1094 Solet
2207 1072 2302 1095 autem
2312 1065 2400 1102 accipi
2412 1074 2463 1102 pro
2475 1064 2546 1094 Con..

1426 1098 1557 1141 clusionis
1567 1107 1739 1137 argumento.
1770 1101 1816 1130 Sic
1826 1101 1956 1130 definitur
1969 1102 2090 1138 Quintil.
2102 1102 2150 1131 lib.
2165 1113 2187 1136 ς.
2202 1112 2263 1140 cap.
2283 1113 2322 1131 io.
2353 1103 2397 1132 Est
2408 1103 2475 1131 ratio
2485 1112 2545 1140 pro-

1426 1136 1568 1180 bationem
1582 1138 1718 1181 praestans,
1745 1149 1798 1175 qua
1808 1139 1945 1177 colligitur
1955 1140 2030 1169 aliud
2042 1140 2174 1177 peraliud
2186 1149 2192 1169 :
2216 1142 2241 1169 Sc
2252 1150 2312 1177 quae
2322 1162 2330 1175 ,
2351 1141 2426 1177 quod
2443 1140 2482 1169 est
2496 1141 2550 1177 du,

1429 1182 1507 1203 bium
1521 1197 1529 1210 ,
1548 1185 1597 1213 per
1607 1176 1636 1204 id
1649 1177 1723 1212 quod
1731 1177 1848 1206 dubium
1856 1187 1913 1207 non
1922 1178 1968 1212 est,
1986 1179 2140 1208 confirmat.
2161 1178 2206 1208 Sic
2218 1177 2277 1207 Cic.
2293 1178 2323 1207 iri
2334 1178 2436 1216 TopiC.
2450 1183 2476 1212 8.
2501 1179 2547 1208 Ar-'

1428 1219 1594 1249 gumentum
1606 1213 1643 1242 est
1652 1215 1721 1243 ratio
1735 1237 1743 1249 ,
1764 1225 1824 1251 quae
1833 1215 1872 1244 rei
1882 1216 1973 1245 dubiis
1983 1215 2051 1245 facit
2062 1216 2154 1246 fidem.

1427 1253 1627 1287 Argumentum
1636 1262 1685 1289 pro
1697 1253 1904 1290 Arguimentum
1916 1264 1965 1292 per
1975 1254 2135 1292 Syricopen,
2157 1254 2224 1284 hinc
2241 1264 2257 1283 u
2272 1254 2398 1291 longum.
2420 1253 2456 1283 H.
2470 1254 2509 1284 St.

2078 115 2109 148 G

1426 1289 1601 1325 Argumentis
1620 1291 1646 1319 ἃ
1656 1291 1807 1320 rationibus
1822 1291 1924 1321 docere
1935 1315 1942 1327 ,
1962 1302 2020 1321 riori
2036 1294 2151 1322 eventis.
2174 1292 2232 1321 Cic.
2245 1302 2270 1321 2.
2283 1292 2317 1321 de
2328 1291 2422 1321 Divin.
2436 1301 2480 1329 27.
2501 1293 2559 1322 Ar..

1446 1328 1586 1363 gumentis
1595 1328 1620 1357 &
1631 1328 1783 1372 rationibus
1795 1337 1905 1367 oportet
1914 1340 1997 1367 quare
2008 1331 2130 1368 quidque
2140 1331 2178 1359 ita
2188 1330 2227 1365 sit,
2240 1330 2350 1365 docere,
2363 1340 2421 1358 non
2432 1331 2545 1360 eventis.

1428 1365 1595 1409 Argumenta
1605 1375 1727 1395 criminis
1744 1366 1871 1403 alicujus.
1911 1368 1929 1397 i.
1950 1378 1974 1397 e.
2005 1368 2139 1398 Rationes
2153 1368 2252 1405 quibus
2263 1367 2447 1397 crimenillud
2460 1375 2546 1406 patra-

1447 1410 1506 1446 tum
1515 1402 1549 1446 ab
1558 1403 1649 1441 aliquo
1664 1404 1742 1434 fuisse
1752 1406 1956 1435 contendimus.
1979 1406 2097 1443 Quintil.
2109 1406 2157 1435 lib.
2166 1417 2191 1442 4.
2203 1416 2263 1444 cap.
2277 1416 2302 1435 2.
2504 1408 2507 1413 ’

1427 1440 1553 1484 Accipite
1564 1447 1759 1485 argumentum
1769 1444 1948 1473 certissimum
1959 1444 2169 1482 utintelligatis.
2201 1444 2260 1474 Cic.
2278 1455 2304 1480 4.
2319 1443 2394 1473 Verr.
2411 1449 2453 1478 18.

1428 1479 1510 1508 Adest
1525 1489 1550 1508 ei
1567 1489 1607 1523 rei
1627 1488 1799 1517 argumento.
1827 1482 1895 1512 Plin.
1910 1491 1932 1517 3.
1946 1486 1988 1512 16.

1428 1515 1514 1560 Aisers
1531 1527 1626 1547 omnia
1635 1527 1796 1555 argumenta
1813 1529 1861 1549 cur
1874 1520 1914 1549 dii
1925 1520 1994 1550 sint:
2013 1528 2126 1557 remque
2143 1530 2205 1549 mea
2221 1519 2360 1549 sententia
2374 1519 2490 1549 minime
2498 1520 2546 1551 du.

1448 1554 1520 1584 biam
1536 1557 1755 1600 argumentando
1766 1558 1878 1587 dubiam
1889 1558 1964 1588 facis.
1988 1558 2047 1587 Cic.
2059 1568 2082 1595 3.
2105 1558 2140 1586 de
2150 1558 2212 1587 Nat.
2234 1558 2316 1587 Deor.
2332 1568 2373 1586 io.

1426 1593 1512 1629 Agere
1521 1602 1698 1637 argumentis.
1720 1594 1836 1633 Cic.pro
1848 1596 1918 1625 Coei.
1931 1606 1976 1626 22.
1998 1597 2173 1634 Argumentis
2187 1605 2310 1634 agemus,
2323 1595 2403 1633 signis
2419 1597 2496 1625 omni
2507 1596 2547 1626 lu-

1445 1640 1483 1674 00·
1494 1630 1654 1661 clarioribus
1663 1633 1780 1662 crimina
1792 1633 1959 1664 refellemus.

1426 1668 1552 1711 Arripere
1562 1678 1765 1707 argumentum.
1787 1672 1845 1701 Cic.
1858 1681 1883 1701 2.
1895 1673 1930 1701 de
1940 1673 2018 1702 Orat.
2028 1681 2092 1708 214.
2114 1673 2315 1711 Argumentum
2326 1671 2488 1709 simulatque
2499 1681 2548 1710 po.

1446 1708 1525 1750 litum
1537 1708 1592 1742 est,
1613 1710 1752 1746 arripitur.
1999 1734 2003 1736 .
2302 1715 2310 1717 ⁷

1427 1745 1580 1792 Astringere
1591 1746 1708 1790 breviter
1716 1754 1877 1785 argumenta
1889 1748 2048 1778 Stoicorum
2056 1757 2141 1777 more.
2165 1747 2223 1777 Cic.
2239 1756 2263 1784 3.
2273 1747 2355 1777 Tusc.
2369 1757 2411 1784 13.
2425 1747 2547 1783 Priino,s1

1445 1782 1708 1826 placet,StOicoruiii
1721 1795 1796 1828 more
1805 1787 1979 1823 agamus,qui
1992 1786 2110 1815 breviter
2123 1786 2268 1823 astringere
2276 1785 2365 1814 solent
2376 1793 2545 1823 argumenta.

1425 1820 1566 1867 Colligere
1575 1824 1753 1859 argumentis⁷
1771 1834 1788 1852 i.
1802 1834 1826 1853 e.
1846 1824 2051 1853 Ratiocinando
2066 1825 2259 1861 comprobare.
2282 1822 2401 1859 Quintil.
2418 1824 2436 1852 l.
2449 1833 2471 1860 3.
2485 1832 2508 1852 c.
2520 1827 2544 1853 ⁶.

1425 1858 1564 1903 Colli-gere
1573 1860 1659 1903 sparsa
1669 1868 1837 1899 argumenta.
1859 1863 1877 1891 i.
1895 1872 1919 1891 e.
1943 1863 2111 1899 Argumenta
2120 1862 2199 1900 plura
2209 1861 2369 1898 diversaque
2377 1871 2545 1893 coacervate.

1446 1897 1566 1933 Quintil.
1591 1898 1640 1928 lib.
1652 1909 1675 1935 ς.
1697 1909 1758 1937 cap.
1772 1907 1798 1936 7.

1429 1934 1655 1975 Conimemorare
1665 1944 1833 1975 argumenta.
1855 1937 1963 1968 Lucret.
1976 1936 2024 1967 lib.
2040 1948 2062 1967 1.
2075 1947 2140 1973 401.

1429 1972 1598 2011 Comparare
1609 1982 1771 2012 argumenta
1781 1976 1923 2013 utriusque
1933 1977 2017 2014 partis
2029 1976 2101 2005 inter
2111 1975 2146 2005 se.
2177 1974 2297 2012 Quintil.
2308 1974 2356 2005 lib.
2370 1983 2394 2012 7.
2410 1985 2471 2014 cap.
2485 1983 2509 2011 3.

1430 2011 1601 2049 Comperiffe
1611 2012 1681 2042 nihil
1690 2014 1762 2050 gravi
1777 2021 1949 2051 argumentO.
1979 2014 2037 2043 Cic.
2049 2024 2100 2052 pro
2112 2013 2221 2043 Cluent.
2237 2023 2298 2050 131.

1431 2048 1609 2087 componere
1619 2060 1821 2088 argumentum.
1844 2052 1900 2081 Cic.
1914 2062 1954 2086 15·
1964 2053 2017 2081 Att.
2029 2063 2054 2088 4.

1431 2087 1611 2133 Cpmponere
1625 2089 1768 2118 adversarii
1781 2097 1941 2127 argumenta
1952 2100 2016 2119 cum
2031 2090 2135 2119 nostris.

1431 2125 1589 2168 Confirmat
1602 2128 1669 2156 ratio
1682 2135 1883 2164 argumentum.
1905 2127 1963 2158 Cic.
1975 2138 2000 2157 2.
2024 2129 2058 2156 de
2070 2130 2147 2157 Orat.
2159 2137 2221 2162 214.

1449 2163 1507 2201 ipsa
1518 2167 1678 2194 confirmat:
1697 2175 1757 2202 quae
1767 2165 1936 2203 simulatque
1945 2165 2038 2195 emissa
2048 2166 2086 2194 est
2096 2188 2104 2199 .
2122 2164 2289 2194 adhaerescit.

2164 2088 2283 2126 Quintil.
2296 2087 2346 2117 lib.
2360 2095 2385 2126 7.
2409 2098 2469 2126 cap.
2485 2097 2509 2126 3.
2544 2087 2548 2088 ⁷

2263 2127 2462 2164 Argumentum
2479 2124 2546 2156 ratio

1430 2201 1603 2232 Confirmare
1614 2202 1720 2240 aliquid
1733 2211 1904 2241 argumento.
1934 2204 1991 2233 Cic.
2008 2214 2030 2232 1.
2057 2203 2113 2233 Off.
2127 2212 2187 2238 153.
2218 2201 2310 2232 Placet
2323 2203 2430 2240 aptiora
2441 2201 2494 2232 esse
2502 2211 2548 2243 na:
2562 2186 2567 2190 ⁴

1451 2246 1519 2269 turae
1530 2250 1562 2269 ea
1573 2241 1664 2270 officia
1671 2251 1731 2278 quae
1741 2251 1775 2270 ex
1786 2243 1988 2271 communitate
1996 2264 2003 2277 ,
2022 2251 2105 2279 quam
2117 2251 2148 2270 ea
2162 2250 2221 2278 quae
2232 2251 2267 2272 ex
2277 2240 2439 2278 cognitione
2447 2241 2548 2270 ducari-

1449 2284 1494 2307 tur
1509 2288 1515 2307 z
1538 2278 1622 2315 idque
1634 2278 1687 2308 hoc
1698 2288 1859 2317 argumento
1870 2280 2027 2309 confirmari
2038 2280 2136 2318 potest.

1431 2315 1587 2353 Congerere
1601 2325 1780 2354 argumenta,
1803 2319 1829 2347 St

1428 2353 1774 2422 Ddffffverfbargnmenta'
1795 2355 1904 2385 videtur
1922 2354 2041 2392 Quintil.
2062 2355 2148 2384 veluti
2168 2354 2306 2384 contraria
2324 2353 2448 2383 invicem
2461 2362 2547 2392 oppo-

1449 2402 1488 2420 -ui
1513 2402 1545 2427 e,
1577 2403 1695 2428 i.5.ca
1719 2403 1775 2422 Ι1.

1429 2428 1589 2473 Defendere
1597 2402 1826 2460 viriliteicaiisam
1837 2431 2011 2467 argumentis.
2035 2429 2152 2466 Quintil.
2164 2429 2245 2459 lib.6.
2254 2439 2314 2467 cap.
2331 2439 2354 2458 1.

1427 2466 1528 2497 Dicere
1549 2476 1718 2507 argumenta.
1752 2468 1770 2498 i.
1785 2479 1809 2498 e.
1831 2469 1997 2505 Argumenta
2013 2469 2144 2506 proferre.
2177 2468 2296 2504 Quintil.
2311 2467 2358 2496 lib.
2373 2476 2398 2497 2.
2425 2477 2485 2506 cap.
2499 2476 2542 2497 20.

1447 2506 1583 2536 Idemlib.
1599 2518 1619 2541 ς.
1639 2516 1699 2545 cap.
1716 2517 1758 2541 14.

1428 2543 1529 2573 Dicere
1538 2552 1697 2582 argumenta
1709 2544 1791 2574 alicui
1806 2544 1853 2573 rei.
1875 2543 1961 2573 Plaut.
1974 2544 2103 2574 Trinum.
2115 2553 2141 2573 2.
2155 2554 2182 2579 4.
2198 2553 2259 2573 121.

1427 2581 1645 2620 Deprehendere
1653 2583 1820 2620 argumentis
1831 2584 1856 2612 Sc
1867 2582 1964 2611 oculis.
1987 2581 2104 2618 Quintil.
2116 2581 2164 2611 lib.
2183 2590 2206 2618 7.
2224 2591 2284 2619 cap.
2299 2590 2322 2617 3.

1427 2619 1510 2649 Deest
1521 2627 1714 2658 argumentum
1729 2622 1762 2649 ad
1774 2620 1960 2649 scribendum.
1984 2620 2041 2649 Cic.
2057 2630 2082 2655 9.
2104 2620 2159 2648 Att.
2173 2623 2198 2649 6.
2221 2620 2239 2648 i.
2256 2629 2281 2648 e.
2303 2618 2434 2654 materia,
2455 2617 2501 2649 Sic
2516 2616 2546 2647 in

1448 2657 1491 2687 his
1504 2668 1562 2695 quae
1574 2658 1626 2696 seq.
1650 2668 1737 2696 usque
1757 2659 1791 2687 ad
1809 2658 1915 2687 Docere
1932 2667 1986 2695 arg.

1427 2695 1518 2725 Dabat
1534 2697 1603 2725 inihi
1620 2697 1692 2725 nihil
1709 2697 1861 2733 argumenti
1878 2696 1909 2724 ad
1927 2695 2111 2725 scribendum.
2143 2694 2200 2723 Cic.
2212 2703 2237 2724 2.
2250 2694 2286 2731 Q
2300 2694 2358 2723 frat.
2372 2703 2413 2731 13.

1428 2733 1513 2763 Dabit
1523 2741 1717 2772 argumentum
1725 2735 1759 2763 ad
1767 2740 1794 2763 te
1809 2733 1937 2771 epistolae.
1961 2733 2018 2762 Cic.
2035 2744 2076 2761 10.
2093 2734 2146 2762 Att.
2163 2742 2203 2767 15.

1427 2771 1549 2801 Dilatare
1561 2779 1763 2810 argumentum.
1786 2772 1842 2801 Cic.
1854 2771 1882 2800 in
1894 2771 1986 2800 Parati.
1999 2782 2020 2800 1.
2044 2770 2113 2800 Cato
2124 2770 2263 2808 perfectus
2271 2769 2391 2803 Stoicus.
2414 2770 2477 2798 &ea
2486 2765 2545 2797 seri-

1446 2811 1482 2839 tit
1499 2820 1559 2846 quae
1570 2820 1626 2839 non
1638 2810 1701 2839 sane
1712 2810 1866 2848 probantur
1878 2810 1907 2838 in
1923 2809 2039 2847 vulgus:
2063 2810 2087 2838 ἃ
2100 2810 2128 2837 in
2136 2818 2168 2838 ea
2177 2808 2214 2837 est
2225 2807 2315 2836 haereli
2327 2829 2334 2841 ‚
2362 2817 2421 2844 quae
2437 2806 2544 2835 nullum

1447 2847 1568 2885 sequitur
1578 2848 1675 2877 florem
1686 2848 1827 2882 orationis,
1839 2857 1929 2884 neque
1941 2848 2037 2876 dilatat
2045 2853 2246 2884 argumentum,
2256 2845 2303 2874 sed
2311 2845 2424 2874 minutis
2433 2842 2544 2878 interro-

1445 2886 1621 2923 gatiunculis,
1634 2887 1661 2916 &
1671 2885 1742 2923 quali
1755 2886 1864 2923 punftis
1873 2886 1948 2922 quod
1964 2885 2109 2923 proposuit
2118 2884 2211 2912 efficit.

1425 2922 1534 2953 Docere
1546 2924 1639 2953 multis
1649 2923 1815 2961 argumentis
1825 2923 1914 2951 Deum
1922 2932 2009 2951 unuin
2020 2922 2082 2951 effe.
2114 2922 2171 2951 Cic.
2192 2930 2215 2957 3.
2229 2920 2264 2949 de
2274 2919 2431 2950 N.1t.De0r.
2443 2928 2468 2956 9.

1425 2960 1535 2991 Ducere
1546 2969 1705 2999 argumenta
1715 2971 1749 2990 ex
1758 2970 1786 2990 re
1797 2960 1895 2997 aliqua.
1935 2960 1993 2989 Cic.
2009 2970 2033 2989 2.
2051 2961 2085 2988 de
2096 2960 2172 2989 Orat.
2189 2964 2248 2995 167.
2291 2958 2329 2987 Ex
2340 2956 2497 2992 conjunctis
2508 2954 2542 2984 sic

1444 3007 1605 3036 argumenta
1617 3000 1758 3028 ducuntur
1771 3020 1779 3033 ,
1801 2999 1827 3027 Si
1839 2999 1933 3035 pietati
1945 2998 2050 3027 summa
2059 2997 2207 3026 tribuenda
2221 2996 2280 3025 laus
2295 2996 2342 3028 est,
2365 2997 2417 3025 Sec.

1424 3037 1534 3104 Dlubcere
1544 3044 1736 3074 argumentum
1745 3045 1779 3065 ex
1793 3036 1946 3065 adversario
1959 3046 1966 3065 z
2001 3036 2019 3065 i.
2038 3046 2061 3065 e.
2093 3036 2114 3064 A
2125 3034 2242 3073 persona
2250 3033 2404 3062 adversarii.
2423 3029 2540 3069 Quintil.

1455 3076 1462 3104 i
1485 3098 1490 3104 .
1506 3078 1531 3104 6.
1553 3085 1584 3104 ca
1595 3085 1613 3104 1.
1629 3085 1651 3104 1.

1424 3112 1535 3179 Du¹celrg
1547 3086 1605 3142 rerii
1615 3112 1734 3151 aliquam
1745 3112 1985 3148 inargumentum.
2002 3111 2050 3140 i.e.
2073 3109 2304 3148 Argumentiloco
2317 3109 2432 3138 sumere.
2454 3105 2542 3143 Quin·

1442 3157 1482 3179 ti.
1507 3161 1513 3179 1
1537 3160 1630 3186 .5.ca
1652 3173 1657 3179 .
1681 3161 1722 3179 io.

1422 3187 1572 3226 Exquirere
1583 3161 1771 3225 reni‘aliquam
1787 3186 1964 3224 argumentis.
2000 3185 2084 3215 Plaut.
2098 3185 2170 3214 Rud.
2184 3196 2209 3221 4.
2219 3196 2244 3221 4.
2260 3187 2319 3221 136.

1423 3226 1568 3264 Explicare
1580 3232 1782 3263 argumentum.
1814 3226 1871 3254 Cic.
1887 3235 1908 3253 1.
1925 3224 1960 3253 de
1972 3224 2034 3253 Nat.
2047 3224 2127 3253 Deor.
2142 3232 2184 3259 <3.

1422 3264 1509 3331 11ζῇωὲ
1519 3270 1682 3302 argumento
1693 3262 1876 3301 epistolarum.
1900 3262 1958 3291 Cic.
1976 3272 2001 3297 9.
2015 3263 2067 3290 Art.
2082 3271 2107 3290 2.
2144 3261 2162 3290 1.
2178 3271 2201 3290 0.
2222 3259 2345 3289 materia.
2375 3258 2420 3287 Sic
2435 3265 2501 3286 mox
2510 3255 2539 3285 in

1472 3312 1486 3330 a
1508 3311 1553 3331 ere
1563 3312 1592 3331 ar
1612 3325 1618 3331 .

1422 3312 1760 3377 Excogitaregargumenta
1777 3337 1854 3367 firma
1862 3337 1896 3366 ad
1906 3336 2090 3374 probandum.
2113 3335 2171 3366 Cic.
2184 3335 2219 3365 de
2227 3335 2299 3365 Clar.
2314 3334 2390 3364 Orat.
2403 3342 2465 3370 271.

1421 3377 1531 3406 Habere
1545 3376 1681 3406 scribendi
1694 3382 1894 3413 argumentum.
1918 3374 1976 3404 Cic.
1989 3385 2014 3403 2.
2027 3375 2062 3411 Q.
2075 3374 2135 3403 frat.
2152 3384 2194 3410 14.

1419 3415 1528 3445 institui
1545 3415 1631 3444 multa
1640 3420 1808 3451 argumenta.
1828 3412 1914 3441 Plaut.
1933 3412 2014 3441 Most.
2032 3423 2054 3441 1.
2067 3420 2128 3441 2.2.
2465 3429 2469 3453 ι

1421 3453 1579 3488 Judicaram
1591 3452 1621 3481 id
1632 3452 1757 3490 plurimis
1766 3451 1941 3488 argumentis.
1966 3450 2024 3479 Cic.
2039 3460 2062 3487 3.
2075 3450 2150 3479 Fam.
2160 3460 2187 3485 4.
2485 3456 2488 3458 “

1420 3490 1509 3527 Loqui
1521 3497 1689 3528 argumenta.
1711 3489 1794 3519 Plaut.
1815 3487 1893 3528 Capt.
1906 3497 1928 3522 3.
1944 3497 1967 3523 3.
1983 3498 2024 3521 14.

1421 3529 1481 3559 Niti
1491 3529 1668 3565 argumentis.
1690 3527 1707 3556 i.
1724 3536 1747 3555 e.
1769 3525 1994 3569 Conariprobare
2005 3524 2118 3568 aliquid.
2143 3522 2262 3561 Quintil.
2277 3522 2326 3551 lib.
2341 3532 2363 3557 ς.
2383 3530 2443 3558 cap.
2461 3528 2502 3548 12.

1422 3566 1554 3601 Objicere
1569 3566 1596 3595 in
1608 3571 1811 3603 argumentum.
1834 3573 1851 3591 i.
1866 3572 1890 3592 e.
1912 3563 1951 3592 Ad
1962 3561 2181 3592 confirmandam
2190 3560 2299 3591 causam
2313 3559 2388 3589 suam
2396 3564 2537 3597 opponere
2570 3558 2572 3569 ⁸

1440 3603 1553 3641 aliquid.
1605 3603 1696 3632 uintil.
1712 3602 1761 3631 lib.
1773 3605 1798 3631 6.
1815 3610 1875 3638 cap.
1889 3609 1911 3636 3.

1421 3641 1544 3671 Onerare
1556 3641 1584 3676 ju
1609 3641 1678 3670 icem
1693 3638 1870 3677 argumentis.
1898 3637 2017 3675 Quintil.
2034 3636 2082 3667 lib.
2095 3647 2119 3673 ς.
2136 3646 2195 3675 cap.
2208 3644 2250 3665 12.

1421 3678 1575 3708 Pater-'acere
1587 3685 1759 3716 argumento
1782 3676 1839 3705 Cic.
1851 3686 1875 3704 2.
1890 3676 1965 3705 Verr.

1421 3717 1497 3746 Patet
1508 3725 1680 3753 argumento.
1702 3714 1821 3757 Quintil.
1835 3712 1881 3742 lib.
1899 3723 1921 3742 1.
1940 3723 2000 3751 cap.
2019 3722 2060 3742 12.

1421 3754 1605 3783 Ponereinter
1614 3760 1782 3791 argumenta.
1806 3762 1821 3780 i.
1841 3761 1865 3781 e.
1888 3751 1961 3780 Inter
1973 3750 2150 3788 probationes
2161 3749 2268 3778 reserre-
2290 3745 2410 3784 Quintil.
2423 3743 2470 3780 l.4.
2481 3752 2534 3773 c.¹.
2564 3751 2571 3771 l*

1420 3791 1558 3821 Refellere
1573 3791 1748 3834 argumentis.
1779 3788 1836 3818 Cic.
1854 3799 1876 3817 1.
1896 3789 1931 3818 de
1945 3789 2022 3817 Orat.
2037 3794 2081 3822 88.
2114 3787 2298 3817 Menedemus
2311 3783 2446 3822 exemplis
2454 3780 2536 3819 magia

1420 3825 2057 3906 stiffiss‘tfgttnst.1}?”&512‘{21555t3¹;f{.p.
2070 3872 2096 3891 2.

1419 3903 1532 3932 Solvere
1551 3909 1745 3941 argumentum
1761 3912 1777 3931 a
1792 3902 1818 3931 se
1835 3901 1961 3939 positum.
1984 3899 2194 3936 Quint³l.lib.2.
2208 3908 2269 3936 cap.
2284 3906 2326 3934 17.

1419 3941 1548 3970 Tractare
1565 3947 1733 3979 argumenta.
1756 3939 1874 3976 Quintil.
1887 3939 1935 3969 lib.
1956 3949 1978 3974 ς.
1991 3948 2052 3977 cap.
2070 3947 2111 3966 10.

1837 837 1986 874 Argutatro.
2028 847 2046 866 1.
2062 847 2085 866 e.
2108 838 2221 867 Sonitus
2237 846 2272 866 ex
2282 836 2460 867 concussione
2468 836 2540 868 lecti.
2554 867 2555 870 ,

2556 2445 2559 2447 .
2578 2381 2585 2451 l

2419 3967 2536 4009 Trahere
2563 3956 2568 3964 ⁹

2594 634 2599 666 l*

2591 854 2597 972 l

2590 978 2597 1147 l

2600 1083 2604 1090 ι

2599 1163 2604 1170 ι

2601 1214 2604 1221 ι

2582 2138 2588 2158 [ι

2570 3154 2578 3205 i

2568 3186 2576 3303 l

2567 3306 2571 3390 l

2566 3547 2568 3593 l

2564 3774 2585 3829 l.

2564 3835 2569 3884 l

2563 3895 2568 3924 [ἒ
