2600 4177
127 215 202 245 Auro
214 218 378 248 conciliatur
391 225 476 248 amor.
498 219 619 257 Propert.
632 228 657 256 3.
672 229 714 250 12.
735 229 779 255 50-

125 252 245 283 Pecunia
260 256 409 286 conciliare
419 257 466 285 sibi
476 257 610 294 legiones.
649 257 708 287 Cic.
724 268 765 287 12.
779 259 850 289 Fam.
862 266 906 295 ²³·
928 258 1070 291 Profectus
1080 261 1241 292 obviamlez.

146 292 274 328 gionibus
287 293 479 328 Macedonicis
490 300 608 330 quatuor
620 317 628 329 ,
650 303 718 332 quas
729 296 777 325 {ibi
791 298 940 328 conciliare
954 301 1073 336 pecunia
1092 301 1239 337 cog'ztabat.

128 329 296 360 Conciliavit
310 332 357 361 has
372 341 414 360 res
434 331 541 360 homini
558 337 662 362 natura.
704 333 763 363 Cic.
776 346 801 368 4.
816 336 896 364 Acad.
916 346 976 372 ¹31·-
1008 338 1127 367 Honeste
1147 344 1241 367 autem

146 367 241 396 vivere
251 367 390 397 fruentem
401 368 481 398 rebus
491 369 533 398 his
545 391 553 404 ,
576 379 641 407 quas
650 370 752 408 primas
768 371 876 402 homini
889 380 985 404 natura
998 376 1139 411 conciliet,
1164 377 1190 405 &
1201 384 1246 404 ve-

147 409 192 433 tus
209 406 354 434 Academia
366 405 472 435 censuit
485 428 493 439 ,
508 408 559 436 &c

127 439 269 471 Conciliat
279 453 325 479 eos
337 443 395 472 haec
405 452 447 472 res
457 445 528 472 inter
541 444 603 473 sese.
645 445 702 475 Cic.
718 456 768 483 pro
778 447 857 476 Rosc.
875 448 962 478 Amet.
977 453 1021 485 63.
1044 449 1141 485 Quum
1157 450 1242 480 etiam

147 478 217 508 feras
227 480 297 514 inter
311 479 365 508 sese
378 502 385 510 .
406 487 498 517 partus
509 490 591 518 atque
603 482 732 512 educatio
744 487 769 514 δι
781 493 875 514 natura
885 486 940 522 ipsa
955 487 1097 518 conciliet.

127 516 258 546 Amorem
272 517 318 546 fibi
329 517 478 547 conciliare
489 518 522 548 ab
536 519 682 557 aliquibus.
704 522 764 551 Cic.
776 531 828 560 pro
841 523 921 554 Arch.
932 534 958 561 7.

128 555 213 584 Amor
224 555 425 585 conciliandus.
448 556 531 586 Ovid.
545 561 570 586 6.
587 558 667 595 Epist.
687 569 731 594 9⁴·

129 592 262 621 Animum
271 592 390 627 alicujus
404 594 554 624 conciliare
566 595 622 624 fibi.
651 595 706 625 Liv.
722 606 744 626 1.
760 605 802 633 ξς.

128 630 243 658 Animos
254 630 405 667 conjugum
417 631 550 662 conciliat
561 639 662 670 partus.
684 634 747 663 Sen.
762 635 852 665 OEth.
869 646 897 671 4.

127 667 242 696 Animos
254 667 380 703 judicum
391 668 439 698 sibi
451 670 608 700 conciliare.
632 671 751 708 Quintil.
769 671 815 701 lib.
829 684 855 708 4.
872 683 933 712 cap.
948 683 972 704 1..

128 703 298 734 Affinitatem
308 705 381 735 inter
392 707 507 743 aliquos.
531 708 615 738 Plaut.
628 709 706 738 Trin.
719 719 744 738 2.
758 720 786 745 4.
803 720 848 745 4².

207 742 290 772 Meus
301 750 399 779 gnatus
409 754 454 774 me
465 745 499 775 ad
510 752 537 775 te
549 746 621 775 mifit
630 769 638 781 ‚
659 747 731 776 inter
740 746 767 775 se
783 755 865 784 atque
875 757 925 779 vos

208 779 377 810 Affinitatem
387 790 418 811 ut
430 784 608 813 conciliarem
619 791 702 822 atque
713 785 837 822 gratiam.

126 817 209 847 Arma
217 817 310 847 alicui.
333 819 404 857 Virg.
421 830 462 850 10.
478 821 540 851 AEn.
556 832 586 857 ις
597 832 617 850 1.

126 856 204 886 Artes
216 855 274 885 suas
286 857 384 893 dictis,
406 858 444 887 est
456 858 548 888 Verbis
567 858 650 888 alicui
667 860 865 891 commendare
882 867 970 891 artem
991 860 1086 897 suam.
1107 867 1154 892 aut
1175 866 1247 901 opus

145 893 262 930 aliquod
273 895 337 924 artis
348 895 409 925 suae.
432 896 515 925 Ovid.
535 905 558 932 3.
574 897 651 926 Trist.
669 907 711 926 11.
724 907 768 931 42.

125 928 326 962 Auctoritatem
341 933 480 963 reialicui.
504 934 573 964 Plin.
586 934 634 964 lib.
650 943 693 971 33.
705 944 766 973 cap.
780 945 802 964 1.

125 964 355 1000 Benevolentiam
364 971 483 1001 alterius.
523 972 581 1002 Cic.
593 984 619 1008 4.
632 972 707 1003 Fam.
723 982 765 1009 13.
787 973 862 1004 Tum
876 974 1006 1004 omnibus
1030 975 1126 1005 amicis
1145 984 1226 1005 careo
1237 994 1246 1011 ‚

144 1016 265 1041 quorum
277 1008 500 1039 benevolentiam
512 1009 593 1040 nobis
607 1011 770 1041 conciliarat
777 1021 828 1049 per
837 1022 883 1042 me
894 1014 1038 1050 quondam
1058 1020 1086 1044 te
1102 1012 1178 1043 socio
1198 1014 1246 1043 de-

143 1044 220 1074 fensa
238 1044 414 1082 Respublica.

125 1082 173 1149 Ag
186 1082 413 1114 benevolentiam
432 1085 540 1115 animos
560 1085 717 1124 aliquorum
739 1095 803 1124 erga
820 1086 891 1118 alios
904 1088 1065 1118 conciliare.
1088 1088 1147 1118 Cic.
1162 1098 1187 1119 2.
1211 1089 1247 1119 de

177 1128 226 1149 rat.
237 1129 300 1149 200.

124 1157 278 1188 caritatem
290 1159 347 1188 fibi.
368 1159 426 1190 Cic.
446 1170 470 1190 1.
481 1160 517 1191 de
529 1160 589 1191 Fin.
605 1171 630 1194 ς.

125 1194 276 1226 Civitatem
291 1196 411 1235 aliquam
425 1198 508 1228 alicui
521 1199 680 1228 conciliare.
716 1199 783 1229 Caes.
796 1207 821 1236 7.
843 1200 910 1230 Bell.
921 1197 991 1231 Gall.
1004 1211 1030 1239 7.
1061 1198 1177 1232 Interim
1192 1201 1244 1232 Lu-

127 1265 130 1271 ,
144 1234 247 1263 <terius
257 1234 398 1264 Cadurcus
406 1237 434 1265 in
447 1235 574 1266 Rutenos
585 1235 678 1266 missus
687 1246 749 1266 eam
759 1238 900 1268 civitatem
914 1241 1040 1269 Arvernis
1051 1240 1192 1270 conciliat.

125 1270 275 1301 Civitatem
287 1272 437 1302 conciliare
446 1273 567 1311 aliquam
577 1275 708 1304 amicitia.
731 1274 796 1305 Caes.
810 1285 834 1312 3.
846 1277 913 1306 Bell.
923 1277 1006 1307 Civil.
1021 1289 1063 1313 ςς.
1078 1285 1145 1307 extr.
1170 1278 1248 1307 Nona

143 1308 234 1338 nullas
249 1310 329 1339 urbes
344 1320 393 1347 per
407 1311 464 1340 vim
476 1313 660 1349 expugnavit,
683 1312 802 1349 reliquas
822 1315 947 1345 civitates
963 1316 1156 1345 circummiffis
1176 1316 1248 1353 lega-

143 1347 287 1382 tionibus,
307 1348 430 1378 amicitia
443 1348 554 1378 Caesaris
564 1349 714 1380 conciliare
730 1351 866 1381 studebat.
905 1353 1114 1390 [Scribendum
1130 1353 1227 1382 Caesari
1238 1376 1247 1389 ,

140 1394 207 1415 cum
234 1384 263 1414 D.
282 1385 371 1415 Voffio
382 1395 418 1416 ex
430 1386 490 1417 Mis.
505 1387 625 1418 Faernus
643 1388 754 1426 legebat
774 1390 908 1420 Amicitiae
935 1391 1065 1426 Caesaris,
1086 1392 1246 1422 auctoribus

144 1424 229 1452 etiam
248 1422 325 1452 libris
344 1423 406 1453 Mff.

0 1458 2 1483 'r
125 1459 365 1496 Conjunc’tionem
376 1462 525 1492 conciliare
535 1473 600 1493 cum
611 1464 704 1501 aliquo
717 1474 725 1494 :
747 1465 793 1494 cui
812 1465 947 1495 Dirimere
961 1467 1123 1505 opponitur.
1147 1467 1204 1497 Cic.
1219 1475 1245 1504 3⁵

143 1498 219 1528 Fam.
239 1508 280 1527 ιε).
306 1499 361 1536 Ego
373 1504 467 1529 autem
477 1502 558 1531 citius
574 1512 639 1531 cum
657 1512 710 1538 eo,
731 1503 779 1539 qui
797 1508 858 1533 tuas
882 1505 1042 1534 inimicitias
1065 1504 1243 1544 suscepisset,

141 1543 265 1566 veterem
277 1538 506 1572 conjunctionem
517 1538 685 1569 diremissem
695 1562 703 1576 ‚
729 1550 812 1577 quam
824 1551 925 1572 novam
933 1542 1132 1574 conciliassent.

0 1580 2 1610 ξ
123 1573 277 1604 Dominam
291 1574 374 1604 alicui
385 1577 545 1606 conciliavit
555 1588 641 1607 amor.
662 1578 784 1608 Martial.
799 1588 841 1608 12.
857 1589 898 1615 5²-

0 1615 3 1636 ’ν
123 1611 223 1642 Fidem
232 1612 260 1640 in
273 1613 395 1642 dicendo
405 1615 536 1644 conciliat
545 1615 734 1653 amplificatio.
757 1616 815 1646 Cic.
828 1618 858 1646 in
870 1617 964 1648 partit.
975 1629 1000 1655 ς.

123 1649 223 1681 Fidem
233 1649 352 1686 alicujus
367 1652 518 1682 conciliare
526 1653 614 1683 famae.
639 1653 723 1683 Ovid.
737 1665 764 1690 4.
779 1654 860 1684 Trist.
879 1666 901 1690 ς.
916 1666 958 1692 14.

205 1688 286 1718 Certe
294 1698 346 1726 ego
355 1711 363 1724 ‚
384 1689 401 1718 fi
415 1690 514 1720 sineres
524 1710 530 1722 ‚
552 1691 667 1721 titulum
676 1691 729 1721 tibi
738 1692 856 1722 reddere
868 1693 986 1729 vellem,

139 1763 157 1793 f
240 1726 275 1756 Et
284 1737 372 1757 raram
381 1727 461 1758 famae
473 1729 624 1759 conciliare
637 1729 730 1760 fidem.

152 1773 252 1794 amam.

120 1801 246 1870 Gllvqriam
254 1802 387 1834 conciliat
397 1804 562 1843 magnitudo
571 1805 688 1843 negotii,
700 1805 817 1844 gratiam
828 1807 964 1844 aequitatis
979 1806 1098 1844 largitio.
1121 1807 1181 1840 Cic.
1193 1817 1245 1848 pro

179 1850 256 1870 uren.
292 1852 314 1871 r.

121 1877 243 1908 Gratiam
254 1852 301 1909 silai
312 1879 465 1910 conciliare
471 1889 520 1919 per
530 1890 588 1910 rem
600 1880 731 1918 aliquam.
754 1881 813 1912 Cic.
831 1891 883 1921 pro
893 1881 966 1920 Lege
976 1881 1074 1914 Manil.
1084 1892 1129 1920 79.

119 1915 306 1947 Incommoda
316 1917 408 1948 alicui.
430 1918 537 1948 Lucret.
553 1928 577 1955 3.
596 1925 658 1956 877.

120 1953 246 1984 Laudem
257 1956 400 1991 majorem.
421 1956 541 1993 Quintil.
559 1957 607 1986 lib.
621 1967 647 1986 2.
660 1967 720 1995 cap.
734 1966 761 1994 7.

120 1991 239 2022 Miseros
250 1994 337 2031 magis
347 1993 460 2024 fortuna
472 1994 606 2025 conciliat
619 1995 681 2025 suis.
702 1996 766 2026 Sen.
778 1994 869 2027 Theb.
886 2006 915 2028 2.

119 2029 226 2068 Nugas.
249 2031 335 2061 Plaut.
348 2032 426 2061 Trin.
440 2043 468 2068 4.
486 2041 570 2068 2·.¹4·

214 2068 254 2098 Eo
263 2070 418 2099 conductor
428 2069 528 2100 melius
539 2071 574 2100 de
587 2079 633 2100 me
649 2080 736 2109 nugas
754 2072 956 2102 conciliaverit.

139 2105 277 2145 interpres
287 2108 300 2144 )
320 2107 366 2138 Ob
375 2108 424 2137 ista
434 2110 578 2146 nugatoria
588 2109 664 2138 suam
674 2119 732 2139 rem
740 2110 838 2139 melius
847 2111 943 2148 egerit.

120 2143 229 2174 Odium
240 2155 270 2175 re
281 2145 372 2183 aliqua
381 2146 541 2176 conciliare.
580 2146 648 2176 Plin.
662 2147 710 2176 lib.
722 2153 766 2182 28.
780 2157 840 2185 cap.
856 2154 881 2181 8.
904 2147 1035 2178 Intestina
1050 2148 1077 2177 8<
1086 2148 1184 2178 fimum
1195 2158 1243 2178 eo-

138 2191 202 2212 rum
213 2205 222 2217 ,
243 2193 330 2219 quum
339 2184 368 2213 id
376 2184 478 2213 animal
489 2184 568 2214 nullo
580 2185 644 2214 cibo
657 2186 732 2214 vivat
743 2208 751 2220 ‚
773 2196 839 2215 cum
856 2187 993 2215 simiarum
1005 2185 1086 2216 urina
1096 2208 1105 2223 ‚
1126 2187 1196 2217 illita
1205 2188 1246 2224 ia-

138 2230 202 2250 nuae
214 2221 392 2252 inimicorum
402 2244 410 2258 ,
431 2223 531 2252 odium
541 2223 670 2253 omnium
680 2223 832 2254 hominum
841 2223 884 2254 his
895 2223 1054 2254 conciliare.

118 2257 214 2296 Opem
227 2260 394 2297 potentium.
417 2260 475 2290 Cic.
491 2262 526 2290 ad
537 2261 635 2291 octav.
1003 2299 1008 2305 Ι
1091 2269 1094 2273 ’

116 2295 229 2327 Pacem.
269 2297 333 2328 Ter.
351 2298 450 2328 Heaut.
469 2309 493 2334 5.
509 2309 533 2334 ς.
545 2308 570 2328 2.
596 2299 670 2328 Exeo
683 2308 748 2337 ergo
758 2304 789 2328 ut
799 2309 897 2336 pacem
907 2299 1066 2330 conciliem.

118 2333 221 2364 Pacem
236 2335 270 2365 ab
281 2336 373 2373 aliquo
385 2358 394 2371 ,
413 2346 465 2374 pro
477 2336 548 2366 Cum
556 2336 659 2374 aliquo.
681 2336 768 2368 Plaut.
780 2337 862 2367 Most.
877 2348 901 2374 5.
914 2348 941 2368 2.
953 2341 980 2368 6.

116 2370 219 2402 Pacem
229 2373 302 2403 inter
312 2375 397 2404 cives.
418 2374 478 2404 Cic.
493 2385 533 2404 10.
550 2375 625 2405 Fam.
641 2384 685 2410 27.

116 2408 270 2440 Pecuniam
286 2411 437 2442 conciliare
450 2412 495 2442 vel
519 2422 627 2450 cogere.
669 2412 764 2448 Cic.4.
778 2411 928 2448 Verr.140.
950 2412 1016 2442 Non
1035 2411 1104 2442 mihi
1131 2416 1244 2451 praeter-

135 2449 307 2479 mittendum
315 2450 443 2485 videtur,
463 2459 500 2480 ne
511 2450 582 2480 illud
595 2451 709 2488 quidem
717 2460 804 2487 genus
815 2451 943 2489 pecuniae
962 2451 1117 2481 conciliatae
1128 2474 1135 2486 ‚
1158 2460 1241 2490 quam

135 2491 168 2515 tu
179 2496 194 2516 a
203 2487 364 2517 civitatibus
374 2488 520 2518 statuarum
529 2489 643 2518 nomine
658 2488 780 2525 coegisti.

113 2523 254 2555 Somnum
264 2524 425 2560 conciliare,
447 2526 492 2555 cui
503 2528 657 2564 opponitur
668 2527 781 2564 Fugare.
823 2525 892 2557 Plin.
906 2526 954 2556 lib.
969 2536 1011 2562 14.
1023 2537 1085 2565 cap.
1101 2532 1143 2562 1-8.
1166 2528 1238 2558 Tha-

133 2562 187 2592 sios
199 2562 255 2592 duo
265 2573 367 2600 genera
374 2563 433 2593 vini
443 2563 534 2595 facere
544 2565 687 2603 proditur,
707 2574 796 2594 unum
808 2574 864 2603 quo
874 2564 986 2595 somnus
995 2565 1162 2598 concilietur
1171 2588 1180 2603 ‚
1201 2566 1240 2596 al-

134 2606 226 2630 terum
241 2611 306 2630 vero
318 2608 374 2639 quo
385 2601 504 2640 fugetur.

115 2637 208 2668 Toros
219 2639 333 2676 jugales.
355 2641 374 2668 i.
383 2649 408 2668 e.
430 2640 558 2677 Nuptias.
581 2641 648 2670 Stat.
663 2649 688 2675 3.
703 2639 770 2670 Silv.
785 2650 808 2676 ς.
824 2648 869 2677 70.

114 2675 192 2720 'Vires
201 2676 350 2707 conciliare
362 2677 455 2708 alicui.
483 2678 550 2708 Stat.
561 2689 587 2714 9-
600 2678 691 2708 Theb.
705 2688 771 2714 450·
792 2677 926 2716 significat
942 2678 1080 2713 Adiuvare
1099 2679 1172 2710 vires
1189 2679 1241 2711 ali-

133 2724 223 2749 cuius.

115 2751 296 2783 Voluntatem
311 2752 429 2789 alicuius
440 2753 591 2784 conciliare
606 2753 664 2784 fibi.
704 2753 763 2783 Cic.
782 2764 806 2783 1.
822 2754 876 2784 Att.
889 2765 911 2784 1.
942 2754 984 2784 Ad
1000 2763 1098 2785 eorum
1110 2755 1238 2787 volunta-

133 2797 192 2820 tem
203 2790 272 2823 mihi
283 2791 491 2821 conciliandam
499 2814 508 2827 ,
529 2793 653 2821 maximo
663 2798 691 2821 te
703 2792 772 2821 mihi
783 2791 842 2821 usui
853 2792 911 2822 fore
921 2793 1013 2823 video.

113 2828 250 2867 Voluptas
267 2833 383 2866 eorum,
402 2829 505 2868 quibus
520 2830 632 2868 probari
647 2829 793 2865 volumus,
814 2830 896 2860 nobis
914 2830 1101 2861 concilianda.
1131 2831 1189 2862 Cic.
1205 2833 1235 2862 in

133 2867 213 2897 Orat.
229 2870 290 2896 162.
565 2870 569 2871 ’

112 2903 270 2936 conciliare
279 2904 446 2942 superiorem
455 2905 580 2935 inferiori
589 2927 596 2941 ,
617 2915 667 2944 per
679 2905 814 2943 Hysteron
825 2912 967 2943 proteron.
992 2906 1066 2944 Virg.
1079 2916 1103 2937 1.
1114 2906 1176 2938 AEn.
1189 2916 1235 2946 79.

192 2943 239 2973 Tu
247 2943 317 2972 mihi
326 2943 516 2982 quodcunque
524 2943 580 2973 hoc
588 2944 682 2981 regni,
704 2950 736 2973 tu
756 2943 862 2981 sceptra
869 2943 884 2980 J
887 2953 1023 2981 ovemque

191 2980 343 3011 Concilias.
431 2980 518 3011 Verba
537 2981 610 3012 AEoli
628 2982 664 3011 ad
681 2980 833 3017 junonem.
875 2982 927 3011 Ubi
946 2982 1075 3017 Servius,
1095 2980 1235 3020 Hysteron

130 3023 267 3056 proteron
278 3017 394 3048 insensu
404 3018 450 3048 est.
488 3019 555 3049 Non
570 3019 648 3049 enim
657 3018 767 3056 Jupiter
775 3018 942 3049 conciliatur
953 3019 1033 3049 AEolo
1042 3042 1050 3054 ‚
1070 3019 1119 3050 sed
1136 3021 1234 3051 AEolus

127 3057 192 3124 {lovi
202 3078 210 3093 ,
231 3056 305 3094 quafi
320 3056 454 3095 superiori
462 3057 637 3087 conciliatur.
675 3056 870 3086 Conciliantur
882 3064 976 3087 autem
988 3058 1075 3093 novi,
1099 3058 1235 3088 Reconci-

142 3095 234 3124 iantur
244 3094 359 3132 antiqui.
399 3094 478 3130 [Sed
488 3095 615 3132 profecto
623 3095 737 3133 ineptiae
748 3105 829 3125 merae
839 3095 908 3125 sunt.
951 3094 1032 3132 Quali
1043 3105 1109 3125 vero
1119 3105 1178 3125 non
1188 3098 1235 3126 tri.

127 3132 271 3170 taphralis
281 3132 332 3162 sit:
354 3131 514 3162 Conciliare
529 3134 650 3170 aliquem
676 3132 782 3168 alicui,
802 3139 853 3171 pro
872 3133 1005 3163 Favorem
1022 3134 1051 3164 ἃ
1063 3133 1235 3166 benevolens

127 3170 197 3200 tiam
208 3171 268 3206 ejus
279 3170 439 3200 conciliare.
481 3170 581 3206 Jov'em
597 3171 751 3208 propitium
763 3180 877 3209 nempe.

109 3208 206 3238 Amice
216 3208 361 3238 conciliari
369 3207 461 3237 alicui.
498 3209 566 3238 Hor.
579 3209 607 3237 in
617 3208 681 3238 Arte
691 3209 762 3238 Poet.
778 3214 839 3245 ¹96-

203 3245 253 3276 llle
262 3245 513 3283 bonisfaveatque‚
537 3247 564 3276 &
575 3246 742 3276 concilietur
750 3248 848 3277 amice.
882 3278 886 3282 ,
924 3276 926 3279 ,
1136 3284 1138 3286 .

107 3283 239 3314 Concilia
254 3288 320 3313 eum
330 3283 395 3313 huc.
433 3283 520 3315 Plaut.
533 3284 612 3323 Capt.
626 3293 652 3321 ς.
664 3294 687 3315 1.
700 3293 744 3322 33.
784 3285 802 3314 i.
815 3295 840 3315 e.
868 3283 907 3314 Ut
924 3283 982 3314 huc
1001 3285 1112 3322 veniat,
1134 3286 1161 3317 &
1181 3295 1232 3317 no-

127 3322 234 3352 biscum
243 3328 366 3352 moretur
377 3321 465 3351 effice.
596 3355 598 3357 ¹

106 3359 220 3391 Sursum
229 3360 335 3398 aliquid
344 3359 511 3395 conciliare,
531 3360 606 3399 apud
619 3359 729 3390 Lucret.
743 3363 770 3390 6.
784 3363 848 3395 466.
870 3359 1004 3397 'fignificat
1016 3360 1051 3390 In
1068 3359 1157 3393 altum
1174 3361 1232 3393 eie.

128 3408 192 3428 vare
203 3398 309 3435 aliq-uid
320 3408 327 3427 t
350 3408 383 3428 ac
394 3398 411 3426 fi
422 3397 529 3428 diceres
539 3420 548 3433 ‚
570 3398 717 3428 Altitudini
726 3398 886 3428 conciliare.

108 3437 195 3473 Agere
201 3443 294 3474 partes
304 3435 489 3466 conciliantis.
511 3436 595 3465 Ovid.
607 3436 643 3466 de
652 3436 732 3465 Rem.
747 3439 840 3473 Amor.
853 3445 914 3471 524.

71 3473 146 3506 CoN
156 3484 237 3506 cru
247 3477 356 3510 arus,
375 3470 622 3510 [ουνυνωιγμέὶύεῷυ]
642 3474 739 3504 Partic.
761 3475 828 3504 Plin.
841 3473 889 3503 lib.
904 3481 946 3509 ¹7-
959 3482 1020 3512 cap.
1034 3481 1079 3510 23.
1101 3470 1137 3505 de
1147 3474 1230 3505 ratio.

106 3522 144 3543 ne
150 3512 320 3542 arbustorum
331 3512 449 3548 loquens
457 3533 464 3545 ,
485 3511 560 3541 Inter
569 3511 596 3540 se
606 3512 681 3541 obvii
693 3512 842 3541 miscentur
852 3534 860 3546 ,
880 3512 1086 3550 alliganturque
1097 3523 1152 3543 una
1161 3523 1229 3544 con.

106 3549 196 3581 ciliati
205 3571 214 3586 ,
233 3549 416 3587 virgultorum
426 3550 561 3578 comitatu
569 3549 663 3578 obiter
671 3550 783 3587 rigorati
794 3560 847 3588 qua
858 3549 998 3579 deficiant.

108 3588 227 3619 Femina
240 3586 389 3617 conciliata
398 3587 467 3617 viro.
488 3586 588 3616 Catuli.
603 3590 648 3616 66.
666 3597 725 3623 130.
1059 3624 1067 3632 Ω

12 3623 20 3740 {
105 3625 296 3656 Conciliatum
303 3625 488 3663 mancipium.
509 3626 527 3654 i.
539 3634 563 3654 e.
585 3625 735 3662 Emptum:
756 3625 924 3655 namvomnis
933 3629 1086 3655 conventio
1097 3647 1106 3662 ,
1131 3627 1227 3657 conci..

833 1731 989 1769 Hypallage
1011 1731 1073 1768 est,
1093 1741 1145 1770 pro
1165 1728 1246 1764 Fidei

1054 2068 1108 2103 ie.
1131 2071 1184 2109 (ut
1205 2072 1244 2104 ait

0 1809 4 1934 i

1 1940 5 2150 i

2 2297 6 2419 ι

21 3069 41 3132 g.

123 3663 204 3693 liatio
213 3664 380 3692 nominatur.
421 3663 484 3693 Ter.
498 3663 567 3692 Eun.
579 3674 608 3699 4.
621 3676 643 3696 ⁴-
654 3673 677 3691 2.
703 3663 828 3700 Fugitive
844 3664 924 3700 prodi
941 3685 949 3698 ,
970 3658 1044 3692 male
1065 3664 1225 3696 conciliate.

124 3702 143 3730 i.
157 3711 181 3730 e.
203 3700 309 3738 Magno
318 3707 413 3738 empte
422 3722 430 3736 ‚
452 3701 586 3730 Donatus.
624 3700 737 3736 [Immo
748 3701 898 3730 infeliciter
909 3702 934 3730 &
943 3702 1079 3744 emptoris
1089 3702 1202 3733 damno.

106 3737 237 3777 Compar.
260 3738 336 3776 apud
353 3739 475 3775 Quintil.
486 3738 536 3768 lib.
546 3750 572 3774 4.
586 3749 646 3776 cap.
659 3749 684 3767 2.
707 3739 748 3768 Ad
758 3749 816 3769 rem
827 3739 1022 3777 accipiendam
1031 3741 1223 3775 judicemfieri

123 3776 348 3807 conciliatiorem
357 3798 366 3812 ,
386 3777 553 3806 dociliorem
562 3779 588 3806 ἃ
597 3777 786 3806 intentiorem.
1042 3810 1050 3822 ι

66 3814 145 3847 CoN
155 3823 354 3849 cum-rso,
381 3815 453 3844 onis.
482 3815 501 3844 f.
537 3811 712 3851 [animust.
740 3810 867 3855 212⁰&oest
878 3836 886 3847 ,
909 3815 1078 3850 υταῶαγη]
1115 3814 1176 3846 Cic.
1194 3828 1223 3853 4.

104 3854 188 3883 Acad.
200 3862 262 3887 141.
285 3852 437 3881 Honestum
446 3861 539 3881 autem
549 3852 624 3889 quod
635 3853 750 3881 ducatur
764 3863 778 3881 a
795 3851 993 3881 conciliatione
1004 3859 1117 3883 naturae.

104 3889 273 3920 Conciliatio
282 3890 308 3919 &
318 3888 496 3920 consociatio
508 3913 515 3923 ‚
537 3890 590 3919 save
604 3890 726 3919 societas.
749 3890 806 3919 Cic.
824 3899 848 3919 2.
863 3891 898 3926 de
910 3890 973 3920 Nat.
986 3890 1067 3921 Deor.
1079 3894 1124 3929 78.
1145 3892 1222 3923 Inter

121 3928 205 3965 seque
215 3927 287 3964 quasi
294 3927 370 3956 civili
380 3927 579 3957 conciliatione
590 3929 614 3957 δι
628 3928 760 3957 societate
769 3928 946 3960 coniunctos.
978 3965 984 3971 ·

102 3966 273 4034 Conpih'atio
278 3965 387 4034 1gratiae.
426 3964 485 3997 Cic.
491 3976 545 4005 pro
555 3966 666 3998 Cluent-
678 3971 725 4004 84.
745 3967 780 3997 At
794 3967 873 3997 enim
881 3974 1034 4004 pecuniam
1049 3966 1163 3999 Staleno
1173 3968 1222 3999 de..

189 4012 240 4034 οι·
292 4024 302 4034 ἱ

0 3669 8 3701 ι’

0 3773 43 3820 ,ιἸ

3 3849 22 3893 i

0 3909 23 3973 31

22 4070 23 4115 i

1681 148 1711 183 C
1809 149 1844 184 O
1943 150 1978 185 N

1339 224 1381 255 dit
1394 225 1568 271 Oppianicus
1581 250 1589 263 ,
1611 237 1670 258 non
1696 229 1731 258 ad
1747 231 1984 268 corrumpendum
1997 233 2141 268 judicium
2155 258 2163 271 ,
2185 236 2231 266 sed
2245 237 2280 266 ad
2295 238 2473 268 conciliatio-

1366 273 1429 292 nem
1444 275 1543 298 uratiae.

1349 299 1518 332 conciliatio
1534 303 1577 332 ad.
1620 301 1679 333 Cic.
1693 313 1716 340 3.
1732 304 1768 333 de
1782 304 1842 335 Fin.
1853 315 1897 335 21.
1922 306 2011 336 Prima
2030 307 2068 337 est
2087 311 2163 338 enim
2177 312 2337 342 conciliatio
2348 313 2472 344 hominis

1365 338 1399 365 ad
1412 348 1442 368 ea
1455 362 1462 373 ,
1486 350 1546 376 qua*
1565 340 1625 369 sunt
1642 340 1791 371 secundum
1806 350 1939 373 naturam.
1971 345 1989 374 i.
2003 356 2027 374 e.
2051 346 2227 383 Conjunffio.

1309 373 1332 403 C
1344 384 1359 402 o
1370 384 1388 403 N
1399 385 1417 404 c
1429 381 1504 406 1215
1516 388 1533 405 τ
1544 388 1559 406 υ
1571 388 1583 407 s
1594 400 1601 411 .
1624 379 1662 407 fis.
1687 389 1722 408 m.
1747 378 1917 416 Γσύμῴυστε]
1939 382 2111 413 commistio.
2135 385 2243 416 Lucret.
2259 396 2284 416 2.
2303 396 2368 423 934.

1428 414 1494 443 Non
1509 415 1567 444 neri
1579 423 1687 451 parturn
1699 439 1706 451 ,
1729 416 1776 446 nis1
1791 418 1913 448 concilio
1928 428 1992 449 ante
2006 423 2103 451 coacto
2115 444 2123 458 ‚

1428 452 1489 481 Nec
1503 454 1648 490 quicquam
1660 457 1826 485 commutari
1842 457 1897 486 sine
1906 458 2067 489 conciliatu.

1348 487 1426 516 tione
1437 491 1461 518 oz
1473 498 1640 527 coagmento
1655 491 1774 521 seminis.

1349 523 1456 555 Densus
1467 549 1474 562 ‚
1497 528 1562 562 (vel
1579 534 1609 556 ut
1628 527 1725 565 legunt
1735 529 1805 565 alii)
1827 530 1991 562 Condensus
2005 535 2179 565 conciliatus.
2201 535 2310 566 Lucret.
2321 545 2346 566 2.
2359 547 2404 573 99.

1349 560 1458 593 Parvus.
1483 565 1590 594 Lucrct.
1609 574 1635 594 2.
1655 575 1715 602 133.

1311 598 1334 629 C
1344 608 1360 628 o
1374 609 1392 627 N
1403 611 1462 666 ‘1¹¹3
1472 606 1506 645 133
1516 612 1586 646 roa
1597 623 1607 638 ,
1628 603 1692 633 oris.
1714 613 1752 634 m.
1773 604 2147 647 [evvamaeziietzkamn‘lic]
2166 611 2303 650 interpres
2318 612 2361 642 vel
2371 613 2473 642 Auctor

1349 646 1432 666 cone!
1446 646 1566 669 lathI‘US·

1347 674 1524 706 Conciliator
1535 676 1618 706 suillae
1628 679 1718 708 carnis
1727 680 1807 709 clatus
1817 680 1855 709 est
1867 681 1972 719 populo
1984 683 2082 714 lanius.
2106 684 2180 715 Varr.
2192 695 2217 715 2.
2239 687 2275 716 de
2289 687 2323 716 R.
2335 686 2367 717 R.
2380 697 2473 725 cap.4.

1366 711 1464 742 Verres
1475 717 1539 744 octo
1554 714 1687 744 meusium
1699 717 1798 753 incipit
1815 718 1891 748 salire
1904 729 1910 748 :
1934 727 2086 757 permanet,
2103 730 2132 751 ut
2144 724 2170 752 id
2184 725 2257 755 recle
2270 726 2359 754 facere
2371 727 2451 763 polilt
2463 749 2473 761 ,

1366 751 1403 779 ad
1424 753 1554 787 primum.
1575 753 1681 782 deinde
1701 755 1723 782 it
1743 763 1815 784 retro
1828 778 1836 790 ,
1858 759 1949 793 quoad
1972 761 2116 795 perveniat
2131 762 2165 790 ad
2188 761 2293 791 lanium
2327 763 2373 793 hic
2395 766 2472 793 enim

1362 789 1532 819 'conciliator
1543 789 1626 819 suillae
1635 792 1724 820 carnis
1734 793 1814 822 datus
1826 794 1941 830 populo.
1982 796 2044 826 Hoc
2062 798 2132 827 dicit
2142 819 2151 834 ,
2173 801 2247 836 quod
2260 810 2322 830 caro
2343 800 2420 831 suilla
2431 802 2471 832 ci-

1368 825 1419 855 bus
1430 827 1461 855 sit
1473 827 1572 865 populi
1585 829 1609 857 &
1620 829 1716 865 vulgi,
1739 840 1796 858 non
1812 832 1895 861 etiam
1906 832 2052 863 nobilium.

1307 861 1386 892 CoN
1399 873 1415 892 c
1428 875 1435 891 ι
1448 869 1559 893 mira
1571 874 1620 900 rx,
1640 868 1701 895 icis.
1723 867 1741 896 f.
1775 868 2008 906 [τυνοωλοικτθὲς]
2046 872 2081 902 Ea
2101 873 2203 902 dicitur
2223 874 2339 912 (inquit
2359 876 2474 913 Festus)

1345 910 1407 936 quat
1418 903 1480 931 viris
1490 902 1621 932 conciliat
1631 913 1751 940 uxoreS,
1774 906 1800 934 Sc
1818 908 1951 937 uxoribus
1968 909 2050 938 viros.
2087 910 2145 939 Cic.
2163 921 2185 940 1.
2203 912 2238 940 de
2256 913 2310 942 Nat
2334 914 2411 943 Deor⁴
2422 920 2471 952 78.

1345 938 1412 968 Non
1424 941 1502 969 vides
1515 951 1596 977 quam
1608 940 1710 970 blanda
1721 943 1893 973 conciliatrix
1904 967 1912 978 ,
1934 947 1960 974 ἀ
1972 956 2052 980 quam
2062 946 2101 976 sui
2113 949 2143 977 sit
2157 948 2218 978 lena
2229 950 2285 987 ipsa
2298 954 2418 981 natura?

1344 976 1526 1007 'Conciliatrix
1538 979 1666 1007 amicitiae
1678 1001 1685 1014 ‚
1708 981 1815 1010 virtutis
1825 982 1932 1018 opinio.
1956 983 2013 1012 Cic.
2026 985 2061 1013 de
2072 987 2177 1015 Amicit.
2192 996 2232 1022 37.

1345 1013 1445 1044 Oratio
1456 1015 1629 1045 conciliatrix
1640 1017 1678 1045 est
1689 1017 1819 1047 humanae
1828 1020 1949 1048 maxime
1962 1020 2098 1051 societatis
2138 1024 2196 1053 Cic.
2214 1035 2234 1053 1.
2247 1025 2283 1054 dc
2297 1025 2391 1063 Legib.
2405 1036 2450 1062 27.

1307 1051 1427 1081 C0N<31
1440 1064 1473 1081 1.1
1484 1064 1531 1082 A'r
1542 1064 1557 1082 R
1568 1064 1576 1082 1
1587 1056 1631 1083 cu
1644 1065 1698 1090 LA,
1709 1066 1740 1085 ae.
1765 1054 1783 1085 f.
1806 1058 2072 1095 [συναῶκκτειὶὣον]
2093 1061 2192 1091 dimin.
2206 1062 2255 1091 Cic
2277 1073 2326 1101 pro
2337 1067 2408 1094 Sext.
2424 1075 2471 1095 21.

1344 1090 1410 1120 Erat
1424 1091 1499 1120 enim
1514 1091 1662 1122 hominum
1685 1094 1835 1131 opinioni,
1856 1095 2005 1126 nobilitate
2024 1098 2101 1135 ipsa,
2125 1099 2227 1129 blanda
2252 1102 2472 1133 conciliatricula

1348 1129 1570 1160 commendatus.

1305 1165 1330 1195 C
1339 1175 1356 1195 0
1365 1176 1427 1195 Ncr
1439 1178 1454 1195 L
1464 1178 1473 1195 1
1484 1177 1504 1196 A
1513 1177 1533 1196 Τ
1542 1171 1585 1196 &a
1594 1177 1613 1196 A
1625 1189 1633 1203 ‚
1654 1174 1684 1197 ae.
1708 1168 1726 1198 f.
1747 1169 1933 1205 [συνάλλκξκ]
1954 1181 2005 1209 pro
2018 1171 2232 1205 conciliatione.
2254 1176 2318 1205 Sen.
2335 1177 2467 1214 Epist.98.

1346 1204 1441 1240 Quum
1463 1204 1598 1240 Clodius,
1627 1206 1724 1235 iisdem
1746 1207 1819 1237 vitiis
1839 1208 1972 1246 gratiosus
1992 1210 2094 1247 quibus
2116 1221 2242 1249 nocens,
2273 1215 2471 1246 conciliaturas

1346 1248 1490 1272 exerceret
1501 1244 1530 1272 in
1541 1243 1597 1281 ipsa
1612 1244 1698 1274 causae
1712 1245 1844 1275 dietione.

1306 1278 1466 1310 CONcrN
1479 1290 1558 1317 Nrs,
1576 1291 1604 1310 e.
1627 1281 1707 1320 Apul.

1306 1318 1331 1348 C
1341 1328 1357 1347 ο
1367 1327 1388 1347 N
1397 1328 1414 1347 c
1424 1329 1433 1347 ι
1445 1327 1464 1347 N
1473 1329 1491 1347 N
1503 1329 1521 1348 υ
1531 1329 1544 1349 s
1557 1341 1565 1354 ,
1587 1319 1645 1355 Adj.
1668 1321 1685 1355 [
1697 1317 1798 1353 εῧ9ετΘ»
1807 1342 1815 1354 ,
1832 1321 1940 1357 ἐμμελὲς
1954 1344 1962 1358 ,
1981 1321 2114 1356 ἐνα-ω9ι-ηῗς
2125 1346 2133 1359 ,
2157 1322 2290 1361 eliquata&
2303 1326 2318 1361 ]
2349 1327 2474 1367 Compo-

1344 1356 1409 1386 fitus
1421 1358 1447 1386 &
1458 1363 1570 1387 ornatus
1583 1367 1590 1392 3
1618 1366 1653 1386 ex
1662 1357 1723 1387 Con
1738 1380 1745 1393 ‚
1768 1359 1794 1388 &
1805 1358 1911 1390 Cinnus
1922 1360 2106 1399 compositum
2115 1383 2123 1397 ‚
2146 1364 2221 1399 quod
2235 1364 2272 1392 est
2283 1373 2370 1401 genus
2384 1367 2475 1402 potio.

1344 1394 1388 1423 nis
1401 1404 1435 1423 ex
1447 1394 1540 1424 multis
1549 1394 1703 1431 liquoribus
1715 1397 1878 1427 confectum
1890 1420 1899 1434 ,
1920 1400 2033 1429 auctore
2044 1399 2149 1430 Nonio.
2171 1400 2283 1431 Plautus
2292 1402 2474 1441 Pers4.3.77.

1343 1432 1393 1461 Sat
1405 1432 1509 1470 edepol
1526 1434 1666 1462 concinna
1679 1434 1759 1463 facie.

1344 1470 1448 1500 Amicis
1459 1472 1626 1500 concinnus.
1649 1471 1716 1500 Hor.
1733 1480 1755 1501 1.
1768 1472 1854 1501 Serm.
1869 1482 1894 1509 3.
1907 1483 1951 1509 ςο.

1343 1507 1499 1538 Concinnae
1511 1515 1653 1546 acutaeque
1664 1509 1815 1539 sententiae.
1837 1511 1895 1541 Cic.
1911 1513 1946 1542 de
1955 1512 2026 1543 Clar.
2040 1513 2117 1544 Orat.
2131 1523 2196 1552 271.

1343 1546 1431 1582 Aptus
1447 1548 1473 1576 ἂ
1483 1546 1639 1577 concinnus
1650 1547 1685 1576 ad
1699 1557 1758 1577 rem
1770 1548 1882 1579 reditus.
1904 1550 1964 1580 Cic.
1977 1560 2002 1587 3.
2016 1552 2051 1580 de
2066 1552 2143 1582 Orat.
2157 1562 2222 1583 201.
2356 1580 2361 1585 .

1342 1583 1461 1621 Elegans
1472 1586 1499 1614 ἃ
1510 1585 1674 1614 concinnus.
1716 1585 1775 1615 Cic.
1790 1597 1813 1621 ς.
1825 1587 1860 1616 de
1871 1587 1930 1618 Fin.
1948 1598 1990 1625 13-
2016 1589 2188 1625 Concinnus.
2211 1589 2314 1622 deinde
2326 1593 2351 1622 Sc
2362 1592 2476 1628 elegans

1362 1621 1446 1658 hujus
1457 1623 1550 1652 Aristo.
1590 1622 1875 1654 SubaudiSucceffor.
1917 1626 1987 1656 Plin.
2000 1626 2047 1657 lib.
2066 1637 2110 1664 35.
2124 1639 2186 1666 cap.
2206 1639 2245 1658 ιο.
2271 1628 2473 1662 ilnnuineratur

1361 1656 1406 1689 ‘his
1418 1661 1444 1689 &
1457 1660 1635 1705 Nicophanes
1649 1661 1760 1698 elegans
1775 1663 1802 1691 <Sc
1816 1664 1973 1694 concinnus
1985 1686 1994 1701 ,
2016 1666 2055 1695 ita
2078 1673 2109 1696 ut
2126 1667 2229 1697 vetusta
2241 1677 2326 1706 opera
2345 1670 2474 1707 pingeret

1342 1729 1344 1731 ,
1365 1703 1479 1736 propter
1494 1705 1677 1728 aeternitatem
1689 1709 1790 1729 rerum.

1342 1733 1448 1773 Lepida
1461 1738 1487 1766 &
1500 1737 1642 1766 concinna
1652 1738 1708 1766 cito
1719 1736 1841 1767 satietaoe
1850 1738 2091 1771 afficiuntaurium
2103 1741 2210 1772 sensum
2219 1742 2467 1776 fastidiofislimum.

1362 1775 1441 1803 fluct.
1460 1774 1496 1803 ad
1509 1775 1611 1804 Heren.
1625 1786 1651 1810 4.
1667 1784 1710 1809 ³²-
1979 1813 1981 1815 ι
2218 1788 2222 1792 ·

1342 1810 1468 1841 Venustae
1479 1813 1504 1842 &
1516 1813 1664 1842 concinnae
1678 1812 1830 1844 sententiae.
1855 1813 1912 1845 Cic.
1930 1815 1966 1845 de
1979 1813 2053 1846 Clar.
2069 1816 2148 1847 Orat.
2165 1826 2228 1853 325.

1341 1849 1445 1879 Helluo
1456 1851 1620 1880 concinnus.
1662 1850 1720 1880 Cic.
1731 1851 1759 1880 in
1775 1850 1863 1881 Pison.
1873 1863 1918 1883 22.
1942 1854 1996 1884 Hic
2009 1861 2103 1884 autern
2114 1862 2235 1885 nontam
2244 1857 2400 1887 concinnus
2413 1858 2472 1889 hel-

1361 1887 1410 1916 luo
1422 1909 1430 1922 ,
1452 1896 1570 1918 nectam
1583 1888 1701 1918 musicus
1709 1889 1818 1924 jacebat
1829 1890 1859 1919 in
1868 1890 1917 1920 suo
1929 1891 2089 1921 Graecorum
2104 1894 2223 1929 foerore,
2244 1901 2325 1931 atque
2338 1895 2415 1926 vino.

1338 1924 1441 1955 Oratio
1452 1927 1608 1962 concinna,
1631 1927 1777 1961 distincta.
1798 1935 1912 1963 ornata,
1932 1929 2034 1959 festiva.
2057 1931 2115 1960 Cic.
2133 1940 2156 1967 3.
2171 1932 2207 1961 de
2218 1932 2295 1962 Orat.
2315 1939 2360 1969 98.

1337 1963 1438 1992 Sermo
1449 1966 1608 1994 concinnus
1618 1971 1733 2002 utraque
1747 1964 1850 2004 lingua.
1872 1967 1940 1998 Hor.
1954 1978 1978 1998 1.
1991 1967 2078 1999 Serm.
2092 1979 2135 1998 10.
2149 1978 2196 2006 23.

1340 1999 1516 2032 Tectorium.
1538 2003 1598 2032 Cic.
1612 2012 1636 2038 3.
1652 2002 1757 2040 QFrat.
1773 2013 1798 2033 1.

1343 2036 1451 2068 Versus.
1475 2041 1540 2070 Hor.
1551 2051 1577 2070 2.
1594 2041 1676 2079 Epist.
1691 2051 1713 2070 1.
1728 2051 1773 2077 74.

1339 2077 1381 2106 Ad
1393 2077 1617 2115 persuadendum
1626 2080 1794 2114 concinnus,
1807 2079 1947 2117 perfectus
1956 2083 1982 2112 &
1989 2081 2094 2120 politus
2101 2082 2200 2113 homo.
2213 2083 2272 2114 Cic.
2287 2084 2317 2114 in
2328 2084 2468 2121 ΡῐΓοη-ςο.

1337 2114 1471 2153 Compar.
1494 2117 1713 2152 [ἐμμελές-ερῶι]
1733 2116 1790 2147 Cic.
1803 2118 1831 2146 in
1846 2117 1924 2148 Orat.
1936 2129 1982 2149 21.
2005 2119 2056 2159 Alii
2074 2121 2104 2149 in
2123 2122 2222 2151 eadem
2235 2122 2384 2158 jejunitate
2403 2133 2470 2153 con-

1357 2154 1499 2183 cinniores
1511 2176 1519 2188 ,
1542 2155 1571 2182 id
1585 2156 1623 2183 est
1636 2155 1718 2184 faceti
1730 2177 1738 2188 ,
1759 2155 1890 2185 florentes
1906 2158 1991 2186 etiam
2007 2160 2032 2187 Sc
2043 2158 2141 2187 leviter
2155 2161 2255 2190 ornati.
2277 2160 2348 2191 Ptin.
2360 2161 2409 2191 lib.
2426 2165 2470 2192 16.

1351 2200 1420 2229 cap.
1437 2202 1480 2227 34.
1502 2192 1586 2221 Parva
1599 2192 1699 2222 sunt&
1711 2189 1842 2230 angulosa
1856 2216 1864 2228 ,
1886 2196 2136 2234 concinnioraque.

1338 2228 1434 2258 Venus
1447 2230 1622 2260 concinnior.
1646 2230 1755 2260 Lucret.
1770 2243 1795 2265 4·
1810 2239 1889 2269 ¹27¹-

1300 2265 1384 2298 C0N
1393 2277 1410 2296 c
1420 2277 1456 2296 1N
1468 2277 1511 2297 Na
1524 2290 1532 2303 ,
1555 2269 1622 2297 Adv.
1646 2269 1802 2305 [ἐμμελῶς]
1823 2269 2001 2308 Compolste,
2021 2270 2171 2310 eleganter.
2193 2278 2242 2310 ut,
2265 2273 2414 2306 Concinne
2425 2285 2472 2307 ve.

1340 2305 1428 2334 stitus.
1450 2305 1536 2335 Plaut.
1548 2306 1628 2344 Epid.
1645 2316 1670 2335 2.
1685 2317 1710 2335 2.
1731 2312 1774 2343 38.

1338 2343 1490 2373 Concinne
1501 2344 1596 2373 dicere
1608 2343 1652 2373 vel
1662 2344 1790 2374 scribere.
1813 2344 1873 2375 Cic.
1886 2354 1913 2375 2.
1929 2346 1965 2375 de
1973 2346 2051 2377 Orat.

1340 2381 1489 2411 Concinne
1501 2382 1733 2412 distribuererem
1746 2382 1876 2421 aliquam.
1899 2383 1957 2413 Cic.
1974 2394 2000 2413 a.
2013 2385 2050 2415 de
2062 2384 2139 2415 Orat.
2152 2391 2198 2421 81.

1336 2418 1487 2449 'Concinne
1502 2422 1528 2450 &
1543 2420 1646 2449 blande
1658 2429 1764 2458 rogare.
1806 2420 1865 2450 Cic.
1877 2430 1929 2458 pro
1941 2421 2020 2452 Rosc.
2033 2423 2112 2452 Com.
2126 2434 2171 2459 49·
2193 2423 2279 2454 Hunc
2289 2424 2469 2463 posteaquam

1357 2457 1484 2486 salutavit
1495 2479 1503 2491 ,
1524 2468 1621 2496 rogare
1630 2460 1719 2496 coepit
1729 2480 1737 2493 ‚
1761 2457 1863 2488 blande
1873 2460 1899 2488 &
1909 2461 2051 2490 concinne
2061 2461 2167 2491 scilicet
2176 2484 2184 2498 ‚
2207 2462 2329 2492 Mentire
2340 2485 2348 2499 ,
2364 2465 2417 2494 ἃς.

1299 2494 1380 2524 CON
1392 2496 1586 2525 crNNi‘Tna
1598 2517 1607 2531 ‚
1629 2497 1696 2526 Adv.
1718 2496 1790 2526 Gell.
1808 2502 1850 2531 ¹8.
1869 2506 1896 2526 2.

1300 2532 1324 2563 C
1334 2543 1351 2566 o
1359 2543 1379 2562 N
1388 2542 1423 2562 cr
1434 2543 1454 2562 N
1465 2543 1487 2562 N
1495 2535 1507 2562 f
1515 2542 1535 2562 τ
1543 2543 1561 2563 A
1569 2543 1582 2563 s
1591 2555 1599 2569 ‚
1629 2534 1690 2564 atis.
1722 2534 1740 2563 f.
1775 2535 1932 2570 [ἐμμέλεια.
1955 2535 2101 2572 ἔνρυθμέοι]
2137 2537 2260 2568 Ornatus
2277 2560 2286 2572 ,
2319 2537 2465 2577 elegantia.

1337 2571 1400 2600 Cic.
1410 2570 1529 2601 deClar.
1540 2571 1618 2601 Orat.
1628 2575 1691 2606 286.
1718 2572 1830 2609 utquid
1841 2572 1880 2602 est
1894 2579 1950 2602 tam
1959 2573 2077 2604 fractum
2089 2597 2097 2610 ‚
2119 2581 2176 2604 tam
2189 2576 2330 2607 minutum
2345 2599 2353 2613 ‚
2371 2584 2427 2608 tam
2437 2580 2468 2609 in

1336 2608 1395 2645 ipsa
1408 2631 1416 2643 ,
1437 2619 1520 2646 quam
1531 2614 1626 2638 tamen
1637 2608 1818 2645 consequitur
1827 2633 1835 2645 ,
1856 2611 2050 2641 concinnitate
2065 2612 2193 2650 puerile?

1336 2647 1445 2676 Ornata
1456 2647 1652 2677 sententiarum
1662 2649 1845 2678 concinnitas.
1867 2648 1928 2678 Cic.
1940 2649 1976 2679 de
1988 2649 2059 2681 Clar.
2071 2651 2151 2681 Orat.
2167 2660 2231 2688 3²5·

1336 2679 1493 2714 Verborum
1503 2686 1687 2715 concinnitas.
1717 2686 1774 2715 Cic.
1787 2686 1816 2715 in
1825 2683 1903 2716 Orat.
1916 2696 1978 2721 149.

1334 2722 1475 2761 Consequi
1487 2724 1717 2754 concinnitatem.
1741 2724 1802 2753 Cic.
1813 2724 1849 2753 de
1858 2724 1928 2755 Clar.
1945 2725 2023 2755 Orat.
2034 2728 2079 2760 69.
2102 2726 2332 2758 concinnitatem
2344 2729 2468 2767 appellat

1352 2760 1537 2799 generaliter,
1557 2761 1683 2792 Omnem
1694 2763 1908 2792 exornationem
1919 2763 2086 2801 verborum,
2108 2764 2163 2795 sive
2188 2771 2284 2804 tropus
2300 2764 2331 2796 sit
2342 2789 2350 2803 ,
2369 2767 2422 2798 five
2435 2768 2467 2798 fi.

1352 2809 1430 2835 gnra.

1333 2836 1447 2874 Aliquid
1459 2837 1661 2868 concinnitatis
1676 2837 1797 2867 efficere.
1819 2836 1877 2867 Cic-
1887 2839 1916 2868 in
1928 2838 2005 2869 Orat.
2020 2840 2068 2873 81.

1333 2874 1368 2904 Et
1376 2875 1408 2904 in
1417 2874 1517 2913 plurali
1529 2875 1743 2915 Concinnitates
1755 2875 1830 2905 dixit
1842 2875 1949 2907 Gellius
1961 2887 1987 2907 2.
2003 2881 2048 2906 26.
2071 2887 2106 2908 ex
2117 2877 2245 2908 Favorini
2255 2879 2356 2909 verbis.

1295 2912 1319 2942 C
1329 2922 1375 2942 oN
1385 2922 1449 2942 c1N
1459 2916 1607 2943 Νιτῦοο
1622 2935 1631 2949 ,
1650 2914 1716 2943 inis.
1738 2913 1757 2943 f.
1793 2914 1964 2950 [ἓμμέλωι]
1994 2915 2082 2946 Idem.
2117 2916 2176 2946 Cic.
2203 2927 2225 2946 1.
2248 2917 2283 2946 de
2299 2918 2403 2948 lnvent.
2416 2927 2462 2955 25.

1332 2950 1497 2988 Splendoris
1523 2953 1550 2982 ἃ.
1569 2952 1727 2982 festivitatis
1746 2953 1773 2982 δι
1790 2951 2035 2984 concinnitudinis
2055 2954 2204 2984 minimum
2223 2955 2253 2984 in
2269 2954 2297 2985 se
2316 2957 2464 2987 continere

1334 2989 1428 3018 debet.

1293 3025 1518 3063 CONcrNNo,
1540 3026 1676 3063 [iffa-iu,
1700 3025 1824 3063 σνντὶἳπμι
1837 3050 1846 3064 ,
1863 3028 2035 3065 συσκώάζω]
2055 3031 2110 3058 are.
2133 3029 2204 3066 Apte
2216 3039 2396 3068 componere,
2419 3033 2462 3062 in.

1329 3065 1393 3104 quit
1406 3064 1505 3094 Festus.
1547 3064 1632 3102 Plaut.
1649 3065 1719 3096 Asin.
1735 3075 1758 3095 1.
1774 3075 1799 3101 3.
1815 3069 1860 3102 64.
1882 3067 1991 3103 Auceps
2011 3067 2123 3104 quando
2142 3068 2329 3098 'concinnavit
2348 3079 2459 3107 aream,

1330 3102 1453 3132 effundit
1464 3102 1567 3132 cibum.
1608 3102 1636 3133 h.
1649 3113 1673 3134 e.
1696 3105 1807 3140 Aptavit
1818 3126 1826 3140 ,
1847 3104 2020 3141 composuit,
2035 3105 2116 3135 fecit.

1331 3139 1416 3170 Vides
1425 3147 1456 3170 ut
1466 3140 1524 3170 haec
1533 3141 1728 3171 concinnant?
1748 3141 1808 3172 Cic.
1823 3153 1846 3178 ς.
1858 3142 1894 3171 de
1902 3142 1963 3172 Fin.
1975 3148 2019 3177 83.

1330 3176 1435 3208 Lutum
1453 3179 1641 3216 concinnare,
1672 3180 1827 3218 Praeparare
1847 3180 1884 3210 ad
1902 3180 2020 3210 domum
2032 3180 2246 3212 instaurandam.
2269 3181 2357 3213 Plaur.
2382 3182 2458 3215 Rud.

1352 3226 1376 3246 1.
1390 3226 1417 3246 2.
1429 3222 1455 3251 8.

1329 3254 1506 3284 Concinnare
1515 3254 1629 3285 struices
1643 3255 1802 3294 patinarias.
1825 3255 1912 3286 Plaut.
1924 3256 2002 3286 Men.
2017 3265 2041 3286 1.
2054 3265 2078 3286 1.
2090 3259 2137 3287 26.

1330 3292 1451 3322 Vestem.
1476 3293 1559 3323 Plaut.
1578 3294 1655 3323 Men.
1669 3304 1693 3329 ς.
1708 3303 1730 3323 1.
1747 3299 1792 3331 33.

1328 3328 1419 3360 Viam.
1442 3329 1529 3362 Plaut.
1541 3331 1629 3365 Stich.
1642 3341 1669 3361 2.
1686 3343 1709 3361 1.
1727 3340 1768 3367 ¹3·

1325 3367 1440 3398 Vinum.
1464 3369 1532 3398 Plin.
1546 3368 1594 3399 lib.
1610 3379 1650 3405 ¹4·
1660 3379 1722 3407 cap.
1736 3379 1783 3398 20.

1323 3404 1507 3436 'Concinnare
1519 3408 1604 3436 etiam
1617 3407 1705 3444 pelles
1717 3407 1790 3436 dixit
1799 3407 1869 3436 Plin.
1904 3409 1923 3444 ἶ
1933 3407 1989 3438 Nisi
2000 3416 2073 3437 error
2082 3407 2128 3437 est.

1327 3443 1504 3474 Concinnare
1515 3466 1524 3480 ,
1545 3445 1645 3474 Facere
1654 3467 1662 3479 ‚
1684 3446 1798 3475 auctore
1809 3445 1914 3474 Nonio.
1936 3445 2021 3475 Plaut.
2034 3445 2131 3483 Amph.
2144 3454 2171 3476 2.
2183 3454 2209 3477 2.
2221 3448 2266 3483 96.

1407 3482 1493 3512 Nulla
1503 3492 1544 3512 res
1556 3490 1614 3512 tam
1625 3482 1773 3512 delirantes
1783 3483 1912 3513 homines
1921 3484 2074 3513 concinnat
2084 3484 2152 3513 cito.

1326 3519 1505 3550 Concinnare
1514 3520 1539 3549 se
1549 3520 1640 3550 levem
1653 3520 1716 3550 suis.
1740 3520 1827 3550 Plaut.
1845 3521 1924 3551 Trin.
1940 3530 1963 3556 3.
1977 3531 2003 3550 2.
2020 3526 2063 3557 58.

1363 3594 1370 3602 ·
1406 3558 1617 3624 Nunqgaenerit
1626 3558 1724 3588 alienis
1735 3559 1841 3596 gravis,
1863 3558 1972 3596 quisuis
1983 3559 2009 3588 se
2023 3559 2175 3589 concinnat
2185 3558 2288 3591 levem.
2328 3561 2382 3592 i.e.
2404 3561 2453 3593 Fa.

1336 3602 1384 3629 jcit
1397 3618 1405 3631 ,
1426 3597 1492 3625 exhi
1515 3603 1550 3625 et.

1324 3632 1502 3664 Concinnare
1513 3642 1630 3663 uxorem
1638 3633 1850 3671 lacrymantem.
1870 3633 1957 3663 Plaut.
1969 3634 2069 3672 Amph.
2085 3643 2108 3664 1.
2125 3643 2150 3670 3.
2162 3643 2206 3670 31.

1406 3671 1618 3701 Lacrumantem
1629 3681 1664 3700 ex
1672 3672 1750 3701 abitu
1761 3672 1914 3701 concinnas
1924 3680 1953 3702 tu
1963 3679 2042 3702 tuam
2054 3681 2182 3704 uxorem.

1339 3711 1411 3744 Tmari
1423 3709 1491 3738 facis
1505 3709 1542 3737 ob
1553 3707 1701 3738 discefl‘um
1716 3714 1805 3738 tuum.

1325 3746 1524 3777 Munusculum
1537 3746 1620 3776 alicui
1630 3748 1809 3776 concinnare.
1831 3746 1888 3777 Cic.
1907 3757 1950 3777 12.
1962 3747 2039 3777 Fam.
2054 3750 2099 3778 16.

1282 3783 1631 3820 CONcrNNANrrA.
1653 3795 1685 3814 ae.
1705 3785 1724 3813 f.
1747 3785 1844 3814 Sidon.
1857 3790 1882 3819 8.
1902 3785 1983 3823 Epist.
1997 3796 2022 3819 4.

1286 3822 1308 3852 C
1318 3832 1335 3851 o
1345 3832 1365 3851 N
1375 3832 1393 3852 c
1405 3833 1414 3851 1
1425 3832 1445 3850 N
1454 3831 1475 3850 N
1484 3832 1503 3850 A
1513 3831 1532 3850 T
1540 3832 1550 3850 1
1559 3832 1577 3851 o
1585 3843 1594 3858 ‚
1615 3824 1688 3853 finis.
1709 3822 1728 3851 f.
1750 3823 1765 3858 [
1777 3821 1954 3859 wnotaoix]
1978 3822 2054 3854 ‘Cato
2070 3832 2131 3862 cap.
2147 3827 2209 3854 106.
2230 3825 2313 3862 Aquae
2336 3825 2449 3855 marinae

1293 3888 1297 3892 .
1322 3861 1515 3889 concinnatio.

1285 3896 1308 3928 C
1316 3908 1333 3927 o
1343 3908 1364 3932 N
1373 3908 1391 3927 c
1400 3909 1408 3926 1
1416 3906 1436 3926 N
1446 3907 1465 3925 N
1475 3900 1493 3926 A
1503 3906 1523 3925 T
1532 3906 1549 3925 o
1557 3906 1573 3926 R
1583 3918 1591 3932 ,
1612 3897 1676 3927 oris.
1707 3906 1745 3926 m.
1776 3898 1973 3934 [σνηιώωςὲς]
2003 3904 2035 3928 ut
2046 3920 2055 3935 ,
2083 3898 2275 3929 Concinnator
2293 3899 2443 3929 causarum.

1321 3935 1388 3973 Ulp.
1403 3936 1431 3964 in
1447 3934 1465 3963 l.
1491 3935 1552 3964 Nec
1566 3935 1723 3972 quiequam.
1747 3934 1780 3964 D.
1798 3935 1834 3964 de
1850 3935 1951 3966 Officio
1971 3936 2166 3972 proconsulis,
2196 3937 2276 3966 Circa
2297 3938 2446 3978 advocatos

1318 3974 1476 4012 patientem
1487 3971 1541 4004 effe
1558 3972 1754 4004 Proconsulem
1764 3979 1876 4043 oportet
1887 3995 1895 4007 ‚
1916 3973 1963 4005 sed
1973 3983 2039 4008 cum
2048 3975 2161 4013 ingenio
2171 3996 2180 4016 2
2201 3984 2237 4005 ne
2248 3975 2447 4041 contempnis}-

1810 4019 1853 4041 111
1872 4019 1890 4043 2
2432 4021 2447 4042 s

2401 161 2473 202 619

2164 461 2181 490 i.
2197 470 2219 491 e.
2246 461 2312 491 Sine
2323 471 2471 500 congrega-

2265 3673 2293 3704 h.
2306 3683 2331 3704 e.
2352 3674 2452 3713 Lacry-
