2604 4222
141 109 208 148 748
562 93 845 131 CUT

145 182 167 212 C
176 191 193 210 0
203 191 215 210 s
223 191 241 209 v
249 190 264 210 ι
273 190 293 210 τ
303 190 351 210 ΛΝ
361 189 380 213 1,
402 183 489 208 orum.
509 187 545 207 m.
565 177 649 207 ltaliae
662 174 768 213 populi,
778 181 887 202 carnem
896 171 924 199 in
934 175 1030 199 monte
1045 167 1152 198 Albano
1163 166 1291 204 accipere

184 218 275 255 soliti,
295 224 326 248 ut
335 216 417 247 tradit
429 216 498 246 Plin.
508 215 554 245 lib.
569 224 592 251 3.
605 223 666 251 cap.
679 224 701 248 5-

570 327 599 360 C
697 323 729 357 U
834 322 866 356 T

147 441 196 472 Cu
205 451 225 470 τ
235 452 244 471 1
253 453 287 471 ιι
296 451 315 470 A
324 462 332 475 ,
354 439 414 476 Agri
424 437 531 466 Reatini
543 436 617 465 lacus
627 435 665 464 011
676 456 683 469 ,
706 434 733 462 10
746 442 800 469 quo
810 432 902 462 silvosa
915 431 999 461 insula
1009 431 1133 465 innatat,
1154 438 1214 466 quae
1225 438 1296 457 nun-

185 489 266 515 quam
280 479 325 507 die
343 478 367 506 81
385 477 465 504 00610
484 474 582 502 eodem
602 478 744 510 permanet
764 470 837 500 loco.
880 472 980 499 Auctor
993 469 1060 497 Plin.
1074 467 1122 497 lib.
1135 476 1160 495 2.
1174 476 1233 503 cap.
1247 477 1291 500 95.

185 519 211 546 61
225 517 271 545 lib.
285 525 307 551 3.
331 523 388 550 cap.
410 522 449 578 ἲς..
471 512 511 540 De
530 511 606 547 aquis
624 509 663 539 ibi
681 509 846 543 medicatis,
881 508 912 537 V.
935 507 1039 537 Vitruv.
1057 512 1083 539 8.
1098 515 1122 542 3.
1144 505 1208 534 Sen.
1227 504 1292 533 Nat.

247 564 253 572 ⁷
279 575 284 581 .
311 550 457 580 .2.Pin.
494 560 516 578 1.
548 571 554 577 .

148 553 279 623 egipsst'
296 561 332 617 13.
352 561 373 616 5f.
406 557 621 622 [dt'gioeothffi
640 583 726 621 χρὼς]
760 582 841 612 Ρο1113
862 582 915 611 sive
945 582 1060 611 corium.
1102 578 1170 608 Plin.
1185 578 1233 607 lib.
1251 587 1293 621 ¹.¹·

184 637 243 664 cap.
260 636 302 662 39.
338 625 394 653 Cic.
410 633 451 653 ιο.
471 624 545 653 Fam.
559 629 601 655 18.
628 623 683 651 Sed
704 631 760 650 non
780 619 887 658 possum
904 629 960 647 non
979 615 1171 647 exhorrescere
1191 617 1207 645 si
1227 615 1294 652 quid

181 666 251 694 intra
270 669 362 692 cutem
380 661 466 690 subest
477 660 615 695 vulneris,
636 659 711 696 quod
729 659 804 696 prius
819 666 922 686 nocere
938 657 1027 694 potest
1044 664 1125 692 quam
1146 654 1206 683 sciri
1218 675 1226 690 ,
1248 662 1294 682 cu-

180 702 230 730 rari
252 710 285 728 ue
318 699 387 728 oilit.

179 709 316 767 AdsiqccatIa
330 742 407 773 rapto
417 735 530 764 cerebro
540 735 619 763 cutis.
643 733 744 763 Lucan.
759 739 784 767 8.
797 736 840 768 69.
863 732 915 761 Alii
927 731 1023 768 legunt
1034 729 1180 760 Exsiccata.

180 775 259 811 sagra
270 775 442 804 cutistumet.
466 772 532 802 Pers.
547 781 570 808 3.
583 773 638 801 Sat.
653 776 697 808 63.

179 815 267 842 Arcta.
290 812 355 841 Stat.
370 815 396 840 6.
409 810 498 840 Theb.
513 815 574 843 871.

370 864 407 869 —-
417 848 488 884 riget
496 850 569 876 arcta
579 847 650 876 cutis
658 868 666 880 ,
688 845 814 882 durisque
823 843 951 874 laborum

271 885 402 922 Castigata
412 886 488 915 toris.

177 924 257 955 Arida
267 924 336 952 cutis
347 923 372 952 se
381 924 462 952 laxat.
483 922 582 958 Juven.
597 924 622 950 6.
639 921 694 951 Sat.
714 928 774 956 143.

179 960 354 992 Cancellaria.
393 961 425 990 Iri
447 970 464 989 c
474 971 491 988 A
502 969 521 988 N
532 970 549 988 0
560 969 572 987 a
584 969 599 986 L
609 969 650 989 1.1.

178 1000 312 1028 Candida.
336 998 367 1027 ln
389 1008 405 1027 e
415 1008 432 1026 A
442 1007 460 1026 N
473 1008 490 1025 r>
502 1008 509 1025 1
521 1008 536 1024 0
548 1007 564 1025 υ
575 1006 596 1025 3.

178 1037 320 1074 Castigata.
342 1037 409 1065 Stat.
421 1040 445 1064 ὁ.
460 1034 548 1064 Theb.
561 1039 624 1068 872.

176 1075 259 1104 Dura.
284 1074 367 1102 Ovid.
380 1079 404 1106 8.
419 1073 482 1102 Met.
497 1078 560 1107 803.

175 1111 324 1142 Maculosa.
365 1111 396 1140 ln
417 1122 436 1139 M
448 1121 465 1138 A
474 1120 490 1138 c
500 1120 516 1138 0
527 1121 542 1137 L
552 1119 580 1138 A.

175 1150 282 1178 Tenax.
306 1148 404 1177 Claud.
417 1148 452 1176 de
463 1147 578 1176 Histrice
589 1167 597 1181 ,
617 1145 709 1183 Epigr.
725 1153 769 1182 37.

175 1186 291 1216 Tenuis.
316 1186 397 1215 Ovid.
413 1197 438 1221 4.
456 1185 534 1214 Trist.
552 1188 577 1213 6.
594 1193 639 1217 42.

175 1225 297 1254 Adducit
309 1224 410 1252 macies
420 1228 523 1252 cutem.
545 1221 629 1251 Ovid.
641 1230 664 1256 3.
681 1220 749 1249 Met.
763 1229 825 1256 397.

175 1262 298 1291 Arniavit
309 1268 406 1290 natura
415 1268 518 1289 cutem.
541 1258 637 1288 Claud.
654 1258 689 1287 de
709 1258 823 1287 Locusta
834 1279 842 1291 ,
860 1256 951 1293 Epigr-
962 1265 1006 1290 ις.

175 1300 277 1329 Curare
289 1306 381 1328 cutem
393 1321 401 1333 ,
423 1297 545 1333 Obsequi
559 1296 678 1334 corpori.
700 1296 798 1331 Juven.
810 1305 835 1324 2.
849 1294 905 1323 Sat.
923 1292 1090 1360 ¹⁰5'111ssrf11'
1106 1289 1289 1365 {1333232

266 1337 298 1367 In
311 1343 373 1365 cute
382 1336 502 1365 curanda
515 1334 576 1372 plus
586 1343 665 1369 aequo
676 1341 787 1370 operata
798 1333 934 1368 juventus.
1071 1366 1094 1395 V

1096 1388 1103 1396 .
1127 1376 1145 1395 0
1155 1375 1172 1395 υ
1182 1375 1198 1394 ι
1207 1375 1234 1395 0.

267 1374 315 1405 Me
325 1375 457 1412 pinguem
469 1374 493 1402 8(
508 1372 628 1401 nitidum
640 1371 712 1400 bene
721 1378 815 1401 curata
830 1376 894 1399 cute
907 1368 983 1399 vises.

173 1412 306 1456 Deripere
316 1418 418 1440 cutem.
440 1410 525 1440 Ovid.
537 1414 563 1438 6.
577 1409 646 1438 Met.
665 1414 726 1445 387.

172 1450 300 1480 Finditur
313 1450 390 1478 cutis.
413 1447 482 1478 Cels.
494 1447 540 1476 lib.
556 1457 580 1480 ς.
592 1456 651 1484 cap.
666 1455 711 1483 ²7·

172 1488 292 1518 Findere
304 1493 405 1516 cutem.
427 1486 523 1515 Senec.
536 1484 663 1518 Troade,
685 1487 713 1515 6.

173 1525 323 1554 Obducere
332 1530 434 1553 cutem.
476 1523 505 1552 [n
525 1532 542 1551 o
550 1533 565 1550 B
573 1532 592 1550 D
603 1531 620 1550 0
629 1530 647 1550 0
657 1531 684 1551 0.

172 1562 261 1599 Riget.
286 1562 314 1591 V.
338 1562 434 1594 Arcta,
453 1560 541 1598 supra.

172 1600 320 1636 Rumpere.
345 1598 412 1628 Cels.
425 1598 471 1627 lib.
488 1608 509 1631 ς.
521 1607 581 1633 cap.
595 1602 636 1630 18.

171 1638 279 1666 Tonsos
291 1637 325 1665 ad
336 1644 435 1665 cutem.
461 1635 529 1664 Cels.
542 1635 587 1664 lib.
604 1644 626 1663 1.
640 1643 702 1671 cap.
715 1642 744 1669 4.
895 1668 901 1674 Ι
920 1668 925 1674 ”
1079 1666 1086 1673 ·
1215 1665 1222 1672 .
1259 1665 1264 1671 ,

170 1675 278 1705 Το0013
300 1673 466 1704 elocutionis
485 1679 549 1703 cute
568 1672 696 1702 habitum
712 1669 848 1700 orationis
875 1667 985 1699 virilem
1006 1675 1125 1705 operire.
1164 1665 1287 1703 Quintil.

192 1724 214 1747 ς.
240 1722 281 1742 12.

169 1750 279 1780 Arboris
288 1750 368 1779 cutis.
393 1748 459 1778 Plin⁴
475 1747 523 1777 lib.
538 1757 578 1777 12.
592 1757 652 1785 cap.
665 1757 709 1782 19.

169 1788 348 1818 Terraecutis.
372 1786 495 1816 Plin.lib.
510 1796 552 1815 20.
567 1795 627 1823 cap.
644 1795 686 1820 19.

170 1826 235 1855 Uvae
248 1827 273 1855 &
284 1824 365 1854 cerasi
378 1825 458 1854 cutis.
481 1823 550 1852 Plin.
563 1822 611 1852 lib.
627 1833 667 1858 ¹5·
678 1832 739 1859 cap.
751 1827 796 1855 28.
1023 1856 1029 1862 .

169 1864 264 1898 Cutis,
287 1862 408 1891 Graecam
416 1862 499 1890 habet
509 1861 662 1898 originem:
684 1860 756 1889 hanc
766 1858 841 1888 enim
851 1856 891 1886 illi
901 1855 984 1887 nih-&1
1001 1856 1107 1885 dicunt.
1128 1853 1231 1884 Festus.

132 1901 155 1932 C
166 1911 183 1931 υ
194 1905 233 1930 Ti
243 1910 259 1930 c
268 1902 285 1929 ῠ
296 1911 311 1928 1.
321 1910 339 1929 A
350 1921 358 1935 ‚
380 1910 410 1929 ae.
432 1900 451 1928 f.
474 1896 645 1935 [ἡςμωίτων]
666 1897 765 1926 dimin.
788 1896 869 1925 Parva
885 1895 965 1924 cutis.
993 1892 1061 1923 Pers.
1074 1903 1100 1928 4.
1113 1891 1169 1922 Sat.
1186 1896 1229 1925 18·

324 1939 395 1966 -—&
408 1937 514 1966 affiduo
523 1942 615 1965 curata
626 1935 747 1966 cuticula
757 1934 822 1963 sole.
906 1931 980 1961 conf.
1004 1933 1034 1960 in
1054 1940 1072 1959 c
1082 1939 1147 1958 011
1158 1939 1180 1958 s.

169 1976 266 2005 Nostra
277 1975 352 2005 bibat
367 1984 483 2004 vernum
494 1973 765 2003 contrasta-cuticula
776 1971 872 2000 solem.
894 1970 992 2006 Juven.
1007 1979 1016 1997 1
1026 1968 1191 2011 1.·Sat.20.3.

132 2014 239 2047 Οῦνι,
261 2014 289 2042 10
302 2014 386 2042 110100
396 2013 517 2041 carmine
528 2012 602 2049 apud
615 2011 763 2040 Ausonium
785 2009 918 2046 scriptum
941 2016 991 2044 pro
1011 2006 1063 2035 Cui
1082 2012 1235 2049 reperitur,
1254 2007 1286 2033 ut

169 2051 259 2081 versus
271 2052 349 2080 ruina
361 2050 415 2079 hoc
423 2057 553 2086 tanquam
563 2049 680 2078 tibicine
693 2048 823 2078 fulciatur
833 2067 842 2083 ,
863 2055 923 2083 quae
936 2045 1050 2074 licentia
1060 2050 1150 2081 poetis
1159 2041 1285 2072 concessa

168 2089 215 2120 est.
254 2088 350 2117 Versus
362 2088 442 2123 sunt,
464 2086 572 2117 Mosell.
589 2095 690 2123 v.311.

261 2125 431 2156 Dinochares
442 2147 449 2160 ,
471 2125 579 2162 quadro
593 2124 656 2154 cuvi
668 2124 697 2153 in
711 2122 814 2160 fastigia
824 2130 898 2151 cono
1068 2156 1074 2163 ¹

259 2164 359 2202 Surgit,
381 2163 474 2201 &ipsa
484 2163 542 2192 suas
557 2161 694 2192 consumit
704 2160 823 2199 pyramis
833 2159 954 2193 umbras.
1047 2157 1093 2186 Sic
1101 2156 1175 2194 apud
1183 2155 1285 2200 Lucre-

167 2202 237 2231 tium
252 2201 300 2230 lib.
317 2211 340 2230 r.
353 2205 416 2235 689.
439 2210 489 2238 pro
501 2200 570 2234 Rei,
590 2199 652 2229 Reii
664 2199 807 2232 scribitur,
828 2203 860 2226 ut
871 2196 972 2234 syllaba
983 2195 1121 2224 tendatur.
1161 2194 1207 2224 Sic
1218 2193 1285 2224 alias

168 2249 225 2269 non
234 2249 294 2269 raro
304 2238 416 2275 scribit,
437 2243 462 2269 &
473 2247 524 2276 pro
539 2237 589 2274 Ei,
610 2237 651 2267 Eii
664 2237 740 2267 dicit.
761 2235 910 2265 Turnebus
923 2244 965 2270 19.
976 2242 1020 2264 12.

570 2343 599 2378 C
695 2343 730 2379 Y
827 2343 855 2376 A

127 2456 149 2487 C
158 2457 177 2485 ir
187 2457 203 2485 A
213 2466 234 2485 M
244 2458 260 2485 ἓ
271 2464 289 2484 A
301 2476 310 2490 ,
331 2464 362 2484 ae.
384 2454 404 2485 f.
428 2454 575 2490 [κυάμᾶοι]
598 2452 713 2483 Gemma
722 2474 730 2488 ‚
751 2462 810 2489 qure
822 2451 907 2482 frana
920 2452 989 2482 fabae
999 2451 1207 2481 similitudinem
1219 2458 1287 2488 prae-

164 2494 224 2523 fert.
266 2493 333 2522 Plin.
346 2492 394 2522 lib.
409 2501 452 2529 37.
466 2502 527 2530 cap.
541 2502 583 2521 11.
606 2491 726 2529 Cyamea
736 2492 812 2528 nigra
823 2490 879 2520 est:
901 2490 948 2520 sed
958 2491 1042 2520 fracta
1053 2511 1061 2526 ‚
1082 2499 1116 2519 ex
1134 2489 1159 2518 se
1171 2489 1240 2519 fabae
1254 2488 1286 2517 si-

164 2531 352 2560 militudinem
363 2532 443 2568 parit.
1089 2532 1093 2533 ⁷

127 2569 148 2599 C
161 2571 179 2598 ζ’
189 2572 204 2598 A
215 2580 234 2597 M
244 2578 297 2603 os,
319 2569 338 2597 i.
360 2578 397 2597 m.
421 2566 575 2604 [niixpt&⁴]
597 2565 671 2596 Faba
682 2588 690 2601 ,
711 2575 798 2602 genus
809 2565 959 2603 leguminis
971 2587 979 2600 ‚
1000 2575 1015 2594 a
1032 2565 1112 2601 cujus
1126 2562 1171 2593 esu
1187 2563 1285 2601 Pytha-

162 2616 255 2644 goram
266 2605 460 2644 religiosiffime
471 2605 563 2643 ferunt
576 2604 742 2633 abstinuisse.
783 2604 850 2633 Haec
871 2610 965 2632 autem
985 2602 1041 2632 sola
1056 2604 1128 2632 inter
1144 2601 1284 2639 legumina

162 2645 218 2673 sine
229 2643 398 2672 adminiculo
407 2644 511 2672 nititur.
555 2642 585 2671 V.
608 2641 700 2672 Ruell.
711 2642 758 2670 lib.
771 2651 796 2670 2.
809 2651 869 2679 cap.
885 2647 928 2677 38.

163 2682 298 2719 Cyamos,
321 2681 412 2710 Herba
435 2681 553 2717 ffigypto
576 2679 739 2717 peculiaris,
759 2679 893 2708 latissimis
913 2677 1004 2711 foliis,
1027 2688 1087 2715 quae
1105 2679 1131 2708 &
1144 2676 1284 2706 Colocasia

181 2720 300 2754 dicitur,
322 2720 347 2748 &
369 2718 430 2747 faba
442 2717 587 2755 ffigyptia,
609 2716 653 2746 seu
676 2717 868 2746 Alexandrina.
910 2716 977 2746 Plin.
994 2715 1096 2745 lib.21.
1111 2725 1172 2752 cap.
1187 2725 1228 2750 19.
1253 2714 1283 2743 in

182 2758 302 2794 AEgypto
313 2756 480 2785 nobiliffima
494 2755 531 2784 est
546 2754 695 2790 Colocasia,
710 2764 790 2792 quam
801 2753 926 2791 Cyanion
940 2760 1042 2783 vocant
1055 2754 1149 2791 aliqui.
1171 2752 1201 2782 V.
1223 2752 1284 2790 plu-

179 2796 244 2824 rain
255 2794 425 2824 dictionibus
442 2802 486 2822 co
498 2802 663 2822 r.oc.AsrA
679 2814 688 2828 ‚
709 2794 735 2821 &
755 2801 956 2821 crao‘riuti.

123 2832 173 2862 011
183 2835 197 2861 A
210 2842 229 2861 N
241 2833 330 2867 uses.
352 2832 370 2861 f.
394 2830 531 2868 Nymphae
545 2840 650 2859 nornen
666 2852 674 2864 ,
697 2840 756 2866 quae
766 2829 933 2867 Proserpina:
945 2838 1040 2858 comes
1051 2828 1122 2864 fuit,
1143 2837 1236 2865 quam,
1250 2837 1282 2857 03

162 2876 250 2907 rapta,
272 2869 360 2898 nimio
374 2870 433 2905 ejus
444 2868 579 2898 desiderio
596 2868 625 2896 in
644 2867 723 2897 fonte
735 2867 872 2897 delituisse
889 2867 982 2897 scribit
1000 2867 1083 2897 Ovid.
1095 2878 1118 2902 ς.
1135 2867 1202 2896 Met.
1214 2876 1279 2900 409.

160 2908 294 2938 Meminit
303 2908 362 2943 ejus
371 2908 396 2937 δι
407 2906 550 2936 Claudian.
565 2905 685 2935 Lactant.
699 2906 847 2935 Grammat.
858 2905 887 2934 in
902 2916 926 2940 ς.
938 2905 1028 2935 Theb.
1039 2905 1198 2934 Comment.
1209 2903 1282 2932 hanc

161 2946 195 2974 ab
209 2947 302 2983 Anapo
312 2952 430 2974 amatam
443 2944 543 2977 tradit,
566 2945 591 2973 &
603 2943 684 2972 aliam
694 2944 790 2972 recitat
803 2943 934 2972 fabulam.

124 2983 145 3013 C
157 2984 174 3012 i*
185 2988 201 3012 Ᾰ
211 2993 229 3011 Ν
241 2993 255 3011 a
267 3005 275 3018 ,
296 2992 333 3012 es.
357 2982 374 3012 f.
399 2982 545 3020 Oppidum
562 2981 599 3010 est
610 2981 698 3019 Lyciae
707 3003 714 3017 ,
736 2981 810 3019 apud
823 2979 891 3010 Plin.
902 2980 950 3011 lib.
962 2992 985 3015 ς.
1001 2989 1061 3017 cap.
1074 2988 1119 3016 27.

161 3021 204 3050 Est
213 3022 279 3049 item
291 3030 396 3049 nomen
406 3020 500 3049 Fontis
511 3020 539 3048 in
547 3029 611 3056 agro
621 3019 803 3056 Syracusano.
845 3018 897 3048 Hic
909 3019 1003 3056 Anapo
1014 3017 1124 3054 mistus,
1144 3015 1280 3054 111111301-

180 3059 281 3096 tygiam
293 3057 409 3087 insulam
421 3058 449 3086 in
461 3067 534 3086 mare
544 3057 675 3086 illabitur.
702 3056 785 3086 Ovid.
796 3066 819 3092 3.
835 3057 870 3085 de
882 3055 981 3092 Ponto,
995 3066 1038 3086 10.
1049 3060 1095 3086 26.

241 3096 358 3133 Quaque
368 3095 421 3125 suis
433 3095 545 3132 Cyanen
555 3095 652 3124 miscet
663 3096 774 3132 Anapus
787 3093 873 3131 aquis.

125 3133 146 3163 C
159 3136 201 3163 ini·
211 3143 231 3162 N
241 3143 287 3162 13AE
301 3155 309 3167 ,
332 3143 419 3163 arum.
441 3133 593 3169 [Kvaii‘ou]
624 3133 738 3170 (inquit
757 3132 891 3170 Pompon.
911 3131 958 3160 lib.
971 3141 996 3160 2.
1009 3140 1034 3167 7.
1047 3132 1058 3166 )
1079 3136 1177 3160 contra
1193 3130 1281 3160 Thra-

162 3172 237 3200 cium
251 3171 419 3208 Bosphorum
433 3193 440 3203 ,
462 3170 556 3200 insulae
568 3171 628 3199 duae
639 3180 729 3208 parvae
739 3192 747 3206 ,
768 3179 908 3207 parvoque
921 3169 1049 3198 distantes
1062 3169 1149 3206 spatio
1159 3191 1168 3203 ,
1187 3170 1213 3198 &
1234 3168 1282 3197 ali-

162 3209 275 3245 quando
289 3209 399 3238 creditae
411 3209 546 3245 diftaeque
558 3218 730 3238 concurrere.
770 3208 811 3237 De
822 3208 865 3236 his
877 3207 970 3237 scribit
981 3206 1048 3236 Plin.
1061 3206 1109 3236 lib.
1122 3221 1148 3241 4·
1161 3216 1222 3244 cap.
1238 3215 1280 3241 13-

162 3247 273 3276 Eaedem
285 3246 318 3275 ab
331 3247 390 3275 aliis
402 3246 601 3283 Symplegades
611 3246 757 3284 appellatae
768 3267 776 3281 ,
798 3246 960 3280 traditaeque
975 3244 1074 3274 fabulis
1087 3245 1158 3273 inter
1171 3244 1197 3273 se
1216 3253 1282 3272 con-

162 3284 287 3313 0011111οε
311 3285 444 3319 quoniam
461 3293 545 3321 parvo
555 3283 677 3313 discretae
688 3283 833 3313 intervallo
849 3293 883 3312 ex
893 3282 1006 3312 adverso
1017 3283 1182 3311 intrantibus
1197 3282 1283 3319 gemi-

164 3332 205 3351 010
221 3322 422 3356 cernebantur,
443 3321 611 3359 paulumque
627 3322 736 3350 deflexa
754 3322 813 3350 acie
828 3344 836 3357 ,
854 3321 1026 3350 coeuntium.
1038 3319 1157 3358 speciem
1180 3319 1283 3357 praebe-

164 3359 238 3389 bant.
280 3360 364 3389 Ovid.
376 3359 424 3388 lib.
436 3359 485 3388 ult.
496 3359 564 3388 Met.
578 3365 638 3395 338.
662 3359 771 3388 Eaedem
791 3359 908 3388 Planetae
922 3359 1023 3393 dictae,
1045 3358 1073 3387 id
1096 3357 1134 3387 est
1151 3363 1281 3388 errantes.

164 3397 233 3426 Plin.
247 3396 294 3426 lib.
307 3402 333 3426 6.
344 3407 405 3434 cap.
420 3406 461 3426 12.
484 3397 571 3426 Valer.
589 3396 678 3427 Flacc.
690 3409 716 3432 4.
733 3399 833 3432 Argon.
850 3401 911 3433 5⁶²-

164 3434 339 3463 Concurrunt
347 3441 433 3472 ponto
445 3434 576 3472 Scythico
587 3434 714 3471 Cyaneae.
736 3434 823 3464 Valcr.
839 3444 860 3463 1.
878 3435 976 3472 Argon.
988 3437 1034 3463 60.

128 3471 176 3501 Cf·
188 3475 230 3500 ᾸΝ
242 3482 318 3505 iius,
341 3482 355 3501 a
366 3495 373 3505 ,
396 3482 451 3501 um.
477 3473 535 3508 Adi.
559 3480 603 3507 ut,
628 3472 753 3509 Fragores
763 3473 876 3510 Cyanei.
899 3471 988 3501 Valer.
1004 3482 1027 3507 ς.
1046 3471 1146 3508 Argon.
1159 3473 1224 3505 483.

163 3510 262 3539 Cautes
273 3510 397 3546 Cyaneae.
423 3509 509 3538 Valer.
526 3520 547 3539 1.
567 3511 664 3547 Argon.
681 3515 744 3545 ⁶30·

163 3547 274 3576 Montes
286 3548 400 3585 Cyanei.
421 3546 498 3576 Idem
509 3557 534 3576 2.
552 3548 650 3584 Argon.
664 3553 726 3583 38²·

162 3583 237 3614 Vada
253 3586 370 3621 cyanea.
394 3586 460 3614 Stat.
478 3596 501 3620 ς.
514 3585 603 3614 Theb.
620 3594 682 3621 347.

131 3621 154 3650 C
164 3624 200 3650 ῨᾸ
211 3632 228 3650 Ν
242 3624 281 3651 ἒῑς
293 3644 301 3657 ,
323 3632 361 3651 03.
398 3624 450 3652 sive
471 3624 492 3651 C
503 3631 547 3652 YA
558 3633 577 3651 N
590 3633 602 3651 a
612 3633 630 3651 A
640 3645 648 3657 ,
671 3633 701 3652 ae.
723 3623 740 3652 f.
770 3622 900 3659 Nympha
922 3622 1048 3659 quaedam
1070 3620 1144 3658 apud
1161 3619 1244 3650 Ovid.
1255 3629 1281 3654 9.

164 3659 270 3694 Met.n5
281 3671 300 3688 i.
312 3659 376 3689 Filia
391 3661 442 3690 fuit
455 3660 588 3689 Maeandri
599 3661 688 3695 fluvii,
701 3671 759 3698 qua:
772 3670 806 3690 ex
820 3660 932 3695 Mileto,
948 3660 1046 3689 Phoebi
1056 3659 1124 3695 11110,
1137 3657 1283 3697 Byblidem

162 3698 188 3726 ἃ
200 3697 325 3726 Caunum
341 3698 473 3734 gemellos
485 3699 580 3734 genuit
591 3720 599 3733 ,

240 3734 295 3763 Hic
308 3735 355 3763 tibi
371 3737 436 3764 dum
448 3735 567 3772 sequitur
578 3735 671 3773 patriae
686 3736 847 3764 curvamina
858 3735 925 3772 ripae
934 3757 943 3771 ,

244 3771 310 3800 Filia
322 3772 454 3802 Maeandri
468 3774 550 3802 toties
567 3773 708 3802 redeuntis
723 3775 824 3802 eodem
837 3795 845 3807 ,

240 3808 358 3840 Cognita
371 3812 479 3845 Cyanee
490 3811 623 3847 praestanti
636 3821 751 3847 corpore
762 3811 884 3847 nympha
896 3831 904 3843 ,

238 3846 354 3884 Byblida
365 3857 429 3891 cum
442 3850 537 3878 Cauno
549 3849 657 3885 prolem
667 3850 705 3877 011
716 3849 797 3877 enixa
808 3847 966 3884 gemellam.

120 3884 142 3913 C
152 3893 168 3913 r
178 3884 194 3913 ,ἴ
205 3893 224 3913 Ν
234 3895 244 3913 1
255 3894 268 3913 P
277 3894 291 3914 a
301 3894 318 3913 0
327 3895 339 3914 s
350 3906 358 3920 ,
383 3894 402 3915 1.
423 3895 459 3914 m.
480 3887 683 3922 [κυάνῳ-πω]
705 3886 824 3916 Natione
838 3885 1039 3923 syracusanus,
1060 3882 1111 3914 soli
1124 3883 1233 3915 Baccbo
1248 3882 1285 3912 sa-

1803 75 1832 109 C
1930 75 1963 108 Y
2060 75 2084 108 B

1386 171 1431 192 cra
1441 161 1528 189 facere
1539 158 1670 196 neglexit.
1710 156 1796 185 Iratus
1806 157 1875 185 deus
1891 156 2054 184 ebrietatem
2065 155 2192 188 10001111,
2215 164 2276 191 quae
2292 158 2368 184 tanta
2384 155 2452 189 fuit,
2474 161 2506 186 ut

1387 197 1618 229 occurrentemin
1633 194 1753 223 tenebris
1772 194 1855 222 11113111
1870 193 2000 231 Cyanen,
2023 202 2180 229 quanquam
2199 192 2381 221 reluctantem
2392 215 2400 225 ,
2421 192 2506 222 viola-

1387 239 1430 266 rit.
1472 235 1507 264 Ea
1518 243 1581 262 vero
1602 231 1735 262 annulum
1751 229 1898 268 surripiens
1908 252 1915 264 ,
1937 231 2037 259 nutrici
2059 230 2289 262 commendavit,
2311 237 2341 258 01
2363 230 2506 260 violatoris

1388 274 1453 303 esset
1466 272 1609 300 indicium.
1649 269 1827 297 Postmodum
1837 278 1923 305 quum
1934 268 2089 305 pestilentia
2098 268 2195 296 urbem
2206 266 2341 296 invasisset
2352 289 2359 300 ,
2380 278 2394 296 3
2407 268 2505 304 Pythio

1388 311 1526 340 redditum
1538 308 1575 336 est
1586 305 1746 340 oraculum,
1769 313 1799 334 ut
1813 306 1962 341 impietatis
1973 308 2067 335 300101
2079 305 2131 333 diis
2141 304 2334 334 liberatoribus
2350 305 2506 334 immolare.

1388 356 1440 378 tur.
1487 344 1680 384 Ignorantibus
1696 343 1805 372 00015113
1826 343 1894 380 quid
1927 343 2052 379 posceret
2076 342 2217 372 oraculum
2227 364 2236 377 ,
2275 341 2384 371 conscia
2411 352 2504 372 rerum

1388 388 1483 417 Cyane
1493 407 1500 419 ,
1522 391 1659 419 arreptum
1671 380 1778 416 capillis
1790 387 1897 417 patrem
1909 380 1942 409 ad
1956 390 2029 409 aram
2043 381 2194 417 pertraxit,
2215 389 2304 416 eoque
2316 381 2437 416 primum
2449 390 2509 410 ma·

1389 419 1462 452 crito
1472 444 1479 455 ,
1502 421 1548 449 sibi
1561 428 1670 456 quoque
1681 417 1889 446 manusintulit.
1927 419 2028 446 Auc'tor
2042 418 2176 447 Plutarch.
2194 418 2222 446 in
2234 416 2356 446 Parallel.

1352 461 1374 490 C
1384 472 1400 490 γ
1412 464 1426 489 3
1438 470 1457 488 N
1467 469 1483 487 o
1493 469 1503 487 s
1514 481 1521 492 ,
1543 459 1559 486 1.
1581 467 1617 485 ni.
1641 455 1793 491 [1<daa¹&⁴]
1814 454 1926 483 Fluvius
1936 456 1974 483 est
1988 455 2148 491 Colchidis,
2170 456 2217 490 qui
2241 456 2318 490 juxta
2333 454 2411 485 AEam
2426 455 2509 493 oppi-

1390 500 1456 527 dum
1469 498 1496 525 in
1511 495 1613 525 Phasim
1625 493 1725 522 influit.
1750 493 1848 521 [100101
1858 491 1924 520 Plin.
1936 491 1983 521 lib.
1997 496 2021 521 6.
2035 502 2094 529 cap.
2107 502 2133 527 4.
2168 493 2209 522 Al.
2239 493 2373 529 Cyaneos.

1352 536 1374 566 C
1384 547 1401 564 γ
1412 546 1426 563 A
1440 545 1458 563 N
1468 545 1483 562 o
1494 543 1505 562 s
1515 556 1521 567 ,
1543 531 1687 568 [wamba]
1708 531 1784 567 apud
1799 529 2021 567 Theophrastum
2033 530 2151 559 Gemma
2160 531 2197 559 est
2209 552 2217 565 ,
2239 539 2300 567 quae
2321 540 2336 558 a
2351 530 2508 566 gemmariis

1387 571 1588 602 recentioribus
1596 568 1738 598 Turchina
1749 574 1861 596 vocatur
1872 589 1879 602 ,
1900 567 2042 603 Turquoise.
2085 568 2185 596 Auctor
2200 568 2320 606 Baptista
2331 568 2393 597 Pius
2412 568 2442 596 in
2456 567 2509 598 Lu-

1387 611 1513 640 cretium.
1555 607 1596 636 Est
1607 614 1699 635 autem
1714 605 1772 634 haec
1793 614 1901 642 gemma
1913 614 1947 633 ex
1959 603 2097 642 iaspidum
2119 614 2235 641 genere,
2256 605 2351 634 colore
2369 604 2508 642 03310100,

1388 650 1424 678 de
1441 657 1492 684 qua
1509 645 1574 675 Plin.
1588 645 1635 673 lib.
1650 653 1690 679 37.
1704 652 1799 679 capo.
1841 644 1911 671 Sunt
1925 643 1971 678 qui
1982 641 2077 671 Laziili
2088 642 2131 671 vel
2150 642 2229 671 Azuli
2247 642 2370 680 lapidem
2385 642 2509 673 officina-

1387 696 1447 715 rum
1459 683 1512 713 else
1523 688 1629 719 putant.
1671 681 1721 709 Alii
1731 680 1860 718 Sapphiri
1874 679 1995 717 speciem
2007 680 2137 709 statuunt.
2160 679 2235 709 Alius
2245 679 2309 710 sane
2320 681 2428 710 videtur
2439 680 2511 718 Cya-

1387 733 1439 753 nus
1454 721 1542 751 Diosc.
1555 720 1600 748 lib.
1615 730 1638 753 ς.
1655 723 1716 747 106.
1734 717 1834 747 Matth.
1850 721 1894 747 66.
1916 728 1942 755 q.
1958 717 1988 746 V.
2012 716 2045 747 ut‘
2058 719 2084 747 &
2096 717 2192 747 Galen.
2203 717 2252 747 lib.
2264 728 2290 754 9.
2303 717 2430 755 Simplic.

1387 762 1514 793 Cvanos,
1537 758 1579 787 vel
1602 757 1731 794 Cyanus,
1753 755 1865 785 trivialis
1885 755 1922 784 est
1953 756 2006 790 (ut
2026 756 2171 790 creditur)
2190 755 2260 790 flos,
2284 756 2314 784 in
2327 755 2508 786 frumentario

1407 794 1520 827 nascens
1531 805 1594 832 agro
1606 817 1613 829 ,
1637 796 1662 823 &
1672 794 1759 823 hortis
1770 803 1880 831 quoque
1891 793 2053 822 rusticorum
2072 795 2097 823 ἃ.
2114 792 2271 830 puellarum
2282 793 2394 823 corollis
2404 815 2412 829 ‚
2433 794 2509 831 caly-

1405 845 1437 865 ce
1452 834 1568 863 rosarum
1580 855 1587 867 ,
1609 832 1655 861 sed
1676 831 1818 868 squamoso
1839 838 1921 868 atque
1943 831 2009 860 tristi
2022 853 2030 865 ,
2051 831 2178 868 plurimis
2198 831 2362 868 stipantibus
2383 831 2508 861 caeruleis

1406 872 1532 901 barbulis.
1575 870 1641 899 Plin.
1657 869 1704 897 lib.
1718 879 1762 898 21.
1779 879 1839 906 cap.
1855 878 1896 898 11.
1918 868 1950 898 10
1962 869 2041 898 113113
2056 869 2136 898 violis
2149 868 2273 898 succedit
2289 868 2364 905 rosa,
2387 869 2454 899 huic
2465 870 2508 899 in-

1405 911 1523 939 tervenit
1534 908 1623 937 lilium
1635 929 1642 942 ,
1664 906 1752 935 rosam
1763 916 1868 944 cyanus
1878 907 1983 944 excipit
1996 928 2004 941 ,
2026 916 2147 944 cyanum
2157 906 2343 936 amaranthus.

1349 948 1398 979 Οἱ*
1411 959 1428 976 Α
1439 957 1458 976 Ν
1469 949 1530 976 rius
1548 968 1554 980 ,
1574 956 1589 974 a
1601 968 1609 980 ,
1631 952 1688 974 um.
1711 945 1867 980 [κυάνεΘι]
1888 943 1948 980 Adj.
1980 951 2011 973 ut
2024 966 2032 978 ,
2055 944 2182 981 Cyaneus
2207 943 2302 974 color:
2337 944 2354 973 i.
2368 953 2394 973 e.
2416 944 2509 974 Caeru.

1385 986 1452 1015 leus.
1494 983 1617 1014 Plin.lib.
1631 993 1673 1026 10.
1683 992 1744 1020 cap.
1757 991 1800 1019 32.
1825 982 1881 1020 [psa
1889 983 1946 1011 avis
1958 981 2042 1020 paulo
2057 981 2178 1020 amplior
2187 981 2292 1019 passere
2303 1004 2312 1019 ,
2333 982 2428 1012 colore
2445 992 2510 1020 cya-

1347 1062 1371 1092 C
1380 1034 1403 1091 sn
1407 1032 1486 1090 1191811
1491 1033 1515 1088 ii)
1518 1028 1661 1093 sinimrziif)
1663 1030 1804 1101 rlsseinigisst&
1814 1057 1828 1092 ]
1850 1056 1995 1086 Vasculum
2010 1057 2040 1086 in
2053 1067 2109 1093 quo
2120 1054 2268 1087 bibebatur
2279 1067 2287 1088 ε
2309 1058 2336 1088 &
2349 1057 2508 1094 frequenter

1384 1098 1551 1128 duodecima
1562 1107 1623 1134 pars
1632 1096 1739 1124 sextarii
1752 1117 1761 1130 ,
1782 1102 1813 1124 ut
1823 1095 1906 1124 docet
1917 1095 2033 1124 Budaeus
2047 1095 2083 1124 de
2094 1096 2161 1125 Affe.
2203 1096 2233 1124 V.
2255 1095 2395 1125 Sextarius
2406 1095 2507 1125 Roma-

1383 1146 1435 1166 nus
1445 1137 1473 1165 in
1487 1145 1500 1164 s
1511 1144 1559 1164 ax.
1581 1134 1684 1163 Plinius
1694 1155 1702 1167 ,
1723 1134 1814 1170 [puto
1828 1133 2010 1167 Valerianus]
2032 1133 2111 1161 Potui
2133 1142 2198 1162 vero
2215 1142 2286 1170 aqua
2304 1133 2434 1171 pluvialis
2456 1133 2506 1163 de-

1384 1176 1462 1204 00613
1472 1195 1481 1208 ,
1503 1173 1548 1202 sed
1561 1182 1621 1209 quae
1636 1182 1684 1209 per
1696 1171 1776 1200 binos
1786 1178 1913 1200 ternosve
1928 1171 2041 1208 cyathos
2058 1170 2178 1200 bibatur.
2199 1171 2299 1207 Juven.
2315 1181 2339 1207 ς.
2353 1170 2409 1201 Sat.
2423 1180 2468 1208 32.

1477 1211 1607 1239 Cardiaco
1616 1219 1673 1238 nuri
1696 1218 1759 1238 uani
1770 1209 1900 1245 cyathum
1910 1208 2038 1238 missurus
2049 1209 2151 1238 amico.

1383 1249 1534 1278 Commodi
1545 1247 1647 1285 cyathi.
1669 1219 1736 1276 Hor.
1753 1255 1778 1283 3.
1792 1246 1882 1276 Carm.
1897 1256 1939 1282 19.
1954 1256 1997 1276 12.

1382 1287 1453 1316 Puer
1464 1287 1563 1324 dignus
1573 1285 1682 1323 cyatho.
1701 1295 1727 1352 ἐι
1738 1294 1763 1314 0.
1786 1284 1892 1321 Dignus
1906 1285 1954 1322 qui
1965 1284 1997 1314 sit
2005 1284 2147 1322 pincerna.
2168 1283 2271 1320 Juven.
2287 1294 2315 1321 9.
2334 1283 2390 1315 Sat.
2401 1291 2448 1321 47.

1764 1332 1861 1351 uerum
1873 1329 1900 1351 te

1472 1361 1505 1390 Et
1516 1360 1664 1398 pulchrum
1672 1382 1680 1395 ,
1699 1361 1726 1390 8<
1736 1332 1853 1398 <iignum
1862 1359 1962 1398 cyatho
1973 1380 1981 1395 ‚
2001 1359 2127 1397 caeloque
2137 1359 2265 1398 putabas.
2347 1359 2454 1390 Alludit
2469 1359 2506 1389 ad

1403 1400 1603 1436 Ganymedem.
1644 1398 1714 1427 Nam
1851 1410 1857 1414 ⁸

1382 1438 1423 1468 Ad
1435 1437 1549 1474 cyathos
1566 1437 1632 1466 stare
1643 1435 1686 1465 vel
1695 1434 1749 1464 effe
1764 1435 1928 1464 dicebantur
1938 1434 2004 1465 servi
2017 1444 2025 1470 ;
2047 1441 2078 1465 ut
2088 1435 2165 1465 Servi
2176 1435 2212 1465 ad
2224 1434 2322 1465 limina
2333 1456 2342 1470 ‚
2364 1435 2391 1465 ἃ
2407 1435 2443 1464 ad
2457 1444 2507 1472 pe-

1401 1476 1467 1510 des,
1490 1474 1664 1541 PocSillatores
1678 1474 1714 1504 ab
1727 1473 1844 1511 Apuleio
1861 1472 2045 1511 appellantur.
2070 1473 2187 1505 Suetou.
2202 1474 2233 1503 in
2244 1472 2310 1504 Caes.
2321 1482 2438 1512 eap.49.
2457 1473 2507 1510 Ju-

1401 1522 1463 1542 ven.
1479 1524 1486 1540 Ι
1513 1535 1519 1541 -
1550 1520 1585 1542 at.
1635 1532 1643 1542 b

1474 1522 1534 1580 N³ec
1548 1522 1740 1588 puei‘lliacus,
1760 1545 1876 1578 formosa
1887 1558 1939 1578 nec
1949 1544 2079 1578 Herculis
2092 1556 2162 1578 uxor

1474 1588 1515 1617 Ad
1530 1588 1652 1624 cyathos.
1747 1587 1873 1616 Budaeus.

1381 1626 1519 1664 Cyathus,
1541 1625 1673 1655 Ponderis
1685 1634 1780 1661 genus.
1803 1625 1871 1654 Plin.
1882 1623 1931 1653 lib.
1943 1633 1988 1654 21.
2003 1633 2065 1662 cap.
2078 1632 2123 1661 34.
2145 1623 2267 1661 Cyathus
2284 1623 2391 1662 pendet
2405 1622 2504 1654 drach-

1401 1665 1577 1730 ffiandecelm.
1618 1665 1632 1699 [
1643 1663 1684 1693 De
1697 1662 1823 1692 mensura
1833 1662 1926 1699 cyathi
1937 1662 1973 1692 ad
1986 1662 2098 1700 pondus
2108 1661 2221 1692 redacta
2231 1662 2455 1700 intelligendum.
2469 1661 2502 1693 V.

1429 1711 1457 1730 ar
1481 1712 1525 1730 ‚in
1544 1710 1587 1731 oc.
1675 1715 1677 1717 ·

1382 1739 1504 1777 Cynthus
1513 1761 1522 1775 ,
1544 1741 1571 1768 &
1595 1738 1720 1768 mensura
1743 1736 1891 1767 aridorum.
1932 1733 2071 1767 Columel.
2090 1737 2137 1767 lib.
2152 1743 2178 1772 8.
2200 1747 2262 1776 cap.
2271 1747 2299 1772 4.
2329 1737 2391 1766 Nec
2409 1743 2504 1767 tamen

1397 1777 1468 1806 alius
1482 1777 1580 1806 clausae
1590 1776 1698 1812 gallinae
1707 1775 1797 1805 cultus
1809 1786 1815 1805 :
1840 1775 1889 1805 nisi
1901 1776 1977 1812 quod
1990 1785 2022 1805 ea
2034 1785 2093 1805 non
2104 1776 2239 1805 emittitur
2253 1797 2261 1810 ,
2283 1774 2331 1804 sed
2341 1775 2415 1804 intra
2427 1776 2501 1804 orni-

1398 1814 1515 1844 thonem
1526 1821 1567 1844 ter
1576 1815 1623 1843 die
1634 1814 1753 1852 pascitur
1763 1814 1878 1843 meliore
1887 1813 2013 1843 mensura
2024 1822 2031 1843 z
2053 1823 2118 1842 nam
2127 1813 2238 1851 singulis
2246 1813 2384 1850 capitibus
2394 1819 2502 1850 quater-

1396 1853 1426 1881 ni
1438 1852 1548 1890 cyathi,
1570 1853 1669 1881 diurna
1677 1851 1779 1881 cibaria
1789 1851 1866 1881 sunt:
1889 1861 1974 1887 quum
1987 1852 2063 1888 vagis
2072 1853 2144 1881 terni
2155 1851 2200 1881 vel
2210 1851 2269 1880 bini
2282 1850 2467 1889 praebeantur.

1398 1891 1520 1928 Cyathus
1529 1891 1613 1920 etiam
1624 1912 1632 1926 ,
1655 1890 1745 1918 Fluvii
1760 1899 1863 1918 nomen
1873 1890 1911 1918 est
1921 1889 1952 1918 in
1962 1889 2081 1925 AEtolia,
2102 1890 2138 1919 ad
2153 1888 2286 1920 Arsinoen
2297 1910 2305 1925 ,
2325 1888 2401 1926 apud
2421 1888 2501 1927 Poly-

1397 1927 1475 1957 bium
1485 1950 1493 1963 ,
1514 1935 1546 1958 ut
1556 1934 1634 1957 notat
1644 1927 1764 1963 Rhodig.
1778 1927 1826 1957 lib.
1842 1938 1852 1956 ι
1861 1935 1885 1963 5.

1339 1965 1362 1995 C
1371 1974 1390 1996 ir
1401 1976 1420 1995 A
1429 1975 1449 1994 T
1458 1975 1478 1994 11
1489 1976 1498 1994 1
1508 1975 1519 1996 3
1528 1976 1540 1996 3
1551 1976 1567 1995 0
1576 1988 1584 2001 ‚
1605 1963 1761 2001 [καθίζω]
1781 1968 1836 1994 are.
1858 1962 1897 1994 est
1907 1963 2015 2002 Cyatho
2027 1964 2125 1995 vinum
2135 1964 2292 1996 bibendum
2303 1963 2444 2000 admetiri,
2458 1963 2503 1994 in·

1381 2005 1441 2041 quit
1450 2003 1576 2033 Budaeus.
1599 2003 1684 2033 Plaut.
1697 2003 1773 2032 Men.
1785 2013 1811 2032 2.
1822 2013 1848 2032 2.
1859 2013 1904 2038 29.

1459 2041 1524 2071 Non
1534 2041 1583 2070 scis
1593 2042 1653 2078 quis
1661 2050 1712 2078 ego
1725 2041 1772 2070 sim
1782 2041 1795 2069 ‘?
1818 2042 1864 2078 qui
1876 2040 1928 2069 tibi
1938 2040 2080 2079 saepiss'ime

1459 2079 1598 2116 Cyathiffo
1610 2101 1618 2114 ‚
1638 2079 1713 2116 apud
1726 2088 1777 2107 nos
1794 2079 1906 2115 quando
1917 2085 2005 2116 potas.
2040 2095 2043 2099 »

1344 2115 1511 2152 0101113313,
1523 2118 1553 2146 is.
1566 2126 1602 2146 m.
1614 2117 1766 2152 [Κυαξάρης]
1779 2116 1914 2146 Phraortis
1923 2117 1995 2154 regis
2008 2115 2145 2146 Persarum
2160 2117 2186 2147 &
2198 2116 2351 2146 Medorum
2361 2114 2444 2150 filius,
2456 2115 2502 2145 001

1379 2154 1504 2184 successit
1513 2154 1541 2184 in
1555 2164 1647 2191 regno.
1655 2154 1706 2183 Hic
1719 2155 1824 2192 primus
1834 2154 1898 2184 Asiae
1911 2154 2032 2192 populos
2043 2155 2071 2183 in
2081 2155 2241 2193 provincias
2251 2153 2502 2191 distinxit,primus·

1379 2192 1470 2229 quein
1482 2192 1560 2222 suum
1573 2192 1695 2229 quosque
1706 2193 1831 2221 ordinem
1845 2192 1998 2226 distribuit,
2020 2192 2159 2227 hastatos,
2179 2192 2330 2229 sagittarios
2344 2213 2353 2226 ,
2373 2191 2499 2227 equites,

1377 2239 1463 2267 quum
1475 2231 1550 2267 prius
1561 2230 1656 2259 omnia
1666 2229 1822 2267 promiscua
1832 2230 1920 2259 essent
1927 2237 2009 2265 atque
2020 2230 2165 2267 implicita.
2191 2230 2245 2260 Hic
2260 2232 2286 2259 ὁὶ
2295 2239 2359 2258 cum
2371 2228 2454 2266 Lydis
2468 2228 2500 2257 si-

1378 2277 1431 2305 gna
1442 2268 1560 2297 contulit
1570 2290 1578 2301 ,
1598 2270 1623 2297 81
1634 2277 1746 2296 omnem
1760 2275 1832 2297 trans
1842 2268 1941 2306 Halym
1952 2268 2057 2296 flumen
2071 2268 2154 2297 Asiam
2166 2267 2213 2296 sibi
2223 2267 2348 2304 subjecit.
2372 2267 2500 2296 Mortuus

1378 2306 1417 2334 est
1429 2306 1633 2341 quadragefimo
1649 2306 1757 2343 imperii
1770 2305 1806 2334 sui
1819 2315 1910 2340 anno,
1932 2305 2044 2342 ejusque
2055 2305 2127 2336 filius
2138 2305 2263 2344 Astyages
2281 2306 2312 2335 in
2333 2305 2393 2340 ejus
2405 2303 2500 2335 locum

1378 2342 1508 2373 suffectus
1520 2344 1566 2375 est.
1587 2345 1688 2374 Auctor
1700 2343 1836 2374 Herodot.
1848 2343 1898 2374 lib.
1913 2353 1936 2374 1.

1798 2453 1827 2488 C
1917 2451 1952 2489 Y
2034 2453 2058 2488 B

1339 2565 1506 2600 0111111111,
1528 2564 1673 2601 [Κυέοὶλκ]
1695 2562 1799 2595 Ancilla
1822 2563 1874 2593 fuit
1893 2565 2025 2602 pauperis
2046 2563 2189 2600 cujusdam
2205 2564 2322 2601 Simuli,
2344 2565 2423 2600 cujus
2434 2576 2502 2605 pau.

1376 2609 1566 2640 paupertatem
1576 2603 1706 2633 describit
1720 2605 1820 2633 Auctor
1832 2603 1943 2632 Mureti.

1340 2640 1439 2670 CYssA
1452 2650 1465 2668 a
1478 2650 1554 2673 siA,
1576 2640 1744 2677 [xvCoegoi'u]
1764 2640 1901 2670 aPolluce
1912 2640 1960 2670 lib.
1977 2650 2000 2675 ς.
2016 2650 2075 2678 cap.
2093 2643 2136 2669 16.
2158 2640 2245 2679 pofita
2262 2641 2333 2670 inter
2345 2641 2501 2672 0111301011.

1377 2685 1405 2708 13
1419 2677 1576 2707 mulierum.
1618 2678 1698 2708 Hanc
1707 2678 1967 2709 nonnullieandem
1988 2678 2041 2707 ess'e
2062 2678 2162 2708 volunt
2182 2688 2247 2708 cum
2268 2680 2442 2717 Anaxyride,
2462 2681 2500 2710 de

1378 2725 1431 2753 qua
1442 2715 1521 2753 supra
1531 2716 1662 2745 diximus.

1340 2754 1414 2785 Cra
1426 2762 1486 2789 EA,
1509 2764 1540 2783 ae.
1562 2754 1581 2783 f.
1604 2753 1698 2784 Genus
1709 2752 1784 2783 navis
1798 2753 1937 2783 onerariae.
1979 2753 2036 2783 Cic.
2050 2762 2074 2789 7.
2088 2753 2162 2782 Verr.
2173 2763 2219 2788 44.
2240 2753 2348 2783 Navem
2365 2763 2430 2783 vero
2443 2754 2496 2792 Cy.

1375 2791 1458 2820 bearn
1478 2792 1643 2826 maximam,
1675 2792 1791 2821 triremis
1814 2792 1913 2827 instar,
1936 2790 2152 2829 pulcherrimam
2175 2798 2258 2828 atque
2278 2791 2498 2828 ornatiss'miam,

1374 2829 1466 2867 palam
1475 2829 1637 2858 aedificatam
1649 2829 1758 2867 sumptu
1770 2829 1898 2867 publico,
1919 2828 2022 2858 sciente
2031 2829 2133 2860 Sicilia.
2155 2838 2204 2865 per
2214 2829 2402 2867 magistratum
2413 2830 2497 2859 Sena-

1376 2874 1490 2904 tumque
1501 2867 1699 2896 Mamertinum
1719 2868 1770 2896 tibi
1788 2868 1881 2896 datam
1897 2867 2084 2903 donatamque
2094 2866 2152 2905 ‚effe
2169 2866 2243 2896 dico.
2285 2867 2379 2904 Cybea
2392 2889 2400 2902 ,
2422 2868 2501 2897 dic‘ta

1375 2905 1413 2934 est
1426 2927 1433 2939 ,
1456 2905 1528 2942 quasi
1542 2905 1651 2942 Cypaea.
1674 2903 1753 2931 minui
1764 2927 1772 2939 ,
1794 2906 1884 2942 inquit
1896 2905 2046 2942 Hesychius
2057 2900 2142 2938 ,Willis
2158 2916 2176 2930 τι
2198 2903 2257 2932 νεῶς.
2298 2905 2340 2934 Est
2351 2905 2433 2942 igitur
2444 2905 2499 2943 Cy-

1376 2943 1426 2972 bea
1437 2964 1445 2976 ,
1467 2942 1550 2972 Navis
1561 2943 1686 2972 oneraria
1699 2965 1706 2978 ,
1727 2943 1847 2972 rotunda
1858 2965 1866 2978 ,
1888 2950 1919 2971 ut
1929 2952 2007 2979 cupre
2020 2951 2124 2971 nomen
2135 2941 2262 2971 ostendit.
2284 2942 2440 2972 Turnebus.

1338 2980 1499 3016 cristae,
1525 2990 1570 3016 03,
1592 2982 1636 3010 vel
1658 2981 1688 3010 is.
1710 2981 1728 3010 f.
1751 2980 1886 3017 [κυζήξη]
1907 2980 2011 3010 Eadem
2025 2989 2084 3018 quae
2094 2979 2207 3016 Cybele.
2249 2980 2288 3009 Ita
2305 2979 2426 3010 scribunt
2437 2980 2497 3010 Viri

1374 3018 1466 3053 docti,
1488 3028 1551 3047 cum
1564 3019 1719 3056 penultima
1731 3019 1902 3056 producitur.
1943 3018 1973 3048 V.
1994 3018 2135 3048 Drakenb.
2153 3018 2187 3047 ad
2197 3017 2246 3047 Sil.
2261 3023 2341 3055 17.8.
2362 3018 2499 3048 &1310ch-

1375 3055 1433 3085 hus.
1449 3056 1483 3084 ad
1496 3056 1615 3094 Propert.
1629 3066 1652 3090 3.
1667 3067 1707 3089 ις.
1720 3066 1763 3091 35.

1338 3094 1501 3128 011κὲ111,
1521 3104 1559 3123 es.
1583 3094 1626 3124 vel
1644 3094 1822 3129 CYBELES,
1845 3094 1875 3124 is.
1899 3094 1918 3123 f.
1941 3092 2079 3129 [κυέἑλη]
2101 3092 2145 3122 νο1
2163 3092 2353 3127 Cirnaba,
2376 3094 2499 3128 (namur

1376 3132 1460 3160 docet
1471 3132 1545 3161 Serv.
1557 3132 1688 3161 bacchius
1701 3133 1738 3161 est
1758 3133 1786 3161 in
1806 3132 1858 3161 hac
1876 3132 2000 3161 dictione
2017 3130 2153 3168 Cybelle)
2175 3130 2252 3159 Uxor
2265 3131 2317 3160 fuit
2335 3131 2462 3167 Saturni,
2481 3140 2498 3161 a

1376 3169 1482 3206 Cybelo
1497 3169 1617 3206 Phrygiae
1627 3176 1723 3199 monte
1735 3170 1779 3199 seu
1790 3169 1897 3207 oppido
1909 3191 1917 3203 ‚
1939 3169 1986 3198 ubi
2006 3168 2077 3198 sacra
2098 3169 2158 3204 ejus
2179 3169 2269 3206 primo
2287 3168 2348 3198 sunt
2364 3168 2495 3198 instituta.

1375 3206 1470 3236 Festus
1481 3227 1488 3239 ,
1510 3207 1615 3244 Cybele
1633 3214 1720 3236 mater
1731 3217 1812 3244 quam
1829 3207 1963 3236 dicebant
1974 3206 2104 3243 Magnam
2115 3228 2122 3238 ,
2144 3207 2181 3235 ita
2189 3205 2397 3244 appellabatur,
2419 3207 2495 3243 quod

1375 3251 1469 3281 ageret
1483 3245 1612 3274 homines
1630 3246 1658 3274 in
1680 3246 1820 3279 furorem,
1842 3245 1917 3282 quod
1940 3245 2027 3274 Graeci
2047 3241 2144 3272 κόξηξον
2166 3243 2272 3273 dicunt.
2314 3244 2495 3274 Sacerdotum

1376 3291 1469 3311 autem
1492 3282 1608 3319 Cybeles
1628 3284 1773 3320 proprium
1795 3290 1870 3317 erat,
1902 3289 1987 3319 caput
2016 3287 2112 3310 rotare.
2148 3281 2247 3310 Suidas
2272 3281 2366 3311 scribit
2392 3281 2495 3310 Rheam

1377 3330 1487 3356 quoque
1515 3321 1626 3355 vocari,
1651 3322 1677 3350 &
1705 3327 1867 3349 montanam
1897 3320 1950 3349 eil'e
1976 3320 2077 3348 Deam:
2112 3318 2177 3347 ideo
2199 3319 2263 3348 vehi
2282 3318 2396 3348 leonum
2415 3318 2492 3355 jugo.

1377 3358 1483 3387 Cinoedi
1503 3358 1528 3386 ei
1547 3357 1612 3387 sacri
1632 3358 1702 3387 sunt.
1743 3358 1809 3387 Haec
1829 3358 1947 3395 primum
1970 3358 2045 3394 Ops.
2079 3357 2105 3386 ἃ
2125 3356 2210 3386 Το113
2227 3357 2302 3386 dicta
2318 3357 2386 3390 fuit,
2417 3356 2495 3393 quod

1376 3395 1407 3424 sit
1429 3396 1484 3424 Dea
1500 3395 1622 3430 telluris,
1645 3406 1703 3432 quae
1721 3397 1746 3425 δε
1764 3395 1840 3424 Vesta
1856 3395 1974 3424 dicitur:
1999 3400 2111 3432 propter
2131 3395 2208 3430 quod
2223 3404 2302 3423 curru
2317 3393 2380 3422 vehi
2395 3404 2409 3423 a
2429 3403 2496 3431 poe-

1375 3434 1411 3461 tis
1429 3432 1556 3470 fingitur,
1577 3435 1640 3469 quia
1659 3440 1729 3462 terra
1748 3434 1853 3470 pendet
1870 3433 1899 3461 in
1917 3442 1996 3461 aere:
2019 3434 2044 3462 8<
2063 3432 2130 3460 rotis
2149 3431 2289 3465 sustineri,
2312 3432 2375 3468 quia
2391 3439 2495 3460 rotatur

1376 3470 1483 3507 semper
1505 3472 1530 3500 8.-
1548 3472 1667 3500 volvitur
1686 3471 1817 3500 mundus.
1856 3470 1947 3499 Mater
1961 3470 2064 3504 deum,
2085 3470 2148 3505 quia
2167 3470 2259 3498 omnia
2277 3469 2372 3505 gignit.
2397 3469 2427 3498 Et
2437 3469 2497 3499 Ma·

1376 3514 1417 3537 ter
1432 3507 1502 3537 alma
1513 3531 1520 3542 ,
1542 3508 1575 3537 ab
1588 3509 1700 3537 alendo.
1743 3509 1773 3537 Et
1783 3514 1870 3537 mater
1881 3508 1993 3545 Phrygia
2005 3530 2012 3541 ,
2035 3517 2050 3536 a
2066 3514 2162 3536 monte
2179 3506 2297 3544 Phrygiae
2308 3528 2314 3538 .
2337 3516 2419 3542 quein
2436 3507 2497 3544 plu.

1377 3546 1466 3575 rativo
1486 3556 1603 3576 numero
1629 3546 1766 3583 Dyndinia
1786 3551 1895 3575 vocant.
1935 3546 1963 3574 ln
1985 3555 2018 3575 eo
2037 3544 2110 3574 sacra
2130 3545 2177 3574 sibi
2199 3554 2247 3580 per
2266 3544 2436 3581 Corybantes
2454 3545 2496 3573 iri-

1375 3584 1478 3613 stituit:
1501 3594 1516 3613 a
1537 3594 1592 3620 quo
1612 3583 1752 3621 Dyndime
1765 3605 1773 3617 ,
1794 3585 1820 3612 ἃ
1839 3583 2016 3620 Dyndimene
2032 3592 2047 3611 a
2069 3581 2211 3611 nonnullis
2232 3588 2355 3610 vocatur.
2399 3582 2430 3611 Et
2446 3582 2496 3611 Be-

1376 3621 1518 3658 recynthia
1529 3642 1536 3655 ,
1560 3632 1574 3650 3
1591 3629 1687 3650 monte
1709 3621 1829 3658 l'hrygiae
1840 3643 1847 3654 ,
1868 3622 1913 3657 qui
1928 3621 2081 3657 areium-9&
2097 3618 2258 3658 appellatur.
2282 3619 2314 3648 Et
2324 3619 2407 3652 Pales.
2420 3620 2496 3657 quod

1374 3659 1405 3688 sit
1422 3658 1588 3696 pabulorum
1610 3659 1676 3688 Dea.
1719 3659 1814 3692 Rhea,
1836 3657 1881 3685 >iai
1900 3653 1923 3685 g?
1940 3658 1995 3693 ῥέοι,
2027 3658 2084 3686 fluo
2099 3680 2106 3692 ‚
2140 3657 2215 3693 quod
2237 3665 2304 3685 terra
2328 3657 2443 3687 affluens
2464 3658 2496 3686 sit

1374 3698 1501 3764 31111111οῗ1
1519 3706 1618 3725 rerum.
1658 3696 1736 3725 Dicta
1758 3696 1795 3725 est
1814 3696 1901 3731 ldaea,
1924 3697 1950 3726 Sc
1970 3696 2104 3734 Phrygia,
2131 3695 2157 3724 &
2179 3694 2362 3729 Peffinuntia,
2386 3695 2421 3724 de
2442 3704 2496 3732 qua

1410 3742 1495 3763 arna.
1514 3745 1535 3762 1.
1571 3744 1590 3762 i.
1607 3744 1646 3762 10.

1469 3771 1500 3800 Et
1514 3743 1633 3808 Cy⁷beles
1652 3772 1727 3807 piclo
1740 3771 1788 3800 stat
1799 3770 1957 3808 Corybante
1975 3770 2078 3799 tholus.
2172 3768 2212 3797 Ex
2233 3769 2338 3806 Apuleii
2363 3768 2499 3798 sententia

1375 3809 1473 3838 eadem
1496 3818 1552 3837 erat
1574 3810 1625 3837 dea
1647 3809 1770 3845 Cybele,
1800 3808 1931 3843 Bellona,
1962 3809 1986 3836 Sc
2005 3808 2057 3837 llis.
2098 3806 2275 3843 Quandoque
2299 3815 2391 3835 tamen
2416 3806 2499 3835 metri

1375 3848 1461 3882 gratia
1478 3846 1603 3877 scribitur
1628 3857 1675 3883 per
1700 3846 1805 3884 duplex
1828 3857 1863 3880 L,
1885 3848 1910 3875 &
1936 3846 1967 3875 fit
1987 3843 2101 3882 Cybelle
2122 3844 2253 3874 bacchius
2267 3854 2336 3882 pes,
2358 3853 2392 3873 ex
2409 3845 2498 3880 prima

1380 3885 1476 3920 brevi,
1497 3886 1523 3914 ὁὶ
1536 3883 1643 3914 duabus
1656 3883 1756 3922 longis.
1778 3884 1900 3921 l’ropert.
1917 3893 1941 3921 3.
1957 3891 2056 3920 15.35.
2389 3917 2411 3947 V
2458 3919 2462 3923 Ι

2414 3925 2498 3947 ertice
