2604 4222
151 156 218 194 540
604 141 633 176 C
729 139 756 174 L
858 136 888 171 A

188 228 324 258 Claudere
334 234 444 255 coenam
457 223 560 253 dicitur
570 222 648 251 cibus
661 243 669 257 ,
694 220 742 258 qui
753 218 869 248 sumitur
882 215 911 243 in
922 212 977 242 fine
998 221 1096 241 coenae.
1119 207 1242 241 Martial.
1257 208 1306 238 lib.

210 275 252 303 ¹3·
271 276 313 297 14-

282 301 418 331 Claudere
428 310 486 335 quae
499 306 592 328 coenas
603 295 708 324 lac'tuca
722 292 824 335 solebat
833 297 948 318 avorum
958 307 967 322 ,

320 339 369 368 Die
386 338 454 367 mihi
465 347 513 365 eur
524 335 624 364 nostras
636 332 748 361 inchoat
761 329 807 357 illa
816 329 901 371 dapes
913 326 927 353 ’ἶ

191 377 271 414 Opus
280 376 391 413 aliquod
403 375 550 405 claudere,
572 373 589 399 i.
605 380 628 399 e.
653 369 751 398 finire.
775 365 858 395 Ovid.
874 373 897 398 3.
916 360 981 391 Fast.
1002 366 1064 398 384.

191 415 269 445 Bella
283 414 411 443 claudere
423 435 430 444 ,
453 412 470 440 i.
485 421 508 440 e.
532 408 670 438 perficere.
691 406 756 434 Stat.
767 413 808 447 ¹.¹·
827 401 917 431 Theb.
932 405 975 434 58.

192 453 265 483 AEtas
280 461 340 480 mea
351 450 453 479 claudit
465 450 593 477 octavum
614 443 724 472 lustrum
736 463 744 477 ‚
775 450 793 469 i.
809 449 834 469 e.
863 438 925 474 Jam
944 444 1051 465 annum
1069 433 1306 472 quadragesimum

211 491 268 519 fere
289 489 375 525 exegi.
399 487 465 516 Hor.
479 494 504 514 2.
518 484 606 512 Carni.
623 492 648 524 4.
665 491 707 515 ²4·

190 527 339 564 Epistolam
355 534 440 562 parvo
455 521 604 552 mandato,
624 528 642 546 i.
659 527 683 546 e.

209 573 307 593 rarum.
329 562 410 591 Ovid.
432 570 472 595 ¹3-
489 559 569 595 Epist.
584 560 644 598 165.
939 588 945 593 ⁵
1103 585 1110 591 ι

191 602 238 638 Jue
253 601 371 629 nostrum
389 598 518 628 exhausto
536 593 672 624 clauditur
689 599 771 620 anno,
812 588 915 618 Lucan.
926 587 974 617 lib.
988 597 1011 622 ς.
1024 596 1071 622 44.
1101 595 1120 614 1.
1135 594 1160 614 e.
1183 583 1303 613 Potestas

209 639 297 667 nostra
309 640 333 667 ἃ
348 635 514 669 magistratus
526 642 599 660 anno
612 629 737 658 absoluto
748 628 802 661 iam
814 626 918 655 finitur.

189 676 308 706 Labores
324 670 467 705 claudere,
490 669 658 706 Qiiescere3
681 674 711 695 ut
723 688 730 700 ‚
747 660 871 694 Labores
882 662 1013 693 claudere
1026 660 1148 699 ingentis
1158 659 1234 696 belli,
1251 669 1302 697 pro

208 714 303 742 Finem
318 711 382 739 belli
393 711 489 738 facere.
515 706 562 736 Sil.
576 706 622 734 lib.
645 715 685 737 ις.
700 710 763 747 655.

186 750 223 781 Ni
237 751 315 778 :neris
327 748 471 776 sententias
482 744 619 775 claudere.
642 742 699 771 Cic.
713 751 741 769 in
754 741 830 769 Orat.
841 748 905 774 229.
968 775 974 781 ⁶
1040 775 1046 781 .
1089 774 1095 780 .
1215 772 1221 779 .

185 788 304 818 Pedibus
323 785 392 814 senis
413 784 540 813 claudere
565 780 679 818 aliquid.
717 780 735 808 i.
758 788 784 808 e.
815 778 990 808 Hexametris
1012 773 1118 812 aliquid
1136 771 1300 803 describere.

205 825 269 854 Hor.
288 835 308 853 ι.
323 824 407 852 Serui.
427 832 465 850 io.
524 842 529 848 .

184 862 296 899 Species
309 861 439 889 orationis
450 830 538 888 cla5u9sa
550 857 575 886 ἃ
588 855 745 884 terminata.
767 853 825 882 Cic.
838 853 868 882 in
879 852 957 882 Orat.
978 856 1040 886 ¹98-

182 900 270 928 Verba
282 898 410 927 claudere
420 896 558 933 pedibus,
580 892 712 931 significat
726 891 821 921 Versus
832 891 930 920 facere.
954 889 1022 918 Hor.
1035 897 1061 916 α.
1076 887 1162 931 Serm.
1178 896 1200 915 1.
1214 890 1260 919 28.

182 937 338 970 Claudere,
368 935 576 971 Comprimere.
605 938 636 960 ut
655 930 825 967 Sanguinem
849 928 997 961 claudere,
1028 926 1191 967 Reprimere
1210 925 1235 953 &
1255 931 1301 952 co-

200 974 296 1003 hibere
308 995 315 1007 ‚
337 983 373 1002 ne
385 972 485 1001 effluat.
524 969 593 999 Plin.
612 969 657 998 lib.
673 972 717 997 26.
730 977 790 1004 cap.
807 976 848 1001 13-
869 966 993 995 Sideritis
1003 970 1107 992 tantam
1120 971 1176 990 vim
1195 961 1298 995 habet,

200 1018 231 1041 ut
245 1011 368 1048 quamvis
380 1010 485 1039 recenti
496 1007 654 1045 gladiatoris
668 1005 775 1034 vulneri
787 1004 890 1041 illigata
900 1026 915 1046 ,Π
929 1002 1090 1045 sanguinem
1102 999 1221 1043 claudat.
1270 1036 1275 1042 ο

178 1049 270 1079 Flatus
286 1048 413 1077 claudere
425 1047 508 1078 alicui
522 1068 530 1081 ‚
551 1044 684 1082 significat
697 1043 863 1079 ,laedendam
881 1041 998 1076 alicujus
1022 1046 1217 1075 comprimere.
1248 1034 1297 1066 Sil.

198 1086 246 1116 lib.
260 1096 271 1115 1
296 1109 302 1115 .
320 1095 380 1115 120.

270 1096 324 1154 S7ed
338 1124 394 1159 jam
409 1120 556 1151 claudebat
566 1121 663 1154 flatus,
684 1128 738 1147 nec
748 1117 827 1155 plura
836 1113 942 1145 sinebat
962 1153 967 1158 ⁸
1035 1115 1171 1150 Atropos,
1191 1113 1245 1142 ἃς.

178 1161 330 1196 claudere,
356 1161 398 1189 Ne
418 1169 463 1189 are
476 1182 483 1195 ‚
505 1165 536 1188 ut
548 1159 634 1195 Aquas
648 1155 787 1186 claudere.
811 1154 934 1191 Propert.
949 1152 999 1182 lib.
1015 1162 1043 1188 4.
1058 1161 1101 1181 ιο.
1113 1161 1159 1187 44.

270 1199 355 1236 Quod
366 1198 384 1227 s'i
400 1170 505 1233 ffunoni
516 1196 621 1226 sacrum
635 1195 761 1223 faceretis
772 1201 869 1221 amarae
879 1214 888 1227 ‚

307 1237 372 1265 Non
384 1234 517 1265 clausisset
532 1243 614 1271 aquas
624 1232 680 1270 ipsa
692 1239 813 1260 noverca
822 1229 891 1259 suas.

177 1274 313 1303 Claudere
327 1283 386 1303 rem
401 1271 573 1302 familiarem.
599 1271 657 1300 Cic.
667 1279 694 1300 2.
711 1268 769 1298 Off.
784 1277 828 1304 ς4.

175 1311 388 1348 Benignitatem.
410 1311 474 1340 Ter.
489 1310 557 1339 Eun.
578 1319 601 1338 1.
615 1317 640 1338 2.
653 1313 698 1343 84.
793 1343 799 1349 .
826 1342 832 1349 ·
940 1341 946 1348 ⁶

175 1349 277 1379 Clausit
286 1349 376 1387 pudor
385 1356 463 1378 meus
474 1348 541 1377 mihi
551 1345 780 1376 consuetudinem
792 1342 876 1372 illius.
888 1351 892 1354 ·
915 1341 974 1371 Cic.
981 1350 1013 1384 ¹4¹.
1024 1339 1100 1369 Fani.
1113 1346 1157 1375 13.
1181 1333 1255 1367 Nam
1267 1337 1294 1367 ἃ

192 1386 343 1424 amplecrar
356 1387 415 1422 ejus
425 1384 655 1419 familiarissimos,
676 1383 723 1420 qui
737 1391 782 1410 me
790 1379 944 1410 admodum
959 1378 1096 1415 diligunt,
1117 1375 1293 1418 multumque

192 1435 305 1454 mecum
315 1425 377 1454 sunt
388 1434 395 1454 :
416 1425 443 1453 &
453 1425 482 1452 in
491 1423 573 1461 ipsius
580 1420 821 1454 consuetudinem,
833 1427 918 1456 quam
927 1416 1019 1446 adhuc
1030 1423 1109 1444 meus
1122 1414 1214 1452 pudor
1222 1413 1293 1442 mihi

193 1463 287 1492 clausit
328 1462 481 1491 insinuabo.
1074 1490 1080 1497 Ι
1196 1489 1201 1495 ”

174 1484 310 1530 Clauderr'e
320 1510 399 1530 aures
410 1499 444 1528 ad
458 1507 541 1528 voces
550 1496 724 1526 doctissimas.
767 1494 824 1524 Cic.
838 1504 865 1529 4.
875 1492 958 1523 Tusc.
974 1500 1001 1521 2.
1025 1491 1096 1527 Quis
1108 1490 1146 1520 est
1157 1498 1232 1518 enim
1244 1487 1293 1525 qui

214 1545 274 1567 utet
283 1560 291 1572 ,
311 1539 363 1568 ἃς.
384 1538 539 1567 nostrorum
550 1535 696 1565 hominurn
706 1533 742 1563 ad
754 1540 851 1562 eorum
861 1529 1029 1561 doctissimas
1038 1538 1120 1559 voces
1131 1537 1209 1557 aures
1218 1526 1292 1557 clau-

205 1585 232 1605 as
245 1576 323 1605 fuisse
335 1577 348 1604 c?
1145 1604 1150 1609 Π
1175 1603 1181 1609 ι

170 1613 317 1643 Clauditur
328 1613 377 1642 tibi
389 1613 417 1642 in
430 1621 474 1642 me
488 1610 681 1641 commodum.
720 1608 785 1637 Ter.
799 1607 868 1636 And.
884 1615 909 1642 3.
923 1615 1002 1642 3.41.
1035 1603 1109 1634 Nolo
1131 1603 1182 1632 tibi
1202 1601 1291 1645 ullum

189 1652 410 1681 commodumin
420 1660 465 1679 me
476 1649 608 1678 claudier.
637 1649 654 1676 i.
668 1656 692 1676 e.
715 1646 790 1676 Nolo
809 1644 936 1674 obsistere
949 1666 957 1679 ‚
978 1648 1026 1674 aut
1040 1641 1133 1672 obesse
1147 1663 1155 1677 ‚
1183 1649 1292 1678 quomi-

192 1698 245 1718 nus
256 1695 335 1718 tuum
347 1688 529 1718 commodum
540 1697 588 1724 per
597 1695 642 1714 me
653 1685 708 1713 fiat.
836 1721 842 1727 .
1128 1717 1134 1723 ·

171 1726 293 1757 Letlialis
308 1727 396 1755 hiems
405 1725 499 1755 clausit
510 1725 551 1754 illi
562 1722 748 1761 respiramina.
789 1720 873 1764 Oyrd.
886 1729 912 1749 2.
926 1719 996 1749 Met.
1011 1723 1075 1752 828.
1088 1716 1230 1761 ‘Hiemem
1244 1725 1292 1744 vo-

191 1771 236 1794 cat
246 1765 389 1802 Ingentem
400 1764 612 1800 horrorem‚quo
622 1770 740 1798 corpora
749 1766 829 1788 omni
838 1758 974 1788 subducto
985 1756 1117 1786 calorem
1130 1754 1193 1784 saxa
1203 1759 1293 1783 muta-

189 1802 297 1831 bantur.

170 1840 307 1870 Claudere
316 1860 324 1875 ‚
345 1839 461 1877 Cingere
472 1860 479 1873 ,
501 1844 533 1867 ut
553 1836 666 1866 Claudit
676 1845 746 1872 aqua
757 1834 862 1864 locum.
902 1833 994 1876 Varro·
1003 1841 1027 1868 3.
1040 1832 1075 1861 de
1084 1831 1117 1862 R.
1129 1830 1164 1860 R.
1177 1839 1238 1867 cap.
1246 1838 1290 1872 14.

188 1878 263 1909 Nam
274 1880 299 1907 Sc
314 1877 361 1906 sub
372 1878 420 1906 dio
430 1877 548 1905 idoneus
559 1875 597 1904 est
609 1874 759 1903 sumendus
770 1873 850 1902 locus
864 1871 1021 1906 coclearhs,
1041 1879 1127 1906 quem
1135 1874 1229 1898 totum
1237 1876 1290 1897 cir*

189 1926 255 1945 cuin
264 1926 334 1952 aqua
348 1915 470 1944 claudas.
511 1914 529 1943 i.
544 1923 568 1942 e.
591 1911 811 1941 Circumcludas.

171 1955 254 1990 Aquae
266 1953 361 1982 clausae
372 1953 493 1990 riparum
503 1951 635 1987 margine.
657 1950 743 1979 Ovid.
759 1958 784 1978 2.
799 1947 865 1978 Fast.
879 1956 946 1984 4²2.

171 1991 318 2029 Speluncis
329 1992 404 2020 lacus
418 1989 508 2019 clausi.
531 1989 605 2025 Virg.
615 1999 641 2023 4.
651 1987 750 2030 Georg.
766 1990 828 2023 364.

172 2029 255 2059 Orbis
266 2029 394 2059 fluctibus
406 2027 520 2057 clausus.
541 2027 606 2056 Sen.
624 2025 734 2062 OEdip.
746 2034 771 2053 v.
785 2034 848 2059 504.

265 2069 394 2096 Oceanus
405 2065 526 2095 clausum
537 2065 604 2093 dum
614 2063 744 2092 fluctibus
753 2062 858 2091 ambiet
866 2060 974 2089 orbern.

173 2104 307 2134 Claudere
319 2105 458 2142 oppidum
467 2108 548 2140 portu
561 2124 569 2137 ‚
590 2101 635 2130 vel
651 2101 729 2130 mari.
761 2100 818 2129 Cic.
830 2110 855 2135 7.
874 2098 948 2141 Verr.
965 2107 1011 2140 95.
1033 2095 1100 2126 Non
1111 2092 1188 2125 enim
1197 2099 1286 2138 'portu

191 2143 261 2171 illud
272 2143 410 2179 oppidum
421 2141 558 2170 clauditur
567 2161 575 2175 ‚
595 2139 641 2168 sed
649 2138 717 2167 urbe
728 2145 823 2175 portus
834 2136 890 2175 ipse
902 2142 1022 2172 cingitur
1034 2136 1061 2178 dt
1072 2133 1259 2177 concluditur.

172 2179 263 2210 Valles
274 2180 377 2208 insidiis
386 2179 523 2210 claudere,
535 2178 566 2207 ln
578 2176 694 2206 vallibus
709 2177 776 2204 retia
786 2176 892 2204 circum
900 2182 1012 2211 ponere.
1025 2171 1120 2201 Tibul.
1129 2171 1177 2200 lib.
1185 2178 1286 2207 1443.

253 2217 323 2249 Nec.
341 2217 407 2246 velit
416 2216 520 2245 insidiis
531 2215 598 2244 altas
610 2215 626 2242 si
636 2212 766 2243 claudere
777 2212 861 2242 valles
872 2232 881 2248 ,
962 2210 1038 2240 Dum
1052 2209 1162 2248 placeas
1172 2231 1180 2245 ‚
1194 2209 1246 2239 διο.

171 2255 270 2285 Muros
284 2255 435 2284 obsidione.
457 2253 557 2282 Lucan.
573 2253 619 2281 lib.
640 2261 663 2288 3.
677 2261 740 2287 342.

171 2293 320 2323 Arboribus
331 2301 412 2329 atque
422 2291 524 2320 umbris
538 2290 619 2320 clausi
632 2290 745 2318 circum.
767 2288 839 2331 Virg.
855 2295 880 2323 3.
893 2286 955 2316 AEn.
972 2294 1035 2330 330.

251 2330 398 2359 Arboribus
407 2329 487 2359 clausi
497 2329 602 2358 circum
613 2334 694 2364 atque
705 2326 880 2355 horrentibus
890 2325 995 2353 umbris
1005 2345 1013 2359 ‚

251 2368 412 2398 Instruimus
422 2366 538 2396 mensas.
632 2364 801 2402 Anastrophe
814 2364 852 2392 est
861 2372 911 2400 pro
925 2359 1128 2391 Circumclausi.

169 2405 274 2436 Aciem.
295 2405 342 2435 Sil.
354 2405 436 2441 lib.7.
451 2414 512 2440 590.
965 2436 970 2442 η
1063 2436 1069 2442 .

169 2444 323 2478 Claudere,
345 2442 513 2477 Occustare,
534 2447 566 2470 ut
584 2439 681 2470 Clausa
694 2439 797 2469 habere
809 2438 855 2468 sua
875 2436 996 2479 consilia.
1038 2436 1097 2465 Cic.
1109 2446 1133 2472 5.
1150 2434 1226 2464 Verr.
1238 2437 1284 2471 63.

187 2481 228 2511 Re
239 2481 353 2519 quidem
366 2490 430 2510 vera
439 2489 523 2509 nemo
533 2480 561 2508 in
573 2478 667 2508 Sicilia
677 2477 803 2512 dubitat,
823 2476 892 2514 quin
906 2485 939 2505 eo
951 2476 984 2504 iit
999 2474 1105 2504 occisus
1114 2494 1122 2509 ,
1142 2473 1220 2511 quod
1238 2473 1286 2502 ha·

188 2519 254 2548 bere
264 2518 353 2548 clausa
363 2527 419 2547 non
431 2518 554 2555 potuerit
565 2515 685 2546 consilia.

168 2556 255 2586 Pavor
269 2556 373 2586 clausus
383 2578 391 2591 ,
413 2555 610 2585 Dissimulatus.
633 2553 680 2583 Sil.
692 2552 740 2582 lib.
756 2562 799 2581 10.
812 2557 875 2588 373.
888 2589 894 2595 ·

169 2594 320 2629 Claudere,
341 2594 552 2623 Circumvenire
562 2614 569 2626 ‚
591 2598 623 2621 ut
633 2591 726 2629 placet
735 2590 840 2620 Nonio.
863 2589 934 2627 Virg.
949 2591 975 2619 6.
985 2587 1044 2625 Ecl.
1057 2590 1101 2624 56.

483 2646 520 2650 ——
533 2629 664 2664 claudite,
685 2628 816 2666 nymphae
1189 2662 1196 2669 '

224 2669 346 2704 Distaeae,
355 2668 494 2705 Nymphae
506 2677 662 2701 nemorum,
672 2665 726 2702 jam
735 2665 855 2695 claudite
863 2664 953 2695 saltus.
981 2664 1041 2700 [Sic
1049 2664 1125 2693 enim
1134 2662 1284 2700 distinguo.

168 2707 305 2737 Claudere
319 2729 326 2741 ‚
351 2706 497 2736 Obsistere.
517 2705 591 2742 Virg.
608 2715 648 2733 io.
664 2703 724 2734 ffin.
739 2712 800 2739 377.
1081 2739 1087 2744 ·

259 2745 331 2774 Ecce
342 2744 423 2773 maris
435 2753 534 2781 magna
545 2742 651 2772 claudit
661 2752 712 2771 nos
721 2742 802 2770 obice
813 2747 925 2778 pontus.
1011 2739 1130 2768 Nonius.
1162 2776 1168 2782 ι

130 2784 153 2814 C
163 2793 260 2813 cuno
271 2805 279 2818 ‚
300 2783 439 2812 invenitur
458 2791 509 2819 pro
519 2780 645 2815 Claud03
667 2780 751 2809 etiam
766 2785 842 2808 extra
856 2777 1096 2815 compositionem.
1137 2776 1232 2805 Ciosa.
1247 2775 1283 2819 de

167 2822 230 2851 Nat.
244 2821 326 2850 Deor.
340 2830 400 2849 100.
436 2819 527 2857 Ipsum
537 2826 631 2848 autem
645 2827 719 2847 mare
727 2817 764 2846 sic
772 2823 873 2846 terram
892 2824 1028 2854 appetens
1044 2814 1173 2844 litoribus
1185 2813 1283 2844 cludit.

167 2859 286 2889 Martial.
301 2858 347 2887 lib.
366 2868 405 2887 ιι.
418 2867 463 2892 92.

259 2897 313 2926 Sed
326 2905 401 2925 mors
412 2895 488 2924 vocis
500 2895 552 2924 iter
558 2903 607 2932 pro
630 2893 716 2922 eravit
727 2891 840 2921 cludere
851 2891 962 2921 blande.

166 2933 320 2963 Viasalicui
331 2933 453 2963 cludere.
475 2933 540 2962 Seri.
556 2941 578 2961 1.
619 2931 682 2960 heb.
704 2931 807 2959 Noxias
822 2926 897 2967 lapso
908 2930 966 2959 vias
978 2927 1095 2958 eludes?

168 2971 287 3001 Cludere
297 2971 424 3001 arborem
434 2971 556 3000 restibus.
597 2968 734 2998 Columel.
746 2967 794 2996 lib.
807 2976 849 2996 12.
861 2977 921 3004 cap.
933 2978 979 3001 44.
1001 2966 1110 2995 Deinde
1120 2965 1232 3003 sparteis
1241 2974 1283 2995 rea

185 3010 269 3039 stibus
283 3009 408 3039 arborem
418 3008 537 3038 cludunt
546 3029 554 3043 ‚
576 3016 612 3036 ne
620 3014 667 3036 aut
678 3006 766 3036 corvis
776 3011 823 3035 aut
832 3003 988 3034 cornicibus
1008 3003 1102 3033 aliisve
1119 3003 1215 3033 avibus
1232 3013 1282 3041 po-

167 3047 447 3115 Amerississzligffigugbx
466 3083 585 3119 dicitur,
605 3080 843 3120 quemadmodum
861 3079 983 3110 eundem
997 3079 1102 3117 aperire
1123 3079 1192 3108 dies.
1214 3078 1278 3108 Seri.

185 3122 276 3152 Ol-jth.
294 3132 335 3152 11.
478 3141 479 3144 ,

166 3159 238 3189 Auro
251 3160 372 3189 cludere.
412 3159 482 3189 Plin.
498 3158 546 3188 lib.
559 3166 601 3194 ³3·
614 3165 675 3195 cap.
690 3166 713 3186 1.
735 3156 814 3186 Idem
833 3155 934 3186 eodem
947 3154 1011 3185 loco
1028 3154 1111 3184 Cludi
1125 3163 1234 3185 venena
1250 3153 1281 3182 in

187 3197 295 3227 annulis
305 3220 313 3233 ‚
335 3197 383 3227 sub
395 3197 513 3234 gemmis
524 3196 558 3225 ab
568 3195 688 3230 antiquis
700 3194 786 3223 solere
797 3194 877 3224 dixit.

168 3234 274 3264 Casside
283 3236 383 3264 minaci
394 3235 480 3264 cludi.
500 3235 567 3264 Stat.
579 3245 606 3269 4.
617 3233 709 3263 Theb.
720 3241 785 3268 ²04·

168 3270 288 3301 Libellos
299 3273 420 3302 cludere.
441 3272 540 3307 Juven.
553 3281 579 3308 7.
590 3272 645 3301 Sat.
657 3274 702 3300 26.

131 3308 207 3338 CLA
216 3319 232 3338 u
243 3319 301 3340 sus
313 3333 320 3343 ,
342 3310 503 3346 [κληθεὶς]
524 3310 621 3339 Partic.
644 3315 675 3338 ut
686 3330 694 3342 ‚
719 3306 850 3337 Clausum
864 3305 972 3335 ostium.

169 3345 279 3376 Clausus
289 3358 304 3376 a
319 3347 444 3376 Poenisin
456 3347 594 3385 angustiis.
618 3348 718 3375 Au6tor
727 3346 762 3374 de
779 3345 846 3373 Viris
860 3343 944 3373 Illust.
965 3351 1027 3379 cap.
1041 3348 1086 3377 39.
1096 3378 1102 3385 ·

169 3383 295 3421 Clausum
305 3387 330 3414 ἅ
339 3385 524 3419 reconditum,
546 3386 590 3414 cui
603 3385 756 3421 opponitur
769 3381 970 3420 Apertisl'imum
982 3377 1279 3423 promptissimumque.

188 3421 245 3449 Cic.
257 3431 282 3457 7.
295 3422 367 3451 Verr.
380 3429 422 3457 38.
443 3423 603 3452 Statuerunt
619 3423 644 3451 se
654 3422 725 3450 nihil
736 3427 792 3449 tani
804 3419 925 3450 clausum
937 3441 945 3453 ‚
967 3427 1057 3460 neque
1077 3423 1134 3445 tam
1153 3418 1281 3460 recondi-

186 3464 245 3487 tum
256 3458 328 3495 posse
338 3460 439 3489 habere
450 3483 458 3497 ,
478 3461 554 3497 quod
565 3470 622 3488 non
632 3460 705 3488 istius
715 3457 864 3496 cupiditati
874 3456 1071 3495 apertislimum
1081 3476 1089 3489 ,
1110 3456 1280 3492 promptissi-

185 3504 262 3524 mum
283 3506 316 3525 ue
327 3497 402 3526 esset.

169 3506 281 3562 clausu}
293 3555 301 3567 ‚
319 3534 441 3563 Vinctus.
479 3534 613 3572 Ulpianus
630 3533 743 3563 Clausus
762 3543 813 3571 pro
826 3532 932 3561 vinctis
952 3530 1079 3573 accipit..
1095 3529 1113 3557 si
1138 3529 1225 3572 modo
1243 3529 1281 3559 ita

187 3570 271 3599 vincti
283 3571 350 3605 sint,
372 3579 401 3600 ut
412 3573 488 3600 omni
500 3573 586 3600 modo
598 3581 742 3609 erumpere
754 3581 811 3600 non
821 3570 933 3607 possint.
954 3568 972 3598 l.
994 3570 1022 3597 Si
1034 3576 1094 3605 quis
1108 3574 1136 3595 in
1148 3577 1234 3604 gravi.
1256 3568 1278 3605 §.

186 3607 352 3636 Subvenitur
364 3615 463 3637 autem.
486 3609 519 3638 D.
535 3610 570 3638 de
586 3609 725 3638 Senatusc.
747 3609 898 3639 Silaniano.

131 3643 154 3673 C
163 3655 177 3672 L
190 3654 208 3671 A
221 3654 237 3672 u
247 3654 258 3671 s
269 3655 285 3672 υ
295 3656 314 3673 M
332 3667 339 3679 ,
361 3646 378 3674 i.
401 3656 426 3675 n.
449 3647 595 3682 [κλέθφον]
616 3657 666 3683 pro
676 3647 775 3682 Tecto,
785 3646 829 3676 vel
841 3646 869 3674 in
878 3654 978 3681 genere
989 3654 1038 3681 pro
1049 3643 1088 3672 Eo
1098 3665 1106 3677 ‚
1127 3643 1156 3670 in
1166 3651 1221 3677 quo
1232 3642 1280 3670 ali-

169 3682 405 3717 quidincluditur.
445 3683 582 3713 Columel.
604 3684 652 3713 lib.
666 3694 690 3721 7.
703 3689 800 3721 cauo.
831 3684 886 3714 Sed
905 3691 1051 3711 numerum
1071 3681 1179 3717 generis
1199 3679 1280 3715 hujus

167 3719 301 3753 majorem
314 3741 321 3752 ‚
343 3730 422 3755 quam
444 3729 557 3750 centum
574 3723 696 3759 capitum
709 3722 757 3751 sub
778 3731 835 3752 uno
849 3721 941 3751 clauso
958 3729 1016 3749 non
1034 3718 1151 3756 expedit
1167 3717 1278 3749 habere.

166 3755 240 3793 Virg.
254 3768 279 3788 4.
292 3756 390 3792 Georg.
404 3766 465 3793 30³·

258 3794 304 3822 Sic
314 3794 431 3830 positum
444 3795 470 3821 in
482 3794 573 3824 clauso
585 3796 734 3832 linquunt,
745 3798 797 3827 &c-

167 3830 322 3860 Domorum
332 3831 428 3859 clausa.
448 3831 557 3861 Lucret.
573 3844 595 3862 1.
611 3840 673 3869 3ς6.

259 3869 332 3896 liiter
341 3868 415 3905 septa
426 3876 517 3897 meant
526 3878 608 3899 voces
616 3893 624 3905 ‚
647 3872 672 3899 Sc
682 3871 771 3902 clausa
782 3871 932 3900 domorum

258 3905 472 3934 Tiiinsvoliriint.

130 3942 153 3973 C
162 3953 224 3972 Lus
234 3952 251 3972 υ
260 3953 273 3972 s
291 3944 359 3972 iteni
376 3943 475 3980 legitur
486 3951 535 3979 pro
547 3942 658 3974 Clausus
669 3945 742 3983 apud
754 3945 843 3975 Valet.
859 3944 950 3974 Flacc.
967 3953 990 3973 1.
1003 3944 1104 3981 Argon.
1114 3951 1179 3981 239.

708 515 844 552 Exiguum
854 511 961 550 aliquid
973 510 1106 540 mandare
1120 510 1150 538 in
1162 508 1217 538 fine
1232 508 1305 538 litte-

1355 504 1603 539 CciiusuRus,

1353 617 1550 653 CLusims,
1571 627 1595 647 e.

1352 692 1606 726 CLAUSTRUM‚
1627 694 1643 722 i.
1668 704 1695 723 n.

1810 125 1840 159 C
1936 126 1963 160 L
2059 121 2088 160 Α

1472 203 1559 241 Quod
1572 202 1620 232 sibi
1632 204 1687 239 jam
1701 202 1789 233 clusos
1804 205 1913 234 invenit
1924 206 1951 234 in
1963 206 2074 243 ignibus
2086 207 2179 245 Argos.

1393 241 1491 272 0¹⁰s⁰⁸
1504 264 1512 277 ’
1534 241 1864 309 ⁰³¹⁰1¹iii2¹322³3anyissii
1877 243 2005 310 {¹²2⁶§i't's'
2015 245 2118 311 3³2⁰·
2133 254 2177 281 ³⁴·

1547 295 1584 299 —-
1595 293 1615 307 c
1783 294 1790 309 i
1900 290 1911 309 r
1977 293 1981 304 »
1997 293 2011 311 u
2047 293 2081 311 ,ia
2097 293 2113 311 u

1448 316 1564 345 Alcides.
1597 317 1643 345 i.e.
1654 289 1764 360 Habeiis
1777 291 1905 356 tempgra
1917 321 2087 349 circumdata
2097 319 2171 358 pelle
2181 317 2283 349 hiantis
2291 316 2512 352 leoniscleonaei.

1392 353 1620 391 Clusaelympliae.
1641 354 1759 383 martial.
1776 355 1824 385 lib.
1841 365 1882 385 12.
1896 360 1938 391 31.

1473 392 1599 428 Qiaeqiie
1612 396 1686 420 namt
1697 392 1776 421 clusis
1789 393 1910 430 anguilla
1920 394 2070 425 domestica
2080 395 2212 433 lymphis.

1391 429 1577 459 Horreiclusi.
1603 428 1665 465 Ulp.
1680 430 1697 458 1.
1715 431 1771 496 kf.
1790 440 1832 466 ις.
1848 431 1881 459 D.
1900 432 2025 469 depositi.

1392 467 1503 496 Labella
1515 467 1595 496 clusa.
1618 467 1739 497 Martial.
1760 467 1796 497 ib.
1811 478 1852 498 12.
1866 479 1909 503 ςς.

1625 506 1770 540 [κλείων]
1790 505 1865 534 aliud
1887 507 1982 536 Partic.
2006 507 2090 537 Ovid.
2106 517 2150 543 14.
2170 506 2240 537 Met.
2256 511 2321 544 784.

1471 542 1535 571 Sola
1545 542 1639 571 Venus
1653 550 1738 579 portae
1751 543 1879 573 cecidisse
1894 545 2025 582 repagula
2035 544 2133 580 sensit,

1470 579 1504 609 Et
1512 579 1636 609 clausura
1644 581 1715 615 fuit,
1736 582 1785 609 nisi
1801 582 1892 618 quod,
1912 584 1964 611 Sec.

1619 619 1801 653 [κλάσιμῶυ]
1823 620 1908 655 Quod
1922 620 2003 649 facile
2015 619 2161 649 clauditur.
2200 617 2270 648 Plin.
2285 619 2333 648 lib.
2345 629 2370 654 9.
2388 627 2450 656 cap.
2465 626 2510 658 37.

1392 655 1463 684 Inest
1477 655 1508 684 iis
1527 655 1587 684 esca
1599 677 1607 689 ‚
1627 654 1735 685 clusiles
1744 657 1941 693 mordacesque
1953 657 2069 687 conchae
2079 679 2087 692 ‚
2109 667 2160 686 ceu
2178 657 2293 686 mitulos
2301 652 2438 686 videmus.

1720 694 1845 731 [κλᾶῇρον
1857 695 1872 730 ]
1893 696 1910 724 i.
1923 706 1948 725 e.
1970 695 2101 725 Clausura
2111 694 2165 725 five
2176 694 2208 724 In
2221 702 2276 732 quo
2289 694 2395 732 aliquid
2407 694 2511 726 claudi.

1389 736 1441 759 tur.
1467 730 1586 760 Martial.
1599 731 1646 759 lib.
1660 741 1701 760 ιο.
1715 737 1760 765 28.

1463 768 1566 799 Ferrea
1577 777 1711 805 perpetua
1725 769 1841 799 claustra
1852 776 1929 800 tuere
1940 770 2006 800 sera.

1388 805 1484 841 ‚Ianuae
1496 806 1609 835 claustra
1622 807 1753 843 pandere.
1776 808 1866 837 Catul.
1881 819 1923 844 59.
1937 812 1983 845 76.

1387 843 1455 910 Lsqci
1467 843 1622 887 claustrum.
1663 845 1723 874 Cic.
1735 853 1761 883 7.
1773 845 1848 875 Verr.
1859 852 1904 882 83.
1926 847 1962 876 lis
1977 845 2090 876 claustra
2100 845 2157 874 loci
2167 844 2370 875 committenda
2380 855 2440 875 non
2453 845 2510 876 exi.

1432 889 1535 911 iniavit.

1387 917 1527 948 Locorum
1538 919 1660 948 claustra.
1701 919 1760 950 Cic.
1771 930 1796 950 2.
1812 922 1848 951 de
1858 921 1930 959 Lege
1942 922 2032 959 Agrar.
2045 924 2089 955 86.
2113 921 2241 950 Corinthi
2260 921 2406 958 vestigium
2414 922 2460 950 vix
2468 931 2509 952 re·

1406 957 1506 986 lictum
1517 958 1564 986 est.
1586 963 1644 986 erat
1653 958 1729 987 enim
1740 959 1826 996 pofita
1834 961 1863 989 in
1872 960 2001 997 angustiis
2012 966 2096 996 atque
2106 959 2136 988 in
2145 959 2270 989 faucibus
2282 959 2395 989 Graeciae
2405 981 2414 995 ‚
2435 960 2471 989 fic
2479 965 2509 989 ut

1406 1001 1477 1023 terra
1489 995 1603 1024 claustra
1614 995 1739 1026 locorum
1749 1004 1866 1028 teneret.

1386 1032 1530 1062 Montium
1546 1033 1660 1062 claustra
1672 1055 1680 1068 ,
1702 1034 1859 1065 Curvaturae
1871 1036 2011 1066 montium
2031 1043 2091 1073 quat
2101 1034 2198 1065 clausae
2209 1035 2340 1065 videntur
2358 1034 2507 1073 angustiae,

1406 1076 1436 1099 ut
1453 1071 1491 1100 ait
1502 1072 1619 1100 Servius.
1642 1071 1689 1100 Vir
1711 1095 1716 1101 .
1732 1082 1756 1107 3.
1771 1073 1832 1102 AEn.
1846 1084 1910 1108 411.

1386 1107 1527 1137 Portarum
1539 1109 1662 1146 ingentia
1674 1119 1688 1138 c
1702 1111 1796 1140 austra.
1815 1111 1889 1148 Virg.
1901 1121 1926 1147 7.
1940 1111 2001 1142 AEn.
2021 1115 2083 1146 184.

1385 1146 1501 1175 Pudoris
1512 1148 1537 1176 ἃ
1550 1148 1711 1177 reverentiae
1722 1148 1836 1178 claustra
1848 1150 1969 1179 refraCta.
1992 1148 2061 1177 Plin.
2071 1158 2095 1178 2.
2114 1147 2198 1186 Epist.
2212 1158 2256 1183 14.
2279 1147 2418 1178 Maximo.

1386 1183 1477 1221 Regni
1489 1184 1614 1220 alicujus.
1645 1185 1664 1214 i.
1682 1195 1705 1215 e.
1729 1187 1839 1224 Angusti
1849 1186 1968 1216 accessus
1980 1209 1988 1221 ‚
2010 1187 2064 1216 five
2085 1186 2140 1222 (ut
2156 1186 2232 1215 Curt.
2244 1192 2327 1215 vocat
2341 1196 2364 1220 3.
2381 1198 2407 1222 4.
2422 1187 2435 1222 )
2456 1186 2510 1215 An-

1405 1222 1499 1259 gustiae
1515 1223 1641 1252 adituum
1653 1245 1661 1256 ,
1683 1233 1742 1260 quae
1758 1226 1902 1261 regionem
1925 1225 2061 1262 aperiunt.
2102 1223 2159 1253 Liv.
2174 1235 2198 1260 9.
2212 1233 2254 1259 3²·
2268 1233 2309 1261 pr.
2330 1224 2391 1259 Jam
2409 1231 2507 1254 omnes

1403 1260 1540 1289 Hetruriae
1562 1260 1661 1298 populi
1672 1283 1680 1295 ‚
1701 1269 1799 1298 praeter
1815 1264 1940 1292 Aretinos
1951 1285 1960 1297 .
1982 1263 2017 1291 ad
2042 1271 2116 1291 arma
2132 1263 2220 1291 ierant
2231 1284 2239 1295 ,
2260 1261 2294 1290 ab
2318 1261 2506 1300 oppugnando

1404 1297 1515 1331 Sutrio.
1536 1307 1596 1335 quae
1607 1299 1672 1328 urbs
1691 1299 1762 1329 socia
1773 1300 1907 1331 Romanis
1923 1300 1999 1330 velut
2018 1299 2132 1330 claustra
2148 1299 2286 1330 Hetruriae
2297 1307 2356 1330 erat
2369 1322 2378 1337 ‚
2407 1300 2505 1338 ingens

1405 1336 1455 1364 orsi
1469 1335 1583 1365 belluni.
1626 1336 1714 1375 Vulgo
1726 1338 1839 1369 Clavem
1852 1340 1930 1377 regni
1941 1339 2071 1369 dicimus.

1385 1369 1510 1403 Viarum.
1534 1373 1641 1403 Lucret.
1655 1375 1702 1404 lib.
1713 1387 1738 1411 4.
1751 1380 1815 1406 616.

1385 1411 1467 1441 Areia
1477 1411 1599 1441 claustra.
1625 1412 1731 1443 Lucret.
1747 1414 1795 1444 lib.
1810 1425 1833 1444 1.
1846 1422 1892 1451 71.

1386 1448 1563 1478 Cohibentia.
1586 1450 1652 1479 Hor.
1664 1459 1689 1480 2.
1702 1452 1784 1490 Epist.
1798 1462 1820 1482 1.
1833 1463 1898 1488 ²55·

1479 1487 1656 1525 claustraque
1666 1490 1808 1519 custodem
1819 1492 1896 1528 pacis
1909 1487 2071 1520 cohibentia
2080 1486 2191 1526 Janum.

1385 1523 1533 1561 Daedalea,
1555 1525 1762 1563 Labyrinthusa
1774 1528 1887 1558 Daedalo
1898 1530 2049 1558 extructus.
2071 1529 2134 1558 Sen.
2148 1525 2263 1564 Hippol.
2279 1534 2323 1557 12.

1384 1563 1531 1592 Duriffima
1541 1564 1656 1593 claustra
1666 1566 1802 1601 congestis
1811 1566 1941 1604 scopulis.
1964 1566 2060 1595 Claud.
2070 1565 2152 1595 Cons.
2164 1565 2243 1595 Prob.
2262 1567 2326 1596 106.

1384 1599 1483 1630 Ferrea
1494 1623 1502 1637 ‚
1525 1601 1622 1631 Vestes
1634 1604 1658 1632 ἃ
1669 1603 1800 1641 repagula
1809 1604 1904 1634 ferrea.
1925 1605 1990 1634 Sen.
2002 1604 2115 1641 Thyest.
2126 1613 2152 1641 7.

1384 1639 1530 1668 NoCturna
1542 1640 1666 1670 claustra.
1689 1641 1779 1671 Valet.
1792 1652 1816 1677 3.
1834 1645 1931 1679 Argon.
1944 1651 1988 1678 53.

1384 1676 1467 1706 Pinea
1475 1698 1483 1713 ‚
1503 1677 1579 1707 Ostia
1590 1688 1650 1715 quae
1659 1678 1720 1708 sunt
1731 1680 1802 1709 facta
1809 1690 1843 1709 ex
1853 1682 1936 1718 pinea
1946 1679 2069 1710 materia.
2090 1679 2164 1717 Virg.
2177 1687 2204 1709 2.
2222 1678 2284 1709 AEn.
2294 1686 2360 1715 259.

1463 1714 1587 1745 Inclusus
1598 1721 1677 1745 utero
1688 1718 1797 1747 Danaos
1808 1720 1834 1748 δι
1845 1719 1927 1756 pinea
1941 1718 2038 1747 furtim

1462 1752 1549 1782 Laxat
1558 1753 1673 1784 claustra
1683 1756 1771 1785 Sinon
1784 1765 1791 1785 ι
1813 1756 1876 1786 illos
1884 1756 2038 1794 patefactus
2051 1755 2171 1785 adamas

1464 1790 1569 1821 Reddit
1581 1801 1678 1829 equus.
1769 1827 1772 1830 ⁴
2476 1824 2479 1826 .

1382 1827 1565 1896 confringere}
1577 1836 1682 1860 naturae
1692 1830 1807 1860 claustra
1814 1831 1889 1869 apud
1906 1830 2016 1861 Lucret.
2029 1831 2079 1862 lib.
2091 1841 2116 1861 1.
2133 1840 2179 1868 71.
2199 1829 2332 1868 significat
2342 1828 2455 1860 Naturae
2465 1827 2505 1859 se·

1403 1874 1478 1897 creta
1489 1877 1553 1897 reve
1566 1877 1619 1897 are.

1383 1904 1529 1935 Contineri
1539 1905 1648 1944 imperii
1656 1904 1787 1936 claustris.
1809 1905 1867 1936 Cic.
1880 1916 1930 1945 pro
1947 1906 2037 1937 Flacc.
2052 1915 2096 1943 3ο.
2119 1906 2227 1936 Omnes
2243 1906 2324 1941 sinus,
2341 1910 2505 1943 promonto-v

1380 1942 1460 2010 Prist’
1481 1943 1584 2010 litoraff·
1598 1943 1701 2011 inlsuslag
1708 1945 1828 2011 ‚surbesl
1837 1945 2134 2012 mstri'tsmast'aUstriCs'
2141 1945 2251 2012 impergi
2261 1944 2345 2011 nLostri
2356 1943 2501 2010 fiontineri·

1403 1990 1419 2009 o
1432 1991 1439 2009 i
2061 2005 2068 2012 .
2155 2006 2162 2012 .
2194 2006 2199 2012 .
2409 1991 2421 2009 a
2439 2005 2444 2010 -
2479 1990 2502 2010 [ι

1400 1991 1565 2057 Nodublagdt
1575 1991 1872 2058 ffizssrinponfiggilpbpigiiu’
1888 1993 2113 2058 rpdlliffier‘iiiiiam
2125 1992 2222 2062 pcepIuli
2233 1991 2352 2050 {ond-{sii
2364 1991 2502 2057 11801ΐὲίέοε

1398 2065 1481 2092 nem,
1500 2057 1624 2124 &qffsub
1642 2058 1716 2096 sigi-io
1733 2058 1906 2096 claustrisque
1920 2057 2093 2097 Reipublicae
2106 2059 2225 2097 positum
2245 2058 2376 2095 vectigal,
2396 2057 2502 2086 servare

1403 2103 1461 2123 non
1497 2102 1555 2124 otui
1579 2106 1604 2125 e.

1380 2105 1542 2170 Refrinssere
1555 2133 1669 2163 claustra
1679 2132 1841 2163 nobilitatis.
1867 2135 1926 2164 Cic.
1939 2144 1988 2172 pro
1999 2133 2109 2164 Muren.
2127 2143 2169 2171 17.
2194 2134 2289 2171 Quum
2299 2143 2365 2162 vero
2382 2141 2433 2170 ego
2443 2138 2502 2161 tan-

1397 2176 1428 2199 to
1438 2171 1586 2200 intervallo
1596 2171 1712 2201 claustra‘
1721 2172 1770 2201 ista
1790 2172 1942 2202 nobilitatis
1966 2172 2150 2208 refregissem,
2172 2179 2202 2201 ut
2215 2172 2305 2201 aditus
2318 2171 2354 2201 ad
2371 2170 2502 2203 Consula-

1399 2214 1460 2237 tum
1473 2209 1588 2246 posthac
1600 2231 1608 2243 ‚
1630 2211 1680 2239 Sco.
1725 2210 1799 2239 conf.
1821 2211 1937 2240 Pudoris
1946 2212 1972 2241 ὃς
1981 2210 2155 2240 Reverentiae
2167 2209 2290 2240 claustra.

1379 2243 1523 2276 Relaxarc.
1547 2247 1633 2276 Ovid.
1650 2257 1674 2277 r.
1688 2249 1780 2278 Amor.
1793 2252 1819 2279 6.
1835 2258 1879 2285 17.

1379 2282 1520 2314 Reserate.
1543 2284 1592 2314 Sil.
1606 2285 1654 2314 lib.
1666 2294 1692 2320 7.
1708 2295 1770 2323 334.

1378 2321 1520 2352 Restantia
1531 2322 1652 2352 claustris
1665 2333 1717 2352 aera
1727 2345 1736 2359 ‚
1757 2323 1776 2352 i.
1787 2333 1812 2353 e.
1834 2323 1939 2353 Obices
1951 2325 1977 2354 ἃ
1988 2323 2097 2360 pessuli.
2118 2322 2227 2354 Lucret.
2239 2322 2289 2354 lib.
2302 2332 2328 2354 2.
2339 2333 2405 2361 450.

1792 2377 1830 2381 -
1840 2363 1865 2391 ὁὶ
1877 2362 1937 2390 duri
1952 2361 2051 2390 robora
2061 2361 2145 2398 ferri,

1454 2397 1571 2435 AEraque
1580 2408 1640 2434 quae
1650 2397 1773 2428 claustris
1784 2399 1910 2428 restantia
1919 2400 2114 2429 vociferantur.

1377 2434 1530 2465 Revellere.
1569 2436 1627 2466 Cic.
1639 2441 1664 2466 6.
1678 2437 1750 2466 Verr.
1766 2446 1808 2473 5²·
1834 2436 1948 2475 Effringi
1959 2438 2110 2468 multorum
2118 2437 2190 2467 sores
2199 2459 2208 2474 ‚
2228 2436 2326 2468 revelli
2337 2433 2462 2467 claustra.

1378 2472 1520 2511 Rumpere
1531 2473 1673 2503 obstantia.
1695 2474 1762 2504 Hor.
1779 2485 1803 2504 1.
1820 2475 1902 2513 Epist.
1917 2486 1956 2509 ¹4-
1972 2485 1997 2510 9.

1379 2511 1489 2541 Tenere
1499 2512 1618 2548 aliquem
1629 2514 1700 2541 intra
1711 2513 1834 2542 claustra.
1859 2514 1923 2542 Hor.
1936 2522 1960 2549 3.
1975 2513 2064 2542 Carni.
2082 2522 2124 2542 11.
2144 2523 2191 2548 44.

1341 2549 1364 2579 C
1375 2560 1391 2578 ι.
1402 2559 1418 2577 o
1429 2559 1441 2578 s
1449 2559 1468 2578 T
1478 2560 1495 2577 R
1505 2560 1523 2578 u
1534 2561 1570 2584 M,
1591 2551 1674 2579 etiam
1684 2551 1789 2580 vetuste
1797 2550 1933 2587 scribitur,
1943 2551 2012 2581 Cato
2022 2551 2057 2580 de
2069 2551 2101 2581 R.
2115 2550 2146 2581 R.
2159 2561 2220 2589 cap.
2231 2547 2387 2588 13.Trullas
2395 2548 2498 2589 ligneas

1381 2589 1449 2616 duas
1458 2609 1466 2622 ‚
1489 2587 1580 2617 claves
1591 2598 1654 2617 cum
1663 2588 1776 2618 clostris.

1378 2624 1513 2655 Clostrum
1526 2647 1533 2660 ‚
1552 2626 1590 2654 est
1601 2626 1780 2663 Contignatio
1790 2626 1912 2656 trabium
1924 2627 1952 2655 in
1963 2627 2063 2664 ligneis
2070 2626 2193 2656 aedifieiis
2204 2649 2211 2661 ‚
2233 2633 2286 2663 qna
2297 2632 2497 2663 nonnunquam

1396 2664 1426 2692 in
1440 2663 1591 2700 parietibus
1601 2665 1749 2693 domorum
1759 2665 1862 2693 utimur
1875 2687 1882 2699 ‚
1905 2675 2106 2701 nonnunquam
2118 2664 2183 2694 alias
2199 2663 2370 2694 dumlocum
2378 2665 2498 2701 aliquem

1395 2700 1524 2738 sepimus.
1561 2702 1667 2730 Seneca
1683 2702 1718 2731 de
1731 2701 2091 2738 Sutoriatabernaloquens
2108 2701 2155 2731 lib.
2175 2703 2209 2731 de
2230 2702 2323 2732 Benef.
2335 2713 2361 2739 7.
2377 2711 2437 2741 cap.
2450 2711 2495 2732 21.
2552 2725 2554 2738 2

1396 2739 1507 2768 Deinde
1526 2748 1575 2776 per
1591 2739 1720 2768 clostrum
1733 2761 1741 2774 ‚
1765 2741 1856 2777 inquit
1869 2762 1876 2775 ,
1897 2750 1949 2776 qua
1966 2741 1993 2769 se
2016 2740 2190 2769 commissura
2206 2739 2358 2771 laxaverat.
2380 2745 2497 2785 quatuor
2552 2741 2558 2762 Ψ

1397 2777 1526 2806 denarios
1538 2778 1566 2805 in
1579 2777 1721 2806 tabernam
1730 2777 1851 2807 inseruit.
1892 2779 1925 2807 Et
1935 2778 1995 2807 ludi
2005 2778 2120 2807 Romani
2135 2778 2255 2815 primum
2266 2778 2371 2808 clostris
2381 2787 2496 2813 circum?

1399 2814 1535 2844 dabantur
1546 2815 1579 2843 ad
1588 2823 1698 2852 tempus
1709 2817 1849 2852 praetentis
1861 2837 1869 2850 ‚
1891 2825 1950 2853 quae
1962 2817 2083 2845 amoveri
2097 2816 2218 2851 possent:
2241 2824 2359 2852 quorum
2374 2812 2437 2845 loco
2446 2814 2496 2845 fos-

1395 2852 1429 2882 sae
1441 2853 1535 2889 postca
1544 2853 1620 2881 facire
1632 2853 1703 2888 sunt,
1725 2864 1792 2890 quas
1804 2855 1915 2888 euripos
1925 2861 2035 2883 vocant.
2078 2853 2145 2882 Plin.
2158 2854 2204 2882 lib.
2222 2864 2260 2882 io,
2277 2864 2336 2891 cap.
2350 2861 2392 2890 33.
2413 2852 2448 2883 de
2457 2853 2496 2883 hi-

1396 2890 1562 2920 rundinibus
1575 2891 1657 2919 verba
1672 2892 1775 2920 faciens
1787 2914 1793 2926 ,
1816 2890 1847 2921 In
1859 2892 1968 2929 ffigypti
1987 2891 2180 2921 Heracleotico
2199 2892 2268 2920 ostio
2286 2892 2388 2921 molem
2408 2887 2496 2921 conti.

1395 2930 1528 2958 nuatione
1539 2929 1668 2957 nidorum
1681 2930 1808 2965 evaganti
1830 2930 1895 2958 Nilo
1912 2929 2160 2973 inexpugnabilem
2174 2938 2323 2966 opponunt
2339 2930 2416 2960 stadii
2438 2929 2493 2959 fere

1395 2967 1477 2995 unius
1488 2966 1573 3004 spatio
1585 2988 1592 3001 ‚
1616 2967 1691 3003 qnod
1701 2966 1824 2996 humano
1834 2976 1918 3004 opere
1936 2967 2031 3004 perfici
2045 2977 2102 2996 non
2117 2966 2214 3005 posset.
2254 2966 2286 2997 In
2307 2967 2406 2997 eadem
2418 2968 2494 3003 juxta

1395 3004 1533 3041 oppidum
1544 3004 1653 3041 Copton
1668 3003 1755 3033 insula
1766 3005 1803 3033 est
1811 3005 1882 3034 sacra
1896 3005 1963 3038 Isidi.
1974 3015 2055 3042 quam
2064 3015 2099 3034 ne
2110 3005 2212 3035 laceret
2220 3006 2308 3035 amnis
2318 3005 2494 3039 idern,rnuni-

1396 3050 1446 3071 unt
1465 3051 1549 3079 opere
1562 3064 1569 3077 ‚
1592 3042 1790 3079 incipientibus
1806 3044 1897 3072 vernis
1920 3044 2016 3072 diebus
2029 3065 2037 3078 ,
2059 3043 2139 3080 palea
2157 3045 2183 3073 &
2202 3043 2349 3072 stramento
2366 3043 2494 3072 clostrum

1394 3080 1454 3115 ejus
1469 3080 1608 3109 firmantes
1619 3102 1626 3114 .
1649 3081 1818 3110 continuatis
1830 3091 1878 3117 per
1893 3082 2015 3110 triduum
2026 3082 2155 3110 nudibus
2165 3089 2242 3110 tanto
2254 3081 2346 3110 labore
2355 3103 2362 3115 ,
2385 3087 2414 3110 ut
2425 3079 2493 3110 mul-

1396 3124 1437 3147 tas
1448 3118 1476 3146 in
1486 3127 1570 3153 opere
1578 3118 1666 3146 emori
1677 3119 1793 3147 constet.
1816 3119 1861 3148 Sic
1871 3119 1946 3148 enim
1956 3119 2077 3155 reposuit
2087 3119 2186 3148 Beatus
2199 3119 2348 3148 Rhenanus
2356 3119 2391 3148 ad
2402 3128 2493 3147 exem:

1396 3156 1480 3192 plaris
1491 3155 1676 3185 murbacensis
1687 3157 1916 3193 recognitionem.
1958 3156 2024 3192 Quo
2040 3157 2067 3185 in
2080 3156 2142 3185 loco
2154 3166 2201 3194 per
2216 3156 2351 3186 Clostrnm
2365 3156 2492 3190 significa·

1396 3200 1440 3222 tur
1452 3193 1569 3230 Septum
1580 3193 1758 3222 transversum
1768 3204 1801 3223 ex
1812 3194 2025 3231 eonipaffilibus
2037 3194 2159 3231 postibus
2172 3194 2298 3224 constans
2310 3217 2318 3230 ‚
2338 3195 2491 3223 extructum

1395 3231 1430 3260 ad
1441 3232 1593 3260 arcendum
1604 3231 1843 3268 frangenduiiiqiie
1858 3232 1934 3261 fluvii
1945 3233 2088 3269 impetum.
2130 3230 2160 3261 Id
2172 3230 2335 3261 hirundines
2345 3232 2423 3270 palea
2431 3232 2492 3260 stra·
2544 3266 2547 3269 ⁸

1394 3276 1546 3304 mentoque
1557 3269 1683 3303 firmant,
1705 3269 1827 3306 alioquin
1843 3280 1926 3306 opera
1936 3279 2031 3299 carum
2040 3280 2109 3298 vana
2119 3272 2143 3299 ok
2154 3269 2271 3302 inutilia.
2293 3270 2309 3298 si
2321 3280 2378 3298 non
2389 3268 2490 3298 adesset
2522 3274 2527 3276 “

1395 3307 1508 3334 materia
1526 3306 1637 3335 solidior
1648 3328 1654 3340 ‚
1677 3316 1736 3343 quse
1748 3307 1836 3336 lutum
1852 3308 1885 3336 ab
1896 3309 1934 3337 eis
1948 3308 2107 3336 confectum
2122 3309 2287 3336 contineret.
2329 3303 2379 3336 Alii
2399 3314 2489 3337 tamen

1394 3343 1626 3379 Rosti-unilegunt
1636 3345 1709 3380 apud
1729 3344 1856 3375 Plinium.
1893 3346 1922 3375 V.
1946 3346 2082 3375 Harduin.
2112 3345 2168 3381 [Et
2184 3343 2257 3382 apud
2266 3345 2401 3374 Senecam
2412 3345 2490 3374 Clau·

1396 3381 1478 3410 struin
1489 3380 1583 3416 Januae
1595 3382 1768 3419 intelligitur.

1339 3417 1362 3447 C
1373 3429 1388 3447 r.
1399 3428 1417 3446 A
1427 3429 1443 3447 u
1455 3428 1494 3447 si·
1504 3429 1519 3447 a
1529 3429 1545 3447 A
1558 3430 1590 3447 ur
1603 3429 1619 3448 υ
1630 3429 1642 3448 s
1652 3441 1660 3454 ‚
1681 3421 1697 3447 i.
1718 3429 1755 3449 m.
1778 3419 1971 3455 [nanzo]
1992 3420 2093 3449 dicitur
2105 3419 2130 3450 Is
2142 3420 2188 3457 qui
2197 3419 2286 3449 claves
2296 3421 2323 3450 &
2333 3424 2423 3449 cetera
2432 3423 2489 3456 quae

1380 3456 1577 3485 adclaudenda
1592 3457 1657 3486 ostia
1669 3459 1825 3495 pertinent,
1848 3459 1922 3486 lacit.
1950 3458 2049 3487 Perott.

1339 3493 1361 3522 C
1372 3504 1387 3522 i.
1400 3504 1417 3522 Α
1427 3504 1444 3522 u
1455 3504 1467 3522 s
1476 3504 1494 3522 ’1-
1503 3504 1517 3522 a
1528 3505 1535 3522 1
1546 3504 1564 3522 'r
1573 3496 1610 3523 'isi
1621 3505 1636 3523 u
1648 3505 1674 3529 s,
1698 3495 1779 3524 velut
1789 3495 1951 3533 plerumque
1962 3493 2087 3524 scribitur
2096 3517 2103 3529 ‚

1338 3531 1361 3561 C
1371 3542 1387 3560 i.
1400 3542 1417 3560 A
1427 3542 1444 3560 U
1454 3542 1466 3561 s
1475 3541 1494 3560 'r
1503 3542 1517 3559 iz
1527 3543 1535 3560 ι
1545 3535 1588 3560 'ru
1599 3543 1617 3560 M
1627 3541 1645 3560 υ
1654 3542 1666 3561 s
1677 3554 1685 3567 ‚
1707 3533 1723 3561 i.
1745 3543 1783 3563 m.
1806 3534 1860 3569 Qui
1877 3532 1995 3562 claustris
2010 3535 2096 3567 ianuae
2108 3532 2219 3568 praeest:
2240 3531 2339 3560 eadem
2349 3523 2488 3597 161Ιίεέἦὲ

2453 3576 2468 3595 o

1375 3607 1481 3636 Gellius
1499 3616 1533 3636 ex
1545 3607 1619 3636 Livio
1633 3608 1793 3637 Andronico
1806 3608 1905 3643 probat
1926 3608 2006 3638 Nost.
2021 3608 2100 3638 Attic.
2119 3607 2167 3637 lib.
2185 3617 2226 3636 12.
2248 3616 2307 3644 cap.
2321 3616 2361 3636 ιο.
2386 3606 2434 3636 Pro
2443 3613 2487 3639 eo,
2534 3597 2536 3628 ἶ

1376 3579 1459 3605 gnra,
1481 3579 1533 3607 qua
1546 3570 1693 3599 llidiiiiiius
1704 3571 1746 3599 vel
1769 3571 1927 3600 fliriitumus
1947 3571 2064 3603 dicitur.
2087 3570 2142 3607 Qui
2163 3569 2268 3598 :edibus
2284 3569 2386 3606 praeest.

1376 3645 1452 3681 quod
1462 3644 1542 3680 vulgo
1552 3646 1677 3674 dicerent
1694 3646 1880 3675 Clziulirituus.

1339 3681 1510 3711 CLAUSUi
1528 3693 1562 3717 Α,
1585 3692 1615 3711 ir.
1639 3683 1658 3712 s.
1680 3680 1792 3719 [m'gutrq
1812 3683 1964 3717 ἀνάπαυσις]
1986 3682 2128 3711 diciturld
2140 3681 2215 3718 quod
2231 3681 2349 3714 claudit,
2372 3678 2425 3708 five
2436 3677 2486 3707 fllia
2533 3679 2534 3686 ¹

1375 3720 1454 3754 cujus
1470 3721 1507 3749 rei
1526 3720 1674 3750 conclusio.
1699 3720 1765 3749 Plin.
1786 3721 1830 3749 lib.
1850 3731 1889 3749 ιι.
1909 3729 1970 3757 cap.
1989 3731 2032 3754 4ς.
2063 3720 2173 3756 Ungues
2193 3718 2318 3748 clausula:
2337 3724 2483 3747 nervorum

1375 3756 1486 3785 sumnia·
1497 3758 1825 3787 existimanturomnibiis
1837 3758 1878 3787 his
1889 3758 1988 3795 quibus
2001 3759 2026 3786 S<
2038 3757 2127 3794 digiti.
2423 3791 2430 3798 .

1373 3794 1521 3830 Iniponerc
1540 3794 1689 3825 clausulam
1708 3797 1777 3825 vitiu.
1818 3796 1880 3825 Sen.
1893 3806 1918 3831 9.
1945 3796 2024 3833 Epist.
2042 3795 2076 3824 ad
2098 3795 2200 3829 finem,
2230 3793 2384 3824 Clausulam
2404 3796 2482 3826 vitaeq

1394 3831 1515 3860 Mortem
1528 3842 1618 3861 vocat.
1661 3834 1786 3862 Briarcus.

1375 3868 1501 3898 Clausulii
1512 3891 1519 3903 ,
1540 3879 1599 3906 quae
1610 3870 1704 3899 Graece
1715 3872 1849 3897 &ruinarum
1866 3870 1985 3903 dicitur,
2007 3869 2119 3912 proprie
2131 3869 2169 3897 est
2181 3868 2284 3897 Ultima
2296 3877 2357 3904 pars
2370 3862 2484 3896 membri
2528 3877 2530 3905 j

1394 3907 1422 3935 in
1433 3908 1556 3936 oratione
1569 3929 1576 3942 ‚
1600 3908 1645 3936 sed
1656 3919 1705 3945 pro
1717 3908 1843 3937 Extrema
1855 3907 1984 3944 cujusque
1994 3917 2032 3936 rei
2043 3914 2119 3943 purte
2130 3905 2318 3943 iiier.iphorice
2326 3904 2466 3942 accipitur.

1374 3943 1487 3974 Claudae
1498 3952 1580 3981 atque
1594 3947 1751 3983 pendentes
1762 3945 1894 3975 clausulae.
1918 3944 2038 3981 Quintil.
2049 3943 2096 3974 lib.
2108 3954 2133 3980 9.
2143 3954 2204 3981 cap.
2212 3955 2240 3980 4.
2381 3972 2485 4008 Firmis·
