2600 4177
488 160 512 194 B
610 161 643 196 Y
737 162 760 196 Β

75 236 195 268 Densum
211 237 283 267 foliis
292 239 407 269 buxum.
428 239 510 270 Ovid.
525 251 549 277 3.
567 242 602 271 de
614 242 677 272 Arte
688 243 746 273 Am.
758 246 822 280 691.

76 274 205 305 Pallidius
216 276 298 305 buxo.
322 277 406 306 Ovid.
420 289 445 312 4.
460 278 528 307 Met.
546 289 605 315 134.

74 313 237 343 Simillimus
252 315 327 343 buxo
342 314 440 351 pallor.
462 315 546 345 Ovid.
563 326 602 345 ii.
616 316 684 345 Met.
695 327 760 354 417.

74 350 162 380 Rafiie
173 358 253 380 torno
267 351 381 380 buxum.
404 353 477 388 Virg.
489 362 514 382 2.
529 354 628 390 Georg.
645 365 708 389 449.

74 387 172 417 Virens
182 396 317 425 perpetuo
327 389 424 420 buxus.
446 390 530 420 Ovid.
544 401 586 420 10.
605 392 673 420 Met.
687 401 732 428 97.

73 424 188 454 Undans
200 425 274 456 buxo
287 425 413 462 Cytorus.
434 427 507 464 Virg.
520 438 545 458 2.
558 429 655 466 Georg.
671 438 735 464 437.

74 461 166 492 Buxus
177 485 185 497 ‚
206 472 257 501 pro
274 464 371 500 quovis
383 474 466 501 opere
477 465 580 500 buxeo,
599 467 624 496 δι
642 476 692 504 pro
706 466 789 497 Tibia
801 468 915 506 quidem
926 468 996 508 saepe
1006 470 1109 508 legitur
1119 471 1196 508 apud

9 528 11 562 1
92 506 188 567 ,Ἧιεῑὲε
197 521 205 535 ,
220 501 303 572 {uxta
314 511 376 531 eam
387 502 500 540 figuram
511 513 564 541 qua
577 505 690 534 materia
699 505 816 542 ponitur
826 516 876 544 pro
888 516 916 536 re
925 508 1064 539 confecta.
1085 509 1151 538 Stat.
1166 518 1194 538 2.

139 547 154 567 e
176 560 182 567 .
239 560 245 567 .

201 547 217 574 7
343 583 487 607 ——tum
502 577 620 615 plurima
633 579 740 612 buxus,

10 608 12 634 Ι
164 610 283 649 AEraque
295 614 417 644 taurinos
430 614 521 645 sonitu
531 617 670 646 vincentia
683 615 786 654 pulsus.

62 649 190 683 Horrida
201 649 357 687 Mygdonio
368 659 460 682 cantu.
484 652 582 683 Claud.
595 663 621 684 2.
635 655 671 685 de
680 655 761 693 Rapt.
772 654 893 694 Proserp.
904 660 970 692 268.

72 686 229 717 Horrisona.
255 688 339 718 Valer.
355 699 380 719 2.
399 691 499 727 Argon.
514 697 576 727 584.

72 724 161 755 inflati
176 734 302 755 murmur
318 727 394 757 buxi.
416 728 501 758 Ovid.
516 738 558 765 14.
577 728 647 758 Met.
664 736 726 767 537.

71 762 152 792 Idaea.
167 763 242 792 Stat.
257 774 280 799 ς.
302 764 394 795 Theb.
405 774 449 801 93.
465 765 552 796 Valer.
567 766 656 796 Flacc.
675 776 697 796 r.
713 767 861 805 Argonaut.
873 776 938 805 31⁹-

8 808 9 812 ¹
71 799 209 830 Multifori
219 801 287 831 tibia
298 801 372 832 buxi.
396 803 479 833 Ovid.
495 814 537 833 12.
550 804 618 834 Met.
634 809 696 840 158.

72 836 252 867 Terebratum
269 849 319 877 per
333 851 392 871 rara
402 840 539 873 foramina
553 842 668 872 buxum.
691 841 775 872 Ovid.
790 845 817 872 6.
833 842 900 873 Fast.
913 848 978 881 697.

8 872 10 887 ³
70 875 160 905 Ferire
175 875 281 906 buxum
290 887 373 908 rauco
386 881 507 916 pectore.
528 880 593 909 Seri.
605 881 801 917 Agamemn.7.
824 881 842 910 i.
859 891 882 912 e.
907 882 1020 912 Tibiam
1032 881 1138 912 inflare.

70 912 168 943 Inflare
180 913 279 944 buxos.
302 915 399 946 Claud.
417 926 440 954 3.
459 918 494 947 de
504 917 584 956 Rapt.
597 917 717 956 Proserp.
730 926 790 955 130.
812 918 829 948 i.
843 929 868 948 e.
890 919 987 949 Tibias
996 919 1136 958 inspirare.

12 949 14 974 l
70 950 195 980 Premere
206 952 295 982 buxos
306 955 413 984 tacitos.
437 955 535 985 Claud.
548 965 572 984 2.
588 956 618 984 in
629 955 742 993 Eutrop.
756 959 820 990 286.

10 1017 15 1048 ι
69 987 180 1024 Buxus,
200 1000 252 1028 pro
264 990 406 1036 Trochoe
418 992 510 1060 buxol,
527 994 684 1060 1{iiliobpueri
695 993 806 1024 ludunt.
828 994 900 1033 Virg.
914 1005 940 1033 7.
956 995 1020 1026 AEn.
1035 1000 1097 1032 382.

13 1051 14 1054 ,
262 1044 337 1050 —
350 1038 447 1060 mirata
458 1040 494 1060 vo
508 1041 524 1060 u
546 1041 553 1060 i
568 1040 582 1060 e
612 1040 710 1061 uxum.

13 1061 15 1080 ³
69 1063 211 1100 Torquere
221 1064 326 1096 buxum
338 1067 458 1106 flagello.
480 1068 548 1098 Pers.
562 1077 585 1105 3.
605 1068 660 1099 Sat.
679 1078 722 1104 ςι.
875 1108 881 1113 .

68 1101 119 1132 Pro
128 1101 246 1132 Pectine.
271 1104 356 1134 Ovid.
366 1110 392 1135 6.
408 1105 474 1135 Fast.
488 1116 552 1142 2²9-
656 1106 831 1136 —detonsos
842 1117 933 1137 crines
943 1108 1092 1146 depec'lere
1104 1108 1189 1140 buxo.

70 1140 176 1170 Buxum
198 1142 348 1172 vocabatur
363 1153 474 1181 quoque
494 1143 615 1174 Fritillus
626 1166 634 1179 ‚
655 1144 709 1174 five
722 1144 863 1174 vasculum
880 1145 950 1175 illud
968 1146 1092 1183 ligneum
1103 1169 1110 1182 ‚
1140 1157 1192 1185 per

86 1178 161 1216 quod
170 1178 217 1208 tali
226 1180 408 1216 agitabantur.
429 1181 530 1211 Auson.
543 1182 613 1211 Prof.
624 1182 736 1220 Burdig.
751 1192 775 1212 1.
789 1192 834 1219 25.
865 1183 896 1213 V.
919 1183 1010 1214 Barth.
1023 1184 1131 1215 advers.
1145 1194 1189 1223 35.

90 1225 131 1245 io.
156 1216 291 1247 Senftleb.
304 1218 339 1248 de
349 1218 414 1248 Alea
424 1226 478 1249 vet.
494 1230 555 1258 cap.
571 1230 613 1249 11.

32 1253 54 1285 B
61 1263 80 1284 υ
87 1263 106 1284 x
114 1263 129 1282 ι
137 1263 174 1283 us
185 1276 194 1288 ,
214 1265 230 1284 a
239 1278 247 1291 ‚
268 1266 325 1285 um.
349 1257 411 1291 Adj.
433 1257 574 1294 [πυξηὸς]
594 1257 680 1295 Quod
693 1266 728 1287 ex
736 1257 812 1288 buxo
821 1258 870 1295 est,
881 1265 929 1290 aut
938 1259 1007 1290 buxi
1017 1257 1141 1292 colorem
1150 1270 1191 1299 re-

68 1291 128 1322 fert.
149 1291 270 1322 Martial.
284 1294 333 1323 lib.
347 1304 373 1324 2.
387 1304 433 1330 41.

144 1329 180 1359 Et
189 1336 244 1361 tres
253 1331 316 1361 sunt
329 1332 398 1368 tibi,
419 1332 593 1368 Maximina‚
615 1333 731 1364 dentes:

143 1367 199 1397 Sed
210 1368 294 1407 plane
326 1371 443 1407 iceique,
459 1370 607 1408 buxeique.

66 1404 150 1435 Color
161 1405 277 1437 buxeus.
320 1408 369 1438 lin.
385 1408 433 1438 lib.
446 1418 488 1438 12.
504 1417 565 1446 cap.
578 1418 604 1446 7.

65 1442 172 1473 Forma.
193 1444 331 1476 Columel.
345 1446 394 1475 lib.
407 1456 432 1484 7.
446 1456 508 1484 cap.
522 1450 568 1481 86.

67 1480 175 1512 Frutex.
198 1482 335 1513 Columel.
350 1484 399 1514 lib.
411 1490 436 1519 8.
450 1494 511 1522 cap.
528 1494 570 1520 ις.

14 1541 17 1551 .
32 1517 78 1549 Bu
86 1528 105 1549 x
114 1529 128 1549 a
138 1529 157 1548 T
165 1529 184 1549 υ
193 1531 215 1550 M
226 1542 235 1556 ‚
256 1522 275 1551 i.
288 1531 316 1551 n.
338 1523 356 1558 [
363 1522 476 1557 πυξεὲιν]
497 1521 587 1552 Locus
600 1522 681 1552 buxis
692 1522 822 1554 confitus.
843 1523 963 1554 Martial.
974 1522 1025 1554 lib.
1045 1531 1069 1561 ς.
1085 1529 1128 1561 ς8.

0 1555 1 1558 ’
14 1556 16 1568 “
145 1557 212 1587 Non
223 1559 317 1589 otiosis
331 1560 458 1590 ordinata
468 1561 594 1597 myrtetis
603 1582 612 1595 ,

146 1594 292 1634 Viduaque
303 1597 416 1636 platano
427 1618 434 1631 ,
456 1597 603 1636 tonsilique
614 1597 719 1628 buxeto

144 1633 252 1671 Ingrata
262 1635 311 1665 lati
323 1635 408 1674 spatia
419 1636 528 1665 detinet
540 1637 641 1674 campi.
736 1636 813 1667 conf.
834 1648 850 1666 a
859 1648 879 1667 u
887 1647 905 1667 c
915 1647 929 1667 n
937 1647 958 1666 Τ
968 1648 988 1668 u
998 1649 1029 1668 M.
1132 1676 1139 1683 ι

31 1668 194 1701 Buxosus
206 1694 213 1708 ‚
234 1683 266 1709 a,
285 1683 343 1703 um.
362 1670 529 1710 [nug-erbis]
550 1674 612 1710 Adj.
635 1673 786 1712 significare
807 1675 918 1705 videtur
936 1676 1024 1713 Quod
1036 1698 1045 1711 ‚
1066 1685 1189 1706 maxime

67 1708 171 1739 buxum
181 1710 264 1740 refert
276 1734 284 1746 ‚
307 1712 484 1749 buxoqueest
495 1712 600 1742 simile:
624 1720 671 1747 ut,
695 1711 815 1749 Lignum
826 1713 939 1743 balsami
950 1714 1095 1758 buxosum.
1116 1714 1187 1745 Plin.

64 1745 112 1775 lib.
129 1757 170 1777 12.
185 1758 245 1787 cap.
257 1758 302 1785 25.
324 1749 365 1779 Ex
374 1750 429 1779 hoc
436 1749 574 1779 buxosum
582 1750 620 1779 est
633 1750 773 1788 optimum
784 1773 792 1785 ‚
814 1751 890 1788 quod
902 1752 941 1781 est
954 1751 1185 1782 odoratissimum.

16 1782 205 1822 Euxinas,
224 1796 257 1824 a,
276 1797 333 1818 um.
354 1788 552 1825 [πνξοφόςθι]
571 1788 631 1825 Adj.
654 1795 686 1818 ut
699 1810 707 1825 ,
728 1788 842 1819 Buxifer
856 1789 986 1828 Cytorus.
1007 1789 1097 1820 Catul.
1108 1799 1185 1829 4¹1·

468 1860 493 1895 Β
588 1860 622 1896 U
716 1860 747 1897 Z

18 1911 19 1925 l

28 1929 50 1959 Β
58 1940 78 1960 u
87 1941 103 1961 z
112 1943 135 1961 a
145 1955 154 1969 ,
174 1933 264 1964 Plinio
274 1934 346 1964 inter
356 1933 467 1964 Indicas
480 1939 578 1972 gentes
589 1938 734 1972 ponuntur
743 1955 751 1969 ‚
772 1933 820 1964 lib.
837 1937 864 1964 6.
880 1944 1011 1980 cap320..

11 1978 16 1990 ¹
28 1967 49 1998 Β
58 1977 99 1999 uz
106 1974 123 2000 ἱ
131 1981 147 2000 R
157 1982 167 2000 r
175 1993 184 2006 ‚
206 1973 350 2008 [Βύζηρες]
368 1972 444 2002 Gens
453 1971 640 2010 Themiscyrae
650 1972 771 2009 regionis
782 1973 811 2001 in
827 1973 889 2003 Asia.
912 1973 981 2003 Plin.
992 1972 1041 2003 lib.
1051 1976 1077 2002 6.
1090 1982 1186 2011 capr..

62 2009 144 2046 Apud
157 2009 244 2040 Valer.
258 2010 349 2040 Flacc.
363 2021 386 2047 ς.
399 2012 500 2049 Argon.
518 2019 580 2047 152.
600 2010 718 2048 Byzeres
732 2010 860 2040 scribitur
870 2033 879 2047 ,
899 2021 969 2049 quos
991 2011 1116 2051 appellat
1135 2009 1186 2041 Va-

80 2055 112 2076 os
149 2047 192 2077 his
203 2048 293 2078 verbis

62 2053 81 2083 g
120 2068 128 2083 ⁷
141 2070 314 2124 Byzeresque
325 2085 387 2123 vagi
398 2107 407 2121 ‚
430 2085 601 2123 Philyraeque
612 2095 628 2115 a
641 2085 757 2115 nomine
766 2086 841 2116 dicta

141 2123 243 2154 Litora.
346 2124 394 2154 Sic
410 2125 438 2155 ἃ
452 2134 469 2154 a
484 2123 619 2154 Strabone
631 2133 667 2153 ac
686 2124 847 2163 Stephano,
876 2124 1066 2163 Dionyfioque
1082 2133 1186 2155 vocan-

62 2164 116 2190 tur.
152 2160 228 2191 Hinc

20 2195 75 2227 -uu
85 2207 100 2227 z
111 2208 147 2228 aa
155 2210 164 2228 1
174 2208 191 2228 e
201 2210 219 2229 υ
229 2209 242 2229 s
267 2210 282 2229 P
292 2209 309 2229 o
318 2210 334 2229 n
342 2209 388 2229 τυ
397 2209 410 2230 s
419 2222 427 2236 ‚
447 2196 603 2236 [nv-{mus
621 2199 692 2233 λιμῆν
704 2199 718 2235 ]
739 2201 819 2236 cujus
830 2200 960 2230 meminit
970 2200 1137 2240 Stephanus.

29 2234 49 2264 Β
57 2245 98 2265 uz
107 2246 152 2266 γε
161 2248 185 2266 ia
195 2247 214 2266 u
223 2247 236 2268 s
247 2260 256 2274 ‚
276 2238 362 2268 Mons
373 2239 411 2268 est
425 2236 572 2268 Theffauae
590 2236 718 2281 Plin..lib.
729 2248 756 2273 4.
774 2248 836 2276 cap.
847 2244 874 2282 ¹8.
913 2276 919 2282 .
1026 2276 1032 2282 ι
1125 2276 1132 2282 .

28 2272 97 2303 ΒυΖ
107 2284 196 2304 roas
206 2297 216 2312 ,
237 2276 268 2305 is.
285 2286 322 2305 m.
345 2275 491 2313 [Βκζόγης]
513 2275 602 2305 Heres
620 2276 734 2312 quidam
753 2276 867 2306 Athenis
882 2276 934 2305 fuit
944 2298 953 2312 ,
985 2286 1034 2314 qur
1054 2284 1184 2320 omnium

61 2312 165 2349 primus
174 2314 276 2349 junctis
288 2314 378 2344 bubus
389 2314 472 2344 arasse
480 2321 581 2343 terram
596 2314 719 2343 creditur
730 2335 738 2349 .,
760 2313 971 2351 sacerdotioque
983 2313 1107 2357 praefuit:
1133 2323 1184 2344 un-

61 2348 97 2379 de
109 2351 178 2380 &ab
190 2361 226 2381 eo
247 2351 369 2390 Buzygia
384 2352 507 2386 familia,
529 2350 684 2381 sacerdotio
702 2352 836 2390 praedita,
857 2352 953 2391 postea
970 2353 1045 2382 dieta
1063 2352 1110 2382 est.
1150 2351 1181 2382 V.

21 2363 25 2402 i
61 2385 129 2419 Piin.
146 2388 194 2419 lib.
208 2399 234 2427 7.
246 2394 290 2426 56.
305 2392 333 2421 8<
343 2389 471 2420 Broeckh.
484 2389 522 2419 ad
534 2389 629 2420 Tibul.
645 2400 667 2420 1.
680 2394 707 2424 8.
720 2395 768 2425 28.

458 2464 483 2498 Β
581 2461 615 2497 Y
713 2463 737 2498 Β

22 2530 233 2570 :BnA-ssus,
253 2534 273 2564 i.
294 2543 332 2564 m.
353 2532 538 2572 [δόξασα-9,]
559 2536 645 2566 Cariae
661 2535 800 2574 oppidum
822 2535 988 2579 stephano„
1008 2536 1048 2566 ita
1061 2534 1184 2580 appella-

61 2576 119 2601 tum
133 2571 273 2610 assybaffo
289 2572 395 2610 pastore
405 2595 412 2609 ‚
435 2574 483 2611 qui
494 2573 682 2613 AEsculapium
693 2575 777 2604 maris
786 2573 951 2611 tempestate
965 2583 995 2603 in
1011 2574 1120 2604 Cariam
1136 2575 1184 2604 de-

0 2630 5 2639 .
60 2608 145 2640 latum
160 2610 284 2640 servavit.
327 2611 358 2641 V.
381 2622 396 2640 R
407 2622 425 2641 u
434 2622 449 2640 B
461 2620 478 2640 A
487 2622 500 2642 s
511 2622 530 2642 u
539 2622 560 2642 s.
957 2649 962 2655 ·
1017 2650 1024 2656 ·

0 2659 2 2673 i
29 2645 138 2684 nna,
160 2647 268 2684 [Βόέη]
288 2648 415 2678 Thraeiae
423 2651 581 2688 oppidum,
602 2650 679 2688 apud
702 2650 895 2688 Stephanum,
917 2658 997 2685 cujus
1015 2649 1116 2680 ineolae
1130 2649 1183 2688 By-

0 2712 2 2717 ,
61 2684 110 2715 baei
121 2686 295 2724 appellantur
303 2686 337 2716 ab
346 2688 457 2717 eodem.
751 2725 759 2731 1
1069 2726 1076 2733 ·
1100 2725 1106 2731 Ι
1123 2725 1129 2732 ·

55 2731 213 2754 retasrA
225 2746 233 2760 ‚
256 2724 327 2754 Urbs
349 2725 430 2762 Afiae,
461 2725 497 2755 de
518 2735 573 2763 qua
587 2725 723 2756 Herodot.
741 2724 790 2755 hb.
804 2735 827 2755 r.
868 2725 941 2754 Nam
959 2734 1045 2762 quum
1067 2732 1181 2769 initium

59 2758 188 2799 Byblefiae
196 2770 231 2792 ex
242 2761 389 2801 peninsula
408 2763 582 2801 auspicetur.
604 2764 709 2801 fintque
727 2763 822 2793 Cnidii
843 2762 1050 2801 propemodum
1071 2773 1182 2793 circun-

1152 2427 1186 2455 *²-

0 2732 5 2754 ι

0 2768 12 2812 p*
59 2798 122 2829 flui:
142 2809 203 2830 eam
223 2807 330 2837 partem
342 2823 350 2836 ,
371 2811 426 2839 qua
438 2801 554 2845 Boream
568 2801 690 2840 speetat,
718 2802 871 2832 Ceraunius
885 2801 994 2831 claudit
1012 2800 1106 2838 sinus,
1127 2803 1180 2832 Au-

0 2815 12 2874 l.
60 2835 164 2868 stralem
175 2848 240 2868 vero
255 2839 407 2876 Symanum
420 2839 618 2884 Rhodiamque
628 2849 713 2870 mare.
730 2844 734 2849 “
903 2876 909 2882 .
1020 2876 1025 2882 ,
1134 2878 1140 2884 ·

0 2884 13 2895 ’“
52 2876 859 2945 '55¹⁸21{iminiiffoeiedi‘ffffffilii'sssafiimssssffi{³
860 2875 1050 2952 Ἧζῖἒὲιῗέὲέ
1063 2886 1180 2945 ¹¹⁰i¹i¹e¹r¹¹a⁶

117 2923 148 2943 os
183 2924 192 2943 1
222 2924 245 2944 a.
304 2924 325 2944 n
408 2925 437 2945 es
1062 2936 1071 2950 ‚
1168 2935 1179 2941 -

0 2893 22 2983 i*
59 2949 142 2981 clides
164 2952 304 2990 Siphnum
327 2954 353 2983 Sc
375 2956 483 2991 Acyton
493 2926 615 2984 pvoibant.
632 2938 641 2952 ’
656 2954 725 2984 Haec
742 2952 894 2983 insularum
912 2952 1107 2982 rotundissima
1127 2954 1175 2984 est.

0 2986 15 3019 l:
61 2986 218 3019 Vei-basum
229 2990 298 3020 Plin.
312 2990 362 3020 lib.
373 3002 398 3026 4.
412 3001 473 3027 cap.
488 3001 529 3021 ις..
1044 3028 1050 3034 ,

0 3037 5 3053 =
50 3034 156 3057 *laris
168 3049 176 3063 ,
195 3028 259 3058 Idis.
281 3027 416 3064 [Βόζλις]
434 3028 503 3059 Filia
519 3029 572 3059 fuit
588 3028 681 3059 Mileti
692 3038 731 3058 ex
743 3029 837 3067 Cyane
849 3027 973 3066 nympha
983 3050 991 3063 ‚
1012 3027 1069 3057 filia
1080 3027 1178 3058 Mean-

58 3062 98 3093 dri
109 3086 118 3100 ‚
137 3075 197 3103 quae
207 3066 296 3096 fratris
307 3066 398 3096 Cauni
409 3067 513 3096 incesto
524 3077 617 3097 amore
627 3073 708 3105 capta
716 3090 724 3102 ,
745 3069 771 3098 Sc
779 3067 814 3096 ab
824 3076 858 3095 eo
868 3065 1006 3110 repulsam
1016 3065 1100 3104 paffa,
1115 3073 1177 3095 tan-

60 3101 123 3132 dem
135 3103 264 3141 lacrymis
274 3126 282 3139 ,
304 3104 340 3134 ob
350 3105 552 3143 impatientiam
566 3105 667 3134 amoris
678 3105 851 3142 consumpta,
870 3104 1046 3134 miseratione
1055 3104 1176 3135 deorum

57 3137 201 3171 insontem
208 3142 249 3172 sui
260 3143 383 3172 nominis
395 3142 527 3172 conversa
538 3143 587 3173 est·
608 3142 695 3172 Ovid.
707 3154 732 3179 9.
751 3143 820 3173 Met.
835 3145 899 3178 ⁶63.

79 3177 82 3179 ’
132 3179 179 3209 Sic
190 3179 317 3218 lacrymis
327 3180 491 3219 consumpta
503 3180 556 3211 suis
570 3180 702 3211 Phoebeia
713 3180 808 3219 Byblis

34 3228 35 3233 ¹
133 3216 254 3248 Vertitur
272 3219 301 3247 in
321 3218 430 3248 fontem
440 3241 448 3254 ,
466 3220 519 3249 διο.
602 3220 636 3248 At
651 3219 729 3248 idem
744 3231 765 3248 1.
776 3219 812 3249 de
825 3218 889 3248 Arte
904 3218 963 3248 Am.
975 3222 1040 3255 283.
1061 3216 1174 3256 Laqueo

0 3249 10 3281 Ρ
57 3251 142 3285 finisse
157 3256 241 3285 vitam
251 3255 351 3286 scribit.
652 3295 658 3301 '
681 3295 686 3300 ¹
966 3292 973 3298 ·
994 3293 1001 3298 Ι
1079 3293 1087 3299 .

0 3302 4 3356 ἱ
32 3331 34 3342 ι
53 3293 394 3361 Ἇὲἓὲέἔῑὲέᾈὲἳῗέᾗὲ]
405 3291 1058 3362 siffis>Piffniissffiiss‘ssiizifffssy²⁰Hiss1⁰c¹¹²²’
1078 3302 1174 3331 ἠπ

0 3347 9 3393 ιι
35 3361 180 3403 trum,
196 3342 391 3400 Veenfisnuncii
414 3378 474 3407 ata,
496 3371 531 3400 de
541 3355 594 3408 qua
605 3356 719 3400 Lucian.
737 3371 766 3399 in
784 3368 899 3414 Dialogo
911 3390 919 3403 .
941 3369 989 3405 qui
1004 3368 1046 3412 est
1062 3368 1098 3399 de
1119 3369 1172 3399 dea

0 3414 8 3430 ἴ
57 3403 149 3442 Syria,
168 3407 208 3437 ita
218 3409 367 3438 meminit:
391 3381 451 3438 Vidi
474 3409 608 3446 (inquit)
628 3410 659 3438 in
671 3408 738 3452 urbe
753 3407 833 3445 By'blvi
852 3406 991 3450 templum
1002 3415 1101 3450 ingens
1112 3407 1172 3451 deae

1 3452 6 3470 z
57 3440 169 3474 Veneris
181 3466 189 3480 ,
210 3447 379 3483 cognomine
390 3446 510 3484 Bybliae,
530 3447 559 3475 in
576 3456 632 3485 quo
649 3448 676 3477 &
690 3454 758 3476 ritus
777 3447 802 3476 ἃ
813 3453 992 3476 caeremonlas
1009 3453 1039 3473 in
1051 3445 1172 3475 Adonim

0 3498 1 3502 =
58 3489 190 3519 peragunt
201 3505 209 3519 ‚
231 3485 279 3513 ubi
287 3486 316 3514 &
324 3484 423 3514 fabulae
433 3484 571 3522 reliquum
581 3485 736 3522 exequitur.
775 3482 821 3515 Tu
830 3483 912 3513 illum
923 3480 1046 3512 consule.

450 3557 474 3591 B
572 3557 607 3592 Y
702 3557 734 3592 C

0 3627 7 3646 a
50 3626 140 3650 rcus
148 3643 156 3657 ‚
176 3622 195 3652 i.
211 3632 249 3653 m.
270 3620 405 3660 [ΒῦκΘ-ι]
424 3622 539 3653 Fluvius
548 3623 689 3655 Sarmatiae
698 3624 728 3653 in
736 3623 847 3662 Europa
855 3645 863 3657 ‚
884 3621 1034 3652 Ptolemaeo
1045 3624 1168 3668 audere:

0 3668 4 3683 ’-
55 3655 146 3688 Hodie
155 3663 231 3697 Buges
241 3671 362 3691 vocatur.
404 3661 498 3698 [Byce
512 3661 579 3690 Ptol.
594 3661 682 3691 Plinio
692 3661 782 3699 Buges
793 3684 801 3697 ,
831 3660 918 3690 Lacus
929 3669 1034 3689 nornen
1044 3661 1082 3690 est
1090 3683 1099 3697 ‚
1121 3672 1169 3706 qui

53 3695 95 3764 ἐξ.
103 3696 275 3774 Ilithinipmvin
287 3700 422 3731 Maeotida
433 3698 567 3738 paludem
575 3699 645 3731 foffa
653 3700 799 3731 emittitur.
840 3698 898 3730 Val.
910 3697 1010 3728 Flacco
1021 3702 1048 3729 6.
1060 3703 1106 3735 68.
1124 3700 1170 3730 Bi-

28 4032 47 4043 *
90 4023 168 4060 Voi..
188 4027 211 4061 1.

1681 175 1706 209 Β
1804 177 1837 212 Υ
1934 180 1963 214 Ζ

1686 258 1710 291 Β
1806 258 1841 294 Y
1939 262 1966 296 L

1253 331 1275 361 B
1285 340 1330 360 YL
1340 343 1355 361 L
1364 343 1399 362 ιο
1408 343 1427 363 Ν
1437 345 1451 364 R
1460 345 1472 365 s
1481 357 1488 370 ‚
1511 336 1671 373 [numism]
1692 339 1790 377 Populi
1808 340 1871 370 sunt
1889 340 1991 378 lllyrici
2000 364 2007 377 ‚
2030 342 2110 380 super
2131 344 2318 382 Epidamnum
2341 352 2418 385 (sive

1293 369 1476 412 Dyrrachium
1488 374 1500 408 )
1522 375 1547 402 Sc
1560 375 1736 411 Apolloniam
1756 376 1833 407 sedes
1855 377 1999 409 habentes.
2039 381 2148 411 Horum
2167 387 2298 416 meminit
2318 388 2417 419 Strabo

1291 406 1376 444 lib.7.
1419 410 1447 438 V.
1477 421 1586 440 aucis
1607 414 1633 441 Sc
1654 424 1798 444 nubtis.

1253 443 1300 472 ΒΥ
1310 455 1325 488 ¹7
1336 455 1388 474 Lis
1404 467 1412 480 ‚
1435 449 1537 482 [nume
1548 451 1622 486 apud
1632 451 1790 489 stephan]
1811 452 1912 490 lllyrici
1924 455 2060 492 oppidum
2074 457 2127 492 est,
2149 460 2225 495 quod
2237 471 2251 489 a
2269 460 2418 492 Ptoiemaeo

1291 485 1373 524 &qn-ms
1384 484 1554 526 appellatur,
1576 487 1602 515 ὃ(
1613 487 1641 516 in
1652 499 1683 518 ea
1693 497 1769 527 parte
1780 490 1934 520 collocatur
1946 492 2123 525 Macedoniae
2135 506 2194 533 quae
2207 498 2350 529 Adriatico
2361 511 2417 530 nia-1

1291 528 1312 547 ri
1325 528 1455 550 imminet
1464 543 1473 557 ‚
1493 523 1522 550 in
1534 522 1636 560 lllyrici
1650 527 1775 557 confinio
1789 551 1796 557 .
1819 528 1850 558 V.
1872 539 1887 557 Β
1898 539 1965 558 um.
1975 541 1983 559 i
1995 540 2016 560 s.

2348 202 2417 236 377

1685 599 1709 632 B
1809 600 1842 635 Y
1878 606 1881 608 '
1938 602 1978 637 Μ

1250 654 1272 684 Β
1283 664 1301 685 i(
1309 666 1357 686 MA
1365 666 1382 686 z
1393 667 1411 687 υ
1421 668 1434 689 ε
1445 680 1453 695 ,
1474 659 1653 698 [Βύψζῷ]
1675 663 1745 695 Urbs
1757 665 1872 698 Paeoniae
1882 691 1890 705 ,
1911 669 2065 708 Stephano.

1682 736 1705 770 B
1802 740 1836 774 Y
1934 742 1969 777 N

1249 788 1329 819 Bw
1339 798 1353 834 a
1363 812 1372 827 ,
1394 801 1433 821 es.
1454 792 1473 821 f.
1494 795 1511 837 [
1520 790 1598 838 Cv'gn]
1619 796 1763 842 Hordeum
1775 823 1783 836 ,
1804 803 1881 840 quod
1892 805 2079 836 madefactum
2091 829 2099 842 ,
2120 808 2298 849 posteaquam
2315 816 2416 852 germi-

1286 836 1378 865 navit,
1400 839 1466 860 cum
1480 830 1574 870 ligulis
1583 843 1673 865 enatis
1686 844 1818 869 torretur.
1859 841 1890 870 V.
1911 844 2005 873 Aetius
2017 846 2103 875 Serm.
2118 857 2161 876 io.
2174 857 2216 884 19.

1670 907 1694 942 B
1794 911 1828 946 Y
1922 914 1953 949 R

1248 964 1271 995 B
1281 976 1298 995 r
1308 977 1344 997 as
1353 978 1372 998 A
1383 991 1401 1014 ‚·
1413 971 1429 1006 [
1439 971 1513 1015 deqoe
1523 972 1653 1004 Straboni
1665 975 1715 1006 lib.
1732 978 1799 1015 17.]
1822 979 1876 1009 Arx
1896 980 1950 1010 fuit
1964 982 1993 1011 in
2017 984 2109 1014 media
2124 987 2191 1016 urbe
2213 988 2414 1027 Carthaginen-

1287 1004 1372 1042 sium,
1393 1018 1423 1036 in
1442 1018 1522 1046 cujus
1540 1013 1644 1042 vertice
1656 1014 1807 1054 AEsculapii
1825 1017 1961 1055 templum
1981 1028 2058 1056 erat,
2081 1025 2156 1059 quod
2173 1025 2326 1056 Asdrubalis
2341 1038 2412 1058 uxor

1285 1051 1368 1086 capta
1379 1045 1448 1075 urbe
1458 1047 1551 1078 secum
1562 1054 1761 1083 concremavit.
1804 1054 1893 1090 Hujus
1906 1064 1999 1086 autem
2010 1061 2133 1090 nominis
2145 1063 2221 1100 origo
2233 1074 2296 1093 cum
2308 1075 2343 1094 ex
2353 1067 2413 1095 Ser-

1285 1089 1334 1110 vio
1346 1104 1353 1117 ‚
1373 1085 1543 1115 tumexaliis
1556 1087 1618 1117 talis
1630 1089 1685 1119 est:
1710 1091 1828 1129 llppulsa
1839 1093 1875 1122 ad
1893 1092 2007 1131 Libyam
2028 1096 2102 1126 Dido
2116 1120 2123 1132 ‚
2147 1110 2232 1136 quum
2252 1102 2285 1131 ab
2307 1103 2414 1136 Hiarba

1285 1119 1438 1186 pelleretur
1448 1144 1456 1158 ,
1478 1124 1561 1161 petiit
1571 1125 1673 1156 callide
1682 1134 1712 1157 ut
1723 1137 1830 1159 emeret
1839 1137 1948 1161 tantum
1958 1141 2036 1162 terrae
2048 1156 2056 1169 ,
2079 1144 2212 1173 quantum
2225 1139 2313 1176 posset
2323 1141 2416 1171 bubu-

1298 1167 1314 1186 o
1325 1167 1403 1188 corio
1416 1169 1555 1199 occupare
1568 1185 1576 1198 ,
1598 1165 1675 1202 quod
1686 1176 1772 1203 quum
1781 1168 1943 1205 permisisset
1954 1192 1962 1206 ,
1984 1172 2092 1202 corium
2111 1175 2140 1203 in
2161 1177 2316 1207 tenuissima
2330 1179 2412 1209 frusta

1284 1194 1391 1239 setflum
1404 1200 1531 1243 'tetendit
1540 1222 1548 1235 ‚
1568 1205 1774 1242 occupavitque
1793 1206 1879 1236 stadia
1902 1216 1919 1236 x
1928 1217 1947 1236 x
1956 1219 1966 1237 i
1975 1219 1993 1238 i.
2033 1209 2128 1248 Itaque
2152 1214 2262 1244 ostensis
2279 1216 2411 1247 thesauris

1284 1232 1340 1262 suis
1354 1234 1453 1271 sociis,
1475 1237 1568 1276 eisque
1579 1240 1708 1271 animatis
1720 1265 1728 1279 ‚
1749 1243 1890 1274 civitatem
1897 1246 2049 1276 construxit
2061 1270 2069 1282 ,
2091 1259 2173 1285 quam
2189 1253 2282 1288 postea
2295 1264 2412 1284 vocave-

1283 1280 1314 1300 re
1325 1271 1531 1311 Carthaginem.
1571 1278 1670 1308 Arcem
1682 1289 1749 1310 vero
1767 1291 1783 1311 a
1799 1281 1906 1312 bubulo
1917 1285 1994 1313 corio
2005 1307 2012 1320 ‚
2035 1288 2110 1322 quod
2127 1287 2162 1317 fic
2183 1291 2323 1326 vocitant,
2345 1293 2410 1331 Byr-

1281 1308 1340 1339 sam
1353 1314 1537 1350 nuncupavit.
1559 1315 1645 1352 Quod
1659 1318 1686 1347 δε
1699 1320 1788 1357 tangit
1799 1319 1870 1358 Virg.
1885 1330 1908 1350 1.
1927 1321 1989 1352 AEn.
2004 1331 2065 1360 372.

1364 1348 1540 1389 Mercatique
1549 1352 1639 1384 solum
1649 1377 1658 1390 ‚
1678 1355 1744 1386 facti
1754 1357 1790 1387 de
1802 1358 1921 1388 nomine
1928 1359 2039 1396 Byrsam
2049 1383 2057 1397 ‚

1363 1385 1490 1418 Taurino
1502 1398 1635 1427 quantum
1647 1393 1757 1431 possent
1770 1396 1934 1427 circundare
1949 1405 2036 1436 tergo.
2120 1400 2152 1430 V.
2176 1400 2249 1432 Flor.
2262 1412 2287 1433 2.
2306 1413 2348 1441 ις,
2363 1414 2406 1436 rr.

1283 1423 1311 1452 8<
1326 1422 1465 1455 Drakenb.
1481 1429 1516 1457 ad
1525 1429 1574 1459 Sil.
1592 1440 1614 1458 1.
1628 1440 1669 1466 ις.
1683 1433 1709 1462 ὁὶ
1720 1433 1819 1470 Scalig.
1835 1435 1962 1465 Animad.
1974 1436 2072 1467 Euseb.
2084 1447 2112 1466 n.
2125 1444 2191 1474 803-
2204 1451 2232 1478 p.
2245 1447 2290 1476 48.

1244 1458 1349 1490 Bnu
1359 1472 1372 1492 s
1383 1485 1391 1496 ,
1414 1463 1469 1494 sive
1483 1465 1620 1504 Byrrhus,
1641 1468 1786 1508 Proprium
1794 1472 1846 1501 viri
1856 1494 1864 1507 ‚
1883 1472 1922 1502 de
1938 1483 1993 1510 quo
2003 1475 2071 1505 Hor.
2088 1485 2112 1505 1.
2127 1478 2214 1507 Serm.
2228 1489 2255 1515 4.
2270 1483 2315 1515 69.

1379 1501 1415 1530 Ut
1426 1502 1457 1531 fis
1469 1509 1498 1532 tu
1510 1504 1604 1535 similis
1616 1506 1684 1536 Caeli
1693 1529 1701 1543 ‚
1721 1508 1840 1548 Byrique
1859 1509 2009 1542 latronum.

1283 1538 1300 1573 [
1311 1536 1382 1568 Cum
1395 1539 1426 1569 fit
1436 1540 1501 1571 Caeli
1511 1544 1651 1580 genitivus
1664 1555 1679 1574 a
1691 1545 1791 1577 Caelius
1800 1570 1809 1582 ‚
1834 1549 1945 1578 videtur
1959 1551 1987 1580 ἃ
2003 1550 2098 1588 Byrrhi
2111 1561 2126 1580 a
2135 1553 2212 1581 recto
2221 1552 2351 1591 Byrrhius
2361 1555 2410 1586 de.

1281 1574 1424 1619 scendme,
1436 1585 1468 1608 ut
1478 1580 1630 1612 Schol.vet.
1641 1583 1810 1623 indicat,qui
1821 1586 2016 1617 adolescentes
2027 1589 2151 1627 perditos
2162 1590 2241 1620 fuisse
2256 1593 2411 1624 dicit.Alias

1280 1620 1376 1644 notius
1387 1625 1546 1653 cognomen
1557 1619 1655 1656 Burri,
1677 1624 1821 1659 quomodo
1840 1624 1951 1655 fortaffe
1960 1625 2138 1657 scribendum
2153 1628 2192 1658 est
2202 1650 2210 1665 ,
2227 1638 2296 1660 cum
2304 1631 2350 1661 hae
2362 1631 2409 1663 lit-

1279 1656 1346 1681 terae
1358 1674 1366 1689 ‚
1388 1663 1405 1691 y
1420 1656 1446 1685 8<
1456 1665 1474 1686 u
1489 1677 1498 1693 ,
1518 1656 1664 1696 saepiffime
1677 1661 1893 1693 confundantur.

1722 1737 1746 1771 Β
1823 1738 1857 1773 Y
1939 1740 1960 1775 S

1241 1793 1402 1832 Bressos,
1424 1797 1442 1826 i.
1454 1797 1473 1827 f.
1496 1799 1646 1836 [adm-&3
1667 1800 1761 1831 Genus
1777 1802 1828 1833 lini
1843 1803 2012 1835 subtiliffimi
2031 1808 2059 1836 δε
2074 1808 2196 1845 preti-oli.
2234 1808 2356 1847 Reperio
2375 1812 2407 1840 ἃ

1282 1832 1391 1901 lgglsulffi
1392 1834 1523 1911 &13⁰2
1529 1847 1703 1906 purffiffigum
1711 1840 1766 1870 effe
1777 1863 1785 1877 ,
1806 1843 1833 1872 ἃ
1844 1842 1982 1880 byffinum
1991 1844 2045 1874 effe
2055 1845 2213 1884 hysginum.
2241 1847 2284 1877 Ex
2299 1848 2407 1878 Turne.-

1240 1907 1264 1938 B
1274 1919 1291 1938 Y
1300 1918 1311 1938 s
1319 1911 1349 1939 si
1359 1920 1379 1939 Ν
1387 1921 1405 1940 u
1415 1920 1443 1948 s,
1463 1921 1483 1941 a
1492 1934 1500 1948 ,
1521 1922 1578 1943 um.
1599 1916 1617 1951 [
1625 1913 1770 1952 βᾶοπνΰν]
1792 1917 1853 1954 Adi.
1874 1924 1908 1948 vut
1920 1940 1929 1954 ,
1948 1918 2092 1957 Byffinum
2103 1921 2201 1952 linum.
2221 1922 2290 1954 P-lin.
2305 1923 2352 1953 lib.
2363 1934 2408 1961 1⁹·

1280 1956 1313 1976 ca
1337 1970 1342 1976 .
1363 1958 1386 1978 i.

1279 1957 1389 2022 Bysifina
1401 1986 1482 2016 verba
1490 1988 1682 2026 metaphorice
1692 1990 1826 2022 dicuntur
1838 2015 1847 2028 ,
1868 1994 1939 2031 Quae
1951 1995 2149 2027 sublimitatem
2161 1998 2284 2029 vhabeant
2300 2009 2332 2029 ac
2348 2009 2409 2030 ma-

1298 2024 1489 2060 gnificentiam
1502 2048 1510 2061 ‚
1532 2027 1653 2057 nitorem
1665 2038 1777 2067 quoque
1798 2040 1830 2060 ac
1848 2034 2050 2064 auetoritatem.
2092 2035 2238 2074 Propterea
2257 2037 2407 2075 Parysatis,

1299 2061 1364 2100 Cyri
1377 2064 1402 2092 &
1415 2064 1571 2094 Artaxerxis
1581 2072 1668 2095 mater
1678 2067 1772 2097 dicere
1782 2068 1907 2103 solebat:
1931 2071 2037 2109 Regem
2048 2074 2095 2110 qui
2108 2083 2239 2112 prompte
2252 2097 2261 2111 ‚
2284 2085 2336 2105 nec
2347 2077 2408 2105 ani-

1296 2109 1347 2129 mo
1357 2101 1500 2131 timidiore
1512 2104 1730 2135 concionaturus
1738 2105 1827 2139 foret.
1849 2107 1952 2139 debere
1966 2110 2083 2148 byssinis
2102 2113 2141 2141 uti
2156 2113 2255 2143 verbis.
2291 2113 2407 2144 Haeeex

1298 2137 1364 2167 Cael.
1376 2138 1450 2168 Lect.
1466 2141 1555 2178 Antiq.
1568 2140 1617 2170 lib.
1629 2151 1673 2179 23.
1688 2153 1749 2181 cap.
1760 2153 1785 2178 7.
1823 2146 1904 2182 Atqui
1924 2157 1974 2185 per
1992 2148 2102 2186 Byffrna
2118 2149 2199 2179 verba
2209 2151 2342 2180 videntur
2356 2162 2409 2189 po-

1297 2176 1354 2205 tius
1365 2176 1484 2215 intelligi
1494 2178 1578 2208 verba
1589 2181 1740 2215 quaefacile
1757 2182 1847 2212 ferant
1863 2183 2027 2216 ‘delicatulae
2044 2196 2138 2223 aures,
2160 2188 2255 2225 quales
2267 2189 2325 2219 fere
2344 2189 2408 2219 sune

1296 2223 1414 2251 regum:
1437 2217 1483 2253 qui
1504 2223 1535 2246 ut
1548 2216 1661 2254 byffinis
1677 2220 1705 2249 8<
1718 2220 1852 2251 mollibus
1871 2222 2027 2253 induuntur
2040 2225 2214 2256 vestimentis
2225 2249 2235 2263 .
2262 2227 2301 2257 ita
2316 2228 2408 2258 verbis

1299 2251 1412 2289 byffinis
1424 2254 1587 2292 compellari
1598 2256 1706 2286 volunt.

1278 2290 1361 2328 Apud
1373 2290 1487 2321 Paulum
1500 2292 1516 2321 l.
1532 2301 1555 2330 3.
1566 2292 1634 2324 sent.
1645 2295 1687 2324 tit.
1700 2298 1726 2325 6.
1739 2299 1765 2326 6.
1778 2295 1952 2336 supelleetile
1965 2302 2009 2336 ⁶7-
2032 2300 2407 2339 Byffinassrynkershoeckims

1297 2329 1496 2367 interpretatur
1505 2330 1617 2361 Buffina
1629 2333 1674 2362 vel
1686 2333 1795 2364 Buxina
1806 2357 1814 2370 ‚
1838 2336 1925 2366 Graec.
1946 2339 2034 2371 πυξινδι
2045 2361 2053 2374 ,
2075 2340 2092 2368 i.
2113 2349 2138 2369 e.
2164 2339 2292 2378 Pyxidas,
2301 2342 2407 2372 etiamst

1296 2376 1356 2395 non
1370 2367 1503 2398 essentex
1514 2368 1589 2398 buxo
1599 2392 1608 2405 ‚
1626 2371 1705 2401 unde
1718 2382 1824 2402 nomen
1834 2395 1842 2408 ‚
1864 2373 1912 2404 sed
1923 2385 1959 2404 ex
1967 2384 2091 2413 argento.

1238 2402 1260 2434 B
1273 2414 1312 2480 {s
1314 2415 1350 2480 7s-1
1352 2414 1380 2472 ἓ
1388 2415 1433 2473 udse
1436 2416 1578 2475 'pgssfitgn'
1599 2409 1660 2445 Adj.
1682 2409 1762 2440 Idem
1772 2421 1808 2441 ac
1819 2411 1956 2449 Bryffinus.
1978 2422 2027 2451 ut,
2047 2415 2130 2461 Opus
2150 2415 2301 2455 byfficum,
2319 2416 2340 2448 1.
2358 2422 2404 2450 16.

1237 2480 1466 2518 Bxsronns,
1494 2482 1527 2513 V.
1549 2492 1744 2516 BrsTUNB‘S.

1682 2562 1707 2596 B
1802 2563 1837 2599 Y
1925 2565 1958 2602 Z

1238 2622 1260 2653 B
1269 2631 1288 2652 r
1297 2630 1313 2651 z
1322 2631 1342 2651 A
1351 2631 1369 2651 c
1379 2631 1448 2651 ΝΜ
1457 2642 1465 2658 ,
1483 2622 1506 2652 i.
1518 2632 1549 2652 n.
1567 2623 1734 2661 [ngdmr]
1752 2625 1804 2656 Lib
1825 2627 1992 2665 phoenicum
2012 2630 2087 2668 regio
2097 2631 2175 2661 estin
2186 2632 2277 2663 africa
2290 2654 2298 2668 ,
2319 2643 2404 2671 quam

1275 2660 1314 2689 sic
1332 2659 1463 2689 describit
1479 2659 1548 2690 Plin.
1567 2661 1617 2692 lib.
1632 2673 1655 2698 5.
1672 2673 1733 2701 cap.
1745 2676 1772 2700 4.
1824 2665 2020 2704 ibyphoenices
2035 2669 2212 2707 appellantur
2220 2694 2228 2706 ,
2253 2672 2299 2708 qui
2319 2671 2404 2709 Byza-

1277 2699 1353 2728 citi-m
1361 2698 1500 2728 incolunt·
1540 2699 1581 2729 Ita
1591 2700 1749 2738 appellatur
1756 2704 1832 2740 regio
1844 2725 1852 2735 .
1875 2714 1952 2735 CCL.
1968 2717 1998 2735 Μ.
2014 2708 2079 2744 pass.
2096 2709 2230 2745 circuitu,
2252 2709 2403 2739 fertilitatis

1274 2736 1399 2770 eximiae,
1421 2746 1485 2766 cnm
1495 2737 1644 2767 centesima
1654 2739 1733 2777 fruge
1741 2741 1870 2779 agricolis
1881 2742 1974 2773 foenus
1987 2745 2123 2775 reddente
2136 2753 2216 2776 terra.
2257 2747 2311 2777 Hic
2321 2748 2403 2786 oppi-

1277 2775 1313 2803 da
1323 2773 1410 2803 libera
1424 2774 1519 2813 Leptis
1528 2797 1536 2810 ,
1558 2776 1741 2808 Adrumetum
1751 2800 1760 2815 ,
1781 2779 1920 2818 Ruspina,
1942 2781 2076 2820 Thapsus.

1236 2813 1259 2844 B
1269 2822 1312 2842 Yz
1321 2821 1416 2841 ANT1
1428 2823 1442 2842 u
1453 2824 1490 2847 M,
1515 2814 1534 2842 i.
1551 2823 1581 2843 n.
1612 2813 1774 2853 [Βυζένῗωι]
1793 2816 1920 2848 Thraciae
1941 2821 2038 2850 civitas
2047 2824 2066 2856 ‚l
2085 2832 2100 2851 a
2120 2821 2247 2851 Pausania
2264 2823 2398 2860 Spartano

1276 2850 1401 2884 condita,
1409 2850 1563 2886 utJustinus
1574 2852 1635 2882 init.
1646 2853 1696 2883 lib.
1708 2864 1733 2891 9.
1741 2857 1840 2885 audor
1851 2857 1906 2886 est:
1918 2864 1950 2887 ut
1959 2858 2125 2894 Eustafflius,
2137 2869 2151 2888 a
2161 2860 2234 2897 Byze
2250 2860 2399 2898 Megaren-

1273 2888 1344 2917 sium
1355 2888 1443 2918 claffis
1453 2889 1594 2927 praefecto.
1613 2890 1716 2922 Liberae
1727 2892 1796 2922 olim
1804 2895 1981 2925 conditionis
1990 2919 1999 2930 ‚
2021 2899 2046 2927 ἃ
2056 2897 2137 2935 Ligos
2146 2904 2209 2926 ante
2221 2897 2302 2927 dista.
2326 2899 2395 2930 Plin.

1272 2926 1324 2956 lib.
1339 2938 1366 2962 4.
1380 2936 1440 2964 cap.
1457 2937 1468 2956 1
1477 2937 1500 2956 1.
1519 2927 1613 2958 Postea
1624 2939 1640 2958 a
1648 2929 1750 2960 Severo
1761 2931 1884 2962 dirutum
1894 2934 1922 2963 δι
1939 2934 1967 2963 in
1978 2935 2033 2964 vici
2052 2936 2168 2965 formam
2178 2935 2319 2965 redafttim
2332 2937 2396 2974 fuit,

1270 2964 1581 3003 aConstantinoMagno
1590 2967 2085 3010 restitutum,&Constantinopolis‚&
2096 2973 2174 3002 Nova
2183 2973 2272 3002 Roma
2284 2984 2396 3011 quoqne

1271 3003 1349 3031 dieta
1359 3002 1404 3032 est.
1411 3002 1450 3032 Ex
1461 3012 1495 3032 eo
1503 3010 1633 3042 tempore
1642 3006 1754 3044 imperii
1765 3007 1916 3039 Orientalis
1924 3009 2014 3046 sedes,
2025 3018 2183 3048 expugnata
2192 3011 2303 3040 tandem
2317 3012 2395 3044 fuita

1271 3040 1436 3071 mahumete
1446 3040 1548 3077 Tama,
1566 3052 1641 3073 anno
1651 3044 1748 3075 salutis
1759 3046 1856 3076 nostrae
1865 3058 1896 3076 M.
1907 3057 2048 3077 ccccmii.
2058 3058 2156 3085 magna
2165 3048 2322 3078 Christianae
2333 3052 2397 3088 pie.

1267 3079 1334 3146 {3²³⁵
1348 3078 1460 3114 jaetura.
1489 3079 1632 3112 Memorat
1639 3082 1722 3113 situm
1733 3105 1741 3119 ‚
1763 3084 1899 3123 originem
1907 3107 1917 3122 ,
1935 3087 1965 3116 Bc
1976 3095 2044 3124 opes
2056 3087 2155 3116 veteris
2169 3086 2295 3124 Byzantii
2307 3087 2392 3120 Com.

1298 3117 1361 3145 acit.
1376 3126 1417 3145 12.
1430 3119 1499 3147 Ann.
1516 3122 1533 3147 6
1549 3140 1561 3147 -.

1232 3154 1254 3185 Β
1263 3165 1282 3184 γ
1292 3164 1308 3183 z
1318 3165 1341 3221 ᾗ
1345 3163 1366 3183 Ν
1375 3163 1395 3182 τ
1403 3164 1412 3182 1
1423 3164 1441 3183 u
1451 3164 1463 3184 s
1477 3177 1486 3192 ‚
1506 3127 1549 3192 a?
1558 3166 1616 3187 um.
1637 3154 1794 3195 [Βνζένῗτῶυ
1805 3160 1821 3195 ]
1841 3160 1902 3196 Adj.
1925 3167 1974 3199 ut,
1996 3160 2088 3192 Litora
2103 3161 2246 3198 Byzantia.
2266 3161 2352 3195 Ovid.
2364 3174 2390 3196 r.

1268 3193 1317 3222 Tri
1343 3215 1350 3222 .
1364 3201 1407 3221 ιο.
1421 3201 1466 3229 31.

1267 3230 1344 3261 Orca
1353 3230 1496 3268 Byzantia.
1518 3231 1586 3262 Hor.
1597 3242 1623 3262 a.
1641 3232 1728 3263 Serm.
1743 3245 1770 3270 4.
1781 3238 1827 3264 66.

1350 3269 1415 3298 Nori
1427 3269 1480 3298 alia
1489 3279 1571 3307 quam
1579 3281 1634 3308 qua
1643 3271 1775 3309 Byzantia
1785 3272 1878 3310 putuit
1887 3282 1960 3303 orca.

1268 3306 1396 3345 Byzantii
1407 3307 1512 3337 exules.
1534 3309 1591 3338 Cic.
1603 3320 1654 3347 pro
1663 3310 1755 3349 Domo
1765 3310 1810 3340 sua
1820 3332 1828 3345 ‚
1848 3319 1892 3347 52.
2029 3343 2036 3354 x

1230 3343 1252 3374 B
1262 3355 1280 3375 Υ
1288 3353 1305 3374 z
1317 3355 1334 3374 A
1344 3355 1364 3373 N
1374 3354 1394 3373 τ
1404 3356 1413 3373 1
1422 3348 1439 3374 A
1448 3356 1466 3375 c
1475 3356 1493 3374 υ
1502 3356 1514 3375 s
1524 3368 1532 3382 ‚
1554 3357 1569 3376 a
1578 3369 1586 3382 ‚
1610 3357 1666 3377 um.
1688 3348 1764 3377 aliud
1782 3348 1842 3384 Adj.
1891 3343 2072 3391 βυζοινᾏιυωτ]
2099 3348 2166 3392 Stat.
2178 3361 2204 3386 4.
2228 3350 2293 3381 Sssv.
2302 3362 2327 3388 9.
2339 3362 2386 3391 η.

1311 3385 1364 3412 Aut
1373 3383 1557 3420 Byzantiacos
1564 3385 1662 3414 colunt
1669 3385 1794 3415 lacertos.
1899 3393 2085 3423 auertigenus.
2105 3387 2201 3417 iscium
2211 3388 2266 3418 hoc
2274 3390 2348 3420 loco.

1229 3420 1251 3451 B
1260 3430 1302 3450 Yz
1313 3432 1332 3451 A
1341 3430 1361 3450 Ν
1371 3431 1390 3449 T
1399 3432 1408 3449 1
1420 3431 1440 3449 N
1449 3431 1468 3450 u
1478 3431 1491 3451 s
1500 3443 1508 3457 ‚
1530 3432 1545 3451 a
1553 3445 1561 3459 ‚
1585 3433 1640 3452 um.
1686 3420 1843 3460 Βνζωιπααὲς
1853 3445 1861 3458 ,
1879 3418 1893 3450 ἒ
1906 3397 2102 3459 Βυζωπιααὲςξ
2114 3425 2190 3455 aliud
2198 3428 2303 3465 gentile
2313 3439 2322 3465 3
2341 3435 2386 3465 ut,

1267 3459 1364 3488 Exitus
1372 3459 1552 3496 Byzantinus.
1585 3459 1673 3490 Tertu
1685 3461 1703 3490 l.
1716 3461 1750 3490 ad
1762 3460 1872 3498 Scapul.
1883 3470 1943 3498 cap.
1955 3470 1982 3497 3.
2003 3498 2008 3504 ·

1229 3496 1251 3527 B
1261 3507 1280 3526 γ
1290 3500 1330 3526 ΖΞ
1339 3507 1359 3526 Ν
1369 3507 1387 3526 υ
1397 3507 1409 3526 s
1418 3518 1426 3531 ‚
1451 3497 1609 3534 [Βύζηνῶ]
1630 3499 1755 3536 Neptuni
1764 3499 1877 3536 quidam
1889 3498 1959 3528 filius
1971 3499 2038 3542 fuit,
2060 3501 2106 3529 cui
2122 3510 2182 3531 mos
2195 3501 2253 3531 fuit
2271 3505 2339 3535 mira
2352 3506 2386 3535 iu

1266 3535 1389 3565 dicendo
1397 3534 1525 3564 libertate
1536 3536 1585 3565 uti.
1626 3537 1700 3566 Hinc
1708 3537 1843 3574 paroemia
1854 3558 1862 3572 ‚
1883 3536 1988 3574 Byzeni
2005 3536 2119 3567 libertas
2128 3560 2137 3574 ‚
2159 3539 2206 3569 ubi
2225 3541 2286 3578 quis
2303 3544 2386 3573 auda-

1265 3572 1638 3610 ciusliber'rusqueloquitur.
1659 3574 1759 3604 Erasm.
1779 3573 1900 3606 Affert&
1909 3574 2034 3605 auam-ex
2043 3575 2386 3617 Stephanoorigineml’a-

1264 3612 1387 3646 roemiae,
1409 3611 1455 3640 sed
1465 3609 1540 3640 falso.

1226 3649 1395 3679 szfiaiis
1407 3671 1415 3683 ‚
1446 3648 1476 3677 V.
1500 3655 1666 3679 riu-ztan.

1225 3684 1363 3722 ΒΥΖιΑ,
1393 3686 1424 3716 V.
1446 3694 1565 3714 izizviz.

1223 3724 1373 3761 Brzou,
1400 3724 1432 3755 V.
1454 3732 1600 3753 ΒιΖοΝι

1747 4022 1826 4054 Bbb
