2604 4222
132 113 204 148 7¹4
580 95 612 130 c
709 92 740 128 R
837 82 914 124 εἰ

478 196 515 201 -
529 188 579 217 age
587 185 662 206 nunc
674 173 765 203 bellua
778 192 787 206 ,
824 206 830 213 ι
1053 201 1061 207 ⁸
1118 199 1125 206 .
1170 199 1176 204 ¹

266 219 435 249 Credishuic
445 218 519 256 quod
530 216 625 247 dicat?
645 222 691 241 ΡΥ.
714 209 779 246 quid
790 206 831 236 isti
847 202 981 247 credam?
999 209 1043 230 res
1051 198 1233 238 ipsarndieat.

177 257 266 288 Credo
275 268 310 287 ne
317 257 368 286 tibi
381 258 435 286 hoc
448 265 522 285 nunc
532 277 539 288 ,
560 249 691 291 peperisse
701 247 772 276 hanc
781 254 796 274 e
807 241 971 286 Pamphilo?
991 238 1053 268 Ter.
1068 237 1151 267 Andr.
1166 246 1189 272 3.
1203 242 1281 271 217.

178 296 344 326 mihicrede
393 294 450 324 Cio.
465 297 490 323 6.
506 293 631 321 Verr.28.
662 285 724 316 Fuit
743 282 831 315 tanti,
852 279 921 309 mihi
943 277 1044 308 crede:
1068 275 1184 324 haberes
1205 272 1282 316 quod

347 317 352 324 Ι
555 325 693 364 significat.
724 321 782 350 Cic.
798 329 839 348 10.
855 320 907 346 Att.
918 327 945 352 4.
968 315 1032 344 Non
1043 313 1101 342 sum
1121 325 1134 348 k
1145 311 1214 341 mihi
1225 320 1283 340 cre-

199 333 373 362 defendere&
393 332 436 361 vel
446 331 544 366 Utique
558 366 643 401 Atque
653 363 692 391 ita
701 359 759 389 Cic.
773 354 922 394 saepissime.
945 353 1035 383 Poetae
1045 349 1161 388 elegiaci
1172 354 1282 384 contra,

200 371 258 406 de)
277 371 377 400 mentis
390 377 509 415 compos.
528 367 563 409 ·[·

180 403 583 476 Οοτὲἆὲῗὲῐὲὴᾞῑῦἰίᾶξάεέῗὲῃέ.
598 440 652 467 fltt.
687 433 773 472 Quod
787 432 807 462 si
825 429 943 462 voluerit
956 428 1008 458 tibi
1023 426 1215 464 obtemperare
1226 445 1236 461 ,
1256 424 1283 454 δε

199 484 279 513 nobis
288 485 322 512 de
337 481 436 510 Caesare
447 479 557 510 credere
568 498 574 509 .
589 477 641 506 &c.

182 521 257 552 Dese
268 521 357 550 alicui.
379 519 460 548 Ovid.
476 527 497 545 1.
509 517 543 545 de
554 515 631 544 Pont.
640 518 666 546 8.
682 519 739 553 13.⁴
796 545 803 552 ·

271 557 380 594 Caspius
392 554 534 593 AEgypsos,
556 553 591 581 de
602 550 627 580 se
637 550 655 579 si
666 547 787 592 creditur
795 543 858 588 ipsis
866 565 876 579 ‚

306 594 438 623 Condidit
448 615 456 626 ,
478 589 622 629 &proprio
633 595 747 616 nomine
760 584 831 612 dixit
839 589 920 619 opus.

180 634 308 670 Chirogra
331 632 370 660 his
380 630 503 666 alicujus.
524 627 581 657 cic.
595 636 637 656 10.
648 624 832 658 Fam.21.pr.

180 671 275 701 Paniae.
325 669 378 698 vid.
390 679 414 703 9.
431 667 510 706 Epist.
524 676 533 694 r
543 676 583 700 ¹9·
893 694 901 700 ·
1000 691 1007 698 ,
1052 690 1059 697 ⁶
1124 688 1130 695 ,

178 708 264 739 Fidei.
303 707 366 736 Ter.
378 706 519 742 Eun.5.2.
531 712 574 739 59.
596 699 684 732 Crede
694 697 750 728 hoc
758 705 826 727 meae
836 694 901 724 fidei
913 714 923 730 ‚
943 690 1077 722 dabithic
1095 686 1216 726 aliquam
1231 697 1282 726 pu-

197 755 276 781 gnam
287 745 388 774 denuo.

177 782 300 814 Mustelae
310 782 428 810 credere.
448 779 534 809 Plaut.
543 776 628 807 Stich.
644 784 669 812 3.
682 784 708 804 2.
718 781 765 809 43.

268 820 378 849 Certum
392 819 429 847 est
441 816 560 847 mustelae
572 812 684 852 posthac
697 818 838 847 nunquam
851 807 972 837 credere.
1053 803 1146 833 Genus
1160 809 1218 831 erat
1235 810 1283 831 au-

195 857 264 895 gurii
275 857 453 886 domesticum
464 877 472 889 ,
493 863 577 891 quum
589 850 634 880 vel
643 850 766 888 serpens,
787 846 829 876 vel
840 844 954 875 mustela
968 841 1022 872 visa
1032 848 1104 886 etat,
1123 839 1168 883 vel
1179 839 1281 877 gallina

195 895 333 924 cecinerat
344 917 352 928 ,
372 901 418 923 aut
428 893 502 922 canis
511 898 567 920 ater
578 888 649 918 aedes
658 885 788 923 ingressus
797 890 862 913 erat.
902 882 965 912 Hoc
976 878 1126 918 auspicium
1135 885 1280 907 inventum

195 934 284 963 fuerat
293 942 307 961 a
318 931 460 969 Telegono
471 951 480 965 ,
500 935 530 958 ut
540 927 623 957 refert
635 925 734 956 Suidas
742 923 780 967 'in
791 923 939 957 Tnhe'w&.
960 918 1023 949 Ter.
1034 917 1143 948 Phorm.
1155 927 1182 952 4.
1195 928 1222 953 4.
1233 925 1279 951 2ς.

265 970 372 1000 Introiit
384 971 410 998 in
425 967 495 997 aedes
505 973 562 996 ater
571 964 677 993 alienus
687 970 763 992 canis
776 970 785 996 3
846 995 852 1001 ·

265 1007 366 1044 Anguis
376 1017 424 1045 per
433 1004 595 1042 impluvium
606 1001 710 1031 decidit
720 999 756 1028 de
769 995 866 1034 tegulis
876 1004 886 1031 ;

264 1045 372 1074 Gallina
383 1043 483 1073 cecinit
492 1064 499 1076 ,
514 1043 565 1071 &c

174 1082 300 1112 Oraculis
309 1082 427 1111 credere.
450 1081 523 1110 Curt.
540 1088 580 1107 10.
594 1087 618 1112 ς.
630 1085 673 1112 33.
880 1107 887 1114 ·
1026 1105 1032 1112 .
1072 1104 1080 1113 ⁶
1220 1104 1228 1111 “

173 1121 261 1151 Pretio
271 1120 381 1149 credere
392 1119 518 1155 jubemus
529 1115 609 1145 illuni
619 1115 663 1143 cui
674 1121 732 1142 rem
743 1109 786 1140 vel
796 1117 888 1145 magni
903 1129 912 1143 ,
933 1105 977 1136 vel
988 1113 1081 1143 exigui
1090 1109 1229 1134 momenti
1240 1102 1279 1133 es-

194 1158 220 1188 se
229 1158 389 1196 persuadere
402 1156 544 1188 volumus,
566 1163 600 1182 ex
611 1150 726 1189 eoquod
737 1149 780 1179 vel
792 1155 909 1184 magne,
931 1144 976 1175 vel
991 1153 1076 1183 parvo
1089 1148 1180 1182 pretio
1201 1151 1279 1172 corn-

191 1203 284 1234 parata
295 1195 340 1224 est.
362 1194 458 1223 Claud.
472 1194 506 1222 de
521 1192 610 1224 Birro,
628 1201 653 1233 1⁴·
790 1223 796 1229 .

253 1233 280 1262 Si
297 1232 363 1262 milii
376 1232 450 1261 nulla
461 1230 526 1260 fides
535 1252 542 1262 .
564 1228 667 1257 credite
675 1224 717 1254 vel
728 1229 825 1266 pretio.
960 1257 967 1263 .

174 1270 287 1300 Rumori
299 1270 419 1299 credere.
441 1269 513 1298 Suet.
524 1266 603 1303 vesp.
622 1268 646 1294 6.
667 1262 748 1299 Quasi
763 1269 853 1303 minus
865 1266 967 1301 rumori
977 1256 1133 1301 crederent.

174 1309 322 1338 Sententiae
337 1307 451 1342 alicujus
461 1306 495 1335 de
504 1304 629 1337 utilibus,
649 1308 729 1337 atque
738 1297 866 1328 honestis.
887 1294 1007 1333 Quintil.
1019 1293 1067 1324 lib.
1081 1303 1107 1324 2.
1118 1303 1180 1332 cap.
1193 1298 1221 1330 8.

174 1346 269 1375 Verbis
281 1345 396 1374 blandis.
420 1344 502 1373 Ovid.
516 1352 540 1372 2.
554 1341 635 1384 Epist.
645 1349 690 1375 49.
754 1374 760 1380 -

174 1383 307 1417 Credere,
329 1393 378 1420 pro
389 1380 540 1412 confidere.
562 1378 645 1408 Ovid.
658 1385 699 1413 ¹7-
710 1373 792 1413 Epist.
803 1381 872 1416 172..

251 1420 376 1450 Moribus
386 1421 410 1450 δι
421 1420 482 1449 vitae
497 1417 613 1447 credidit
628 1414 674 1444 ille
685 1422 760 1442 meae.
839 1409 913 1454 Yirg.
924 1418 953 1453 ²¹.
966 1406 1025 1438 Ecl.
1039 1415 1083 1444 17.

251 1458 276 1488 O
288 1457 404 1487 formose
416 1466 494 1496 puer,
503 1455 620 1485 nimium
629 1462 664 1482 ne
673 1450 757 1482 crede
772 1448 869 1480 colon.
933 1457 963 1489 1¹·
972 1456 996 1476 e.
1019 1445 1064 1476 Ne
1073 1443 1195 1476 confide.
1215 1444 1277 1476 Ser-

188 1496 257 1525 vius.

172 1534 291 1569 Credere
303 1534 328 1563 δι
339 1532 487 1562 confidere.
525 1529 557 1560 V.
578 1538 596 1558 c
606 1538 623 1558 o
632 1537 653 1557 N
662 1538 676 1557 r
684 1537 694 1555 1
703 1536 721 1555 n
730 1535 757 1556 0.
1061 1558 1068 1565 ·

171 1571 289 1602 Credere
299 1571 326 1600 se
340 1571 442 1603 alicui,
463 1569 489 1599 h.
502 1578 527 1598 e.
554 1566 631 1597 Fidei
649 1565 709 1601 ejus
718 1562 900 1593 committere.
920 1559 1007 1590 Plaut.
1018 1557 1098 1590 Trrn.
1114 1566 1138 1587 1.
1150 1567 1177 1588 2.
1191 1566 1254 1588 102.

249 1608 336 1638 Crede
349 1608 414 1637 huic
425 1614 453 1636 tu
468 1614 495 1636 te
506 1628 515 1642 ‚
534 1606 589 1642 jam
598 1603 672 1634 suam
693 1611 752 1632 rem
774 1599 874 1631 melius
894 1597 1013 1636 gefferit.
1092 1596 1144 1626 Per
1154 1596 1276 1627 ironiam

188 1646 303 1675 dit‘lum.
343 1645 381 1675 Al.
403 1645 502 1674 Credo.
857 1675 864 1681 ,
902 1673 909 1680 ‚
950 1673 956 1679 .
1047 1671 1052 1678 ,

169 1684 349 1713 Committere
359 1685 384 1713 &
395 1682 506 1713 credere
515 1679 618 1717 aliquid
627 1677 727 1708 fidei&
739 1675 865 1719 potestati
874 1673 1000 1719 alicujus.
1021 1670 1080 1702 Cic.
1094 1681 1118 1701 r.
1131 1671 1168 1709 Q
1179 1671 1272 1703 fraer.

168 1720 325 1751 Rectissime
337 1720 478 1751 &credere
486 1720 511 1749 ἃ
521 1717 694 1748 committere
704 1715 797 1744 omnia
805 1713 899 1743 alicui.
921 1710 980 1742 Cic.
993 1720 1019 1741 1.
1033 1710 1068 1748 Q.
1079 1710 1141 1740 frat.
1154 1720 1181 1741 1.

169 1758 282 1788 Causam
294 1759 345 1788 diis
354 1758 475 1787 credere.
506 1757 605 1786 Lucan.
617 1754 664 1784 lib.
676 1763 701 1790 7.
715 1761 760 1790 77.

168 1795 344 1826 Concubinas
353 1795 446 1825 alicui.
468 1793 584 1824 Martial.
594 1792 642 1822 lib.
654 1801 696 1821 12.
707 1800 754 1827 49.

167 1834 324 1863 Custodiam
339 1833 429 1863 alicui.
451 1832 579 1862 Clemens
589 1830 619 1859 in
630 1828 648 1859 1.
660 1829 709 1859 ult.
724 1828 758 1858 D.
771 1826 807 1856 de
814 1824 918 1855 custod.
933 1833 1054 1868 reorum.

166 1870 292 1901 Pecuaria
302 1871 425 1909 praesidio
437 1879 534 1900 canum
545 1868 665 1898 credere.
679 1867 779 1896 Auetor
791 1864 827 1894 ad
834 1864 936 1906 Heren.
948 1861 996 1891 lib.
1008 1873 1034 1897 4.
1044 1870 1090 1905 ⁴7·
1100 1859 1175 1891 Nam
1186 1868 1273 1898 quum

185 1919 265 1938 canes
277 1909 423 1946 fungantur
433 1907 530 1937 officiis
538 1906 666 1944 luporum
678 1926 687 1940 ‚
706 1904 817 1933 cuinam
829 1900 953 1939 praesidio
963 1909 1092 1938 pecuaria
1102 1898 1247 1930 credemus
1257 1899 1273 1929 ‘2

167 1947 282 1984 Pignora
292 1947 338 1975 sua
349 1947 437 1976 alicui.
460 1945 543 1975 Ovid.
556 1953 580 1980 3.
590 1944 625 1974 de
637 1944 700 1972 Arte
711 1942 769 1971 Am.
785 1942 850 1976 486.

167 1985 307 2015 Summam
321 1984 385 2014 belli
396 1992 490 2022 puero.
512 1983 581 2019 Virg.
596 1990 639 2010 ιο.
651 1980 711 2010 AEn.
725 1987 771 2016 70.

257 2022 331 2051 Num
340 2031 424 2059 puero
434 2020 566 2051 summam
574 2018 659 2048 belli?
680 2026 748 2046 num
760 2015 873 2046 credere
885 2013 1003 2044 muros?

168 2059 203 2088 Se
212 2059 322 2089 credere
335 2059 465 2096 Neptuno
476 2080 484 2094 ,
504 2067 553 2096 pro
568 2057 602 2086 Se
612 2055 786 2086 committere
797 2052 873 2082 mari.
894 2051 980 2095 Plaut.
993 2049 1065 2080 Rud.
1078 2058 1104 2080 2.
1113 2051 1140 2080 6.
1150 2057 1178 2081 2.

168 2097 204 2127 Se
214 2097 324 2126 credere
334 2097 401 2126 caelo
412 2106 443 2134 pr
463 2120 465 2122 .
488 2096 576 2125 etibus
586 2094 706 2136 pennis,
725 2101 775 2130 pro
785 2090 890 2135 yolare.
911 2088 986 2127 Virg.
996 2092 1022 2119 6.
1031 2087 1093 2119 AEn.
1103 2097 1148 2125 14.

260 2133 386 2164 Daedalus
406 2137 457 2169 (ut
476 2142 536 2162 ania
550 2132 612 2166 est)
631 2131 738 2168 fugiens
752 2129 860 2159 Minora
868 2136 971 2165 regna,

259 2171 425 2210 Praepetibus
437 2171 534 2208 pennis
543 2168 621 2199 ausus
630 2168 656 2197 se
670 2168 780 2197 credere
791 2165 868 2208 caelo.

167 2209 204 2240 Se
215 2209 325 2239 credere
336 2209 440 2238 audent
471 2208 574 2237 ramina
588 2207 616 2235 in
626 2214 714 2235 novos
725 2203 803 2234 soles.
825 2202 900 2240 Virg.
909 2210 936 2232 2.
951 2201 1050 2239 Georg.
1061 2208 1124 2238 333.

257 2246 342 2284 lnque
354 2256 439 2276 novos
462 2246 519 2275 oles
531 2244 633 2274 audent
643 2242 669 2272 se
679 2243 802 2280 gramina
813 2246 874 2270 tuto

259 2284 384 2314 Credere.
465 2284 483 2313 i.
499 2292 523 2312 e.
546 2281 768 2319 Egrediterram,
789 2277 953 2309 &crescere.

167 2323 202 2353 Se
212 2322 333 2352 hostibus
345 2321 455 2360 perfidis
466 2320 577 2351 credere
590 2341 598 2355 ‚
620 2318 736 2361 Dedere.
758 2316 823 2346 Hor.
834 2324 858 2352 3.
880 2314 971 2345 Carm.
984 2324 1008 2351 ς.
1021 2322 1065 2352 33.

166 2359 243 2392 Male
254 2360 363 2389 credere
374 2381 381 2394 ,
403 2361 419 2388 i.
438 2368 462 2389 e.
483 2357 621 2388 Diffidere.
643 2355 728 2386 Ovid.
742 2364 784 2384 12.
799 2353 868 2384 Met.
883 2361 945 2388 115.

246 2397 337 2427 Dixit:
360 2398 385 2427 &
394 2418 403 2432 ,
423 2396 552 2426 anteactis
561 2394 646 2424 veluti
656 2392 728 2423 male
742 2391 882 2427 crederet,
905 2389 1009 2420 hastam

246 2434 318 2465 Misit
328 2435 356 2464 in
365 2434 504 2464 adversum
514 2433 597 2470 Lycia
607 2432 641 2461 de
651 2431 732 2469 plebe
743 2431 888 2460 Nemeten.
1073 2464 1080 2471 .

167 2472 284 2503 Credere
292 2471 506 2539 ‘alliquiiddaiicm'
526 2480 576 2508 pro
591 2469 803 2500 Communicare
813 2467 965 2502 secretum,
984 2463 1117 2502 consilia,
1136 2465 1163 2496 Sc
1180 2464 1273 2503 hujus.

187 2511 270 2540 modi.
319 2519 355 2539 er.
410 2519 424 2538 e
439 2533 444 2538 .
478 2533 482 2538 .
514 2511 554 2538 .6.

258 2520 490 2584 Quandoquidein
496 2519 555 2575 5hoc
562 2553 702 2581 nunquam
712 2543 781 2572 mihi
790 2542 845 2581 ipse
854 2541 944 2571 voluit
953 2540 1076 2571 credere.

168 2585 294 2614 Animum
302 2584 379 2613 suum
388 2585 498 2613 credere
509 2583 599 2612 alicui.
620 2582 685 2612 Ter.
696 2581 766 2611 And.
785 2590 807 2610 1.
820 2591 843 2616 5.
859 2584 902 2617 38.

168 2622 283 2652 Consilia
292 2621 335 2651 sua
343 2622 454 2651 credere
466 2621 557 2651 alicui.
578 2620 642 2649 Ter.
653 2619 722 2649 Eun.
734 2627 759 2653 3.
772 2628 794 2647 i.
806 2627 847 2651 13.
868 2617 945 2647 Idem
955 2615 1071 2660 Adelph.
1082 2625 1108 2652 ς.
1119 2621 1202 2653 418·

245 2659 325 2689 Illum
337 2667 431 2688 amant
442 2681 450 2694 ,
469 2668 513 2688 me
523 2658 655 2695 fugitant:
676 2656 716 2685 illi
726 2656 844 2686 credunt
855 2654 966 2685 consilia
976 2662 1078 2683 omnia.

167 2697 235 2727 Rem
244 2697 318 2764 <tJanlti
332 2696 457 2733 sceleris,
478 2697 579 2734 ignotis
597 2693 745 2732 alienisque
758 2693 838 2724 servis
860 2702 918 2723 non
934 2691 987 2723 ess‘e
1007 2691 1186 2722 credendam.
1207 2691 1267 2723 Cic.

205 2745 233 2764 ro
268 2745 293 2764 oe
307 2757 313 2764 .
359 2757 366 2764 .

166 2745 279 2801 Fiicinus
288 2743 417 2809 ma5g³num
427 2771 537 2801 credere
545 2769 644 2799 timido
655 2769 759 2807 pec'tori
767 2791 776 2805 ,
795 2767 907 2798 stultum
917 2767 964 2799 est.
984 2766 1079 2798 Pseud.
1090 2776 1116 2797 2.
1130 2777 1154 2798 1.
1170 2775 1196 2804 3.

167 2810 254 2840 Verba
265 2810 376 2838 credere
388 2809 478 2838 alicui.
498 2808 561 2838 Ter.
572 2807 681 2837 Phorm.
698 2816 722 2836 1.
737 2815 764 2837 2.
784 2816 827 2836 rr.

256 2847 340 2883 Cujus
349 2854 377 2876 tu
392 2846 475 2876 fidem
486 2846 515 2875 in
526 2845 644 2883 pecunia
652 2843 834 2883 perspexeris,

258 2884 353 2913 Verere
362 2885 386 2913 ei
395 2883 476 2913 verba
487 2884 597 2912 credere
606 2881 621 2912 ’ἶ

167 2921 284 2951 Credere
298 2921 324 2951 se
334 2922 412 2950 tectis
425 2921 550 2957 alicujus.
573 2920 631 2950 Cic.
641 2929 666 2956 3.
677 2920 730 2949 Art.
745 2928 787 2954 ις.
807 2918 865 2955 Ego
875 2917 893 2947 fi
905 2922 981 2947 tuam
990 2916 1082 2961 ‘fidem
1093 2916 1247 2948 accusarem
1256 2939 1267 2954 ,

187 2969 242 2988 non
252 2969 294 2988 me
305 2958 472 2996 potillimum
483 2959 537 2988 tuis
547 2958 626 2988 testis
636 2957 785 2987 crederem.
821 2956 838 2984 i.
849 2964 874 2984 e.
893 2955 959 2984 Non
968 2955 1115 2985 diversarer
1124 2956 1199 2994 apud
1212 2964 1247 2986 te.

167 2997 283 3026 Credere
295 2997 342 3026 uni
352 2997 454 3025 omnia.
474 2995 532 3026 Cic.
543 3005 593 3032 pro
605 2994 677 3033 Lege
687 2993 785 3025 Manil.
796 2996 840 3028 68.
861 2992 906 3022 Sic
917 2992 991 3031 apud
1000 2993 1064 3023 Ter.
1076 2993 1146 3024 Eun.
1162 3003 1264 3030 3.1.12.

184 3034 300 3063 Credere
311 3034 462 3063 exercitum
470 3032 561 3063 alicui.

166 3072 281 3139 effidem
290 3071 372 3100 alicui
384 3077 535 3109 argentum,
549 3071 575 3100 ἃ
584 3068 698 3100 similia:
719 3069 738 3099 i.
753 3078 779 3099 e.
798 3067 969 3099 Servandum
979 3068 1161 3099 committere.
1177 3069 1264 3100 Plaut.

216 3119 251 3137 in.
265 3119 308 3144 ²4-
320 3115 364 3144 87.

244 3145 391 3182 Nunquam
402 3145 485 3175 hodie
495 3144 625 3174 induces:
646 3150 678 3174 ut
690 3143 740 3173 tibi
750 3142 859 3173 credam
871 3142 925 3172 hoc
931 3149 1072 3180 argentum
1082 3143 1186 3180 ignoto.
1207 3145 1266 3182 Sic,

186 3182 302 3212 Credere
317 3193 409 3212 aurum
420 3182 482 3212 fidei
493 3181 616 3218 alicujus.
637 3181 722 3211 Plaut.
731 3181 791 3211 Aul.
803 3192 829 3217 4.
841 3190 867 3210 2.
883 3186 908 3214 8.
930 3179 1012 3209 Unde
1019 3180 1177 3211 Creditores
1185 3183 1264 3213 dicti.

167 3220 313 3255 Argentum
324 3221 433 3250 credere
443 3242 452 3255 ,
473 3220 558 3249 aliter.
599 3219 656 3249 Liv.
668 3218 714 3248 lib.
727 3228 771 3254 27.
785 3225 853 3248 extr.
882 3217 939 3248 Res
953 3219 1023 3247 inter
1043 3218 1068 3247 se
1085 3220 1264 3256 contrahere,

185 3259 350 3324 {fndei-alod,
370 3258 489 3287 emendo
498 3279 507 3293 ,
527 3263 655 3287 mutuum
670 3257 764 3287 dando
772 3278 781 3293 ,
800 3263 944 3294 argentum
964 3256 1100 3285 creditum
1123 3256 1265 3288 solvendo.

215 3303 267 3324 iiut.
305 3303 322 3324 u
346 3305 388 3324 ,2.
421 3304 481 3330 -²3·

256 3333 318 3362 Tibi
331 3342 381 3366 ego
395 3304 535 3370 riunquam
545 3332 691 3369 quicquam
700 3331 812 3361 credam
823 3352 830 3366 ,
852 3330 900 3360 nili
908 3336 1023 3368 accepto
1035 3331 1160 3368 pignore.

168 3367 282 3398 Credere
296 3391 302 3402 ,
324 3369 460 3404 absolute,
480 3369 622 3399 subaudito
635 3369 796 3403 Pecuniam,
815 3375 847 3397 ut

167 3405 280 3435 Credere
293 3407 356 3435 fidei
373 3407 490 3436 alterius.
529 3406 585 3436 Cic.
602 3416 652 3444 pro
663 3406 732 3435 Flac.
745 3411 790 3440 46.
812 3406 870 3443 Qui
885 3413 979 3436 tamen
995 3405 1114 3436 credidit
1131 3406 1160 3437 P.
1173 3406 1263 3439 Fulvii

187 3441 285 3472 Veratii
297 3443 558 3473 lecliffimihominis
568 3444 640 3473 fidei.
681 3444 720 3472 Al.
742 3443 818 3473 Fide.

168 3478 283 3509 Credere
299 3482 463 3510 mutuitanti.
484 3481 566 3510 Plaut.
581 3482 665 3510 Merc.
682 3481 751 3518 prol.
764 3492 806 3516 ςι.

256 3518 452 3547 Conclamitare
463 3526 520 3548 tot-a
533 3519 600 3547 urbe
611 3529 617 3546 :
640 3521 665 3548 δι
674 3520 821 3555 praedicare
829 3538 840 3554 ,

256 3553 491 3584 Omncstenerent
503 3557 661 3585 mutuitanti
676 3557 797 3586 credere.

168 3588 265 3619 Credas
280 3593 322 3620 cui
333 3594 411 3621 male.
434 3593 516 3622 Plaut.
528 3594 637 3622 Curcul.
650 3605 676 3628 4.
693 3603 712 3621 r.
729 3603 772 3622 20.

168 3627 396 3664 Persynurapham
409 3631 548 3666 quidpiam
557 3631 647 3659 alicui.
687 3631 742 3659 Cic.
755 3632 790 3660 de
800 3629 891 3669 tirusp.
902 3628 983 3669 Resp.
994 3639 1040 3666 29.
1069 3629 1190 3662 Alterum
1210 3643 1261 3671 pu.

185 3666 248 3729 :japho
259 3675 348 3699 regem
359 3688 366 3700 ,
387 3667 404 3695 si
416 3667 539 3697 habuerit
550 3669 622 3697 unde
632 3668 681 3697 tibi
693 3668 776 3697 solvat
791 3670 866 3705 quod
876 3668 901 3698 ei
910 3679 958 3707 per
973 3668 1155 3708 syngrapham
1173 3673 1261 3701 credi-

206 3712 211 3728 Ι
239 3712 253 3729 l.

165 3738 261 3781 Exegit
270 3739 342 3781 quod
351 3741 473 3769 eredidit.
487 3741 595 3779 Cic.pro
604 3741 828 3778 Rabir.Posth.³9.
844 3744 882 3771 An
894 3753 976 3778 quum
987 3744 1117 3774 credebat
1128 3744 1260 3776 inductus

183 3776 305 3817 iisuris.id
315 3776 446 3819 rigebat-iit
457 3779 566 3807 haberet
579 3780 823 3817 quamplurimum?
835 3780 1006 3817 Posteaquam
1019 3783 1109 3818 exegit
1119 3786 1191 3820 quod
1202 3793 1259 3812 cre.

181 3814 294 3847 diderat,
304 3823 332 3842 ut
342 3815 533 3856 existimaremur
544 3827 598 3844 nun
608 3828 696 3851 egere,
707 3827 807 3846 novum
817 3828 902 3854 genus
912 3819 965 3848 hoc
972 3818 1062 3856 gloriae
1071 3822 1258 3858 concupiscit?

162 3850 279 3893 Credere
303 3851 445 3893 coliculis,
463 3854 486 3880 St·
508 3855 647 3883 arboribus
659 3876 668 3889 ,
699 3854 716 3883 i.
729 3865 753 3884 e.
773 3856 830 3885 hub
844 3856 902 3892 agri
919 3858 1034 3894 pignore
1047 3866 1173 3889 mutuam
1192 3860 1258 3889 dare

177 3897 333 3923 pecuniam.
354 3888 472 3919 martial.
487 3888 533 3918 lib.
547 3900 590 3922 ia.
603 3901 647 3927 ²5-

1759 70 1787 105 C
1885 70 1915 104 R
2012 72 2039 107 E

1466 152 1551 190 Quod
1564 152 1632 181 mihi
1641 160 1698 180 non
1709 152 1799 181 eredis
1808 152 1894 181 veteri
1906 174 1913 185 ,
1935 151 2082 182 Thelesine
2093 175 2100 189 ,
2122 153 2227 191 sodali,

1504 190 1600 219 Credis
1612 189 1738 218 coliculis
1748 211 1756 224 ,
1776 189 1971 225 arboribusque
1983 191 2060 220 nieis.

1373 229 1495 260 Credere
1508 228 1555 257 sub
1566 227 1651 256 usuris
1661 227 1752 255 alicui.
1774 227 1857 256 Gaius
1876 229 1905 256 in
1924 228 1942 257 l.
1962 228 2124 259 Mandatam
2141 230 2221 259 inter.
2242 230 2264 267 §.
2279 238 2303 260 x.
2319 228 2353 260 D.
2369 229 2498 262 Mandat.

1395 267 1440 296 vel
1454 273 1542 296 contr.
1565 266 1612 294 Sic
1622 267 1645 294 St
1657 265 1723 293 Sine
1733 264 1819 293 usuris
1831 265 1959 301 credere,
1983 266 2052 296 lbid.

1374 304 1502 335 Periculo
1513 303 1560 332 suo
1570 302 1691 331 credere.
1715 301 1826 339 Ulpian.
1841 302 1856 330 l.
1877 303 2016 340 idemque.
2034 305 2056 341 §.
2075 304 2104 334 Si
2123 304 2300 334 mandavero.
2320 305 2354 334 D.
2369 305 2499 336 Mandat.

1394 341 1438 372 vel
1448 348 1535 371 contr.
1557 340 1691 376 Quamvis
1707 340 1723 367 si
1735 339 1862 377 periculo
1875 339 1923 369 suo
1934 341 2108 378 credidisset,
2129 342 2260 379 cessaret,
2281 343 2373 380 inquit
2383 342 2498 380 Labeo,

1393 381 1422 408 in
1432 379 1520 408 usuris
1531 380 1602 408 aritio
1612 377 1743 406 mandati.
1765 377 1889 406 Subaudi
1902 400 1910 412 ,
1932 378 2090 409 Pecuniam.

1376 417 1516 448 Credendi
1527 416 1678 453 appellatio
1689 414 1823 457 generalis
1835 415 1873 443 est
1887 437 1894 450 ,
1916 416 1954 444 ait
1964 416 2076 453 Ulpian.
2092 416 2151 446 inl.
2167 427 2190 447 ι.
2202 417 2237 447 D.
2256 418 2292 447 de
2309 417 2393 448 rebus
2408 418 2499 448 credi.

1394 455 1432 484 tis
1443 477 1451 490 ,
1474 455 1544 484 Nam
1555 455 1713 490 cuicunque
1725 453 1762 481 rei
1776 453 1951 482 allentiamur
1960 453 2079 483 alienam
2088 454 2173 484 fidem
2184 455 2278 488 secuti,
2291 465 2357 485 mox
2369 463 2498 493 receptu-

1394 492 1497 536 riquid
1508 502 1542 520 ex
1557 492 1610 520 hoc
1620 491 1766 520 contractu
1778 512 1786 524 ,
1807 490 1922 519 credere
1932 490 2060 520 dicimur.
2083 492 2151 521 Haec
2161 492 2216 522 ille.
2257 494 2322 523 Sive
2337 503 2405 530 ergo
2413 503 2499 531 pecu-

1394 540 1470 560 niam
1481 529 1601 566 aliasque
1614 538 1673 562 reS,
1697 538 1757 564 quae
1771 537 1828 556 non
1845 529 1875 557 in
1893 528 1984 566 specie
1996 551 2002 562 ,
2024 529 2070 558 sed
2087 529 2116 558 in
2133 539 2233 567 genere
2245 532 2419 562 redduntur:
2441 530 2499 561 sive
2527 532 2528 536 ’

1393 569 1462 605 quid
1474 568 1549 596 aliud
1557 567 1636 601 cujus
1646 566 1746 595 solutio
1755 565 1876 603 speciem
1884 588 1892 600 ,
1913 566 1942 595 id
1956 567 1994 595 est
2004 567 2183 597 individuum
2194 568 2283 605 ipsum
2292 570 2431 600 creditum
2439 570 2500 599 exi-

1394 613 1440 642 gat
1450 627 1458 640 ,
1480 606 1531 640 (ut
1542 605 1570 633 in
1582 603 1709 641 deposito
1719 605 1745 634 ἃ
1755 604 1874 641 pignore
1885 605 1898 640 )
1919 603 2030 634 alterius
2038 604 2095 635 fide
2105 606 2315 638 committamus
2327 629 2337 644 ,
2349 608 2429 639 rede
2439 615 2500 637 cre·

1393 644 1459 672 dere
1470 643 1599 672 dicimur.
1623 641 1737 671 Hotom.

1375 680 1451 710 Cerae
1461 680 1565 717 aliquid
1577 679 1698 709 credere.
1720 679 1806 709 Plaut.
1820 679 1887 709 Pers.
1901 691 1927 716 4.
1940 688 1964 716 3.
1976 690 2020 717 59.

1374 719 1483 756 Campo
1492 718 1606 747 credere
1613 718 1711 747 aciem.
1735 717 1808 756 Virg.
1819 728 1843 753 9.
1856 718 1916 748 AEn.
1927 727 1974 753 4².

1467 757 1528 786 Neu
1540 756 1642 784 struere
1651 755 1882 786 auderentaciem
1891 778 1899 791 ,
1921 766 1976 785 neu
1987 756 2102 786 credere
2112 765 2224 795 campo.

1373 793 1460 824 Libris
1469 803 1567 823 arcana
1577 815 1585 828 ,
1607 793 1798 823 Committere.
1824 794 1891 824 Hor.
1904 803 1930 824 2.
1940 795 2027 824 Serm.
2041 804 2064 824 r.
2078 803 2124 830 31.

1452 832 1502 861 Ille
1513 831 1589 861 velut
1598 831 1660 860 fidis
1672 841 1769 861 arcana
1778 831 1917 862 sodalibus
1927 832 1996 861 olim
2084 832 2223 863 credebat
2232 832 2321 864 libris.

1371 870 1457 900 Nocti
1470 871 1572 899 veritus
1582 868 1609 898 se
1620 869 1744 899 credere.
1767 869 1852 900 Ovid.
1864 882 1890 905 4·
1904 870 1972 900 Met.
1989 873 2055 900 620.

1371 908 1467 937 Paludi
1478 907 1571 937 alveos
1578 916 1662 943 apum
1673 917 1731 936 non
1739 907 1861 938 credere.
1883 908 1959 947 Virg.
1967 918 1994 945 4.
2006 907 2106 947 Georg.
2114 912 2161 946 48.

1371 946 1491 976 Pedibus
1505 945 1540 975 se.
1563 945 1611 975 Sil.
1626 945 1675 974 lib.
1688 957 1713 979 4·
1729 955 1792 982 30²·

1370 984 1471 1021 Pugnae
1483 983 1518 1013 se.
1539 983 1614 1021 Virg.
1631 983 1726 1019 5.AEn.
1739 989 1801 1021 383.

1331 1021 1381 1052 ΟΒ.
1390 1031 1431 1052 131>
1440 1031 1477 1051 ur
1489 1031 1501 1051 s
1514 1043 1523 1058 ,
1544 1031 1596 1059 pro
1604 1020 1706 1051 Credas
1716 1043 1724 1056 ,
1745 1022 1875 1059 Frequens
1882 1021 1957 1060 apud
1967 1021 2056 1052 Plaut.
2072 1027 2105 1051 ut
2117 1022 2147 1051 in
2159 1021 2258 1060 Amph.
2271 1030 2298 1051 2.
2313 1030 2340 1053 2.
2352 1032 2399 1059 4ο.

1463 1060 1615 1097 Nunquam
1630 1059 1734 1097 edepol
1745 1065 1774 1089 tu
1782 1059 1852 1089 mihi
1866 1060 1954 1089 divini
1967 1060 2119 1098 quidquam
2133 1060 2243 1090 creduis
2253 1060 2312 1097 post
2321 1061 2397 1092 hunc
2406 1062 2494 1093 diem.

1369 1097 1461 1166 Idemffi
1471 1098 1571 1128 Bacch.
1586 1107 1611 1134 3.
1623 1106 1648 1134 3.
1663 1107 1708 1134 72·
1728 1097 1805 1136 Ipsus
1814 1107 1868 1130 nec
1880 1105 1953 1129 amat
1963 1120 1972 1134 ,
1993 1107 2047 1128 nec
2057 1104 2088 1128 tu
2099 1098 2225 1129 creduas.
2247 1099 2321 1128 conf.
2335 1098 2415 1138 Capt.
2427 1109 2452 1138 3.
2462 1111 2494 1138 4.

1407 1159 1413 1166 .
1463 1145 1520 1166 rue.
1533 1145 1558 1166 2.
1575 1145 1600 1165 2.
1635 1144 1660 1165 2.

1330 1145 1449 1205 0137133121
1459 1184 1478 1203 *r
1487 1185 1506 1203 u
1514 1184 1546 1209 R,
1568 1146 1677 1212 imgers.
1698 1168 1872 1210 [meatem]
1891 1184 1943 1212 pro
1952 1173 2035 1203 Fides
2044 1173 2201 1203 adhibetur.
2222 1173 2390 1205 Plautstich
2402 1184 2458 1211 4.1.
2465 1185 2492 1212 ς.

1460 1213 1546 1242 Nunc
1556 1213 1620 1249 quia
1632 1217 1661 1241 te
1674 1212 1798 1242 amicum
1809 1212 1878 1241 mihi
1885 1212 2014 1250 experior
2020 1211 2075 1242 effe
2085 1233 2093 1247 ,
2113 1212 2237 1242 creditur
2247 1212 2307 1242 tibi.

1366 1250 1433 1282 Non
1442 1256 1546 1280 temere
1557 1250 1690 1280 creditur.
1729 1249 1788 1280 Cic.
1803 1260 1854 1288 pro
1866 1250 1945 1280 Rosc.
1957 1250 2048 1280 Amet.
2059 1254 2104 1280 62.
2126 1249 2237 1280 Tamen
2249 1259 2309 1280 non
2319 1255 2424 1281 temere
2435 1259 2495 1281 crc-

1386 1289 1462 1318 ditur
1471 1311 1479 1324 ,
1501 1298 1591 1325 neque
1603 1288 1659 1318 levi
1667 1288 1830 1324 conjectura
1840 1297 1883 1318 res
1894 1289 2036 1326 penditur.

1369 1327 1498 1358 Creditur
1507 1327 1575 1356 mihi
1587 1326 1662 1364 apud
1671 1325 1761 1355 illum.
1783 1325 1870 1356 Plaut.
1880 1326 2002 1356 Menaeh.
2012 1337 2039 1361 4.
2052 1334 2077 1362 3.
2089 1336 2136 1362 2ς.

1443 1365 1542 1403 Neque
1552 1364 1631 1394 domi
1644 1386 1652 1399 ,
1673 1374 1765 1401 neque
1775 1364 1850 1402 apud
1861 1365 1980 1394 amicam
1989 1364 2060 1394 mihi
2074 1364 2132 1401 jam
2141 1363 2292 1402 quicquam
2302 1362 2437 1396 creditur.

1367 1402 1497 1434 Creditur
1509 1425 1517 1438 ,
1537 1413 1588 1440 pro
1602 1402 1813 1432 Commodatur.
1835 1402 1920 1432 Plaut.
1934 1402 2002 1432 Pers.
2014 1412 2040 1432 2.
2055 1413 2080 1439 ς.
2093 1413 2136 1438 ¹9·

1458 1441 1514 1479 Ego
1526 1441 1666 1476 rejiciam,
1686 1439 1759 1469 habe
1766 1441 1891 1470 animum
1901 1441 2016 1471 bonum.
2037 1450 2089 1471 sa.
2110 1439 2233 1472 creditur
2242 1461 2251 1478 ,
2271 1438 2473 1471 commodabo.

1366 1479 1513 1510 Creditum
1523 1479 1569 1509 est.
1591 1478 1656 1509 Ter.
1669 1478 1745 1508 Adel.
1760 1487 1785 1515 3.
1800 1489 1828 1514 4.
1840 1484 1886 1513 28.

1460 1517 1591 1555 Ignotum
1605 1517 1644 1546 est
1653 1538 1661 1551 ,
1683 1517 1798 1546 tacitum
1807 1516 1846 1546 est
1857 1538 1866 1551 ,
1887 1515 2024 1546 creditum
2035 1515 2082 1545 est.

1329 1555 1426 1586 Casu
1436 1565 1499 1585 rus
1509 1578 1518 1591 ,
1538 1555 1618 1586 entis.
1639 1555 1736 1585 Partic.
1768 1553 1897 1592 [ms-adas·
1907 1555 1924 1590 ]
1953 1560 2004 1591 ut,
2030 1553 2136 1584 Fallere
2159 1553 2332 1585 credentem.
2361 1552 2448 1586 ovid.
2459 1562 2489 1585 2.

1367 1594 1449 1632 Epist.
1466 1597 1510 1630 63.
1997 1602 2008 1612 ¹

1327 1631 1377 1662 cs
1386 1634 1450 1662 sni
1459 1641 1479 1660 τ
1491 1641 1508 1661 u
1517 1641 1545 1668 s,
1565 1641 1581 1661 a
1592 1653 1600 1667 ‚
1620 1640 1678 1661 um.
1697 1630 1797 1661 Partic.
1819 1626 2053 1668 [πεπιςώμδῖρθι]
2073 1629 2143 1660 Hor.
2156 1637 2181 1660 ι.
2193 1628 2286 1660 Carm.
2300 1637 2325 1667 3.
2339 1639 2366 1666 ς.

1443 1670 1547 1704 Navis,
1568 1680 1629 1707 quae
1641 1669 1694 1698 tibi
1710 1669 1848 1699 creditum

1482 1708 1575 1738 Debes
1590 1707 1736 1744 Virgilium
1747 1729 1756 1743 ,
1780 1707 1884 1738 finibus
1892 1706 1992 1737 Atticis

1443 1746 1556 1776 Reddas
1566 1746 1740 1775 incolumem
1751 1755 1860 1783 precor.

1363 1783 1471 1814 cuncta
1489 1785 1542 1821 (ut
1548 1793 1609 1813 mos
1616 1784 1719 1820 famae)
1739 1784 1768 1812 in
1779 1784 1868 1820 majus
1877 1783 1991 1813 credita.
2011 1781 2105 1813 Tacit.
2117 1790 2143 1819 3.
2156 1781 2226 1812 Arm.
2237 1791 2284 1818 44.

1361 1822 1395 1854 In
1403 1823 1537 1852 creditam
1546 1823 1695 1860 pecuniam
1709 1822 1856 1862 accipere.v
1868 1821 1980 1860 Ulpian.
1995 1820 2014 1851 1.
2034 1821 2062 1850 Si
2080 1820 2288 1850 remunerandi.
2308 1819 2332 1858 ς.
2351 1818 2431 1858 Apud
2440 1817 2490 1856 Ju-

1380 1861 1495 1890 lianum.
1508 1860 1541 1891 D.
1554 1860 1677 1889 mandat.
1688 1860 1733 1889 vel
1743 1867 1832 1889 contr.
1854 1859 1887 1890 In
1906 1859 2041 1889 creditam
2060 1858 2212 1896 pecuniam
2227 1859 2358 1894 videtur,
2379 1857 2489 1896 inquit,

1379 1898 1525 1936 accepiffe.
1565 1898 1612 1928 Sic
1622 1899 1698 1927 enim
1707 1897 1971 1928 FlorentinalecTio.
2011 1896 2189 1935 Aliilegunt,
2210 1896 2242 1927 In
2260 1895 2408 1927 creditum.

1361 1935 1394 1968 Iri
1409 1937 1530 1966 deterius
1541 1936 1656 1966 credita.
1674 1935 1766 1966 Tacit.
1779 1945 1804 1972 3.
1817 1937 1887 1965 Ann.
1903 1946 1947 1965 10.
2323 1949 2353 1974 s

1361 1974 1474 2004 Solvere
1486 1974 1617 2012 pecunias
1626 1974 1752 2004 creditas.
1778 1974 1839 2004 Cic.
1848 1975 1878 2003 in
1889 1973 1978 2003 Pison.
1993 1978 2038 2009 38.
2316 1982 2318 1984 ·

1360 2012 1404 2042 De
1414 2013 1540 2049 pecuniis
1551 2013 1663 2041 creditis
1670 2013 1715 2049 jus
1725 2013 1830 2042 dicere.
1854 2011 1913 2042 Cic.
1926 2012 1962 2042 dc
1971 2011 2079 2042 Provin.
2096 2010 2210 2042 Consul.
2223 2018 2251 2049 7.

1360 2050 1438 2082 Male
1447 2051 1552 2079 credita
1563 2049 1688 2080 Claudia.
1710 2051 1718 2079 i
1737 2060 1762 2080 e.
1783 2050 1860 2080 Male
1877 2050 2005 2080 audiens.
2026 2048 2075 2079 Sil.
2092 2058 2134 2086 17.
2154 2058 2198 2086 34.
2235 2048 2278 2079 Al.
2301 2047 2386 2079 Mala.
2419 2047 2449 2079 h.
2459 2050 2490 2079 es

1380 2088 1535 2127 Impudica.
1576 2088 1638 2117 Nic.
1655 2087 1750 2118 Heius.

1454 2125 1570 2155 Claudia
1580 2148 1588 2161 ,
1608 2136 1667 2155 non
1680 2136 1764 2164 aequae
1775 2125 1873 2165 populi
1883 2125 1956 2156 male
1971 2124 2077 2155 credita
2092 2124 2182 2154 famae.
2264 2123 2362 2162 [Alias
2380 2122 2490 2154 duriffi-

1380 2173 1442 2193 mus
1451 2164 1542 2194 versus
1553 2163 1584 2193 fit
1593 2164 1715 2201 quinque
1727 2164 1869 2194 voc'abulis
1881 2165 1909 2193 in
1924 2164 2045 2193 litteram
2062 2161 2274 2192 insuaviffimam
2287 2161 2486 2192 desinentibus.

1325 2201 1349 2232 C
1358 2211 1375 2231 s
1385 2212 1399 2230 κ
1411 2212 1428 2230 D
1437 2203 1475 2230 ῑτ
1485 2212 1502 2231 u
1513 2213 1532 2231 M
1544 2223 1552 2237 ,
1575 2202 1593 2232 i.
1614 2212 1641 2231 n.
1664 2199 1835 2238 [Mino-mi]
1858 2202 1943 2239 Quod
1955 2200 2037 2230 nobis
2057 2200 2183 2231 debetur.
2222 2201 2327 2231 Seneca
2341 2201 2377 2230 de
2388 2198 2487 2230 Benef-

1360 2239 1409 2269 Iib.
1424 2249 1448 2268 2.
1462 2249 1523 2278 cap.
1536 2249 1579 2269 2ο.
1608 2240 1751 2278 Accipiam
1765 2250 1831 2278 ergo
1843 2262 1851 2273 ,
1872 2247 2005 2277 tanquam
2018 2239 2158 2269 creditum
2168 2260 2176 2275 ,
2197 2248 2256 2268 non
2267 2237 2447 2268 beneficium.

1360 2277 1505 2307 Publicum
1517 2278 1663 2307 creditum.
1686 2277 1806 2315 Quintil.
1818 2278 1866 2307 lib.
1883 2289 1905 2313 ς.
1917 2287 1979 2315 cap.
1994 2287 2035 2306 io.

1359 2315 1440 2347 Irein
1450 2316 1597 2345 creditum.
1621 2315 1717 2346 Paulus
1729 2317 1758 2346 in
1776 2316 1795 2346 l.
1807 2315 1942 2346 Multum.
1960 2316 1980 2353 §.
1993 2314 2086 2344 Mutui
2098 2314 2183 2344 datio.
2206 2314 2239 2344 D.
2255 2314 2381 2344 derebus
2394 2311 2486 2344 credi-

1378 2354 1414 2383 tis
1422 2376 1430 2389 ,
1452 2354 1594 2391 Quoniam
1604 2364 1698 2384 earum
1708 2354 1929 2390 rerum—datione
1940 2352 2083 2389 possumus
2095 2353 2124 2381 in
2136 2352 2274 2382 creditum
2289 2353 2338 2381 ire.

1359 2390 1403 2423 Ire
1412 2393 1439 2421 in
1451 2392 1588 2422 creditum
1599 2393 1701 2422 dicitur
1710 2414 1718 2428 ,
1741 2402 1799 2421 non
1809 2393 1854 2430 qui
1867 2401 1924 2421 rem
1936 2392 2020 2425 stram,
2042 2390 2088 2419 seu
2098 2399 2203 2420 certam
2217 2389 2338 2429 speciem
2348 2388 2486 2425 vindicat,

1379 2430 1425 2460 sed
1437 2430 1482 2467 qui
1498 2431 1526 2459 in
1539 2429 1682 2468 personam
1695 2430 1770 2468 agit,
1791 2429 1879 2460 utsibi
1890 2429 2008 2459 satisfiat.
2031 2427 2143 2466 Ulpian.
2158 2428 2213 2457 inl.
2231 2428 2428 2466 procuratoris.
2445 2427 2481 2457 D.

1379 2468 1415 2497 de
1424 2468 1548 2497 tributor.
1561 2470 1644 2498 aftio.
1687 2468 1850 2505 Plerumque
1862 2476 1956 2498 tamen
1969 2466 2128 2504 simpliciter
2135 2476 2185 2504 pro
2196 2465 2315 2496 Credere
2327 2465 2463 2502 accipitur
2473 2473 2484 2495 :

1377 2512 1410 2535 ut
1421 2506 1496 2544 apud
1508 2506 1619 2535 Paulum
1631 2528 1639 2541 ,
1661 2507 1689 2535 in
1702 2506 1720 2536 l.
1731 2517 1755 2534 ι.
1771 2507 1804 2536 D.
1817 2506 1833 2535 fi
1845 2514 1912 2536 cert.
1926 2512 2012 2543 petat.
2023 2506 2051 2535 δι
2061 2505 2230 2535 Nlaecianum
2244 2505 2275 2533 in
2289 2504 2308 2534 l.
2320 2503 2396 2534 servo
2411 2502 2486 2532 invi-

1377 2549 1417 2573 to.
1430 2545 1457 2572 in
1474 2543 1521 2573 fin.
1538 2544 1568 2573 D.
1581 2546 1616 2573 ad
1631 2543 1851 2573 Senatusconsul.
1874 2543 1995 2574 Trebell.

1359 2581 1496 2612 Possidere
1507 2583 1535 2610 in
1546 2583 1682 2611 creditum
1693 2583 1811 2616 dicitur,
1833 2582 1889 2618 Qui
1910 2583 1938 2611 in
1952 2579 2145 2619 poffessionem
2157 2579 2308 2617 pignorum
2329 2578 2463 2609 debitoris
2473 2599 2484 2616 ,

1378 2629 1413 2649 ex
1422 2620 1534 2648 decreto
1549 2620 1668 2649 Praetoris
1679 2620 1773 2649 missus
1784 2620 1830 2649 est.
1854 2619 1962 2657 Ulpian.
1980 2618 2037 2648 inl.
2053 2628 2068 2647 a
2085 2617 2166 2648 Divo.
2179 2618 2212 2648 D.
2228 2618 2263 2647 de
2274 2617 2401 2654 rejudic.

1358 2656 1471 2687 Solvere
1481 2658 1626 2687 creditum.
1667 2658 1730 2688 Seri.
1743 2659 1778 2687 de
1792 2658 1886 2687 Benef.
1900 2658 1949 2688 lib.
1961 2667 1987 2687 2.
1999 2666 2059 2694 cap.
2073 2665 2117 2693 34.
2138 2655 2200 2686 Post
2209 2655 2312 2686 deinde
2329 2655 2408 2685 aliter
2430 2653 2481 2684 be-

1378 2695 1527 2729 neficium,
1548 2696 1628 2724 aliter
1639 2696 1778 2725 creditum
1795 2696 1917 2726 solvitur.
2428 2704 2429 2707 ’

1359 2731 1433 2763 Inter
1442 2733 1586 2762 Creditum
1598 2735 1623 2763 ἃ.
1635 2734 1776 2763 Mutuum.
1817 2734 1950 2764 Mutuum
1969 2733 2045 2762 enim
2064 2731 2093 2761 id
2105 2739 2238 2762 vocamus
2250 2752 2258 2766 ,
2279 2729 2365 2767 Quod
2379 2729 2423 2759 vel
2443 2738 2481 2761 ex

1377 2770 1491 2800 datione
1504 2771 1637 2806 alicuius,
1659 2772 1703 2801 vel
1713 2773 1906 2802 numeratione
1916 2771 2048 2801 debetur:
2069 2770 2099 2799 in
2116 2770 2214 2799 ceteris
2227 2767 2308 2797 rebus
2325 2767 2480 2806 appellatio

1376 2809 1465 2838 mutui
1477 2809 1625 2838 nonhabet
1636 2809 1740 2839 locum.
1786 2809 1932 2840 Creditum
1942 2815 2036 2839 autem
2047 2808 2192 2837 dicitur&
2214 2805 2304 2843 ipsum
2324 2813 2456 2836 mutuum
2467 2827 2478 2841 ‚

1377 2848 1403 2877 δι
1411 2847 1486 2883 quod
1496 2857 1529 2876 ex
1542 2847 1624 2883 legati
1634 2847 1722 2877 caussa
1731 2848 1849 2878 debetur
1861 2871 1868 2884 ,
1890 2849 1916 2878 &
1928 2847 2002 2885 quod
2013 2856 2048 2875 ex
2057 2845 2148 2884 pretio
2158 2844 2266 2875 venditi
2275 2843 2409 2882 redigitur
2418 2866 2426 2875 .
2448 2844 2478 2873 Sc

1377 2885 1452 2921 quod
1470 2894 1504 2914 ex
1518 2885 1681 2914 testamento
1693 2888 1829 2924 competit
1841 2908 1848 2921 ,
1869 2887 1895 2916 &
1915 2887 1971 2922 (ut
1985 2893 2042 2914 uno
2061 2883 2146 2913 verbo
2163 2882 2278 2917 dicam)
2298 2882 2327 2911 id
2346 2881 2423 2918 quod
2442 2889 2480 2912 ex

1322 2957 1345 2987 c
1354 2969 1369 2989 Β
1376 2932 1541 2989 ἓῗῗῖἱῆέε
1550 2922 1865 2998 ὒέἒῖἃὲὼὲἓὶἳέῗε
1875 2921 2082 2995 Ηῗωῗὲἓῗιῖ.
2090 2921 2130 2989 {³1⁶}
2139 2921 2238 2988 litt?
2249 2919 2465 2995 ffgfflfissg'gibgjg

1616 2984 1621 2990 .
1675 2984 1680 2990 .
1809 2974 1820 2990 ἢ
1844 2983 1853 2995 ,
1905 2974 1914 2989 U
1933 2972 1956 2990 ἣῖ
2225 2981 2230 2987 .
2336 2975 2351 2986 xa
2383 2981 2388 2986 .
2466 2974 2479 2984 ⁸

1359 2998 1480 3026 ditorum
1489 2982 1679 3036 appellatione
1689 3009 1746 3028 non
1756 2999 1775 3028 ii
1787 2972 2100 3036 tantu'iicieaccipiiintur,
2122 2997 2168 3034 qui
2186 2996 2335 3034 pecuniam
2352 2994 2482 3025 credide-

1357 3045 1438 3067 runt.
1460 3036 1505 3065 sed
1516 3046 1629 3071 omnes,
1651 3037 1750 3073 quibus
1761 3046 1795 3066 ex
1810 3035 2019 3074 qualibetcausa
2027 3035 2150 3065 debetur.
2172 3034 2250 3064 ficuti
2262 3039 2413 3071 exempto,
2433 3031 2481 3063 vel

1357 3083 1393 3103 ex
1404 3074 1504 3109 locato,
1523 3074 1566 3103 vel
1578 3084 1612 3103 ex
1620 3074 1677 3103 ullo
1689 3075 1743 3103 alio
1756 3077 1899 3104 contractu
1910 3074 2037 3104 debetur.
2060 3073 2158 3102 Cicero
2169 3081 2193 3109 3.
2205 3072 2234 3101 in
2244 3071 2319 3101 Verr.
2330 3080 2373 3108 73.
2395 3071 2481 3101 Erant

1357 3111 1485 3140 nonnulli
1507 3112 1608 3147 togati,
1631 3113 1780 3141 creditores
1793 3113 1951 3142 Graecorum
1961 3133 1971 3147 ,
1997 3111 2099 3149 quibus
2119 3110 2154 3140 ad
2174 3109 2326 3147 exigendas
2345 3108 2482 3147 pecunias

1356 3148 1551 3188 improbissimi
1563 3150 1691 3186 cujusque
1702 3150 1783 3187 legati
1796 3150 1948 3187 plurimum
1959 3149 2072 3187 prodest
2079 3149 2172 3185 gratia.
2192 3147 2259 3178 Hor.
2272 3156 2298 3178 2.
2309 3147 2478 3182 Serm.3.65.

1448 3186 1557 3223 Integer
1566 3189 1714 3218 elimentis
1727 3188 1881 3227 Damasippi
1892 3188 2034 3218 creditor?
2055 3186 2123 3217 este.
2216 3185 2245 3216 h.
2256 3194 2281 3215 e.
2303 3184 2362 3223 Qui
2377 3184 2478 3215 Dama·

1357 3224 1435 3261 fippo
1446 3226 1565 3254 credidit
1576 3226 1733 3263 pecuniam.

1356 3262 1456 3291 Totius
1470 3262 1580 3291 summae
1592 3263 1720 3292 creditor.
1742 3262 1862 3300 Quintil.
1875 3262 1923 3292 lib.
1939 3273 1963 3298 ς.
1975 3271 2035 3300 cap.
2049 3266 2095 3296 82.

1356 3299 1431 3329 Inter
1442 3301 1591 3330 creditores
1602 3300 1738 3331 debitoris
1751 3311 1852 3339 corpus
1863 3300 1996 3330 dividere.
2018 3298 2136 3337 Quintil.
2150 3298 2199 3328 lib.
2212 3307 2236 3335 3.
2253 3307 2316 3336 cap.
2327 3299 2353 3327 6.

1355 3337 1506 3375 sponsores
1518 3340 1542 3367 ok
1553 3340 1711 3369 creditores.
1753 3339 1809 3368 Cic.
1824 3348 1874 3376 pro
1887 3338 2038 3375 Quinum.
2065 3337 2173 3371 Etenim
2191 3336 2207 3365 fi
2223 3346 2258 3366 ex
2275 3335 2368 3365 edicto
2387 3332 2476 3371 posse-

1374 3376 1436 3404 disti
1449 3397 1456 3410 ,
1481 3385 1572 3411 quaero
1583 3386 1630 3405 cur
1642 3377 1715 3407 bona
1724 3386 1781 3406 non
1790 3376 1952 3407 venierint?
1973 3385 2022 3406 cur
2034 3375 2122 3406 ceteri
2131 3373 2275 3413 sponsores
2285 3374 2312 3404 &
2320 3372 2474 3403 creditores

1373 3423 1430 3441 non
1440 3415 1642 3443 convenerint?

1352 3450 1501 3480 Creditoris
1513 3451 1551 3481 sui
1563 3452 1675 3489 negotia
1684 3461 1789 3489 gerere.
1813 3451 1875 3490 Uip.
1887 3451 1906 3482 l.
1918 3451 1946 3482 si
1956 3450 2161 3482 remunerandi.
2183 3449 2206 3488 §.
2224 3448 2306 3487 Apud
2316 3447 2472 3485 Julianum.

1376 3489 1407 3517 D.
1424 3489 1546 3518 Mandat.
1558 3490 1601 3518 vel
1612 3496 1702 3520 contr.

1317 3527 1366 3557 Ca
1377 3537 1390 3554 rr
1401 3528 1466 3555 nir
1477 3537 1490 3554 R
1500 3538 1508 3554 1
1519 3536 1536 3555 ir
1546 3548 1554 3561 ,
1573 3528 1634 3556 i‘cis.
1657 3528 1675 3557 f.
1698 3525 1797 3557 Paulus
1807 3526 1836 3556 in
1847 3526 1865 3556 l.
1878 3526 2010 3556 Claudius
2020 3525 2106 3555 Felix.
2129 3525 2152 3562 §.
2175 3524 2228 3554 Aut
2239 3530 2343 3554 contra.
2362 3523 2396 3553 D.
2415 3522 2474 3560 Qui

1353 3565 1452 3602 potior.
1466 3565 1492 3592 in
1504 3565 1578 3600 pigri.
1589 3565 1634 3594 vel
1646 3565 1711 3604 hyp.
1732 3564 1835 3594 Poterit
1845 3565 1885 3595 uti
1896 3565 2064 3603 exceptione
2079 3563 2118 3593 rei
2131 3562 2260 3599 iudicatae
2274 3560 2403 3592 adversus
2417 3561 2475 3599 pri-

1356 3612 1428 3631 mam
1439 3602 1621 3632 cretlirricem.

1317 3639 1340 3669 C
1348 3650 1364 3668 s
1375 3650 1388 3667 iz
1396 3649 1412 3667 u
1421 3640 1434 3668 ἶ
1442 3650 1455 3667 B
1464 3641 1476 3667 ῖ
1484 3651 1499 3667 L
1511 3650 1518 3667 ι
1528 3649 1541 3668 s
1550 3661 1559 3674 ,
1580 3650 1604 3669 e.
1626 3639 1771 3675 [πιῖωδς]
1792 3639 1878 3677 Quod
1889 3639 1926 3668 ita
1936 3637 2083 3669 verisimile
2092 3637 2140 3672 est,
2157 3643 2188 3668 ut
2198 3637 2274 3668 credi
2287 3637 2368 3668 facile
2378 3634 2472 3675 poffit.

1354 3677 1442 3711 Cic.4.
1459 3677 1534 3706 Verr.
1543 3688 1550 3706 i
1558 3683 1602 3711 80.
1625 3678 1714 3707 Multa
1724 3678 1810 3711 enim,
1825 3687 1885 3713 quae
1899 3676 1954 3706 scio
1964 3676 2012 3707 abs
2024 3682 2052 3706 te
2063 3674 2117 3705 effe
2128 3674 2280 3712 commissa,
2291 3676 2367 3713 quod
2374 3682 2422 3706 aut
2430 3673 2475 3703 ni-

1354 3715 1440 3744 mium
1451 3715 1540 3751 turpia
1550 3737 1557 3750 ‚
1578 3722 1624 3744 aut
1635 3725 1731 3752 parum
1739 3715 1883 3745 credibilia
1890 3713 1969 3751 sunt,
1990 3713 2210 3753 praetermittam.

1354 3751 1493 3781 Credibile
1507 3752 1552 3781 est.
1575 3753 1659 3782 Ovid.
1676 3763 1700 3782 2.
1714 3751 1794 3782 Trist.
1806 3763 1851 3789 72.
1932 3758 1941 3777 s

1354 3789 1461 3819 Fortior
1471 3790 1609 3820 credibili.
1648 3791 1732 3820 Ovid.
1746 3800 1771 3827 3.
1786 3790 1854 3820 Fnst.
1867 3793 1931 3824 618.
1961 3790 1989 3820 h.
2004 3798 2028 3819 e.
2052 3788 2127 3818 Dido
2147 3789 2176 3819 in
2194 3794 2285 3821 morte
2300 3787 2351 3820 fibi
2367 3788 2474 3820 consci-

1371 3827 1471 3856 scenda
1486 3827 1538 3857 fuit
1550 3828 1661 3863 sortior,
1682 3838 1764 3864 quam
1774 3829 1904 3865 cuiquam
1916 3825 2159 3858 fuiffetcredibile.

1353 3865 1520 3901 conjectura
1533 3867 1569 3894 rei
1580 3866 1698 3903 alicujus
1707 3865 1858 3896 credibilis.
1880 3865 1940 3895 Cle.
1952 3874 1978 3896 2.
1989 3863 2025 3895 de
2033 3863 2129 3896 Divin-

1350 3902 1482 3934 Narrtitio
1503 3903 1653 3935 credibilis.
1676 3904 1734 3934 Cic.
1743 3904 1775 3933 in
1782 3904 1860 3935 Orat.
1873 3912 1938 3945 1324.

2378 3945 2477 3979 Sermo
