2604 4222
174 154 245 187 274
597 140 624 173 A
718 138 739 172 S
837 137 862 170 P

222 223 345 260 Aspirare
358 244 365 256 ,
388 221 532 250 Accedere.
556 219 691 249 Columel.
703 219 750 247 lib.
763 223 787 249 8.
802 227 861 254 cap.
878 226 918 251 14.
963 215 1006 244 Ne
1024 212 1156 246 coluber,
1177 218 1213 239 ne
1230 209 1343 247 vipera,

241 261 359 297 felis-que
372 282 378 294 ⁷
401 266 446 287 aut
460 260 542 287 etiam
555 256 890 293 mustelaposiituspirare.
928 253 1022 288 Quem
1043 251 1137 279 locum
1159 247 1311 288 desumpsit
1331 255 1346 273 e

246 298 317 327 Varr.
333 309 354 329 π.
377 298 412 325 de
422 297 453 325 A.
466 297 497 325 R.
510 306 570 333 cap.
586 306 626 324 10.
664 296 741 324 Neve
751 304 803 331 qua
810 302 844 321 eo
856 291 990 320 accedere
1002 288 1104 326 possint
1114 286 1235 315 mustelae
1246 307 1254 319 ,
1276 285 1349 313 alite-

246 346 279 365 ve
294 336 383 364 bt‘iiize
394 344 456 371 qua*>
465 341 590 362 noceant.

229 372 507 411 Propitiumasiiirare
517 380 599 409 pravo
611 368 733 398 consilio.
757 367 843 395 Valer.
864 364 980 394 Maxim.
997 363 1044 392 lib.
1061 372 1085 399 3.
1098 372 1159 399 cap.
1172 361 1222 390 ult.
1246 359 1294 388 ubi
1315 358 1350 386 de

252 411 408 442 Phocione,
433 410 566 438 Blandum
583 409 706 436 animum
718 402 866 433 temeritati
877 402 952 431 casus
963 401 1046 435 facit,
1067 401 1115 429 ubi
1131 408 1215 437 pravo
1238 394 1352 426 consilio

251 449 387 486 propitius
398 447 510 483 aspirat:
533 448 558 475 ἃ
570 455 623 481 quo
633 443 824 472 vehementius
838 446 939 469 noceat
949 461 956 472 ,
980 439 1144 476 insperatius
1159 435 1278 474 prodest.
1334 471 1339 476 ¹

234 486 357 524 Aspimre
370 486 402 513 arl
414 485 543 521 aliquem.
567 484 623 511 Cic.
637 493 659 514 ς.
678 480 758 509 Tusc.
774 486 817 516 27.
860 477 1019 514 Omnesque
1029 476 1120 506 aditus
1132 471 1354 506 tuosinte-rclusi,

252 532 283 553 ut
294 524 325 553 ad
337 533 380 551 nie
392 521 505 560 aspirare
515 531 571 549 non
582 518 676 556 posses.
702 518 726 546 b.
744 527 767 546 e.
790 515 941 545 Pervenire.
1315 547 1319 552 ⁵

234 563 275 592 Ad
291 561 409 597 aliquem
424 569 456 588 ex
469 559 567 589 bellica
581 557 671 586 laude.
695 555 751 584 Cic.
771 554 807 583 de
818 553 888 583 Clar.
902 553 980 582 Orat.
993 558 1038 587 84.
1079 551 1152 580 Nam
1168 556 1199 579 ut
1213 558 1247 577 ex
1255 546 1355 576 bellica

252 599 332 628 laude
346 598 462 635 aspirare
475 596 508 624 ad
519 596 673 625 Africanum
694 602 777 622 nemo
795 592 901 630 potest:
923 591 958 620 sic
976 589 1100 628 ingenii,
1121 589 1279 621 literarum,
1301 584 1358 613 elo-

254 636 388 673 quenriae.
409 634 544 674 sapientia:
560 632 698 668 denique,
720 630 767 659 etsi
784 631 893 667 utrique
908 629 1026 666 primas,
1047 628 1151 665 priores
1168 632 1263 655 tamen
1281 623 1358 652 defe-

251 681 316 703 runt
335 672 424 702 Laelio.

235 713 339 750 Al'pirat
350 711 426 747 equis
440 732 448 744 ‚
468 718 518 747 pro
536 707 574 736 Ad
586 715 680 742 equos.
703 705 776 743 Virg.
794 714 835 734 12.
852 704 914 734 AEn.
927 714 989 742 352.

427 764 464 768 —-
478 755 531 775 nec
552 745 630 781 equis
654 744 754 780 aspirat
781 743 901 772 Achillis.

255 786 329 823 apud
340 785 457 819 maiores
468 807 476 818 ,
500 783 612 812 Accedit
624 781 764 819 significat.

237 825 360 862 Aspirare
371 824 407 851 rei
422 823 489 851 deos
502 821 631 853 dicimus,
642 830 692 857 pro
705 818 843 848 Auxilium
851 817 966 856 aliquod
975 817 1103 856 praebere.
1116 814 1352 853 Virg.2.AEn.385.

365 859 511 897 —aspirat
521 857 835 897 primosortunalabori.
918 857 996 886 Idem
1013 866 1039 893 9.
1057 855 1118 885 AEn.
1134 864 1197 890 525.

331 898 384 927 Vos
396 898 413 927 ὁ
426 897 550 934 Calliope
561 905 658 934 precor
667 895 781 934 aspirare
791 894 913 924 canenti.

237 936 343 973 Aspirat
352 936 469 965 felicitas
482 935 574 964 alicui.
597 934 672 963 Curt.

239 974 360 1012 Aspirare
369 975 399 1003 in
411 974 525 1003 curiam.
548 972 606 1001 Cic.
617 982 644 1005 4.
665 970 739 999 Verr.
751 973 795 1007 76.
816 970 833 998 i.
847 979 871 998 e.
893 968 996 997 Venire
1005 990 1013 1003 ,
1034 965 1221 996 Contendere.

238 1013 272 1043 In
284 1022 422 1049 campum.
446 1011 504 1040 Cic.
520 1020 571 1048 pro
586 1009 652 1046 Syll.
671 1019 713 1044 52.
735 1008 769 1037 ad
781 1007 901 1036 Comitia
912 1006 968 1036 scil.

237 1050 359 1087 Aspirare
372 1072 379 1084 ,
401 1049 533 1088 lnspirare
547 1070 555 1084 ,
576 1047 619 1077 vel
630 1047 781 1085 impertire.
821 1045 863 1074 De
878 1044 1039 1074 Domitiano
1056 1043 1197 1072 invocato.

257 1087 378 1124 Quintil.
391 1088 419 1116 in
433 1087 507 1125 praef.
519 1086 566 1115 lib.
578 1097 605 1121 4.
628 1085 665 1114 Ut
675 1090 809 1121 quantum
816 1083 896 1112 nobis
906 1092 939 1111 ex
963 1081 1108 1111 &stationis
1116 1079 1228 1116 adjecit,
1246 1080 1355 1107 tanturn

257 1125 362 1163 ingenii
375 1125 474 1163 aspiret
484 1147 492 1158 ,
513 1125 665 1159 dexterque
675 1132 706 1151 ac
716 1121 814 1150 volens
826 1120 901 1149 adsit.
942 1093 1069 1149 siudaeus.

237 1163 326 1194 Dictis
334 1164 460 1193 divinum
469 1162 567 1199 aspirat
575 1169 697 1190 amorem
706 1159 808 1188 Venus.
838 1158 910 1196 Virg.
924 1164 949 1191 8.
974 1157 1032 1187 ffin.
1047 1162 1108 1193 373.

998 741 1050 771 Ubi
1070 740 1180 770 Servius
1192 761 1200 775 ,
1233 737 1336 776 Aspirat
1346 757 1356 770 ,

238 1201 360 1239 Aspirare
369 1201 404 1230 ad
415 1210 473 1230 rem
483 1200 603 1236 aliquam
615 1222 623 1233 ,
640 1199 678 1228 est
694 1196 859 1226 vehementi
871 1202 972 1225 conatu
990 1195 1019 1223 in
1034 1194 1155 1230 aliquam
1165 1202 1224 1222 rem
1242 1196 1357 1220 conten-

257 1241 340 1268 dere:
364 1238 529 1276 quiaquific
540 1237 699 1270 enituntur,
719 1234 841 1272 spirant,
862 1233 936 1262 idest
945 1232 1085 1262 anhelant.
1107 1231 1165 1260 Cic.
1179 1240 1204 1266 3.
1223 1230 1296 1259 Verr.

238 1278 280 1308 Ad
289 1276 474 1314 magistratum
485 1276 610 1313 aspirare.
632 1274 694 1311 Ulp.
711 1273 738 1302 in
749 1273 766 1301 I.
782 1282 802 1301 1.
822 1272 842 1309 §.
861 1271 967 1300 Casum.
992 1270 1025 1300 D.
1048 1269 1083 1298 de
1093 1268 1248 1307 postuland.

237 1316 377 1345 Accedere
391 1337 399 1349 ,
420 1321 468 1344 aut
478 1314 602 1351 aspirare.
626 1311 683 1341 Cic.
702 1323 721 1340 1.
741 1309 814 1339 Verr.
827 1319 872 1338 20.
914 1308 944 1338 ln
956 1307 1095 1342 eiusmodi
1109 1317 1136 1336 re
1144 1307 1288 1344 quisquam
1297 1306 1353 1333 tarn

255 1354 406 1391 impudens
413 1352 579 1390 reperiretur
589 1372 597 1385 ,
619 1350 665 1387 qui
677 1349 710 1378 ad
721 1347 840 1377 alienam
859 1346 967 1376 causam
983 1346 1077 1374 invitis
1092 1346 1125 1374 iis
1136 1353 1252 1380 quorum
1273 1352 1355 1379 nego-

256 1391 326 1420 tium
337 1392 375 1421 est
390 1413 398 1426 ,
419 1390 552 1419 accedere
565 1411 571 1423 ,
593 1395 641 1417 aut
652 1387 766 1423 aspirare
777 1385 899 1414 audeat‘?
923 1384 973 1413 Ubi
994 1383 1089 1412 Ascon.
1112 1382 1234 1420 Aspirare
1245 1403 1252 1416 ,
1273 1381 1311 1410 est
1326 1380 1355 1408 ln

256 1438 316 1459 eam
327 1436 434 1466 partem
442 1449 450 1463 ,
472 1437 525 1465 qua
534 1424 602 1463 quid
612 1425 752 1462 quaesltum
763 1424 800 1452 est
808 1445 816 1459 ,
836 1421 945 1452 vultum
959 1423 986 1452 &
997 1420 1094 1450 oculos
1112 1430 1144 1450 ac
1163 1419 1291 1458 spiritum
1300 1418 1355 1447 oris

253 1467 402 1500 advertere.
444 1465 581 1494 Accedere
594 1486 602 1499 ,
625 1463 663 1492 est
676 1462 833 1492 Proximum
845 1460 914 1490 fieri.

238 1505 361 1542 Aspirare
372 1505 474 1541 aliquo.
498 1503 557 1532 Cic.
572 1512 597 1538 7.
616 1501 690 1530 Verr.

234 1543 276 1572 Ad
293 1552 353 1572 eam
372 1542 483 1572 laudem
500 1550 582 1579 quam
599 1538 745 1572 volumus,
772 1535 887 1574 aspirare
904 1544 963 1564 non
992 1533 1113 1572 possunt.
1146 1529 1205 1562 Cic.
1229 1532 1266 1562 de
1283 1531 1354 1561 Clar.

252 1581 329 1610 Orat.
348 1591 357 1610 r
402 1603 408 1610 .

237 1590 416 1657 Aspirare3,9i.
428 1627 453 1647 e.
474 1615 595 1646 Illinere.
620 1612 810 1650 Lucret.apud
822 1610 941 1649 Quintil.
954 1610 1025 1648 3.41.‘

429 1671 467 1676 —-
480 1655 555 1692 prius
567 1663 626 1682 oras
639 1650 741 1690 pocula
750 1651 856 1679 circum

355 1692 479 1731 Aspirant
487 1691 577 1721 mellis
586 1690 661 1720 dulci
673 1689 797 1726 flavoque
807 1687 924 1725 liquore.
971 1686 1003 1715 ln
1014 1684 1236 1723 quibustodd.
1246 1683 1354 1722 legitur,

239 1732 408 1770 Aspergunt3
433 1731 462 1759 in
472 1729 621 1759 novissimis
630 1727 749 1757 Lucretii
762 1722 933 1756 editionibus
944 1747 951 1760 ,
973 1724 1155 1761 Contingunt.

201 1771 221 1800 A
232 1780 266 1799 81²
276 1779 308 1798 is
320 1780 336 1798 A
349 1779 369 1798 N
379 1779 390 1798 s
400 1791 408 1804 ,
429 1768 524 1798 Partic.
546 1766 605 1796 Cic.
616 1775 640 1795 2.
655 1766 690 1794 de
701 1765 764 1794 Nat.
777 1764 860 1794 Deor.
876 1767 934 1799 136.
974 1761 1121 1791 Pulmones
1132 1767 1191 1790 tum
1205 1760 1231 1789 se
1249 1765 1356 1789 contra-

192 1809 194 1811 ’
243 1809 314 1837 hunt
321 1806 484 1845 aspirantes,
506 1804 594 1834 tumse
604 1804 699 1842 spiritu
711 1802 845 1837 dilatant,
866 1807 897 1830 ut
916 1800 1072 1837 frequenter
1082 1800 1199 1829 ducatur
1211 1798 1289 1827 cibus
1299 1798 1356 1827 ani-—

239 1845 318 1875 malis
330 1867 337 1879 ,
359 1855 413 1882 quo
426 1844 547 1873 maxime
558 1843 667 1871 aluntur
678 1841 841 1870 animantes.

201 1882 430 1917 AspisATm,
451 1882 520 1911 onis.
543 1881 561 1909 s.
584 1878 751 1916 [msa-mim]
776 1874 1083 1915 Ae’tusipseaspirandi:
1106 1875 1132 1904 h.
1147 1884 1170 1903 e.
1189 1873 1354 1911 Inspirandi,

243 1929 346 1959 nempe
366 1921 433 1949 dum
452 1929 542 1948 aerem
563 1919 591 1947 in
609 1926 709 1954 corpus
722 1915 940 1945 intromittimus.
963 1914 1021 1943 Cic.
1041 1923 1067 1943 2.
1088 1913 1123 1943 de
1134 1912 1289 1942 Nat-Deor.
1307 1916 1351 1946 83.

237 1959 397 1988 Animantes
407 1963 497 1987 autem
508 1956 670 1994 aspiratione
683 1954 750 1983 aeris
758 1953 930 1983 sustinentur.

236 1996 386 2034 Aspiratio,
408 2005 458 2033 pro
471 2005 505 2024 eo
522 1994 595 2031 quod
620 1993 766 2023 lnfluentia
777 1992 886 2020 dicitur.
908 1990 966 2019 Cic.
983 1999 1007 2018 1.
1026 1988 1061 2018 de
1072 1988 1165 2018 Divin.
1183 1996 1242 2024 130.
1280 1986 1353 2016 Nam

256 2035 273 2064 si
285 2035 424 2063 obscurior
437 2055 446 2068 ,
467 2033 595 2070 quasique
612 2029 758 2068 caliginosa
774 2029 848 2058 stella
861 2028 983 2057 extiterit
998 2037 1003 2055 ι
1026 2028 1129 2065 pingue
1145 2027 1170 2055 δι
1189 2031 1352 2054 concretum

255 2072 308 2102 esse
320 2071 422 2100 coelum
434 2093 441 2106 ,
462 2078 492 2100 ut
508 2071 566 2105 ejus
578 2069 705 2107 aspiratio
717 2068 804 2105 gravis
815 2068 839 2096 St
851 2065 979 2104 pestilens
986 2065 1076 2094 futura
1088 2064 1126 2093 sit.
1164 2064 1289 2092 Budaeus.

237 2111 368 2148 Aspiraiio
380 2107 670 2145 terrarumdisparilis,
692 2116 741 2143 pro
759 2105 946 2141 Exhalatione.
971 2103 1029 2132 Cic.
1047 2112 1067 2132 1.
1083 2103 1118 2132 de
1128 2101 1223 2131 Divin.
1235 2111 1278 2137 79.
1320 2099 1353 2129 Et

257 2149 318 2178 sunt
331 2153 421 2184 partes
438 2156 563 2184 agrorum
580 2145 638 2174 aliae
649 2144 806 2182 pestilentes
817 2165 824 2179 ,
844 2143 903 2171 aliae
915 2141 1035 2170 salubres
1045 2163 1053 2176 ,
1074 2140 1133 2169 aliae
1144 2149 1203 2177 quae
1215 2145 1294 2167 acuta
1311 2139 1353 2167 in-

254 2187 332 2224 genia
344 2185 457 2222 gignant
468 2206 475 2219 ,
496 2184 555 2213 alim
571 2193 630 2220 quae
641 2181 745 2211 retusa:
767 2191 827 2219 quae
844 2180 938 2209 omnia
955 2179 1026 2208 fiunt
1036 2188 1070 2208 ex
1080 2178 1146 2207 coeli
1155 2178 1285 2207 varietate
1297 2198 1306 2213 ,
1324 2178 1350 2206 Sc

254 2233 288 2252 ex
301 2222 418 2258 disp.irili
433 2222 600 2260 aspiratione
611 2229 749 2249 terrarum.
850 2241 861 2252 .

234 2261 368 2299 Aspiratio
379 2283 385 2295 ,
408 2260 524 2297 Spiritus
535 2259 628 2297 asper,
651 2256 892 2296 pronunciationis
906 2260 980 2284 nota.
1003 2252 1121 2291 Quintil.
1139 2262 1161 2282 1.
1177 2264 1200 2288 ς.
1223 2252 1273 2281 Per
1283 2251 1350 2289 aspi-

252 2300 389 2329 rationem
401 2321 407 2332 ,
430 2299 446 2327 i.
459 2308 484 2327 e.
506 2297 553 2326 Per
572 2297 678 2326 literam
690 2295 723 2324 H.
762 2294 798 2324 Ea
810 2300 914 2323 veteres
927 2302 1069 2329 nunquam
1089 2293 1117 2320 in
1133 2290 1221 2320 vocali
1237 2290 1350 2319 uteban-

254 2343 313 2371 tur,
336 2338 360 2366 δι’
373 2335 640 2373 ficloquebanrurut
650 2334 785 2371 Cetegos,
806 2333 958 2368 triumpos,
974 2330 1149 2368 Cartaginem
1160 2329 1293 2358 dicerent.
1316 2328 1346 2358 V.

255 2375 312 2404 Cic.
323 2374 351 2403 in
365 2374 440 2402 Orat.
459 2377 519 2402 160.
561 2374 589 2402 V.
613 2374 638 2402 ἃ
659 2371 681 2400 Η
693 2371 732 2400 lit.

237 2413 328 2443 Habet
344 2414 369 2441 i&
389 2411 522 2450 Al'piratio
540 2411 615 2448 apud
633 2410 726 2438 Puer-as
741 2407 890 2444 aliquando
910 2406 966 2436 vim
995 2404 1182 2434 consonantis.
1221 2403 1267 2434 Sic
1285 2403 1348 2434 Seu.

255 2450 351 2480 Odav.
366 2453 427 2484 516-
463 2449 564 2478 Trisles
576 2447 710 2485 Philippi:
728 2444 1075 2476 hausit&Siculummare.

201 2490 221 2519 A
231 2499 264 2519 sp
274 2498 301 2516 ιιι
312 2491 379 2516 Amr.
391 2497 411 2515 N
421 2510 428 2522 ,
451 2488 514 2517 inis.
537 2496 564 2515 n.
587 2486 673 2515 idem.
699 2483 757 2514 Val.
770 2483 842 2512 Flac.
854 2487 879 2511 6.
889 2487 952 2517 465.

292 2525 333 2554 Da
343 2547 351 2559 ,
373 2535 471 2562 precor
483 2547 491 2558 ,
512 2524 623 2553 artificis
634 2523 735 2552 blanda
744 2521 775 2551 as
790 2521 905 2549 iramina
917 2520 1020 2549 formae.

202 2565 326 2598 Asms,
347 2563 411 2592 idis.
433 2563 450 2592 f.
475 2562 586 2598 [nimir]
609 2562 657 2590 Ser
679 2570 728 2590 ens
747 2570 762 2588 e
787 2568 900 2596 ⁴parvus
916 2555 1160 2589 venenosissimus,
1182 2555 1260 2590 cujus
1273 2559 1352 2584 natu..

238 2611 296 2631 ram
307 2601 401 2630 multis
411 2601 501 2630 verbis
512 2599 641 2629 describit
654 2571 721 2628 siin.
731 2597 780 2627 lib.
793 2606 837 2632 29.
858 2606 919 2634 cap.
929 2607 956 2631 4.
979 2595 1038 2624 Cic.
1048 2604 1098 2632 pro
1107 2593 1198 2623 Rabir.
1211 2593 1348 2630 Posth.23.

238 2639 336 2677 Aspide
345 2639 380 2668 ad
390 2648 490 2676 corpus
499 2638 611 2667 admota
620 2637 675 2666 vita
689 2636 727 2665 est
739 2636 870 2673 privatus.

239 2677 336 2714 Aspide
348 2677 438 2706 cincta
451 2685 544 2705 comas
557 2675 595 2704 Io.
619 2674 677 2703 Val.
693 2673 783 2703 Flacc.
796 2682 822 2708 4.
840 2672 939 2708 Argon.
952 2676 1016 2706 418.

200 2716 283 2781 Aslabi
294 2724 323 2748 s,
345 2714 476 2750 [Amr]
496 2713 584 2743 insula
593 2713 647 2748 est,
667 2721 750 2749 quam
766 2709 895 2739 nonnulli
907 2706 1093 2737 Arconnesum
1109 2711 1220 2736 vocant.
1259 2705 1348 2736 Strab.

249 2763 255 2781 1
279 2775 285 2780 .
305 2762 346 2783 η.

236 2790 281 2820 Ell·
293 2791 318 2819 ἃ
327 2790 382 2818 hoc
393 2789 506 2818 nomine
518 2787 603 2817 Collis
619 2784 731 2824 quidam
743 2808 751 2820 ,
772 2787 801 2814 in
809 2784 961 2821 Taphitide
972 2781 1181 2821 promontorio,
1202 2789 1217 2811 a
1228 2781 1350 2811 similitu.

257 2827 322 2857 dine
334 2826 489 2865 appellatus
500 2848 507 2859 ,
528 2834 609 2862 quem
619 2824 781 2860 Agathocles
791 2823 890 2852 Siciliae
903 2826 1034 2858 tyrannus
1045 2820 1193 2856 habitavit,
1215 2829 1270 2857 quo
1282 2827 1350 2848 tem-

256 2875 324 2903 pore
335 2865 527 2902 Carthaginem
541 2862 695 2899 navigasset.
727 2862 758 2890 V.
782 2860 868 2890 Strub.
878 2859 925 2888 lib.
942 2868 983 2893 17.

237 2903 280 2933 Est
291 2904 358 2932 item
374 2902 449 2941 Aspis
458 2902 536 2931 locus
546 2900 572 2930 sc
584 2907 678 2936 portus
687 2900 809 2937 optimus
818 2898 943 2927 omniurn
955 2897 1001 2934 qui
1012 2895 1110 2925 suntin
1121 2895 1208 2932 Syrte.
1231 2894 1303 2925 Ibid.

200 2941 261 2970 Λευ
271 2952 286 2969 L
295 2944 312 2970 f:
322 2950 339 2969 o
348 2950 365 2970 o
375 2950 396 2969 N
405 2962 414 2976 ,
435 2932 629 2976 [Ἀσπκέὲὶιν]
650 2937 831 2967 Phocenfium
842 2935 922 2970 urbs,
944 2942 974 2963 ut
985 2934 1066 2963 tradit
1078 2933 1226 2962 Pausanias.

238 2979 315 3008 Hanc
325 2978 442 3008 Eustatb.
455 2984 582 3006 vocatam
594 2977 719 3013 Apricarn
729 2975 815 3008 dicit,
837 2973 911 3010 quod
920 2972 1117 3009 hybernationi
1132 2970 1211 3000 locus
1222 2979 1349 3000 amoenus

234 3016 364 3083 {ilffidtum
373 3017 408 3046 ad
415 3014 600 3045 differentiam
610 3013 720 3043 alterius
735 3013 814 3049 cujus
825 3011 954 3040 meminit
969 3010 1083 3039 Homer.
1096 3010 1126 3038 in
1142 3008 1228 3038 Catal.
1249 3018 1310 3037 nav.
1319 3018 1346 3038 2.

261 3064 283 3082 121
307 3077 313 3083 .

199 3091 219 3121 A
230 3095 414 3126 sar-anum,
435 3090 453 3119 i.
475 3100 491 3119 a
502 3090 597 3119 Graeco
617 3087 739 3117 {ow-Anum
751 3110 759 3122 ,
780 3086 856 3124 quod
870 3085 971 3115 lienem
987 3084 1147 3113 imminuat:
1178 3083 1271 3113 Herba
1284 3105 1291 3119 ,
1313 3083 1348 3114 de

237 3139 289 3158 oua
307 3129 341 3158 sic
358 3129 425 3158 Plin.
441 3127 489 3157 lib.
501 3137 544 3165 27.
563 3136 623 3164 cap.
638 3137 661 3162 ς.
704 3125 850 3163 Asplenum
863 3146 870 3159 ,
898 3122 961 3152 sunt
980 3123 1024 3159 qui
1043 3121 1205 3151 hemionion
1227 3127 1345 3157 vocant,

236 3166 310 3195 soliis
318 3165 492 3196 trientalibus
503 3164 611 3199 multis,
633 3164 724 3193 radice
739 3162 833 3192 limosa
843 3184 850 3196 ,
866 3161 1010 3191 cavernosa
1020 3182 1028 3195 ,
1050 3160 1117 3189 ficut
1129 3159 1208 3188 filicis
1216 3160 1345 3194 candida,

237 3204 353 3234 hirsuta:
376 3214 429 3234 nec
441 3203 548 3233 caulem
561 3225 568 3238 ,
590 3211 642 3230 nec
653 3203 749 3232 florem
760 3223 767 3235 ,
785 3209 838 3229 nec
848 3199 940 3228 semen
951 3197 1040 3227 habet.
1081 3197 1241 3226 Nasciturin
1251 3197 1345 3235 petris,

236 3242 384 3279 parietibus
392 3242 504 3280 opacis,
525 3240 658 3270 humidis.
697 3239 834 3276 interpres
842 3243 934 3266 tamen
946 3234 1165 3266 Dioscoridislib.
1181 3243 1204 3269 3.
1217 3244 1345 3273 cap.152.

236 3280 317 3308 vertit
329 3279 483 3317 Asplenion.
525 3279 567 3308 Est
577 3285 669 3307 autem
681 3286 762 3314 quam
775 3275 820 3305 alii
836 3274 1055 3312 Scolopendrion
1071 3273 1112 3301 vel
1126 3272 1346 3309 Scolopendram

237 3324 352 3347 vocant.
375 3317 473 3346 Arabes
486 3316 603 3344 Ceri-rad>
617 3337 623 3350 ,
643 3315 702 3345 [tali
715 3313 828 3342 Citrach.
869 3312 959 3348 Quam
968 3318 1059 3340 autem
1070 3310 1180 3339 herbam
1193 3309 1257 3339 salso
1267 3310 1347 3348 phar-

237 3354 388 3419 ηπῐῗῖῑοροὶω
401 3360 502 3384 vocant
521 3353 741 3391 Scolopendram
754 3374 761 3387 ,
782 3351 819 3381 est
831 3360 862 3380 ea
875 3359 956 3387 quam
968 3348 1141 3378 Dioscorides
1156 3347 1285 3384 Phyllitin
1299 3357 1350 3385 ap.

235 3400 270 3427 pe
292 3398 326 3420 at.

198 3427 217 3456 A
228 3436 239 3455 s
249 3437 262 3455 p
271 3438 286 3455 o
296 3438 309 3456 n
319 3432 334 3458 ἓ
344 3438 363 3456 Ν
373 3439 391 3457 u
400 3439 411 3457 s
423 3451 431 3464 ,
453 3428 639 3465 [''Aew02mb=]
663 3428 746 3457 Mons
756 3427 794 3456 est
806 3426 867 3456 Asiae
878 3425 1008 3461 Pergamo
1021 3422 1162 3460 proximus
1171 3444 1178 3458 ,
1203 3422 1240 3451 sic
1256 3423 1346 3453 dietus

236 3466 310 3501 quod
319 3466 424 3503 asper&
438 3466 532 3495 sterilis
545 3467 589 3496 sit:
613 3465 782 3503 &templum
794 3464 867 3502 quod
883 3462 920 3492 ibi
939 3462 975 3491 est
993 3461 1088 3490 Matris
1107 3460 1222 3489 deorum
1234 3482 1242 3495 ,
1264 3460 1347 3498 Aspo-

234 3511 330 3531 renum
342 3504 462 3532 dictum:
485 3505 536 3532 (lea
547 3513 656 3541 quoque
667 3504 723 3541 ipsa
737 3503 871 3540 Asporena
880 3501 952 3530 diua
962 3499 1007 3528 est.
1030 3497 1117 3528 Strab.
1127 3497 1175 3526 lib.
1190 3507 1231 3533 ¹3-

198 3540 287 3582 Asrjo
298 3550 338 3568 rsr
349 3550 383 3575 ο,
405 3542 541 3576 [excreas]
562 3545 616 3570 are.
648 3542 705 3570 Alio
720 3549 836 3579 portare.
868 3538 931 3569 Ter.
948 3537 1055 3566 Phorm.
1067 3545 1090 3572 3.
1106 3545 1128 3571 3.
1145 3540 1183 3568 ¹8.
1221 3535 1344 3572 Quoquo

233 3576 299 3605 hinc
310 3577 487 3614 asportabitur
498 3585 627 3607 terrarum
638 3601 645 3612 ,
666 3586 773 3608 certum
783 3578 821 3608 est
830 3576 964 3616 persequi.
986 3575 1044 3604 Cic.
1056 3574 1084 3603 in
1097 3573 1188 3603 Parad.
1207 3583 1230 3602 1.
1270 3572 1345 3602 Mul-

234 3619 261 3642 ta
271 3615 305 3643 de
318 3615 369 3643 suis
384 3615 463 3644 rebus
474 3616 563 3644 secum
573 3616 749 3653 asportarent.

234 3651 375 3688 Asportare
384 3652 418 3680 ad
429 3653 555 3689 aliquem.
578 3652 634 3682 Liv.
651 3666 674 3687 4-
693 3654 759 3683 Bell.
773 3653 840 3683 Pun.
878 3651 913 3681 Et
923 3650 1052 3689 asportari
1068 3645 1345 3684 Alexandriamjube-

251 3695 329 3731 rent,
351 3690 383 3717 ad
396 3690 483 3718 virum
495 3699 607 3719 uxorem
619 3713 625 3724 ,
643 3692 675 3720 ad
687 3691 876 3729 patremfilias.

232 3726 356 3762 Aliquem
367 3727 466 3756 secum.
489 3728 545 3756 Cic.
559 3733 584 3756 ὁ.
609 3728 680 3758 Verr.
698 3739 756 3758 ιιο.

233 3763 263 3792 In
276 3762 393 3800 aliquem
404 3764 504 3792 locum.
529 3764 583 3793 biv.
595 3774 618 3800 7.
635 3765 700 3794 Bell.
711 3766 775 3795 Pon.
818 3765 849 3795 In
861 3763 1056 3794 Macedoniam
1067 3760 1201 3799 asportata
1210 3759 1306 3789 suerat.

194 3801 216 3833 Α
225 3811 237 3830 s
246 3810 259 3828 1>
268 3810 285 3828 0
297 3810 310 3828 R
321 3810 339 3844 ’r
348 3804 363 3830 A
374 3810 392 3829 τ
403 3811 419 3828 υ
429 3811 441 3829 s
451 3823 457 3835 ,
481 3802 575 3830 Partic.
597 3804 611 3837 [‘
621 3803 804 3838 ῑξηψγμίνῶν]
821 3803 878 3831 Cic.
891 3812 913 3837 3.
934 3802 1005 3830 Verr.
1020 3809 1062 3835 53.
1100 3799 1203 3828 Omnia
1217 3807 1251 3827 ex
1261 3797 1340 3833 fanis,

227 3837 350 3905 t&zameis
369 3838 487 3875 publicis
498 3860 506 3874 ,
527 3839 617 3876 palam
627 3861 635 3874 ,
658 3840 845 3877 spedtantibus
857 3839 986 3869 omnibus
996 3837 1105 3877 plostris
1116 3837 1210 3866 evesta
1220 3857 1228 3872 ,
1249 3835 1341 3873 aspor-

241 3885 255 3905 a
285 3885 345 3911 que.
1107 3892 1110 3895 .

191 3914 210 3943 A
222 3923 233 3943 s
243 3923 258 3941 P
267 3922 283 3941 o
295 3924 306 3940 r.
318 3922 337 3940 'r
346 3922 364 3941 A
374 3922 394 3941 N
404 3922 421 3941 n
431 3922 448 3940 υ
457 3922 485 3946 s,
505 3912 602 3942 Partic.
625 3911 812 3949 [ssgsusx-n'&]
834 3914 892 3944 Cic.
902 3918 929 3944 6.
956 3913 1030 3942 Verr.
1046 3922 1057 3942 1
1065 3922 1108 3942 10.

226 3949 404 3980 avellendum
415 3949 664 3987 asportandumque
675 3953 786 3981 curavit.

1157 3911 1339 3941 Simulacrum

1347 3959 1351 3964 ·
1390 3951 1433 3981 As
1442 3960 1453 3979 s
1463 3960 1477 3979 s
1486 3961 1505 3980 N
1514 3961 1550 3981 so
1561 3961 1575 3979 a
1587 3973 1596 3986 ,
1616 3955 1680 3981 oris.
1703 3945 1927 3987 [συγκιταῖετῆς]
1949 3948 2006 3985 Qui
2019 3947 2169 3977 assentitur.
2192 3943 2251 3975 Cic.
2267 3946 2294 3974 6.
2310 3938 2384 3974 Fam.
2397 3949 2440 3971 21.

1870 125 1899 158 A
1993 122 2019 157 S·
2104 121 2125 156 S

1395 207 1414 235 A
1424 215 1435 234 s
1444 213 1459 233 r
1470 214 1487 233 o
1496 213 1512 232 ιι
1521 213 1540 232 τ
1551 211 1598 245 Aa*
1609 213 1618 230 1
1628 212 1644 231 o
1655 225 1662 235 ,
1685 204 1754 232 nnis.
1776 203 1795 233 f.
1818 200 1962 240 [ἐξοφωγνῖ]
1985 204 2065 232 Aestus
2090 203 2146 239 ipse
2164 202 2331 239 asportandi.
2358 201 2416 237 Cic.
2431 204 2456 231 6.
2482 202 2552 235 Verr.

1438 253 1499 272 110.
1544 241 1591 269 His
1605 240 1782 277 pulchritudo
1792 242 1918 279 periculo
1932 264 1938 272 ,
1963 241 2118 278 amplitudo
2129 240 2208 270 saluti
2217 240 2287 269 suit:
2320 239 2395 276 quod
2409 249 2503 270 eorum
2513 242 2557 270 de-
2578 236 2593 275 3.

1439 280 1549 309 molitio
1561 287 1642 313 atque
1654 278 1800 314 asportatio
1809 279 1980 318 perdifficilis
1993 279 2146 308 videbatur.

1403 319 1422 348 A
1432 327 1444 347 s
1455 328 1467 345 Ρ
1478 328 1491 346 R
1503 325 1593 345 ENAs
1607 336 1614 350 ,
1637 315 1667 344 C.
1682 316 1805 351 Nonius,
1830 318 1925 346 Africae
1942 315 2089 345 Proconsul
2103 316 2151 345 sub
2171 315 2296 345 Tiberio.
2337 314 2368 342 V.
2390 313 2457 343 Plin.
2471 323 2512 349 30.
2526 316 2552 353 37.
2578 314 2593 333 ’-

1441 356 1514 384 Suet.
1529 355 1592 397 Aua.
1606 363 1667 390 cap.
1681 364 1725 388 43.
1744 356 1769 383 &
1783 358 1823 386 56.
1844 355 1892 383 ubi
1914 354 1943 383 V.
1964 353 2094 383 Tor-rent.
2107 355 2132 383 &
2144 353 2274 382 Burman.
2289 351 2334 382 vel
2343 352 2435 390 potius
2444 351 2552 384 Pareum
2588 365 2590 370 ⁸

1441 394 1475 421 ad
1488 391 1607 428 Quintil.
1624 401 1665 420 10.
1681 401 1703 420 1.
1727 401 1752 429 p.
1763 396 1825 428 883.
1838 393 1865 422 δι
1878 392 2014 421 Camerar.
2029 402 2051 420 1.
2065 403 2088 426 ς.
2104 401 2132 430 p.
2146 394 2191 425 68.

1404 431 1596 464 Aseaauo,
1617 429 1839 466 Aser-mun,
1869 430 2098 459 Asiam-uno.
2139 427 2171 458 V.
2192 437 2313 458 ASPER.

1850 505 1878 540 A
1974 505 1995 539 S
2095 503 2116 537 S

1408 587 1469 616 Ass
1481 596 1499 614 A
1512 584 1637 619 Foetida,
1678 585 1710 614 V.
1733 595 1812 615 ASA.

1409 626 1429 654 Α
1440 634 1452 652 s
1465 634 1514 658 SA,
1536 627 1624 668 orum.
1646 622 1723 652 Cella
1736 624 1765 652 in
1779 623 1944 657 balneariis,
1965 623 1995 652 in
2011 631 2065 659 qua
2082 627 2191 651 tantum
2209 619 2329 655 sudant,
2350 629 2409 650 non
2427 621 2508 651 etiam
2522 617 2557 653 la.
2577 635 2579 641 π

1445 669 1520 691 vant.
1541 661 1604 690 ben.
1646 661 1790 690 Sudatoria
1802 668 1891 690 vocat.
1916 661 1974 690 Cic.
1990 670 2012 697 3.
2028 660 2065 696 Q.
2076 659 2135 689 fiat.
2153 670 2174 689 1.
2217 659 2248 689 ln
2258 659 2405 689 balneariis
2419 658 2470 688 assa
2484 659 2512 689 in
2523 660 2557 690 al-
2576 670 2577 674 ¹

1444 705 1534 766 {erum
1544 698 1987 766 apodyteriianggufflstpromovi.
2032 697 2065 727 V.
2088 697 2163 727 Hier.
2184 698 2306 727 Mercur.
2327 697 2363 726 de
2383 697 2445 726 Arte
2460 697 2556 735 Gymn.
2574 693 2575 703 ¹

1459 741 1735 774 .1.c.10.p.46.e
1758 760 1764 766 .
1858 760 1863 766 .
2527 738 2537 742 ‘

1408 775 1429 804 A
1439 784 1469 804 ss
1479 785 1497 803 A
1509 796 1516 808 ,
1543 774 1656 817 (inquit
1667 774 1781 810 Festus)
1802 774 1946 804 dicebatur
1960 773 2064 802 Cantus
2076 772 2217 802 tibiarum.
2255 772 2366 802 Nonius
2380 793 2388 807 ‚
2410 771 2557 810 Affavoce,

1445 812 1501 841 sola
1513 821 1582 854 voce
1592 811 1693 849 hnguae
1703 812 1898 842 tantummodo
1910 834 1917 847 ,
1939 817 1986 840 aut
2000 811 2074 840 vocis
2085 810 2214 839 humanae
2223 832 2231 845 ,
2252 820 2311 839 non
2320 809 2443 839 admistis
2452 809 2509 840 aliis
2515 821 2561 841 vo.
2573 817 2576 827 *

1446 851 1525 879 cibus
1534 850 1752 893 esle1voluerunt.
1793 851 1877 879 Varro
1889 850 1923 878 de
1937 850 1996 878 Vita
2007 849 2072 887 Pop.
2084 848 2166 878 Rom.
2179 848 2228 877 lib.
2240 857 2266 877 2.
2307 847 2336 876 In
2353 847 2486 877 conviviis
2494 858 2558 886 pue.
2573 849 2579 883 ζ,

1446 889 1469 917 ri
1480 888 1596 916 modesti
1607 910 1615 921 ,
1636 894 1666 916 ut
1675 894 1819 917 cantarent
1831 888 1953 917 carmina
1963 888 2076 925 antiqua
2088 909 2095 922 ,
2117 887 2146 915 in
2158 886 2259 923 quibus
2277 885 2373 914 laudes
2385 891 2462 914 erant
2477 887 2557 922 majo-
2574 885 2576 902 ⁷

1445 936 1506 955 rum
1517 947 1525 959 ,
1547 927 1573 955 ἀ
1582 924 1633 954 assa
1644 935 1713 955 voce
1723 948 1731 961 ‚
1751 927 1777 956 &
1787 936 1850 955 cum
1863 926 1986 955 tibicine.
2009 925 2079 954 Item
2091 924 2161 954 Cato
2177 924 2211 954 de
2221 923 2327 953 Liberis
2337 923 2478 952 Educand.
2503 923 2558 955 Me-

1443 963 1486 992 los
1497 963 1614 992 alterum
1630 964 1658 992 in
1669 964 1796 993 cantibus
1808 964 1846 993 est
1858 964 2037 1001 bipartitum:
2060 972 2148 991 unum
2166 962 2241 999 quod
2251 961 2290 991 est
2303 961 2332 990 in
2348 960 2401 990 assa
2418 970 2504 997 voce,
2523 961 2558 993 al.
2575 957 2581 998 ,l

1442 1008 1533 1045 terum
1542 1001 1617 1038 quod
1627 1008 1728 1030 vocant
1736 1002 1895 1039 organicon.
1933 1000 2023 1030 Assum
2033 1006 2126 1030 autem
2136 999 2350 1029 existimandum
2362 999 2400 1027 est
2409 1020 2417 1033 ,
2432 1004 2463 1027 ut
2476 999 2558 1030 inob-

1443 1039 1546 1073 sonus,
1569 1038 1624 1067 sine
1635 1041 1778 1077 pigmento
1790 1039 1891 1078 saporis
1903 1038 2005 1074 alieni,
2030 1038 2268 1075 quemadmodum
2289 1046 2395 1066 merum
2413 1036 2512 1066 dicitur
2521 1037 2580 1067 so-‘

1443 1077 1511 1106 lum.
1534 1077 1673 1106 Hactenus
1694 1077 1812 1107 Nonius.
1873 1076 2003 1106 Asconius
2018 1077 2046 1105 in
2064 1076 2122 1105 Cic.
2144 1075 2237 1105 Divin.
2259 1075 2328 1104 Cani
2356 1073 2502 1111 remigibus
2517 1085 2559 1106 ce·
2576 1077 2580 1106 i

1443 1114 1548 1144 leusma
1559 1124 1606 1151 per
1614 1113 1826 1158 symphoniacos
1836 1114 1949 1150 solebat,
1960 1116 1985 1143 &
1995 1124 2043 1151 per
2050 1113 2131 1143 assam
2140 1122 2247 1146 vocem.
2263 1112 2292 1141 id
2302 1113 2341 1142 est
2353 1113 2409 1142 Ore
2418 1111 2555 1150 prolatam.
2572 1114 2573 1135 ἓ

1445 1152 1504 1182 Assa
1518 1175 1526 1187 ,
1548 1153 1649 1181 Nutrix
1659 1154 1787 1190 antiquis.
1827 1153 1937 1182 Nonius
1949 1175 1956 1186 ,
1973 1151 2044 1181 Assas
2055 1152 2176 1181 nutrices
2191 1150 2311 1180 difficilis
2319 1150 2399 1179 multi
2410 1149 2558 1181 existimant

1462 1190 1629 1219 intelleclus.
1670 1192 1703 1220 At
1713 1198 1777 1220 vero
1787 1190 1841 1220 acri
1849 1191 2005 1220 intentione
2015 1190 2156 1228 potuimus
2167 1189 2309 1226 indagare,
2327 1187 2363 1217 ob
2373 1197 2432 1217 eam
2443 1188 2562 1226 proprie:
2578 1192 2579 1195 ’

1462 1234 1548 1258 tatem
1563 1228 1645 1257 officii
1657 1238 1690 1257 eo
1706 1229 1821 1258 nomine
1834 1228 2010 1266 nuncupari,
2031 1228 2105 1265 quod
2118 1226 2197 1257 assint
2214 1227 2247 1256 iis
2267 1236 2335 1264 quos
2347 1226 2469 1255 nutriant
2482 1222 2558 1261 ,snae

1464 1266 1508 1310 yel
1520 1266 1807 1310 exiguo'divellantur.
1849 1266 1930 1296 Unde
1950 1265 2066 1295 Asseclas
2078 1265 2112 1295 ab
2131 1275 2165 1294 eo
2181 1264 2257 1302 quod
2270 1264 2350 1293 assint
2361 1286 2368 1298 ,
2391 1265 2417 1293 &
2433 1261 2557 1294 omnib'us
2572 1288 2573 1293 ,

1464 1304 1539 1341 Juffis
1552 1305 1730 1371 doginorurn
1741 1305 1837 1342 praesto
1847 1304 1915 1339 sint,
1942 1303 1996 1333 esse
2004 1305 2149 1333 vocitatos.
2172 1303 2314 1334 Hastenus
2330 1301 2386 1331 ille.
2409 1300 2489 1331 Conf.
2508 1311 2565 1332 um

1465 1353 1476 1372 s
1486 1353 1505 1371 u
1514 1353 1531 1371 a
1539 1352 1568 1372 A.
1637 1352 1655 1371 A
1664 1351 1676 1371 s
1687 1352 1698 1371 s
1708 1353 1726 1372 υ
1735 1353 1756 1372 s.

1410 1381 1428 1411 A
1439 1392 1450 1411 s
1460 1391 1471 1410 s
1483 1390 1501 1409 A
1510 1391 1523 1409 a
1533 1391 1542 1408 1
1551 1390 1571 1409 Ν
1581 1390 1617 1409 us
1627 1402 1635 1416 ,
1657 1380 1731 1410 Deus
1741 1380 1816 1418 apud
1823 1379 1976 1418 AEthiopas,
1996 1380 2042 1416 qui
2053 1378 2136 1416 vulgo
2145 1378 2263 1416 Jupiter.
2273 1377 2341 1407 Plin.
2353 1376 2567 1415 lib.22.cap.19.1

1411 1421 1431 1449 A
1439 1429 1451 1449 s
1461 1429 1472 1448 s
1483 1429 1501 1447 A
1510 1428 1526 1447 c
1534 1428 1554 1485 SA
1563 1428 1582 1446 N
1592 1429 1620 1485 ib,
1635 1417 1725 1485 Ιξὲἀίῡε
1735 1418 1812 1456 regio
1824 1419 1862 1448 est
1872 1441 1880 1455 ‚
1897 1419 1925 1447 in
1935 1428 1987 1455 qua
2000 1417 2038 1447 est
2050 1417 2161 1455 Magosa
2169 1417 2265 1446 civitas
2275 1437 2284 1452 ‚
2305 1415 2425 1454 regionis
2438 1413 2510 1444 illius
2519 1424 2558 1445 m·

1470 1463 1508 1486 ut.
1554 1462 1592 1485 tra
1616 1480 1621 1485 .
1647 1467 1653 1484 1
1676 1479 1681 1486 .
1697 1467 1706 1485 1
1733 1480 1739 1486 .

1411 1495 1431 1526 A
1440 1468 1473 1524 sps
1484 1505 1500 1523 A
1510 1506 1529 1523 M
1538 1504 1552 1523 ε
1563 1504 1582 1523 Ν
1592 1504 1611 1522 τ
1621 1505 1638 1522 A
1650 1516 1658 1529 ,
1679 1467 1767 1524 onim.
1789 1504 1817 1524 n.
1840 1493 1878 1532 pl.
1901 1485 2108 1530 [πινιιῗλῖιιφτιι]
2134 1491 2249 1522 Tabulae
2271 1491 2334 1521 sunt
2350 1489 2483 1526 sectiles,
2501 1499 2556 1528 quae

1448 1536 1518 1562 Axes
1529 1533 1581 1561 slve
1593 1531 1663 1562 Asses
1673 1533 1737 1562 alias
1746 1533 1884 1561 dicuntur.
1908 1530 1977 1561 I'lin.
1994 1530 2042 1559 lib.
2059 1534 2100 1561 16.
2121 1541 2182 1568 cap.
2195 1540 2240 1566 40.
2281 1530 2413 1567 Rigorem
2421 1527 2556 1562 fortissime

1448 1572 1535 1600 servat
1548 1571 1655 1604 ulmus,
1677 1572 1712 1600 ob
1723 1571 1752 1599 id
1768 1570 1927 1599 cardinibus
1943 1568 2150 1606 assamentisque
2170 1576 2312 1606 portarum
2323 1566 2481 1602 utilissima,y
2497 1573 2558 1604 quo-

1448 1610 1524 1638 niam
1535 1609 1651 1637 mininie
1662 1614 1814 1646 torquetur.
1838 1608 1876 1637 Ex
1885 1608 1995 1637 Budaeo.
2018 1606 2066 1636 sed
2078 1607 2237 1636 Harduinus
2249 1607 2284 1636 ad
2293 1606 2369 1636 hunc
2380 1604 2474 1634 locum
2484 1609 2556 1635 notat

1449 1647 1568 1676 Codices
1585 1647 1651 1676 MSS
1667 1646 1798 1676 exhibere
1812 1645 2012 1675 Crassamentis.
2056 1645 2084 1674 V.
2109 1655 2169 1674 Ass
2179 1654 2226 1674 aa.
2528 1647 2540 1654 '

1411 1682 1432 1714 Α
1442 1695 1454 1714 s
1463 1695 1474 1714 s
1485 1696 1502 1713 A
1512 1695 1525 1713 a
1536 1687 1551 1713 [ἵ
1563 1694 1579 1728 c
1589 1694 1605 1712 υ
1614 1694 1625 1713 s
1637 1707 1643 1719 ‚
1666 1684 1881 1721 [Aarvlgsscffox]
1911 1683 1991 1713 Trois
2009 1682 2082 1712 filius
2093 1705 2101 1719 ,
2121 1691 2187 1712 avus
2206 1681 2328 1712 Anchisae
2343 1703 2351 1717 ,
2372 1681 2399 1711 &
2419 1685 2494 1720 pater
2510 1679 2555 1710 Ca-

1446 1733 1524 1761 pyos.
1547 1723 1616 1760 Virg.
1633 1732 1671 1752 12.
1687 1722 1748 1752 AEn.
1763 1730 1822 1759 127.
1849 1722 1975 1759 Etgenus
1985 1720 2109 1751 Assaraci.
2128 1731 2150 1751 1.
2166 1721 2288 1754 288.ub‘1
2297 1721 2372 1750 Serv.
2392 1718 2453 1749 V.&
2461 1721 2558 1756 6.·778..

1411 1761 1611 1799 AssAarus,
1634 1760 1665 1790 V.
1689 1770 1792 1795 Asso,
1808 1768 1846 1789 as.

1410 1798 1661 1832 ASSARUM,V.
1685 1808 1846 1828 ASARUM.
2568 1818 2569 1822 ,

1407 1838 1574 1866 Assscm
1588 1858 1595 1870 ,
1617 1846 1646 1866 ze.
1670 1846 1704 1865 m.
1726 1833 1886 1872 [ἀιιόλεςθυς]
1908 1832 2023 1871 Servus,
2043 1834 2080 1864 sic
2098 1833 2188 1864 dietus
2209 1834 2261 1870 (ut
2280 1834 2318 1862 ait
2337 1831 2468 1867 Nonius)
2487 1831 2554 1870 quod

1445 1875 1505 1904 assit
1516 1897 1523 1909 ,
1546 1876 1571 1903 ἃ
1581 1874 1711 1903 omnibus
1723 1873 1798 1910 jussis
1811 1874 1988 1902 dominorum
2001 1872 2097 1911 proesto
2108 1872 2146 1901 sit.
2169 1872 2227 1901 Cic.
2242 1882 2265 1908 5.
2283 1871 2357 1900 Verr.
2371 1880 2414 1908 30.
2453 1869 2555 1904 Etenim

1446 1913 1520 1950 quod
1533 1912 1569 1941 est
1581 1913 1715 1948 judicium
1727 1935 1735 1947 ,
1757 1921 1842 1950 quum
1855 1921 1870 1941 e
1880 1911 1968 1941 Verris
1981 1910 2135 1949 turpissimo
2144 1907 2406 1947 flagitiosissimoque
2419 1908 2554 1944 comitatu,

1444 1956 1498 1980 tres
1508 1950 1744 1988 Recuperatorum
1757 1949 1874 1978 nomine·
1885 1949 2041 1978 assedissent
2052 1971 2060 1984 ,
2081 1947 2185 1978 ass'eclae
2195 1948 2268 1977 istius
2283 1957 2339 1976 non
2357 1957 2372 1976 a
2386 1953 2461 1984 patre
2475 1946 2556 1975 eitra-

1446 1989 1514 2056 ῗίῑί,
1538 1988 1584 2054 sed
1595 1999 1613 2032 a·
1626 1987 1802 2018 meretricula
1823 1988 2032 2017 commendati?
2054 1986 2151 2023 Idem,
2171 1985 2214 2016 De
2233 1985 2331 2015 assecla
2347 1985 2467 2023 quodam
2485 1983 2569 2018 servo

1462 2037 1497 2055 uo
1507 2037 1565 2064 quae
1580 2032 1635 2056 ivit.
2568 2038 2569 2047 κ
2603 2025 2604 2030 ’

1448 2063 1557 2094 Asseclae
1566 2064 1748 2101 patritiorum.
1769 2062 1830 2093 Liv.
1842 2062 1889 2092 lib.
1903 2071 1927 2099 3.

1446 2102 1556 2131 Asseclae
1566 2103 1727 2140 legatorum.
1752 2100 1811 2130 Cic.
1825 2110 1849 2137 3.
1867 2100 1940 2130 Verr.
1953 2103 1999 2137 65.
2588 2112 2589 2116 ¹

1444 2140 1547 2169 Assecla
1560 2140 1714 2178 mensarum
1724 2161 1732 2174 ,
1746 2149 1795 2177 per
1804 2139 2004 2177 metaphoram.
2022 2138 2086 2176 (Cic.
2099 2137 2129 2167 in
2141 2137 2246 2167 Sallust.
2256 2145 2301 2167 21.
2323 2135 2379 2167 Sed
2395 2141 2424 2165 tu
2435 2133 2508 2165 omni
2587 2134 2589 2142 ¹

1462 2178 1617 2245 mdenlsarum
1625 2177 1733 2213 assecla,
1744 2177 1871 2206 omnium
1883 2176 2076 2206 cubiculorum
2086 2176 2117 2205 in
2127 2182 2206 2206 aetate
2213 2175 2308 2214 pellex
2318 2197 2326 2211 ,
2348 2176 2374 2205 δι
2382 2174 2457 2204 idem
2467 2172 2538 2212 poste
2603 2179 2604 2183 ’

1466 2226 1480 2245 a
1505 2227 1521 2245 u
1535 2224 1584 2245 ter.
2010 2224 2012 2226 ’
2506 2225 2509 2231 =

1406 2253 1616 2289 Assscroa,
1639 2255 1690 2284 ἃς.
1717 2252 1749 2282 V.
1772 2262 1971 2289 ASSRQUOR.

1406 2290 1588 2325 Assumo,
1615 2292 1786 2321 Asssssro
1802 2312 1810 2326 ,
1833 2293 2008 2321 assessus
2022 2311 2030 2325 ‚
2063 2289 2096 2320 V.
2119 2297 2287 2320 Assxnno.

1406 2330 1659 2363 Asserotmm.
1681 2329 1779 2358 Herba.
1804 2329 1882 2368 Apul.
2563 2325 2567 2381 f

1406 2368 1426 2397 A
1435 2378 1466 2397 ss
1476 2378 1516 2396 EN
1531 2378 1545 2396 r
1555 2379 1563 2396 1
1574 2378 1591 2396 o
1603 2389 1610 2403 ,
1637 2367 1675 2403 fi,
1697 2367 1754 2395 suin
1766 2388 1773 2401 ,
1802 2363 2035 2402 [συγνωιτατὶθιμοα
2045 2387 2053 2401 ,
2080 2365 2187 2392 ο-υναανέω
2196 2387 2204 2400 ,
2222 2363 2365 2399 ὂωλογῖω]
2384 2363 2434 2392 ire.
2463 2359 2566 2404 fignifi-¹

1443 2412 1487 2435 cat
1501 2405 1670 2435 Consentire.
1694 2404 1781 2434 Plaut.
1794 2404 1865 2434 Rud.
1880 2415 1906 2440 4.
1923 2414 1946 2440 3.
1961 2407 2004 2441 36.
2044 2402 2123 2433 Mare
2135 2403 2248 2440 quidem
2264 2410 2414 2431 commune
2431 2406 2503 2429 certo
2516 2398 2565 2429 est?

1442 2443 1573 2473 omnibus
1582 2443 1645 2476 esse.
1667 2452 1695 2473 T.
1717 2441 1840 2472 assentio.
1864 2442 1922 2472 Cic.
1939 2453 1962 2477 5.
1985 2441 2058 2471 Fam.
2076 2451 2102 2470 2.
2141 2441 2247 2470 Sedens
2259 2440 2292 2469 iis
2309 2438 2408 2468 assensi.
2430 2437 2512 2468 [dem.
2523 2443 2555 2474 7.Ἰ

1441 2482 1495 2511 Att.
1510 2491 1533 2516 3.
1569 2481 1608 2510 Ex
1634 2487 1709 2517 parte
1732 2490 1831 2517 magna
1848 2480 1899 2509 tibi
1922 2479 2045 2509 assentio.
2068 2479 2142 2509 conf.
2156 2488 2190 2508 ex
2208 2477 2330 2508 Sisenna.
2394 2475 2480 2506 uintil.
2493 2480 2514 2504 1'-
2525 2484 2565 2513 ς.

1441 2518 1512 2549 Hirt.
1526 2518 1591 2548 Bell.
1608 2519 1659 2548 Afr.
1674 2523 1717 2552 88.
1761 2517 1871 2548 Curtius
1889 2527 1999 2556 quoque
2013 2528 2041 2553 4.
2059 2527 2100 2554 13.
2115 2527 2141 2554 7.
2161 2516 2268 2546 Omnes
2279 2516 2366 2545 ferme
2404 2511 2548 2544 armenio‘ni
2562 2517 2564 2522 '

1442 2556 1631 2586 assentiebant.
1668 2556 1723 2586 Sed
1735 2555 1857 2586 usitatius
1868 2578 1875 2591 ,
1897 2556 1934 2585 est
1945 2578 1953 2591 ,
2501 2584 2505 2589 ,

1403 2593 1541 2625 AssaNT
1553 2605 1587 2624 10
1599 2605 1612 2623 a
1623 2617 1630 2629 ,
1652 2594 1731 2623 ensus
1743 2593 1800 2623 sum
1815 2616 1822 2630 ,
1843 2594 1886 2623 iri.
1908 2594 1970 2631 dep.
1989 2591 2077 2622 Idem.
2097 2592 2155 2622 Cic.
2170 2599 2192 2628 ς.
2211 2591 2284 2620 Verr.
2328 2589 2366 2619 Ut
2374 2599 2424 2627 ego
2433 2587 2549 2618 assentiar
2562 2605 2564 2612 ·

1442 2633 1576 2668 orationi,
1598 2632 1787 2661 defensionem
1799 2638 1892 2661 tamen
1906 2632 1964 2660 non
1976 2630 2110 2669 probabo.

1441 2670 1850 2704 Assentirialicujussententiae.
1873 2668 1930 2699 Cic.
1945 2679 1987 2698 10.
2004 2668 2078 2698 Fam.
2099 2670 2141 2698 16.
2180 2667 2237 2705 Ego
2258 2675 2320 2696 eam
2333 2664 2494 2695 sententiam
2510 2660 2548 2693 di·
2564 2691 2568 2699 ,

1460 2709 1500 2743 xi,
1510 2709 1554 2737 cui
1565 2708 1658 2737 assensi
1668 2708 1730 2737 sunt
1744 2708 1780 2737 ad
1792 2717 1888 2737 unum.
2526 2715 2529 2720 ·
2563 2703 2568 2724 3

1440 2746 1551 2782 Aliquid
1562 2744 1655 2775 alicui.
1678 2745 1736 2775 Cic.
1751 2754 1775 2782 3.
1790 2746 1825 2774 de
1836 2745 1913 2775 Orat.
1928 2749 1989 2779 182.
2028 2743 2157 2780 Namque
2166 2751 2218 2780 ego
2236 2741 2306 2770 illud
2317 2740 2444 2770 assentior
2459 2737 2545 2769 Theo-
2566 2737 2567 2744 ¹

1460 2784 1567 2822 pbrasto
1579 2806 1586 2817 ,
1607 2784 1654 2820 qui
1666 2806 1674 2819 ‚
1694 2785 1746 2813 διε.
1789 2783 1867 2813 Idem
1882 2784 1934 2812 Att.
1974 2781 2071 2812 Timet
2085 2780 2189 2816 multa,
2211 2779 2351 2809 assentitur
2361 2778 2461 2807 omnia.

1440 2822 1564 2851 Assentiri
1574 2821 1656 2850 alicui
1668 2821 1703 2850 de
1713 2821 1802 2859 aliqua
1813 2830 1849 2850 re.
1873 2820 1930 2849 Cic.
1943 2828 1969 2856 7.
1997 2820 2048 2849 Att.
2063 2828 2104 2856 13.
2140 2814 2182 2848 De
2201 2816 2389 2847 Vennonianis
2408 2814 2486 2844 rebus
2500 2810 2545 2843 fibi

1460 2859 1594 2889 assentior.
1617 2859 1693 2888 Idem
1712 2869 1734 2888 1.
1754 2860 1790 2888 de
1801 2859 1876 2888 Orat.
1888 2867 1952 2892 214.
1992 2857 2088 2893 Quum
2102 2855 2242 2894 saepissime
2254 2854 2304 2884 tib'i
2316 2856 2429 2884 Senatus
2438 2851 2545 2881 breviter

1459 2897 1645 2935 impoliteque
1656 2897 1760 2926 dicenti
1771 2893 1898 2926 maximis
1910 2895 1941 2924 sit
1952 2895 1986 2924 de
1999 2895 2080 2924 rebus
2093 2893 2217 2923 assensus.
2517 2926 2520 2929 ¹

1440 2935 1581 2965 Assensum
1592 2935 1629 2963 es’t
1642 2957 1649 2969 ,
1671 2935 1778 2972 imperf.
1801 2934 1860 2964 Cic.
1875 2944 1897 2963 1.
1917 2933 1990 2963 Fam.
2002 2943 2026 2962 2.
2067 2932 2215 2968 Quatenus
2232 2930 2267 2960 de
2281 2926 2412 2967 religione
2426 2925 2540 2960 dicebat,
2559 2923 2567 2957 s

1458 2973 1538 3039 eiqkpe
1550 2973 1589 3002 rei
1603 2973 1658 3008 jam
1677 2972 1766 3001 obsisti
1781 2982 1838 3001 non
1855 2977 1983 3010 poterat,
2002 2970 2101 3000 Bibulo
2119 2968 2253 2999 assensum
2271 2968 2316 2997 est.
2339 2969 2364 2997 δι
2375 2966 2433 2996 Liv.
2444 2974 2486 3002 24.
2502 2973 2544 3000 45.
2559 2962 2566 2998 ἦ

1459 3010 1494 3040 Fa
1517 3012 1543 3040 io
1558 3009 1690 3040 assensum
1706 3010 1752 3039 est.

1400 3048 1422 3079 A
1432 3058 1443 3078 s
1452 3055 1464 3078 s
1473 3058 1486 3077 a.
1498 3058 1517 3077 Ν
1527 3059 1545 3077 τ
1556 3060 1563 3076 ι
1575 3059 1587 3077 r
1598 3058 1617 3076 Ν
1627 3058 1638 3077 s
1650 3070 1657 3082 ‚
1681 3048 1775 3077 Partic.
1801 3046 1949 3083 [ommim]
1972 3045 2028 3074 Cic.
2043 3054 2069 3074 2·
2081 3044 2116 3074 de
2125 3044 2218 3074 Divin.
2236 3053 2296 3079 104.
2318 3042 2421 3072 Ennius
2432 3040 2476 3078 qui
2488 3047 2540 3069 ma·

1437 3096 1493 3124 gno
1503 3084 1779 3124 applausuloquitur,
1799 3084 1961 3114 assentiente
1973 3082 2088 3121 populo.

1400 3124 1534 3155 Assms
1545 3134 1580 3153 us
1591 3146 1598 3158 ,
1622 3124 1717 3153 Partic.
1741 3123 1928 3159 [ἐμελογηθέις]
1949 3121 2006 3150 Cic.
2022 3131 2048 3155 4.
2075 3119 2156 3149 Acad.
2167 3128 2212 3155 99.
2262 3115 2372 3148 Etenim
2395 3115 2419 3151 is
2437 3121 2539 3152 quoquc
2557 3137 2560 3148 .

1437 3163 1484 3200 qui
1503 3162 1607 3191 avobis
1620 3161 1724 3199 sapiens
1743 3161 1899 3194 inducitur,
1924 3159 2010 3188 multa
2023 3158 2143 3195 sequitur
2160 3156 2330 3193 probabilia,
2352 3164 2404 3184 nec
2423 3161 2482 3182 corn
2503 3159 2540 3180 re·
2558 3147 2563 3158 “

1437 3199 1520 3229 hensa
1532 3222 1540 3235 ,
1561 3209 1612 3228 nec
1627 3204 1757 3237 percepta
1772 3219 1781 3234 ,
1802 3207 1892 3236 neque
1908 3196 2008 3227 assensa
2019 3218 2027 3232 ,
2048 3196 2094 3226 sed
2104 3194 2281 3225 similiaveri:
2305 3202 2365 3231 quae
2379 3191 2426 3221 nisi
2443 3192 2490 3229 pm'
2508 3193 2542 3222 et»

1437 3238 1528 3267 omnis
1540 3238 1596 3266 vita
1609 3236 1729 3266 tollatur.

1399 3277 1419 3306 A
1428 3285 1460 3305 ss
1471 3286 1482 3303 a
1491 3286 1509 3303 Ν
1519 3285 1530 3305 s
1541 3285 1557 3304 u
1566 3285 1578 3304 s
1590 3297 1598 3310 ,
1619 3275 1658 3304 us.
1678 3284 1713 3303 m.
1737 3269 1934 3310 [avyffl-msffim
1943 3293 1952 3308 ‚
1973 3266 2114 3306 bstoanr'x]
2138 3270 2214 3300 Idem
2228 3269 2303 3306 quod
2315 3266 2438 3297 Assensio.
2453 3263 2507 3294 Cic.
2516 3271 2540 3298 4.

1437 3313 1519 3343 Acad.
1535 3322 1576 3379 Ἓξ
1616 3312 1707 3356 Quare
1724 3311 1771 3350 qui
1787 3317 1835 3340 aut
1846 3309 1933 3339 visum
1945 3332 1953 3346 ‚
1975 3315 2022 3339 aut
2034 3307 2166 3338 assensum
2179 3307 2255 3337 tollit
2266 3328 2274 3343 ,
2296 3307 2318 3336 is
2340 3312 2450 3334 omnem
2465 3299 2540 3337 afflo-

1435 3360 1501 3380 nem
1514 3357 1542 3379 to
1568 3356 1589 3379 it
1606 3360 1620 3378 e
1638 3356 1701 3379 vita.

1436 3387 1545 3418 Assensu
1555 3389 1679 3417 omnium
1689 3386 1792 3424 aliquid
1805 3385 1904 3414 dicere.
1929 3384 1986 3414 Cic.
2001 3394 2026 3413 2.
2048 3384 2083 3413 de
2094 3383 2156 3413 Nat.
2170 3383 2252 3412 Deor.
2263 3393 2288 3414 4.
2330 3378 2414 3417 Quod
2427 3371 2544 3416 niitaefff
2558 3391 2560 3395 ·

1452 3425 1492 3455 set
1505 3448 1512 3459 ,
1534 3426 1579 3463 qui
1592 3425 1722 3462 potuisset
1731 3423 1833 3453 assensu
1848 3422 1973 3452 omnium
1987 3422 2082 3451 dicere
2094 3421 2199 3451 Ennius
2214 3442 2221 3454 ,
2248 3419 2342 3457 Aspice
2354 3418 2407 3447 hoc
2420 3437 2427 3451 ,
2445 3416 2493 3445 &a
2558 3423 2566 3454 s

1434 3462 1515 3530 vggi
1534 3462 1654 3498 assensu,
1677 3464 1702 3493 δι
1721 3461 1849 3500 populari
1870 3460 2071 3498 approbatione
2098 3458 2214 3496 judicari
2236 3457 2312 3487 solet.
2347 3455 2405 3485 Cic.
2422 3453 2457 3484 de
2471 3447 2534 3481 Glar-
2558 3472 2565 3478 ‚,

1488 3510 1535 3530 rat.
1555 3507 1612 3535 ¹85·
2297 3501 2301 3503 ”
2415 3518 2420 3524 .

1434 3537 1515 3568 Vario
1527 3537 1628 3567 assensu
1636 3538 1758 3567 fremere.
1779 3536 1851 3574 Virg.
1870 3545 1911 3564 ιο.
1928 3535 1988 3565 AEn.
2000 3543 2044 3570 97.

1434 3575 1535 3606 Mereri
1548 3576 1679 3605 assensum
1693 3574 1871 3604 deliberantis
1901 3573 2018 3609 Quintil.
2033 3572 2081 3601 lib.
2096 3579 2119 3609 3.
2136 3579 2197 3609 cap.
2214 3574 2240 3605 8.

1434 3614 1569 3643 Obsistere
1577 3614 1636 3643 visis
1647 3635 1654 3648 ,
1676 3612 1847 3649 assensusque
1858 3611 1919 3639 suos
1928 3610 2003 3640 firme
2014 3610 2150 3640 sustinere.
2173 3608 2232 3638 Cic.
2250 3617 2274 3645 3.
2292 3604 2328 3636 de
2339 3602 2398 3636 Fin.
2409 3611 2452 3640 31.

1434 3651 1574 3680 Assensum
1584 3652 1709 3680 retinere.
1732 3646 1831 3683 ἐπέχειν.
1855 3648 1887 3678 Η.
1907 3649 1945 3678 St.

1395 3689 1437 3718 As
1448 3699 1511 3718 saN
1522 3699 1549 3718 si
1560 3699 1577 3717 o
1589 3711 1595 3721 .
1617 3690 1687 3719 onis.
1710 3688 1727 3717 s.
1746 3683 1963 3724 [συγκατάθεσις]
1979 3684 2140 3715 Consensus.
2159 3683 2216 3712 Cic.
2226 3694 2252 3719 4.
2268 3681 2349 3711 Acad.
2388 3672 2533 3720 Sedadhaec
2569 3702 2571 3711 ,

1433 3736 1493 3763 quae
1511 3726 1566 3755 visa
1579 3726 1657 3760 sunt,
1680 3728 1705 3756 ἃ
1723 3724 1794 3762 quasi
1807 3731 1921 3761 accepta
1943 3723 2061 3752 sensibus
2076 3745 2083 3757 ,
2104 3721 2284 3752 assensionem
2297 3717 2421 3755 adjungit
2436 3719 2531 3744 ammo-
2570 3735 2571 3739 ,

1419 3773 1492 3800 ,rum
1504 3785 1511 3799 ,
1533 3774 1615 3800 quam
1626 3763 1679 3793 esse
1689 3764 1747 3792 vult
1758 3763 1784 3791 in
1797 3761 1876 3789 nobis
1894 3761 2008 3798 positam
2017 3762 2042 3790 &
2051 3759 2243 3790 voluntariam.
2525 3771 2528 3776 ·
2556 3759 2558 3770 ¹

1430 3801 1562 3830 Simulata
1579 3801 1699 3830 assensio.
1733 3798 1851 3837 Quintil.
1867 3798 1914 3827 lib.
1926 3803 1950 3827 6.
1969 3808 2029 3836 cap.
2047 3807 2070 3835 3.

1431 3838 1549 3867 Assenlio
1560 3840 1585 3868 Sc
1597 3838 1770 3877 approbatio
1792 3837 1846 3866 Cic.
1858 3847 1884 3871 4.
1901 3836 1980 3865 Acad.
1995 3845 2039 3873 37.

1429 3875 1592 3906 Assenlionis
1603 3877 1730 3906 retentio.
1754 3874 1812 3904 Cic.
1823 3885 1849 3909 4.
1864 3874 1946 3902 Acad.
1962 3884 2003 3908 59·

1429 3913 1612 3942 Asl‘enlionem
1627 3920 1745 3957 cqptare.
1769 3912 1826 3941 Cic.
1845 3921 1867 3940 1.
1884 3911 1918 3939 de
1930 3911 2035 3940 lnvent.
2050 3918 2093 3944 cx.
2460 3935 2519 3972 Quo
2562 3934 2569 3943 ,

2467 3971 2530 4004 tidie
