2604 4222
206 147 280 182 424
637 131 665 165 C
762 128 787 161 A
886 126 909 159 P

269 225 330 246 rum
343 215 486 245 Petronius
496 213 613 243 ostendit
623 210 855 247 capillamentum
869 206 921 235 esse
934 201 1091 246 Addititiarn
1102 207 1210 229 comam
1234 198 1263 227 iri
1277 195 1341 226 viris
1355 219 1363 231 ,

271 260 304 283 ut
313 252 484 283 Corvmbinn
502 253 529 280 in
549 250 668 279 feminis.
710 248 778 276 Nam
791 245 825 274 sic
838 247 872 287 de
888 242 943 271 raso
953 242 1063 273 scribit,
1084 248 1142 275 cap.
1160 247 1217 265 ιιο.
1249 236 1363 264 Sevoca-

274 298 389 327 tunique
406 300 449 319 nie
462 299 517 318 nori
530 289 620 318 minus
633 287 734 315 decoro
745 287 887 313 exornavit
897 280 1103 317 capillamento.
1126 273 1282 305 Turnebus.

274 329 344 358 Vide
365 336 597 357 cosi-uiuum.
622 324 652 353 Η.
672 324 709 352 St.

255 366 390 396 Radicurn
406 364 606 401 capillamenta.
629 361 696 390 Plin.
712 358 760 387 lib.
775 360 815 386 16.
832 364 892 393 cap.
905 363 932 383 ².

256 405 409 434 Seminum.
430 400 566 431 Columel.
581 399 627 428 lib.
638 409 661 432 4.
677 406 735 433 cap.
751 405 792 424 11.

256 442 381 471 Setarum
414 440 479 467 Plin.
495 438 541 467 lib.
558 447 598 465 11.
619 446 676 473 cap.
691 443 733 471 37.
838 467 842 472 ⁵
1243 461 1259 467 ..

258 478 490 516 Capillamentnm
502 477 528 503 in
539 473 662 503 crvstallo
673 495 679 505 ,
701 472 774 500 rimae
787 466 872 497 simile
887 488 894 501 ‚
915 475 966 504 pro
979 473 1013 494 eo
1029 462 1103 501 quod
1119 471 1260 500 gemmarii
1280 458 1366 490 Fella-

277 523 366 545 turam
378 520 494 547 vocant,
515 507 623 548 accepit
632 510 698 538 Plin.
713 508 759 537 lib.
775 512 817 543 37.
831 515 891 542 cap.
905 513 930 533 2.
944 503 1010 546 teste
1023 502 1133 531 Budaeo.
1222 537 1227 542 ι
1301 536 1306 541 .

220 553 243 583 C
254 563 273 582 Λ
284 564 296 582 P
306 564 315 581 1
326 563 341 581 1.
351 561 487 580 Ll'r1UM
498 572 505 584 ,
528 551 544 577 i.
563 559 589 577 n.
613 545 722 583 [Uimi]
744 545 822 574 ldcm
842 542 917 579 quod
936 540 1181 582 Czipillamentum.
1201 538 1246 566 Sic
1260 543 1337 578 enim
1349 543 1364 563 a

259 590 367 628 Capillo
382 610 389 624 ,
412 586 581 625 Capillitium
601 586 717 618 dicitur,
738 589 769 612 ut
789 591 803 610 a
819 579 952 614 Famulo,
973 578 1165 612 Famulitium3
1186 585 1202 605 a
1224 573 1367 607 Satellite‚

258 627 423 658 Satellitium
789 657 793 662 Ι

258 664 427 702 Capillitium
439 663 547 691 flavum.
570 658 702 697 Apuleius
714 667 739 687 2.
755 655 842 686 Miles.
858 665 885 698 p.
900 664 973 698 υς..
1049 690 1054 695 Π
1071 690 1077 696 ⁴
1150 688 1155 694 ι
1208 687 1214 693 .
1317 692 1323 697 ἡ

259 701 446 739 Capillitiuni.
469 698 582 728 Affectio
601 697 727 733 quaedam
748 695 785 724 est
807 695 921 722 medica:
936 698 974 720 rei
997 696 1107 733 peritis,
1129 686 1261 730 videlicet
1279 693 1366 722 quum

278 740 382 775 exigua·
393 737 546 766 carunculae
556 757 563 769 .
585 744 616 763 ac
627 734 713 763 veluti
723 731 927 770 capillamenta,
942 732 965 758 (Q
977 737 1114 766 pracipue
1125 725 1252 757 candida,
1264 728 1367 764 exeunt

276 786 340 805 cuni
351 777 428 804 urina
441 772 656 809 crasiaQuidain
666 781 741 805 vero,
754 777 783 799 ut
794 775 883 798 narrat
891 767 990 797 Coelius
1001 765 1117 801 Rhodig.
1130 758 1368 803 corpuscula-ejus-

276 814 354 842 modi
368 823 415 850 per
426 812 531 840 urinam
543 818 625 839 tantae
636 808 818 845 longitudinis
828 806 950 835 reddidit
961 827 967 838 ,
992 801 1164 833 utnonnulla
1178 800 1213 828 ad
1229 799 1317 828 cubiti
1328 798 1368 824 di-

278 851 395 879 midiurn
407 850 630 878 extenderentur.
672 846 757 882 Quod
768 854 847 882 qnam
858 844 893 873 ob
905 842 1012 873 causan]
1030 841 1068 869 illi
1082 840 1116 868 sic
1130 837 1263 867 acciderit
1273 858 1281 870 ,
1303 835 1367 863 vide

280 888 354 925 apud
386 887 507 916 eundem
530 885 578 914 lib.
602 891 644 919 18.
671 894 732 923 cap.
755 892 798 920 13.
852 882 883 911 V.
922 885 1205 910 CAPlLLATURA
1236 876 1262 903 Ec
1291 883 1368 901 Tin-

277 934 295 954 c
304 934 341 954 1⁴11
351 935 389 953 As
401 935 409 952 i
419 933 440 953 s.
1282 949 1287 954 ¹

222 962 269 991 CA
278 972 292 990 P
303 973 336 990 ιι
345 973 360 990 1.
370 966 386 990 {i
397 972 409 989 r.
421 971 434 989 t
446 984 453 995 .
474 960 504 990 is.
527 971 553 989 n.
575 959 724 996 [ver-4302]
745 956 903 988 Reticnlurn
913 953 1066 988 muliebre,
1088 961 1144 989 quo
1157 946 1368 988 capillosmvol-

258 1006 334 1030 vunt.
359 999 476 1028 Martini.
492 999 539 1027 lib.
554 1007 577 1033 3.
592 1008 636 1032 40.

338 1037 371 1066 Et
382 1037 533 1066 Cosmianis
545 1035 601 1073 ipse
612 1034 685 1064 susus
695 1033 826 1071 ampullis
836 1054 844 1067 ‚

339 1074 402 1103 Non
416 1074 550 1103 erubescit
562 1074 666 1102 murice
677 1082 759 1101 aureo
770 1071 850 1099 nobis
1080 1102 1085 1104 .
1225 1100 1230 1106 Ι
1282 1099 1287 1105 ,

339 1111 471 1141 Dividere
484 1111 600 1140 nioechae
610 1110 735 1148 pauperis
746 1108 881 1146 capillare.
965 1100 1258 1146 Verius'Caethodig.
1270 1098 1365 1132 linig.

261 1158 321 1187 cap.
334 1159 376 1178 ιο.
398 1150 487 1187 accipi
497 1155 575 1186 putat
588 1158 637 1185 pm
648 1148 795 1184 Unguento
803 1146 835 1174 ad
844 1142 961 1180 'capillos
973 1147 1140 1177 excogitato.
1290 1174 1295 1180 .

224 1185 298 1215 CA?
309 1198 318 1215 1
330 1198 369 1215 ιι,
380 1197 421 1215 nr<
432 1197 462 1216 1s
476 1209 482 1219 .
504 1196 527 1215 e.
551 1186 610 1222 Adj.
633 1193 663 1214 ut
674 1207 681 1219 ‚
702 1185 786 1213 Arbor
805 1181 957 1220 capillatis.
979 1181 1008 1208 iri
1030 1189 1083 1216 qua
1100 1176 1209 1206 tonsum
1235 1172 1368 1211 capillum

260 1224 448 1254 adolescentes
467 1223 685 1262 suspendebant.
707 1221 817 1259 quando
836 1218 1018 1258 deponebant
1040 1225 1167 1249 comam.
1188 1214 1241 1242 deo
1255 1221 1314 1241 eam
1331 1210 1368 1239 sa-

261 1269 378 1291 crantes.
420 1262 523 1291 Eadem
539 1263 564 1291 St
578 1260 710 1298 Capiliata
721 1259 871 1288 dicebatur.
915 1256 977 1285 Erat
996 1256 1021 1284 ἃ
1042 1255 1070 1283 in
1092 1253 1160 1282 urbe
1182 1252 1270 1280 Roma
1289 1249 1368 1278 arbor

260 1299 445 1336 antiquissima
455 1321 461 1333 ,
484 1309 563 1336 quam
573 1298 651 1336 supra
663 1305 801 1326 trecentos
813 1298 837 1326 Sc
848 1294 1018 1332 septuaginta
1030 1301 1117 1321 annos
1130 1289 1235 1333 durasse
1246 1296 1370 1330 coni-per-

259 1343 319 1366 tum
328 1337 382 1371 est.
404 1347 464 1372 quae
475 1336 608 1374 Capillata
620 1335 826 1374 appellabatur:
849 1328 1233 1375 quod-virginum·Vestalium
1253 1324 1369 1362 capillos

259 1376 293 1404 ad
305 1384 365 1404 eam
377 1375 483 1404 deferre
498 1384 557 1403 mos
571 1379 634 1403 erat.
662 1373 703 1402 Ex
721 1372 807 1402 Festo.
847 1370 980 1400 Meminit
1002 1369 1028 1398 &
1041 1368 1110 1397 Prin.
1127 1365 1175 1395 lib.
1191 1368 1233 1394 16.
1248 1373 1308 1401 cap.
1321 1373 1366 1398 44.

256 1413 311 1442 Ubi
331 1412 361 1442 V.
384 1413 518 1442 Harduin.
830 1430 835 1438 .

258 1449 351 1480 Herba
362 1450 499 1487 capillatis
510 1471 518 1485 ‚
539 1448 618 1486 Apul.
631 1448 666 1477 de
677 1447 761 1477 Herb.
775 1456 836 1484 cap.
850 1454 895 1480 47.

221 1487 271 1518 CA
281 1498 295 1516 Ρ
306 1499 314 1516 1
324 1499 339 1516 L
349 1498 387 1516 ιο
397 1498 407 1516 s
417 1499 434 1516 u
445 1498 467 1521 s.
480 1498 505 1521 a,
516 1497 571 1516 um.
594 1492 625 1515 ut
635 1508 642 1519 ‚
664 1485 795 1514 Sedimen
810 1482 980 1521 capillosum.
1001 1480 1067 1510 Cael.
1081 1478 1171 1508 Aurei.
1186 1488 1209 1513 5.
1219 1486 1249 1524 .4:
1262 1476 1364 1521 Cliton.

219 1526 352 1556 Cnrio.
375 1526 437 1563 cepi
452 1547 459 1560 ‚
481 1524 525 1554 vel
540 1534 603 1553 cum
621 1523 731 1561 diphth.
754 1522 841 1559 caepi,
863 1526 975 1558 captum
991 1540 998 1554 ‚
1020 1516 1182 1554 [astacum.
1200 1526 1285 1550 augeas,
1311 1521 1366 1539 am-

256 1575 320 1597 am,
340 1559 456 1599 limma,
472 1562 579 1597 χειξόω]
600 1563 654 1591 ere.
676 1561 757 1590 Notae
776 1558 982 1596 significationis
1002 1556 1047 1586 est.
1081 1554 1146 1584 Ter.
1158 1553 1228 1583 Eun.
1244 1561 1267 1589 3.
1283 1562 1306 1588 5.
1321 1560 1364 1588 47.

255 1600 330 1638 Cape
342 1601 396 1629 hoc
407 1600 557 1629 flabellum.
595 1598 691 1636 [Caepi
708 1608 765 1626 non
775 1597 839 1634 legi.

253 1638 294 1668 Ab
309 1638 396 1667 hamis
407 1639 552 1675 capiuntur
563 1636 657 1674 pisces.
680 1635 762 1665 Ovid.
782 1645 804 1663 1.
818 1634 853 1663 de
868 1634 931 1663 Arte
942 1633 1000 1662 Am.
1012 1635 1077 1669 765.
1154 1667 1160 1673 ι
1322 1665 1329 1670 ,

345 1676 398 1705 Hic
413 1675 501 1709 iaculo
514 1674 599 1713 pisces
612 1697 620 1709 ,
641 1673 698 1702 illic
708 1673 856 1710 capiuntur
869 1671 902 1701 ab
913 1671 1010 1699 hamis.
1093 1667 1246 1709 Capiuntur
1255 1665 1344 1708 hamis
1355 1686 1363 1698 ,

270 1713 317 1743 hic
331 1714 396 1742 esset
409 1713 621 1742 instrumentum
634 1711 772 1748 capiendi.
784 1710 830 1738 sed
842 1709 969 1739 hocloco
982 1707 1146 1745 Capientem
1156 1703 1296 1742 significat.
1317 1703 1363 1732 Sic

269 1753 343 1780 ret‘te
356 1752 458 1780 dixeris
468 1751 620 1787 Capiuntur
633 1749 666 1779 ab
681 1747 853 1778 hominibus.
1217 1779 1223 1785 ι

250 1789 356 1827 Capere
368 1799 393 1818 e.
415 1789 479 1818 Ter.
493 1789 593 1817 Heaut.
608 1797 631 1823 3.
646 1797 670 1823 3.
685 1795 729 1823 47.
751 1786 850 1815 Dicam
862 1785 934 1814 lianc
947 1782 1000 1813 esse
1011 1788 1119 1820 captam
1134 1790 1149 1810 e
1163 1780 1250 1824 Caria.

250 1826 355 1864 Capere
363 1836 396 1855 ex
406 1848 413 1859 .
433 1826 511 1855 aliter
521 1832 676 1863 acceptum.
715 1824 780 1853 Ter.
796 1823 903 1852 Phorm.
922 1831 944 1850 1.
957 1830 982 1858 3.
998 1829 1040 1856 15.
1062 1819 1106 1849 Tu
1117 1823 1249 1862 cpnjicito
1260 1822 1360 1860 cetera,

329 1864 406 1900 Quid
422 1874 473 1901 ego
484 1874 519 1892 ex
529 1864 581 1893 hac
590 1863 684 1900 inopia
693 1870 768 1891 nunc
779 1861 887 1899 capiam
901 1882 909 1894 .
931 1861 955 1889 &
967 1859 1034 1896 quid
1044 1864 1073 1887 tu
1085 1866 1118 1886 ex
1134 1856 1198 1885 istac
1213 1864 1303 1898 copia.

247 1901 289 1931 Ex
301 1902 362 1930 aestu
374 1923 381 1935 ,
402 1902 502 1939 frigore
514 1923 522 1936 ,
545 1901 668 1930 novitate
678 1900 734 1929 cibi
744 1921 752 1934 ⁷
776 1899 837 1928 labe
853 1897 975 1934 corporis
986 1896 1056 1933 capi.
1079 1895 1187 1924 Lucret.
1200 1893 1238 1936 lib
1260 1903 1282 1927 ς.
1296 1901 1359 1928 927.

247 1938 354 1976 Capere
363 1939 435 1968 saci-a
446 1948 539 1969 manu.
578 1938 652 1976 Virg.
664 1947 690 1967 2.
701 1937 763 1968 AEn.
775 1945 838 1974 717.
860 1935 970 1965 addidit
985 1935 1092 1969 Nlanu,
1112 1933 1147 1962 ad
1164 1939 1298 1967 majorem
1315 1939 1361 1960 ex-

264 1977 439 2014 pressioneni.

247 2014 284 2043 Ca
307 2024 352 2043 ere
363 2015 390 2043 in
402 2021 524 2043 inanum.
546 2013 630 2043 Plaut.
646 2012 705 2043 Aul.
722 2023 744 2042 1.
760 2021 783 2041 1.
798 2021 824 2048 9.

247 2052 284 2082 Ni
296 2053 326 2081 iil
337 2053 446 2081 interest
457 2053 528 2082 inter
539 2052 586 2081 has
603 2051 814 2088 significationes
825 2072 833 2085 ‚
850 2048 937 2086 Capio
953 2047 1059 2077 hostem
1072 2069 1080 2080 .
1103 2045 1191 2084 Capio
1208 2049 1359 2082 generum,

267 2090 354 2127 Capio
371 2089 475 2119 saxum.
516 2090 583 2119 Duae
598 2095 692 2118 autem
710 2089 891 2126 proprietates
911 2087 940 2115 in
962 2086 1016 2115 hoc
1027 2085 1111 2114 verbo
1129 2083 1259 2127 norandae
1279 2081 1358 2117 sunt,

263 2127 325 2156 Una
337 2128 409 2165 quod
421 2127 502 2156 liabet
512 2128 683 2165 reciprocum
696 2127 834 2163 quendam
845 2125 932 2154 usum.
954 2131 985 2153 ut
996 2123 1071 2152 idem
1082 2122 1113 2151 sit
1123 2144 1131 2157 ‚
1153 2122 1222 2158 Cepi
1234 2120 1360 2157 volupta-

267 2171 324 2194 tem
338 2187 345 2201 ,
368 2166 392 2194 i&
404 2165 485 2202 Cepit
495 2175 538 2194 ine
552 2164 687 2202 voluptas.
729 2163 786 2192 Cic.
809 2163 941 2200 Magnam
950 2162 1012 2199 cepi
1023 2161 1152 2189 exliteris
1169 2159 1222 2188 tuis
1232 2158 1360 2195 volupta2

265 2206 332 2232 tem.
373 2203 492 2239 Quintil.
507 2203 535 2231 in
549 2202 650 2240 Apibus
671 2202 811 2239 pauperis,
832 2201 893 2230 Nec
907 2209 952 2228 me
974 2204 1049 2228 tanta
1068 2196 1358 2240 capiebat-voluptas,

265 2240 341 2277 quod
354 2240 468 2270 fluentia
478 2238 546 2270 ceris
561 2239 642 2268 mella
652 2239 813 2268 conderem.
854 2236 922 2267 Plin.
936 2237 1020 2275 Epist.
1030 2235 1077 2264 lib.
1091 2241 1116 2268 8.
1139 2235 1226 2272 Capio
1237 2233 1357 2268 aliquam

264 2277 436 2315 voluptatem
448 2299 455 2312 ,
477 2278 551 2315 quod
563 2277 619 2306 ulla
629 2277 771 2314 voluptate
790 2285 846 2304 non
865 2276 966 2312 capiar.
1006 2274 1074 2311 Cepi
1088 2273 1214 2315 somnum
1226 2293 1233 2306 ,
1254 2270 1358 2313 Captus

264 2315 323 2344 sum
336 2316 433 2344 somno
445 2337 452 2350 ,
476 2316 521 2345 vix
532 2315 651 2349 dicitur,
676 2314 721 2343 sed
734 2314 790 2343 dici
801 2312 907 2351 posset,
929 2319 960 2341 ut
972 2310 1140 2349 Oppressus:
1163 2320 1209 2346 qui
1225 2318 1298 2337 enini
1309 2319 1357 2345 op-

263 2354 392 2390 primitur
414 2353 511 2382 somno
523 2375 531 2387 ‚
552 2353 658 2390 capitur
672 2352 775 2380 somno.
817 2351 886 2388 Cepi
905 2349 1135 2378 delectationem:
1157 2349 1201 2376 vix
1216 2356 1356 2383 unquam,

264 2391 418 2421 Delectatio
429 2392 504 2429 cepit
517 2400 580 2419 me:
603 2390 649 2418 sed
669 2391 695 2418 in
709 2389 810 2426 passivo
827 2389 937 2426 potius,
960 2388 1063 2424 Captus
1081 2386 1139 2415 sum
1162 2384 1356 2414 deleitatione.

263 2429 297 2458 Et
308 2429 372 2457 item
390 2431 417 2457 in
433 2429 530 2457 ceteris
547 2437 607 2465 quae
626 2428 660 2457 ad
672 2427 887 2456 delectationem
902 2426 1060 2463 pertinent,
1082 2425 1185 2461 Captus
1204 2423 1261 2452 sum
1273 2431 1358 2450 amoes

265 2466 352 2496 nitate
369 2466 441 2500 loci,
469 2466 618 2494 dulcedine
642 2465 738 2498 vocis.
760 2464 850 2501 specie
869 2463 993 2492 mulieris
1009 2484 1017 2497 ,
1039 2471 1132 2490 amore
1158 2461 1357 2502 pecuniarum,

263 2504 311 2541 spe
323 2503 458 2532 bonorum
470 2525 478 2537 ,
500 2502 925 2540 magnitudinesiibliiiiitateque
937 2500 1065 2529 materiae.
1106 2498 1156 2528 Ista
1172 2499 1247 2526 enim
1265 2506 1359 2525 omnia

264 2542 419 2576 delectant,
440 2541 561 2577 ideoque
577 2539 742 2576 subintelligi
755 2539 824 2568 solet
834 2539 1001 2568 delectatio:
1023 2536 1103 2575 quale
1125 2535 1213 2573 ipsum
1232 2535 1301 2564 illud
1318 2534 1357 2563 M.

264 2579 350 2609 Tullii
370 2588 393 2614 3.
415 2578 470 2609 Offi
488 2589 530 2613 ις.
551 2578 635 2615 Quod
648 2577 743 2607 insitin
754 2577 796 2606 his
806 2577 908 2612 aliquid
918 2576 1014 2613 probi,
1037 2574 1111 2611 quod
1126 2574 1218 2611 capiat
1239 2573 1357 2611 ignaros.

264 2618 292 2646 id
309 2617 345 2645 cst
357 2616 482 2645 (leleciet.
524 2615 592 2653 Ergo
604 2615 734 2653 probitati
745 2615 812 2644 inest
822 2614 987 2643 delectatio:
1010 2621 1040 2642 ut
1054 2613 1084 2641 lit
1096 2614 1132 2641 ita
1145 2612 1358 2649 exponendum,

265 2655 350 2689 Cuius
359 2655 438 2692 probi
452 2653 602 2683 delectatio
613 2654 705 2690 capiat
716 2653 832 2689 ignaros.
848 2652 899 2681 sive
913 2651 997 2688 ignari
1006 2651 1150 2687 capiantur
1160 2648 1356 2678 delectatione.

263 2692 364 2725 Habet,
385 2692 497 2729 (inquit
507 2691 654 2720 Terentius
666 2691 749 2719 Andr.
766 2700 788 2719 1.
804 2700 826 2719 1.
841 2689 899 2726 ςς.)
919 2695 1015 2726 captus
1028 2688 1073 2717 est.
1095 2686 1269 2724 subintellige
1279 2688 1360 2715 Amo-

263 2739 292 2758 re
303 2751 311 2764 .
332 2730 384 2758 sive
399 2729 607 2758 Pulchritudine
617 2728 727 2757 semime
738 2750 745 2762 ,
768 2728 797 2756 id
808 2727 845 2756 est
854 2727 1047 2756 delectatione.
1071 2725 1145 2754 Valla
1155 2725 1202 2754 lib.
1217 2728 1242 2752 6.

245 2767 357 2805 Capiat:
368 2766 478 2796 deliniri
491 2776 519 2795 re
537 2765 634 2803 aliqua.
677 2766 735 2794 Cic.
757 2775 806 2802 pro
824 2765 933 2794 Cluent.
958 2773 999 2800 13.
1033 2763 1161 2792 Animum
1178 2761 1358 2791 adolescentis

263 2805 391 2834 nondum
401 2803 514 2833 consilio
526 2813 557 2832 ac
567 2804 674 2832 ratione
684 2803 821 2832 firmatum
833 2802 949 2840 pellexit
960 2802 992 2831 iis
1004 2801 1136 2830 omnibus
1146 2800 1237 2835 rebus,
1258 2799 1358 2836 quibus

263 2842 308 2871 illa
321 2849 385 2872 aetas
397 2842 459 2880 capi
471 2851 503 2870 ac
514 2841 623 2870 deliniri
635 2841 731 2879 potest.
1321 2873 1327 2879 ⁶

243 2880 312 2910 Falli
323 2902 331 2915 ,
352 2880 424 2916 capi.
447 2879 504 2908 Cic.
518 2890 543 2913 4.
559 2879 639 2908 Acad.
653 2882 696 2907 66.
727 2878 864 2915 Sapientis
878 2882 970 2906 autem
984 2876 1056 2905 lianc
1066 2875 1158 2905 censet
1168 2873 1293 2904 Arcesilas
1303 2881 1359 2902 vim

262 2918 316 2947 else
327 2917 485 2950 maximam.
506 2916 615 2946 Zenoni
627 2915 784 2949 assentiens.
799 2924 896 2944 cavere
907 2925 942 2943 ne
952 2915 1084 2951 capiatur,
1095 2923 1131 2942 ne
1139 2912 1246 2942 fallatur
1255 2912 1357 2940 videre.

243 2955 312 2993 Capi
325 2956 454 2983 dicuntur
463 2955 582 2991 virgines
593 2952 710 2983 Vestales
721 2975 728 2984 .
751 2953 886 2982 Flamines
901 2952 994 2981 Diales
1003 2973 1011 2986 ‚
1033 2950 1179 2980 Pontifices
1188 2973 1195 2985 ‚
1218 2951 1339 2986 Augures
1349 2970 1358 2984 ‚

261 3003 346 3030 quum
359 2993 522 3022 Sacerdotes
533 2997 667 3020 creantur.
713 2990 751 3019 Ca
774 2991 780 3018 i
799 2998 891 3019 autem
902 2990 978 3026 virgo
992 2996 1137 3027 propterea
1156 2988 1211 3017 dici
1231 2989 1357 3021 videtur,

262 3031 324 3067 quia
336 3029 475 3060 Pontificis
486 3030 600 3058 maximi
613 3038 696 3058 manu
705 3038 753 3066 pre
763 3027 839 3057 iensa
853 3049 860 3062 ‚
881 3026 915 3056 ab
932 3036 966 3056 co
979 3033 1092 3063 parente
1109 3049 1116 3061 ,
1137 3026 1165 3054 in
1184 3026 1262 3061 cujus
1281 3031 1360 3062 poten

263 3069 329 3097 state
340 3068 394 3102 est,
415 3067 500 3096 veluti
513 3066 586 3096 bello
599 3075 694 3104 capta,
716 3065 871 3095 abducitur.
894 3065 961 3094 Haec
977 3064 1046 3094 Gell.
1060 3064 1108 3094 lib.
1125 3074 1148 3093 1.
1170 3073 1229 3101 cap.
1245 3073 1285 3092 12.
1328 3062 1358 3091 V.

264 3106 379 3135 omnino
393 3112 482 3134 totum
499 3104 553 3134 loc.

242 3143 318 3173 Inter
330 3144 434 3180 Capere
446 3144 470 3172 δι
483 3143 624 3180 Accipere.
647 3141 752 3179 Capere
762 3140 836 3170 enirn
847 3162 855 3175 ‚
877 3139 967 3177 inquit
976 3136 1087 3178 Ulpian.
1102 3134 1120 3168 l.
1134 3147 1178 3176 71.
1192 3138 1225 3167 D.
1238 3138 1272 3167 de
1282 3137 1357 3167 verb.

262 3180 348 3217 signif.
360 3190 422 3210 curn
441 3179 541 3209 affct‘tu
553 3180 707 3217 accipitur:
730 3179 861 3216 Accipere
885 3187 965 3212 vero,
988 3179 1014 3207 &
1030 3177 1048 3205 si
1066 3177 1127 3214 quis
1140 3186 1196 3205 non
1208 3176 1317 3213 accepit
1329 3179 1359 3205 ut

263 3218 370 3247 habeat.
411 3218 532 3254 Ideoque
542 3227 599 3246 non
616 3217 724 3246 videtur
735 3217 794 3253 quis
807 3225 906 3253 capere
917 3215 991 3251 quod
1008 3221 1065 3243 erat
1083 3215 1271 3249 restituturus,
1292 3214 1359 3243 sicut

264 3254 415 3291 pervenisse
427 3255 538 3293 proprie
551 3255 621 3284 illud
638 3255 740 3284 dicitur
752 3254 826 3291 quod
838 3253 876 3282 est
891 3252 1086 3281 remansurum.

247 3291 350 3329 Capere
361 3292 466 3328 possum
478 3302 537 3322 earn
547 3302 615 3321 rem.
638 3293 655 3321 i.
670 3302 694 3321 e.
717 3292 781 3324 Eius
789 3291 828 3320 rei
838 3299 924 3328 capax
934 3289 1001 3319 sum.
1016 3288 1088 3318 Paul.
1101 3288 1158 3318 inl.
1169 3288 1186 3317 si
1202 3288 1266 3317 fidei
1280 3297 1357 3317 mere.

265 3329 298 3358 D.
312 3331 346 3358 de
357 3330 435 3366 legat.
452 3338 475 3365 3.
499 3331 526 3359 Si
536 3330 599 3359 fidei
609 3338 676 3359 meze
687 3329 891 3363 committatur,
915 3334 946 3357 ut
962 3328 1036 3364 quod
1057 3327 1125 3355 milii
1141 3326 1267 3356 relietum
1278 3326 1361 3354 fuerit

265 3366 342 3404 supra
352 3377 433 3402 quani
443 3377 541 3405 capere
551 3367 675 3405 possum.
696 3366 743 3396 alii
754 3367 907 3396 restituam:
932 3365 1008 3402 polse
1024 3374 1068 3393 me
1088 3364 1117 3393 id
1130 3373 1229 3402 capere
1243 3363 1357 3392 constat.

248 3402 317 3440 Capi
328 3404 434 3440 aliquo,
459 3405 475 3433 i.
489 3414 513 3434 e.
537 3407 635 3434 Amore
645 3404 761 3439 alicujus
771 3405 842 3442 capi.
864 3403 948 3433 Ovid.
961 3414 987 3438 4.
1002 3401 1081 3440 Epist.
1094 3405 1139 3437 64.

247 3440 430 3470 Assentatione
441 3443 511 3479 capi.
552 3443 609 3472 Cic.
622 3442 657 3471 de
671 3443 779 3472 Aniicit.
795 3451 837 3478 5²-
869 3441 906 3470 Ut
922 3441 1144 3470 animadvertant
1157 3448 1194 3468 ne
1208 3437 1308 3468 callida
1324 3437 1361 3468 as-

267 3477 419 3507 sentatione
432 3480 582 3515 capiantur.

248 3514 326 3544 Dolis
336 3525 433 3552 capere
445 3516 573 3552 aliquem.
595 3516 667 3553 Virg.
681 3526 703 3546 i.
715 3516 773 3546 AEn.
790 3520 853 3554 677.
881 3516 900 3546 i.
911 3525 935 3545 e.
958 3514 1105 3552 Decipere.

248 3551 328 3594 Dolis
339 3553 415 3588 capi,
437 3553 541 3590 Decipi.
566 3555 635 3591 Virg.
646 3563 671 3584 2.
688 3554 749 3584 AEn.
766 3557 828 3591 169.

248 3587 346 3618 Donis.
367 3590 468 3618 Sen.in
484 3591 559 3620 Med.
576 3601 616 3621 12.

248 3625 419 3656 Formidine.
440 3627 512 3665 Virg.
525 3638 550 3657 2.
564 3628 626 3658 ffin.
638 3634 700 3664 384.

419 3679 456 3684 —
465 3664 614 3695 formidine
627 3672 722 3703 captos

249 3699 365 3730 Fraude.
388 3699 450 3729 Sen.
464 3701 540 3731 Med.
556 3713 596 3732 12.

248 3736 353 3766 insidiis
365 3738 453 3779 nocti-s
463 3740 571 3775 capiere
581 3740 688 3770 serenae.
713 3740 786 3778 Virg.
802 3750 823 3769 1.
840 3740 938 3778 Georg.
949 3742 1013 3776 426.
1039 3739 1056 3768 i.
1072 3748 1095 3768 e.
1116 3737 1280 3777 Decipieris.

248 3773 359 3817 Laquef)
368 3774 444 3816 yerbl
455 3776 516 3817 qapi
528 3783 606 3813 putas
616 3784 752 3814 oportere.
774 3778 832 3806 Cic.
844 3788 894 3815 pro
906 3778 1009 3807 Caecin.
1019 3781 1065 3813 83.

249 3810 398 3840 Munditiis
410 3819 479 3846 capi.
501 3812 584 3841 Ovid.
596 3824 619 3850 3.
635 3816 669 3843 de
684 3816 745 3843 Arte
758 3817 814 3843 Am,
830 3824 889 3851 ¹33·

329 3847 476 3877 Munditiis
487 3850 625 3886 capimur:
650 3861 701 3880 nec
715 3852 766 3880 lint
778 3852 832 3880 sine
841 3852 901 3889 lege
910 3850 1002 3889 capilli
1015 3873 1023 3886 ‚

354 3884 487 3928 *Admotae
497 3886 612 3916 sormam
623 3889 743 3925 dantque
755 3910 763 3923 ,
784 3896 941 3926 negantque
956 3897 1063 3918 manue.

248 3921 422 3957 Muneribus.
444 3921 538 3952 Tibul.
552 3923 599 3955 Lib.
612 3935 635 3955 1.
646 3936 671 3960 9.
687 3935 729 3954 11.

835 3665 999 3696 sternimus.

1863 110 1890 147 C
1987 113 2011 146 A
2104 111 2128 147 P

2582 174 2586 186 l

1449 193 1538 223 Pretio
1550 193 1697 229 capiuntur
1707 194 1787 229 avari.
1813 194 1906 223 Tibul.
1919 194 1966 223 lib.
1980 203 2002 230 3.
2021 204 2043 223 1.
2053 201 2078 230 7.
2582 197 2585 210 ⁸

1449 233 1503 269 Spe
1514 231 1599 259 inani.
1622 231 1692 267 Virgv
1710 241 1748 259 11.
1764 232 1825 261 ffin.
1838 238 1883 266 4¹).
2582 240 2583 243 ’

1449 269 1557 305 Specie.
1579 268 1697 304 Quintil.
1710 268 1758 297 lib.
1774 279 1798 297 2.
1812 279 1870 307 cap.
1888 280 1910 303 ς.
2582 277 2584 294 ν

1449 307 1575 345 Capere3
1600 306 1758 339 Delectant.
1781 307 1823 335 vel
1836 306 1958 336 allicere.
1980 306 2045 335 Hor.
2060 305 2095 334 de
2108 306 2170 336 Arte
2183 305 2258 335 Poet.
2273 308 2335 342 361.

1544 343 1579 371 Ut
1589 344 1694 381 pictura
1707 366 1713 377 ‚
1735 344 1822 381 poesis
1833 345 1901 373 erit:
1924 354 1982 380 quae
1993 344 2009 372 si
2021 344 2135 380 propius
2146 344 2196 372 stes
2209 365 2216 376 .,

1544 381 1690 418 Teciipiet
1701 382 1803 417 magis,
1824 383 1850 411 δι
1870 382 1995 419 quaedam
2008 381 2024 410 si
2037 381 2146 418 longius
2163 381 2259 410 abires.

1471 430 1497 455 4.
1515 424 1560 453 28.

1546 457 1629 485 Hunc
1640 456 1715 491 capit
1725 457 1828 490 argenti
1839 455 1976 493 splendor.

1472 494 1608 525 Martialis
1618 493 1653 521 ita
1665 494 1735 522 dicit
1749 493 1853 531 Capere
1867 493 1914 522 lib.
1929 503 1970 528 ¹3-
1986 494 2013 522 in
2030 492 2116 521 Vulva
2137 493 2149 528 (
2162 492 2237 530 Epig.
2252 492 2314 529 56.)

1545 532 1587 562 Te
1600 530 1707 559 fortasse
1718 532 1804 568 magis
1818 532 1909 569 capiet
1922 532 1957 560 de
1969 531 2073 565 virgine
2084 539 2185 568 porca:
2580 537 2582 540 ’
2600 550 2604 551 ⁷

1584 563 1632 598 Nie
1641 575 1763 597 materna
1773 569 1846 606 gravi
1859 569 1893 598 de
1904 568 1950 598 sue
1962 568 2041 597 vulva
2054 569 2137 606 capit.
2236 569 2380 597 Anacreon
2399 566 2476 603 (od.
2494 569 2554 606 ις.)

1546 605 1582 634 ἔθ·
1602 606 1670 641 digia
1690 617 1722 640 με
1737 604 1833 642 zeno-bc.
1961 605 2079 635 Martial.
2100 607 2129 634 in
2144 605 2329 643 Opobalsama
2349 605 2396 634 lib.
2414 615 2455 640 14.
2472 605 2555 645 (59.)
2578 629 2580 643 ,Ι

1544 643 1664 673 Balsama
1677 653 1719 672 me
1729 645 1842 681 capiunt
1851 666 1858 677 .
1879 643 1939 672 haec
1950 643 2010 672 sunt
2023 650 2163 679 unguenta
2173 644 2302 672 virorum.
2384 642 2419 673 H.
2431 643 2471 673 St.

1454 681 1610 713 Dulcedine
1621 682 1696 710 vocis
1708 683 1776 719 capi.
1799 682 1880 711 Ovid.
1897 692 1918 710 1.
1931 681 1999 710 Met.
2012 688 2075 718 709.
2578 707 2579 718 ξ

1455 719 1562 751 Ocellis
1571 719 1691 755 aliquem
1701 729 1800 756 capere
1812 720 1913 749 dicitur
1924 719 2024 756 puella.
2047 718 2169 756 Propert.
2184 717 2231 747 lib.
2249 729 2272 748 1.
2289 729 2311 748 1.
2327 727 2351 748 t.
2578 724 2580 760 l

1543 757 1665 794 Cynthia
1681 758 1768 794 prima
1781 757 1833 786 suis
1845 756 1972 786 miserum
1989 765 2033 784 me
2044 757 2118 794 cepit
2129 755 2225 785 ocellis
2234 778 2242 792 ‚

1593 794 1760 824 Contat‘tum
1772 795 1854 824 nullis
1866 800 1931 824 ante
1940 794 2127 831 cupidinibus.

1451 833 1577 871 Capere,
1598 842 1648 869 pro
1657 832 1814 862 Continere.
1835 832 1892 862 Cic.
1904 837 1929 861 6.
1948 832 2021 861 Verr.
2036 839 2061 867 3.
2083 831 2140 861 Tot
2152 831 2252 860 domus
2261 827 2496 869 locupletissimas.
2511 829 2558 863 do*
2574 843 2578 865 a
2592 856 2594 860 ,

1474 878 1535 900 mus
1547 870 1620 899 istius
1631 880 1686 899 una
1695 871 1807 908 capiet‘.>
1839 871 1902 900 Ter.
1918 870 2015 898 Heaut.
2029 878 2054 898 2.
2070 876 2093 905 3.
2111 876 2152 905 13.
2576 877 2579 898 i
2601 870 2604 875 ⁴

1548 907 1592 936 Dii
1603 908 1687 942 boni,
1709 908 1774 943 quid
1786 908 1871 937 turbae
1881 909 1895 936 ἶ)
1915 907 1986 936 redes
1996 907 2092 936 nostrae
2103 908 2151 936 vix
2165 906 2293 942 capient.
2313 905 2378 935 scio.
2574 901 2581 987 ⁵

2574 989 2577 1002 l
2601 1000 2604 1003 .

2343 379 2410 409 Hor.
2426 389 2448 410 1.
2470 376 2551 413 Serm.

1456 945 1531 975 Coelo
1544 946 1591 973 vii<
1602 945 1672 982 capi.
1713 946 1770 975 Cic.
1784 955 1810 975 2.
1823 946 1941 982 Philipp.
1958 955 2019 980 114.
2040 944 2087 973 llli
2106 954 2167 974 eam
2183 944 2298 981 gloriam
2316 943 2476 981 consequuti
2484 944 2556 982 sunt,

1473 992 1535 1020 quae
1546 983 1593 1011 vix
1611 982 1677 1011 caelo
1692 984 1754 1020 capi
1765 984 1843 1021 poss'e
1853 984 1988 1012 videatur.
2574 1005 2581 1030 λ

1454 1021 1560 1088 Ωέῃετε
1576 1021 1647 1087 cintii
1646 1021 1796 1088 apientiam
1807 1022 1907 1051 civitas
1917 1043 1925 1056 ,
1947 1020 2023 1050 Italia
2034 1042 2042 1056 ,
2061 1020 2212 1059 provinciae
2225 1041 2233 1056 ‚
2251 1027 2345 1056 regna,
2364 1027 2421 1048 non
2430 1024 2556 1057 poterant.
2574 1032 2577 1054 ι
2594 1026 2604 1055 ,i

1501 1069 1534 1088 ic.
1575 1068 1604 1086 ro
1650 1069 1658 1087 i
1671 1068 1715 1087 on.
1767 1081 1772 1088 .
2574 1064 2579 1087 ἒ
2596 1060 2604 1091 ἶ

1455 1096 1517 1126 Una
1528 1068 1612 1124 drinio
1623 1105 1679 1124 non
1691 1065 1763 1133 cass.
1791 1096 1849 1126 Cic.
1865 1105 1887 1125 1.
1901 1095 1982 1125 Offic.
1998 1106 2040 1132 54.
2061 1095 2219 1133 Sequuntur
2229 1094 2343 1124 fratrum
2353 1095 2556 1130 conjunctiones
2570 1088 2579 1134 ί
2594 1098 2604 1131 4

1475 1135 1535 1172 post
1546 1133 1775 1163 consobrinorum
1787 1156 1795 1170 ,
1814 1133 2061 1168 sobrinorumque:
2083 1134 2129 1171 qui
2151 1143 2236 1171 quum
2258 1141 2313 1161 uria
2329 1132 2413 1162 domo
2429 1133 2485 1167 jam
2501 1134 2557 1173 capi
2572 1148 2578 1179 y
2592 1145 2604 1166 ι

1466 1181 1533 1200 -non
1544 1171 1646 1208 possint
1660 1193 1668 1206 ‚
1688 1172 1718 1200 in
1734 1171 1798 1201 alias
1807 1172 1906 1201 domos
1917 1178 2047 1208 tanquam
2058 1172 2086 1200 in
2096 1171 2219 1201 colonias
2232 1176 2344 1201 exeunt.
2574 1185 2579 1228 Μ
2592 1195 2604 1205 ¹.

1456 1208 1527 1240 Iram
1536 1209 1610 1239 suam
1621 1219 1678 1238 non
1688 1219 1794 1247 capere.
1815 1210 1900 1239 Ovid.
1912 1214 1937 1238 6.
1950 1210 2018 1238 lVlet.
2028 1213 2092 1240 610.
2218 1224 2255 1229 —
2267 1208 2362 1244 ardet,
2383 1207 2486 1238 &iram

1552 1247 1615 1276 Non
1627 1248 1702 1284 capit
1714 1247 1769 1284 ipsa
1783 1247 1856 1276 suam
1867 1247 1980 1284 Progne.
2573 1273 2577 1282 ,

1457 1284 1569 1315 Fluctus
1579 1285 1680 1314 irarum
1690 1295 1745 1314 non
1755 1294 1852 1322 capere
1863 1285 1891 1313 in
1903 1286 2025 1322 pectore.
2045 1283 2154 1315 Lucret.
2167 1284 2217 1314 lib.
2231 1293 2255 1321 3.
2266 1293 2330 1321 299.
2574 1300 2579 1332 ς
2593 1286 2594 1290 ’

1458 1322 1542 1352 Orbis
1554 1330 1581 1351 te
1591 1333 1647 1351 nori
1656 1329 1774 1360 caperet.
1799 1322 1873 1352 Curt.
1891 1331 1916 1357 7.
1930 1328 1954 1356 8.
1971 1332 2012 1351 12.
2590 1319 2595 1340 ²

1457 1360 1541 1396 Troja
1555 1370 1608 1389 nec
1623 1366 1649 1389 te
1659 1361 1741 1398 capit.
1765 1360 1836 1398 Virg.
1848 1371 1873 1395 9.
1886 1360 1948 1390 AEn.
1963 1364 2027 1395 644.

1456 1399 1503 1428 Sic
1514 1399 1618 1436 Capere
1627 1399 1763 1432 dicimur.
1785 1407 1844 1434 quae
1854 1399 1883 1427 in
1895 1405 2018 1427 naturam
2035 1397 2170 1433 nostram,
2191 1396 2298 1427 sensum
2314 1398 2341 1427 δε
2358 1397 2429 1427 vires
2439 1396 2554 1436 cadunt,
2568 1415 2591 1437 ¹¹.

1477 1436 1628 1474 quibusque
1643 1436 1915 1474 comprehendendis
1927 1443 1973 1465 aut
1989 1435 2152 1465 sustinendis
2169 1445 2247 1472 pares
2266 1435 2367 1464 sumus.
2389 1441 2437 1470 ut,
2457 1435 2555 1467 Concu-
2587 1447 2595 1466 r

1474 1474 1555 1512 piscis
1566 1496 1575 1509 ‚
1595 1483 1654 1510 quae
1664 1483 1721 1503 non
1735 1475 1819 1512 capis.
1854 1473 1931 1503 Curt.
1944 1481 1968 1510 7.
1986 1479 2011 1506 8.
2028 1483 2069 1509 13.
2093 1473 2316 1511 Magnitudinem
2325 1473 2442 1502 fortunae
2452 1477 2568 1504 noncev
2590 1470 2592 1476 ’

1475 1513 1526 1550 pit.
1549 1512 1624 1541 Curt.
1637 1521 1660 1548 3.
1676 1521 1718 1548 13.
1731 1521 1775 1541 20.
1797 1511 1949 1541 Mortalitas
1961 1511 2092 1548 quicquid
2103 1520 2200 1549 capere
2208 1516 2318 1549 poterat
2328 1533 2336 1546 ,
2357 1511 2536 1548 implevimus.

1455 1548 1601 1580 Praemium
1611 1556 1719 1578 tantum
1728 1558 1835 1587 capere.
1875 1549 1943 1579 Plin.
1955 1550 2050 1586 Paneg.
2067 1559 2126 1586 cap.
2144 1552 2189 1579 61.
2221 1549 2340 1586 Magnus
2359 1548 2554 1579 memorandus-
2582 1547 2604 1586 τ’]

1474 1597 1538 1625 que,
1552 1588 1598 1624 qui
1610 1594 1718 1616 tantum
1728 1587 1873 1625 praemium
1893 1588 1904 1622 (
1917 1588 1952 1616 de
1963 1586 2106 1616 consulatu
2123 1587 2268 1624 loquitur)
2288 1587 2372 1624 cepit.
2396 1586 2449 1616 Ubi
2460 1586 2555 1625 Caperc

1472 1635 1531 1655 non
1541 1626 1579 1654 est
1588 1625 1746 1662 simpliciter
1753 1626 1884 1662 Accipere
1897 1625 2019 1654 delatum
2030 1634 2038 1660 3
2059 1624 2105 1654 sed
2122 1625 2266 1661 Quatenus
2276 1624 2432 1654 mensuram
2444 1625 2502 1660 ejus
2510 1625 2558 1656 iin-

1473 1663 1552 1701 plere
1564 1664 1671 1700 potestz,
1694 1672 1829 1699 quatenus
1837 1664 1969 1701 capaxest
1981 1685 1988 1699 ‚
2009 1663 2062 1692 sive
2081 1663 2181 1700 dignus
2194 1662 2337 1692 consulatu
2350 1684 2359 1698 ‚
2379 1663 2460 1700 eique
2476 1661 2554 1693 admi.

1473 1701 1614 1730 nistrando
1631 1711 1695 1730 cum
1706 1701 1788 1730 laude
1800 1710 1856 1738 par.

1454 1738 1575 1776 Capere,
1594 1739 1738 1776 Recipere.
1777 1739 1841 1768 Ter.
1854 1738 1964 1768 Phorm.
1976 1749 2000 1773 ς.
2015 1748 2040 1775 3.
2052 1746 2078 1775 7.
2100 1738 2174 1768 Nam
2190 1748 2225 1768 ex
2235 1738 2277 1767 his
2294 1737 2555 1776 praediistalentaar-

1470 1778 1546 1814 genti
1556 1777 1620 1805 bina
1631 1777 1718 1806 statim
1729 1776 1865 1815 capiebat.
1905 1776 1963 1806 Cic.
1975 1777 2004 1806 in
2015 1776 2110 1808 Par-ad.
2123 1780 2149 1806 6.
2172 1776 2253 1814 Capit
2264 1775 2311 1806 ille
2326 1785 2362 1806 ex
2379 1776 2432 1806 suis
2451 1775 2552 1814 praediis

1467 1815 1600 1844 sexcenta
1610 1814 1735 1844 sestertia.
2568 1834 2574 1856 l

1451 1852 1562 1882 Moram
1572 1862 1628 1881 non
1642 1853 1715 1890 capit
1726 1853 1772 1882 ira.
1794 1852 1878 1882 Ovid.
1888 1852 1923 1882 de
1934 1852 2014 1882 Nuce
2025 1862 2052 1887 4.
2572 1845 2585 1871 ³*

1451 1890 1556 1928 Capere
1572 1890 1654 1919 bello.
1692 1890 1750 1919 Cic.
1767 1902 1790 1925 ς.
1802 1890 1876 1920 Fani.
1891 1901 1932 1921 10.
1952 1890 2039 1920 Simul
2052 1889 2241 1921 vero'semiffis
2252 1890 2338 1919 homo
2355 1896 2452 1920 contra
2462 1898 2506 1920 me
2515 1889 2579 1922 ar-nl

1471 1938 1516 1958 nia
1531 1928 1594 1957 tulit
1605 1950 1612 1963 ,
1635 1930 1660 1958 ἃ
1670 1936 1734 1957 eum
1745 1928 1819 1957 bello
1831 1929 1902 1966 cepi.
2567 1938 2586 1960 l·

1450 1965 1541 1996 invite
1552 1975 1660 2004 capere.
1705 1966 1763 1995 Cic.
1776 1972 1799 2000 8.
1817 1967 1869 1995 Att.
1885 1976 1908 2002 3.
1933 1966 2023 1996 Invite
2036 1966 2099 2004 cepi
2110 1965 2252 2003 Capuam,
2273 1975 2330 1994 non
2350 1975 2405 2002 quo
2420 1963 2552 1995 munusil-
2564 1964 2574 1999 Γ,

1468 2003 1518 2033 lud
1530 2004 1706 2040 defugerem.
1727 2003 1839 2033 sedsine
1847 2004 1942 2040 causa,
1956 2006 2006 2034 ἃς.
2048 2004 2141 2042 Cepi,
2162 2014 2213 2042 pro
2231 2004 2404 2034 Provinciam
2420 2004 2520 2042 accepi.
2566 2012 2573 2021 ¹¹
2588 2002 2592 2004 ’

1449 2041 1489 2071 Ab
1502 2042 1577 2071 hoste
1586 2043 1656 2079 capi.
1678 2041 1762 2071 Ovid.
1776 2051 1800 2071 2.
1811 2042 1891 2072 Trist.
1903 2052 1967 2078 204.

1449 2080 1522 2109 Arte.
1545 2077 1627 2108 Ovit'i.
1642 2089 1666 2109 2.
1681 2081 1770 2108 Amor.
1786 2086 1827 2109 12.
1840 2090 1866 2116 4.
2565 2063 2572 2101 ΙΙ

1449 2118 1600 2146 Admiratio
1613 2117 1688 2154 cepit
1700 2127 1772 2146 euin.
1794 2117 1854 2147 Liv.
1865 2123 1892 2151 8.
1904 2117 1972 2147 Bell.
1989 2116 2057 2147 Pun.
2565 2126 2567 2132 ·

1449 2155 1635 2184 Acrirnoniam
1652 2165 1750 2192 capere
1761 2154 1877 2191 alicujus
1892 2156 1926 2185 ad
1935 2155 2121 2184 resistendum.
2163 2153 2221 2184 Cic.
2234 2153 2299 2184 min
2312 2154 2386 2185 Verr.
2403 2162 2446 2191 52.
2468 2154 2556 2192 Quare.

1469 2192 1487 2221 si
1503 2193 1659 2222 Glabrionis
1674 2194 1756 2230 patris
1766 2194 1822 2223 vim
1836 2195 1862 2224 ἃ
1878 2194 2061 2223 acrimoniam
2073 2192 2181 2231 ceperis
2199 2192 2234 2221 ad
2248 2192 2427 2222 refistendum
2443 2192 2553 2223 homini·
2567 2190 2571 2224 ζ’

1470 2230 1522 2260 bus
1537 2230 1738 2262 audacissimis.
1752 2232 1802 2261 Sto.
2567 2226 2570 2255 l

1449 2268 1652 2303 adversarium,
1675 2269 1788 2298 irretire.
1828 2268 1886 2298 Cic.
1899 2268 1933 2297 de
1944 2267 2014 2298 Clar.
2029 2269 2104 2299 Orat.
2121 2273 2181 2304 178.
2216 2267 2306 2297 Nimis
2321 2267 2368 2297 ille
2378 2267 2489 2305 quidem
2501 2266 2553 2298 len-
2568 2266 2569 2280 ¹

1468 2313 1511 2335 tus
1522 2306 1550 2334 in
1563 2306 1682 2335 dicendo
1698 2328 1705 2341 ‚
1727 2308 1752 2336 ἃ
1766 2316 1846 2344 paene
1862 2306 1994 2343 frigidus,
2014 2306 2061 2336 sed
2076 2308 2101 2336 ἃ
2119 2305 2254 2340 callidus,
2277 2305 2344 2335 &in
2356 2305 2491 2343 capiendo
2511 2304 2542 2335 ad
2567 2302 2570 2328 ἕ

1468 2343 1586 2373 versario
1598 2343 1728 2373 versutus.
2566 2343 2568 2358 ³

1449 2381 1569 2412 AEtatem
1582 2403 1590 2417 ‚
1613 2383 1762 2418 Attingere.
1799 2381 1936 2412 Columel.
1954 2381 2001 2410 lib.
2017 2392 2043 2415 4.
2059 2390 2119 2419 cap.
2132 2391 2176 2416 41.
2210 2380 2308 2410 Donec
2321 2381 2409 2410 vineae
2429 2379 2490 2416 justi
2507 2377 2541 2410 fin
2566 2371 2569 2408 i

1467 2420 1590 2453 roboris,
1617 2430 1702 2456 quum
1717 2420 1822 2457 aliquot
1833 2420 1937 2448 deinde
1953 2418 2032 2448 annis
2049 2419 2120 2455 quasi
2138 2418 2291 2455 juvenilem
2300 2425 2409 2448 {etatem
2421 2418 2552 2457 ceperint,
2565 2429 2567 2456 j
2581 2432 2584 2440 =

1468 2464 1535 2494 quot
1546 2457 1673 2495 palmites
1684 2457 1803 2494 relinqui
1816 2457 1937 2486 debeant
1947 2457 2084 2486 incertum
2099 2457 2144 2486 est.
2564 2469 2568 2484 t

1449 2495 1549 2531 Agrum
1562 2505 1646 2524 manu
1658 2505 1765 2532 capere.
1786 2504 1836 2533 pro
1854 2495 2068 2532 Occupareiure
2078 2494 2154 2525 belli.
2185 2494 2244 2525 Liv.
2262 2504 2286 2533 3.
2301 2502 2345 2533 71.
2367 2494 2482 2531 Quema

1468 2533 1547 2561 miles
1562 2543 1613 2571 pro
1628 2533 1698 2562 virili
1711 2540 1786 2571 parte
1798 2542 1882 2562 manu
1893 2533 2016 2570 cepiffet.

1448 2570 1616 2600 Alimentum
1628 2581 1726 2608 capere
1740 2571 1863 2600 humoris
1875 2570 1975 2599 dicitur
1986 2570 2072 2600 radix.
2095 2569 2232 2599 Coiumel.
2247 2569 2294 2599 lib.
2306 2579 2332 2600 2.
2348 2580 2408 2608 cap.
2421 2579 2447 2600 2.
2563 2598 2565 2610 ⁴

1447 2609 1679 2674 Airiprcepitrng.
1720 2608 1778 2638 Cic.
1788 2618 1814 2638 2.
1827 2609 1864 2638 de
1877 2608 1935 2638 Fin.
1958 2608 2014 2645 Qui
2038 2614 2131 2637 autem
2152 2607 2206 2637 effe
2221 2609 2346 2646 poteris,
2368 2607 2417 2637 nisi
2437 2613 2465 2637 te
2484 2614 2524 2637 am

1470 2656 1477 2673 1
1511 2655 1526 2674 C
1542 2656 1573 2675 CC
1583 2653 1646 2675 *erit
1663 2670 1668 2675 .
2562 2667 2565 2670 ,

1448 2656 1588 2749 liupger—reni
1598 2684 1759 2750 progmico.
1800 2683 1859 2713 Cic.
1869 2684 1905 2713 de
1915 2683 2022 2713 Aniicit.
2036 2693 2077 2713 10.
2108 2683 2200 2720 Angor
2219 2683 2266 2712 iste
2276 2683 2322 2720 qui
2333 2692 2383 2721 pro
2394 2683 2481 2712 amico
2489 2678 2535 2720 step
2572 2695 2575 2710 ε

1467 2730 1498 2750 ca
1522 2731 1579 2750 ient
1591 2732 1620 2750 us
1636 2732 1649 2750 e
1675 2745 1681 2750 .
2192 2748 2193 2751 ,
2584 2736 2588 2744 ¹

1448 2731 1579 2788 Anissium
1596 2760 1722 2796 patrium.
1763 2759 1821 2788 Cic.
1836 2767 1859 2794 3.
1874 2758 1994 2796 Philipp.
2005 2768 2049 2794 29.
2073 2758 2238 2796 Aliquando,
2248 2768 2298 2796 pei·
2314 2758 2381 2788 deos
2396 2754 2526 2787 immortal
2561 2744 2582 2788 ἶ.

1469 2806 1492 2825 P.
1506 2806 1532 2825 c.
1549 2797 1668 2834 patrium
1679 2798 1803 2826 animum
1814 2797 1999 2834 virtutemque
2013 2797 2166 2835 capiamus.
2560 2803 2563 2810 ¹

1448 2834 1563 2863 Animos
1573 2835 1697 2869 aiicujus.
1714 2837 1718 2839 “
1739 2835 1769 2864 ln
1790 2844 1809 2863 A
1820 2844 1840 2863 N
1850 2845 1858 2862 1
1869 2845 1888 2863 Μ
1901 2844 1918 2863 υ
1929 2844 1950 2863 s.

1449 2872 1549 2900 Animo
1561 2872 1674 2908 aliquid.
1696 2871 1797 2901 Lucan.
1814 2871 1862 2901 lib.
1878 2882 1900 2900 1.
1917 2878 1978 2906 18<-

1449 2909 1544 2938 Annus
1557 2910 1623 2939 alter
1634 2910 1668 2938 ab
1679 2910 1828 2939 undecimo
1841 2916 1951 2947 ceperat
1961 2918 2014 2938 me.
2034 2909 2107 2946 Virg.
2120 2913 2145 2942 8.
2155 2907 2211 2938 Ecl.
2226 2917 2270 2944 39.
2559 2925 2561 2927 ·
2603 2939 2604 2946 ¹

1449 2947 1598 2977 Arbitrum.
1638 2947 1662 2976 T
1665 2957 1702 2976 er.
1713 2947 1810 2977 Heaut.
1826 2952 1851 2985 ¹3.
1869 2957 1892 2977 1.
1908 2955 1952 2983 94·
1976 2947 2064 2976 Vicini
2076 2947 2158 2976 nostri
2170 2947 2217 2975 hic
2236 2945 2381 2983 ambigunt
2397 2944 2431 2975 de
2442 2940 2582 2982 finibus&
2603 2950 2604 2980 J

1470 2994 1515 3013 me
1528 2994 1627 3022 cepere
1637 2985 1778 3015 arbitrum.
2602 2989 2604 3018 j

1449 3024 1538 3051 Arma.
1580 3023 1637 3052 Cic.
1649 3033 1673 3059 7.
1692 3023 1764 3052 Verr.
1787 3025 1867 3052 Arma
1880 3022 2012 3059 capiunt,
2034 3024 2127 3051 totum
2145 3021 2236 3051 forum
2253 3027 2337 3058 atque
2351 3019 2480 3056 insulam,
2499 3023 2559 3056 quae'
2576 3043 2581 3047 .
2601 3019 2604 3055 ξ’

1470 3060 1508 3088 el't
1520 3059 1594 3089 urbis
1608 3062 1696 3097 major
1710 3070 1770 3098 pars
1784 3081 1792 3092 ,
1813 3060 1966 3097 complent.
2479 3088 2481 3090 .
2501 3073 2507 3080 ¹
2557 3054 2560 3099 f

1449 3098 1529 3127 Arma
1538 3106 1636 3135 capere
1650 3120 1658 3133 ,
1678 3097 1766 3127 aliter.
1806 3097 1872 3127 Caes.
1886 3107 1910 3134 7.
1924 3097 1990 3126 Bell.
2004 3097 2072 3126 Gall.
2082 3107 2108 3133 4.
2134 3096 2264 3127 Hortatur
2274 3101 2305 3125 ut
2314 3091 2559 3126 communis-libero
2572 3095 2575 3113 ἵ

1470 3135 1532 3164 tatis
1544 3135 1621 3164 causa
1631 3146 1707 3165 arma
1717 3137 1835 3174 capiant.
1857 3135 1883 3163 h.
1895 3145 1917 3164 e.
1941 3135 2050 3164 Bellum
2061 3134 2216 3172 suscipiant.
2569 3136 2576 3143 ‘

1449 3173 1529 3202 Arma
1539 3180 1635 3203 contra
1646 3174 1770 3211 patriam.
1794 3173 1851 3203 Cic.
1862 3173 1897 3202 ad
1909 3172 1982 3202 Brut.
1996 3182 2020 3209 3.

1449 3211 1610 3247 Augurium.
1651 3211 1683 3241 ln
1705 3221 1723 3239 Α
1733 3222 1751 3240 U
1762 3221 1779 3240 G
1791 3221 1834 3240 ur<
1844 3221 1852 3238 1
1863 3220 1880 3238 U
1892 3221 1920 3238 M·

1449 3249 1556 3314 Affies..
1580 3249 1637 3314 (ἐς.
1653 3249 1681 3277 in
1692 3249 1768 3280 Orat.
1784 3258 1844 3286 ¹70·
1866 3246 1957 3277 Nimis
1970 3248 2046 3277 enim
2061 3247 2218 3277 insidiarum
2228 3245 2264 3276 ad
2275 3244 2423 3284 capiendas
2431 3237 2541 3273 aurend
2554 3286 2557 3289 .

1490 3295 1556 3314 meri
1568 3295 1593 3314 vi
1617 3293 1683 3315 etur.

1450 3323 1567 3352 Bellum.
1591 3324 1697 3353 Sallust.
1710 3321 1793 3360 Epist.
1809 3322 1934 3352 Mithrid.
1953 3331 1993 3357 13·
2017 3321 2117 3351 Rursus
2132 3327 2225 3351 tamen
2234 3321 2339 3350 bellum
2352 3319 2424 3357 cepi.
2554 3319 2555 3322 ’
2599 3353 2604 3358 .

1451 3361 1559 3390 Bonum
1570 3370 1667 3398 capere
1678 3362 1758 3395 cibo,
1780 3360 1913 3398 potione,
1933 3360 2039 3389 aurium
2052 3359 2248 3389 delectatione.
2279 3359 2336 3387 Cic.
2349 3367 2374 3386 2.
2384 3357 2419 3385 de
2428 3355 2483 3385 Fin.
2492 3355 2531 3389 64.
2564 3340 2604 3396 ξ-ξ·

1450 3398 1652 3429 Calariiitatem.
1676 3401 1692 3429 i.
1703 3409 1727 3428 e.
1753 3398 1815 3427 Pati.
1856 3396 1913 3426 Cic.
1930 3407 1953 3426 1.
1969 3398 2003 3426 de
2018 3397 2110 3427 Divin.
2133 3398 2178 3426 Ob
2198 3406 2260 3427 eam
2277 3395 2384 3425 causam
2403 3393 2479 3423 Rom.
2491 3398 2540 3429 pop
2590 3390 2604 3428 1,ε

1470 3436 1654 3465 calamitatem
1668 3437 1816 3466 maximam
1826 3434 1934 3472 cepisse.
1956 3435 2030 3464 conf.
2055 3444 2123 3464 Acc
2134 3445 2143 3462 1
2154 3444 2166 3463 Ρ
2178 3444 2190 3462 a
2202 3444 2216 3462 R
2227 3444 2248 3462 s.
2284 3434 2329 3463 Sic
2343 3432 2531 3472 Detrimentum
2554 3436 2555 3441 ¹
2586 3427 2604 3470 ΥΞ

1470 3473 1604 3503 Dolorem
1614 3497 1621 3507 .
1644 3474 1867 3506 incommodum,
1879 3472 1997 3508 Merum,
2010 3471 2160 3507 Miseriam,
2172 3471 2303 3505 Mortem,
2317 3470 2435 3504 Nori-am,
2448 3467 2538 3497 Vitium

1448 3511 1576 3541 causam.
1599 3512 1662 3541 Ter.
1676 3512 1745 3541 And.
1762 3521 1784 3539 1.
1799 3519 1822 3547 3.
1835 3516 1860 3544 8.

1530 3550 1557 3578 Si
1570 3549 1681 3578 senserit
1695 3571 1703 3585 ,
1724 3548 1803 3586 perii.
1825 3553 1871 3576 aut
1883 3547 1900 3576 si
1914 3547 2026 3576 libitum
2037 3547 2119 3577 fuerit
2129 3569 2137 3583 ,
2159 3546 2267 3576 causam
2280 3545 2402 3584 ceperit:
2424 3580 2431 3587 ⁶

1530 3586 1596 3623 Quo
1610 3588 1666 3620 iure
1678 3609 1685 3621 ‚
1706 3595 1813 3624 quaque
1828 3585 1926 3620 injuria
1939 3586 2109 3622 prascipitem
2121 3585 2203 3614 mein
2216 3584 2358 3622 pristinum
2370 3581 2451 3611 dabit.
2547 3600 2550 3614 .

1451 3623 1562 3653 Cibum.
1604 3624 1667 3654 Ter.
1681 3625 1748 3654 Eun.
1758 3630 1784 3653 η.
1799 3631 1821 3658 3.
1835 3632 1878 3658 74.
1903 3623 2003 3652 Cibum
2015 3632 2213 3659 nonnunquam
2224 3632 2255 3651 ca
2278 3622 2316 3650 iet
2325 3630 2388 3649 cum
2399 3627 2438 3648 ea.

1451 3661 1554 3728 Οέᾞυη]
1564 3671 1663 3699 capere
1676 3662 1769 3699 digitis
1782 3660 1879 3690 alienis
1892 3660 2008 3695 dicitur,
2033 3661 2079 3698 qui
2091 3659 2220 3689 manibus
2233 3662 2258 3689 el
2280 3657 2388 3688 debilis.
2406 3655 2499 3692 Juven-
2511 3659 2545 3681 ΞΟ·

1490 3706 1525 3728 at.
1540 3709 1602 3733 ²29-

1451 3736 1640 3766 Commodum
1660 3746 1695 3766 ex
1708 3746 1736 3766 re
1745 3735 1842 3773 aliqua.
1883 3733 1948 3764 Ter.
1961 3735 2030 3764 Eun.
2047 3745 2071 3771 ς.
2087 3746 2111 3771 ς.
2127 3744 2151 3765 1.

1566 3775 1605 3803 Ex
1622 3784 1684 3803 meo
1704 3774 1860 3816 propinquo
1873 3782 1934 3801 rui-e
1947 3772 2001 3802 lioc
2010 3773 2091 3810 capio
2101 3771 2253 3802 commodi.

1452 3811 1662 3840 Conditionem.
1686 3811 1771 3840 Plaut.
1784 3809 1869 3840 Stich.
1887 3820 1908 3838 ι.
1922 3819 1946 3839 2.
1958 3816 2002 3842 81.
2426 3841 2432 3848 ¹

1451 3847 1483 3878 ln
1495 3849 1686 3877 conditionem
1701 3858 1802 3885 parem.
1844 3847 1908 3876 Caes.
1927 3857 1947 3876 1.
1960 3847 2027 3876 Bell.
2040 3846 2109 3876 Gall.
2123 3852 2167 3881 28.
2199 3844 2304 3883 Eosque
2323 3843 2414 3883 postea
2424 3850 2452 3871 in
2466 3844 2547 3879 parem

1473 3886 1538 3920 iuris
1550 3908 1557 3920 ,
1579 3886 1764 3922 libertatisque
1777 3885 1978 3919 conditionem,
1998 3891 2079 3921 atque
2089 3885 2136 3922 ipsi
2145 3890 2240 3918 erant,
2260 3889 2400 3921 ceperunt.

1452 3923 1657 3959 Conjeeiuram.
1696 3924 1755 3955 Cic.
1771 3933 1795 3953 1.
1809 3923 1843 3952 de
1853 3923 1944 3952 nivin.
1958 3931 2019 3958 130.
2045 3923 2164 3956 uterum
2175 3922 2246 3952 Ceos
2257 3921 2413 3959 accepimus
2421 3918 2546 3982 omnpgu‘i}
2584 3915 2604 3940 Q

2598 3992 2599 4009 l
