2600 4177
58 212 120 255 quit
127 211 202 246 enim
211 212 270 255 post
279 240 287 252 ,
307 210 380 246 Nam
389 216 418 246 hi
430 221 484 246 tres
492 220 550 245 tuin
564 215 640 257 simul
654 215 800 245 amabant:
822 222 854 246 ut
867 213 940 246 Alter
954 217 987 246 ab
998 217 1159 246 undecimo.

57 262 125 292 ergo
137 255 203 284 alter
212 265 269 284 non
284 255 322 284 est
333 254 468 283 secundus
479 276 486 288 ,
510 253 557 282 sed
567 260 672 282 tertius.
702 254 757 282 Sed
771 262 802 282 ut
816 255 1004 284 indubitatum
1017 255 1054 282 est
1065 255 1160 283 isthoc.

59 289 124 322 Ter.
134 291 199 321 loco
209 292 281 321 Alter
288 293 399 321 tertium
410 291 548 328 designare
562 292 598 320 ita
616 292 653 320 est
664 297 739 319 extra
753 293 963 321 controversiam
981 293 1038 320 dari
1052 291 1103 320 alia
1115 290 1163 319 ubi

58 329 212 359 'secundum
222 335 307 358 notet.
338 329 396 357 Cic.
415 338 466 366 pro
478 327 578 357 Milon.
592 328 639 358 fin.
655 327 808 358 Centesiina
824 330 872 358 lux
881 330 918 358 est
932 330 988 358 brec
1003 329 1036 357 ab
1049 329 1163 356 interitu

60 366 155 396 Clodii
165 367 201 400 δι,
213 373 243 395 ut
253 367 361 404 opinor,
373 365 465 395 altera.
488 365 523 394 de
533 375 588 402 quo
601 372 695 394 tamen
706 365 767 394 loeo
780 367 904 396 consulas
914 366 1021 395 minut.
1037 367 1062 395 ἃ
1075 366 1162 393 Graev.

42 404 116 434 Alter
130 425 137 437 ‚
159 403 242 439 alter,
268 403 374 432 tertius.
409 404 466 432 Cic.
483 411 506 436 3.
530 403 565 431 de
576 402 669 432 Divin.
683 412 725 438 53.
757 403 838 437 Joves
854 412 907 433 tres
923 409 1069 432 numerant
1084 402 1102 431 ii
1118 402 1165 438 qui

61 440 183 477 theologi*
193 441 386 475 nominantur,
407 449 441 469 ei:
451 440 552 477 quibus
566 441 686 478 primum
697 442 722 469 ὃ(
732 440 883 470 secundum
900 447 979 470 natos
990 441 1017 469 in
1029 440 1141 469 Arcadia
1156 449 1163 468 :

62 478 178 507 alterurn
199 482 276 515 pa'tre
298 477 426 508 AEthere:
465 487 499 506 ex
517 487 572 514 quo
590 478 672 506 etiam
695 477 880 514 Proserpinam
899 486 991 507 natam
1008 478 1117 511 ferunt,
1139 478 1166 505 Sc

62 515 192 546 Liberum
205 525 211 544 ι
234 515 350 544 alterurn
364 521 441 552 patre
452 514 532 544 Coelo
544 537 552 549 ,
573 516 619 552 qui
634 514 755 552 genuisse
766 516 920 545 Minervam
933 517 1036 545 dicitur
1053 524 1059 544 :
1082 524 1167 552 quam

61 553 219 620 ffiincipem
248 556 276 590 ,ἃ
297 553 481 582 inventricem
506 552 572 583 belli
596 553 696 582 ferunt.
725 553 838 582 tertium
867 553 1027 583 Cretensem
1056 551 1167 583 Saturni

94 599 159 619 ium.
618 612 620 614 .

44 626 159 660 Primus,
171 627 246 662 alter,
255 627 360 656 tertius.
384 627 443 656 Cic.
460 628 487 657 in
500 628 591 658 Partit.
613 628 646 658 In
656 627 747 665 primo
755 628 913 663 conjectura
924 628 1015 663 valet,
1039 629 1068 657 in
1080 627 1166 657 altero

28 692 30 695 .
65 664 190 694 definitio
207 687 214 699 ,
237 665 266 693 in
278 666 360 694 tertio
377 666 455 694 ratio.

43 702 198 736 Proximus,
208 702 284 736 alter,
297 703 402 731 tertius.
428 703 526 738 Cic.,1.
542 701 662 740 Philipp.
682 711 724 738 32.
765 701 1110 739 Proxim0‚altero,tertio,
1123 702 1171 731 tle-

65 740 149 777 nique
163 739 277 777 reliquis
285 740 462 777 consequutis
482 739 598 775 diebus,
619 741 670 770 διο.

46 777 149 843 Unu'ss
165 777 233 843 allater
250 800 259 813 .‚
288 778 394 807 tertius.
448 779 506 808 Cic.
529 778 641 813 Unum,
662 776 799 813 alterum,
829 779 942 808 tertium
960 787 1065 808 annum
1088 776 1171 807 Sassia

22 827 24 829 ·
87 824 131 844 uie
144 824 176 844 ce
197 822 233 844 at.

9 886 11 892 Ι
45 825 122 883 Aliter
133 853 294 890 quisquam,
316 863 367 891 pro
378 853 533 891 Quisquam
546 853 625 882 alius.
662 851 749 881 Plaut.
764 852 833 882 Asin.
853 862 879 882 2.
900 864 926 889 4.
944 859 988 890 ες,
1018 854 1116 891 Neque
1126 860 1172 881 me

65 890 179 920 Athenis
195 890 233 919 est
247 889 315 919 alter
326 892 470 929 quisquam
483 914 492 927 ,
515 892 560 920 cui
578 890 653 920 credi
668 892 741 919 recte
753 900 885 927 aequeque
904 899 1012 928 putent.

45 922 97 959 ‘nse
107 927 182 957 alter.
204 927 268 957 Ter.
283 928 351 957 Eun.
368 939 392 958 2.
412 938 436 965 3.
449 935 474 961 8.
498 927 607 958 Ludum
619 929 768 964 jocumque
779 929 942 958 dicei-aluisse
957 929 1034 959 illum
1043 928 1172 962 alterum,

67 973 155 1004 praeut
163 965 246 1001 hujus
260 966 348 995 rabies
358 976 418 1004 quse
430 966 514 996 dabit.
531 966 590 996 Cic.
603 966 644 995 De
655 965 703 994 illo
712 965 807 1000 altero,
821 976 904 1003 quem
918 967 1011 996 scribis
1020 967 1071 996 tibi
1086 966 1174 995 visum

67 1001 121 1032 esse
140 1011 198 1032 non
216 1003 347 1033 alienum.

6 1046 11 1069 τ
46 1036 120 1072 Ecce
131 1047 223 1070 autem
232 1041 357 1070 alterum.
379 1041 443 1072 Ter.
453 1041 524 1071 Eun.
536 1051 562 1071 2.
576 1051 600 1079 3.
616 1052 639 1076 ς.
665 1040 738 1070 Ecce
751 1047 843 1070 autem
854 1041 981 1076 alterum,
997 1043 1090 1071 neseio
1107 1039 1175 1079 quid

69 1078 104 1108 de
118 1088 211 1107 amore
233 1078 364 1116 loquitur.
405 1079 456 1109 Ubi
468 1080 569 1109 Donat.
591 1079 637 1109 Sic
652 1079 792 1115 dicimus,
813 1090 898 1117 quum
914 1087 1027 1118 propter
1046 1080 1174 1114 alterum,

55 1150 58 1154 ι
76 1116 111 1145 de
125 1116 210 1145 altero
222 1117 299 1146 venit
316 1117 344 1145 in
359 1125 491 1146 mentem.

8 1167 10 1172 ⁷
49 1153 124 1184 Alter
131 1155 164 1183 ab
174 1153 260 1183 altero
271 1154 390 1190 adjutus.
425 1155 482 1184 Cic.
494 1156 523 1184 in
532 1155 606 1184 Brut.
623 1162 664 1191 13.
686 1153 744 1184 Liv.
759 1166 782 1191 ς.
799 1164 840 1184 15.
877 1155 964 1185 Noxii
976 1156 1058 1185 ambo
1069 1154 1136 1184 alter
1147 1154 1177 1183 in

74 1190 191 1221 alterum
201 1191 309 1222 causam
319 1193 475 1222 conferunt.
498 1194 585 1231 Atque
595 1193 647 1222 hac
659 1193 767 1222 ratione
776 1193 850 1222 Alter
857 1193 900 1223 bis
913 1194 1034 1232 positum
1046 1193 1122 1222 idem
1132 1202 1180 1222 va-

69 1229 109 1259 let
123 1239 155 1259 ac
166 1230 290 1259 Invicem
304 1252 312 1265 ,
340 1238 447 1260 mutuo.

51 1267 127 1311 Alter
144 1277 180 1334 εἰ(
191 1268 310 1298 duobus.
341 1268 460 1305 Quintil.
470 1269 499 1297 iri
508 1276 627 1307 prooem.
650 1267 699 1297 lib.
717 1272 743 1298 6.
775 1267 857 1298 Prior.
877 1269 994 1298 alterum
1013 1278 1047 1298 ex
1066 1267 1178 1297 duobus

6 1325 8 1330 ⁷
70 1313 142 1334 eruit
169 1314 262 1335 umen.

4 1353 13 1378 .'
50 1343 126 1374 Alter
139 1353 189 1381 pro
199 1343 295 1373 altero.
317 1343 374 1374 Cic.
388 1345 416 1373 in
426 1343 489 1374 Lael.
501 1350 546 1381 84.
573 1343 732 1380 Omniaque
740 1342 808 1373 alter
819 1354 871 1382 pro
881 1343 967 1373 altero
977 1343 1113 1382 suscipiet.
1134 1342 1178 1372 De

74 1380 183 1410 duobus
202 1382 297 1410 amicis
311 1381 442 1418 loquitur.

36 1445 39 1447 ,
54 1419 145 1450 Altera
153 1425 233 1454 aetas,
251 1420 366 1449 Horatio
377 1440 384 1452 ‚
407 1430 457 1458 pro
468 1419 609 1449 Grandi&
625 1418 719 1457 amplo
729 1420 818 1457 pretio
835 1420 967 1457 ponitur:
1004 1420 1033 1448 in
1053 1428 1107 1457 quo
1121 1418 1179 1447 Ho-

72 1466 182 1486 merum
202 1457 240 1486 est
250 1458 389 1487 imitatus:
411 1457 486 1496 apud
503 1466 585 1494 quem
594 1455 671 1486 Iliad.
688 1467 710 1486 r.
738 1457 856 1487 Phoenix
874 1464 956 1494 negat
971 1457 1070 1486 Achilli
1086 1457 1112 1486 se
1122 1455 1179 1485 ulla

73 1495 238 1524 conditione
252 1495 391 1533 passurum
405 1517 414 1531 ,
435 1502 466 1524 ut
478 1494 511 1524 ab
525 1505 559 1524 eo
570 1495 733 1524 distrahatur
745 1517 753 1530 ,
771 1505 829 1524 non
845 1517 852 1529 ,
878 1495 897 1524 si
911 1497 978 1524 deus
990 1495 1047 1533 ipse
1062 1494 1181 1533 promit-

75 1538 115 1562 tat
127 1532 268 1600 {emissum
284 1533 398 1563 abstersa
408 1539 490 1571 atque
503 1532 593 1562 ablata
602 1554 610 1568 ,
631 1532 846 1562 adolescentiam
859 1534 885 1563 Sc
904 1532 1088 1571 pubertatem.
1109 1531 1178 1561 Hor.

76 1580 102 1600 1.
126 1579 127 1582 ’
171 1582 182 1600 1-
204 1594 210 1600 .
228 1577 268 1605 18.
283 1577 324 1606 18.

58 1642 62 1646 .
150 1581 167 1609 p
214 1626 251 1630 —
271 1610 392 1647 pretium
404 1615 467 1639 :etas
478 1608 565 1638 altem
583 1609 682 1638 sordet.
767 1608 835 1638 Haec
855 1608 981 1638 Lambin.

14 1654 15 1667 ³
53 1645 179 1676 ⁴Alterum
189 1653 305 1677 tantum.
329 1647 385 1676 Liv.
398 1653 423 1682 8.
441 1653 466 1682 8.
491 1646 613 1681 Alterum
624 1653 733 1675 tantum
743 1656 779 1676 ex
796 1646 893 1676 Latino
907 1646 1018 1676 delectu
1033 1645 1182 1682 adjicieba-

14 1689 16 1699 '
77 1690 130 1714 tur.
159 1685 178 1714 i.
200 1695 225 1714 e.
254 1685 442 1715 Tantundem.
483 1684 640 1714 Rursuslib.
655 1694 696 1717 10,
711 1687 756 1719 46.
796 1684 933 1714 Militibus
943 1694 978 1714 ex
987 1685 1078 1722 praeda
1088 1690 1182 1712 cente—

73 1731 129 1752 nos
138 1722 217 1752 binos
226 1723 302 1758 asses,
315 1723 466 1753 &alterum
481 1729 590 1752 tantuin
608 1721 818 1752 centurionibus
833 1730 914 1759 atque
924 1722 1064 1759 equitibus
1079 1721 1179 1751 divisit.

71 1760 136 1790 Cic.
148 1761 178 1790 in
189 1761 264 1790 Orat.
285 1767 345 1796 188.
379 1761 428 1791 Pes
438 1762 486 1798 qui
501 1760 650 1790 adhibetur
670 1760 705 1789 ad
718 1770 848 1789 numeros
860 1783 867 1793 ,
885 1761 1002 1798 partitur
1016 1761 1046 1788 in
1059 1760 1127 1795 tria,
1150 1762 1182 1788 ut

79 1798 188 1828 necesse
199 1799 229 1828 sit
244 1806 349 1837 partein
362 1800 442 1837 pedis
452 1805 499 1828 aut
511 1798 642 1836 aequaleni
654 1797 708 1827 esse
717 1798 795 1827 alteri
805 1799 874 1836 parti
888 1821 895 1832 ,
920 1806 968 1827 aut
984 1797 1068 1827 altero
1081 1804 1160 1826 tanto
1173 1818 1181 1831 ,

79 1843 127 1866 aut
142 1836 231 1874 sesqui
250 1837 303 1867 esse
314 1840 455 1871 maiorem.
486 1836 572 1866 Plaiit.
585 1836 684 1866 Bacch.
704 1847 727 1871 5.
740 1846 765 1865 2.
779 1840 823 1871 65.
864 1836 986 1865 Alterum
997 1842 1106 1864 tanturn
1122 1835 1183 1863 auri

75 1880 137 1904 non
147 1884 276 1904 meream.
320 1874 397 1904 ldeni
414 1875 494 1913 Epid.
510 1884 534 1911 3.
546 1886 572 1910 4.
585 1880 610 1908 8.
640 1874 751 1903 Etiamsi
762 1873 879 1903 alterum
888 1881 997 1903 tantum
1007 1873 1183 1912 perdendum

81 1912 127 1941 est.
149 1912 221 1951 Nep.
235 1919 276 1947 18.
289 1919 314 1947 8.
335 1924 358 1949 ς.
381 1913 473 1942 Altero
489 1920 567 1942 tanto
577 1912 686 1950 longior
697 1912 842 1941 anfractus.

55 1949 135 1980 Alter
146 1951 218 1987 quasi
231 1951 362 1981 abundat.
402 1951 489 1981 Plaut.
502 1950 583 1988 Epid.
605 1960 628 1980 1.
648 1961 671 1980 1.
684 1960 729 1987 24.
761 1950 855 1987 Qiein
868 1949 944 1979 dices
961 1949 1118 1987 digniorem
1130 1946 1184 1977 esse

81 1988 227 2018 hominem
236 1989 321 2018 hodie
333 1989 446 2019 Athenis
466 1989 582 2018 alterum
595 1989 608 2017 ἶ)

61 2025 136 2055 ΑΙῑεῐ
144 2026 177 2055 ab
191 2026 249 2062 illo.
283 2027 354 2065 Virg.
371 2038 394 2062 ς.
416 2026 472 2056 Ecl.
484 2037 529 2063 49.

71 2088 74 2089 γ
220 2081 259 2085 —-
284 2072 313 2094 tu
329 2075 404 2094 nunc
426 2066 479 2094 eris
499 2065 566 2094 alter
581 2063 616 2093 ab
632 2063 692 2093 illo.
834 2094 837 2098 ,

64 2100 159 2138 Alter,
176 2112 227 2140 pro
244 2102 349 2132 Similis
361 2103 500 2140 eleganter
509 2103 631 2141 ponitur.
663 2101 721 2131 Liv.
739 2111 763 2131 1.
783 2100 851 2132 Bell.
866 2100 934 2131 Pun.
967 2096 1022 2130 Sed
1039 2103 1118 2138 pater
1129 2098 1185 2143 ipse

82 2139 210 2175 Amilcar,
221 2140 296 2171 Mars
303 2141 380 2176 alter,
390 2148 421 2170 ut
433 2141 474 2170 isti
485 2140 591 2170 volunt.
612 2140 669 2169 Cic.
684 2149 709 2175 7.
726 2140 798 2170 Verr.
817 2146 861 2177 87.
886 2140 959 2168 Alter
969 2139 1064 2167 Verres
1079 2138 1187 2167 luxuria

81 2179 250 2215 &nequitia
273 2178 352 2208 ldem
365 2190 387 2215 ς.
398 2179 472 2209 Fam».
485 2185 510 2214 8.
533 2178 582 2208 Me
597 2178 665 2207 ficut
674 2177 790 2207 alterum
804 2185 947 2216 parentem
954 2176 1084 2206 observat.
1107 2175 1186 2205 Idem

79 2216 117 2283 gel:
127 2216 236 2246 Senect.
251 2226 293 2253 35.
316 2216 438 2246 Alterum
456 2217 552 2246 lumen
564 2216 693 2246 civitatis.
727 2216 773 2245 Sic
781 2217 865 2246 altera
875 2216 979 2253 patria,
995 2214 1184 2244 alteraRoma.

82 2260 232 2284 'or.2.6.
266 2265 291 2284 2.
315 2256 374 2285 ἃ.
408 2265 445 2284 .1
470 2276 477 2284 .

54 2291 138 2322 ''iAlter
149 2302 210 2330 ego.
245 2266 317 2322 4Cic.
328 2264 362 2328 43
374 2266 425 2322 A5tt„
439 2266 464 2322 xi
491 2292 639 2330 Pompeius
648 2291 683 2321 ad
694 2291 788 2321 omnia
798 2301 844 2320 me
856 2290 972 2320 alterum
987 2289 1013 2319 se
1028 2289 1089 2318 {bre
1105 2288 1185 2332 dirit.

83 2330 130 2359 Sic
141 2340 166 2360 2.
187 2331 260 2360 Fam.
274 2340 315 2367 14.
347 2331 479 2360 Dicerent
496 2331 584 2368 iniqui
599 2352 607 2366 ⁷
627 2339 737 2363 nonme
749 2329 831 2367 plane
845 2330 906 2368 post
916 2338 1020 2358 annum
1031 2328 1065 2357 de
1076 2337 1190 2371 provin·

31 2383 37 2385 >
86 2368 129 2397 cia
146 2368 284 2397 decessisse
300 2391 307 2404 ,
327 2369 460 2406 quoniam
471 2368 588 2398 alterum
602 2377 647 2396 ine
663 2367 839 2404 reliquissem.
874 2367 909 2396 Et
921 2377 946 2404 7.
957 2367 1033 2396 Fam.
1054 2377 1078 2402 5.
1120 2365 1188 2394 Vide

104 2415 166 2435 uam
177 2405 246 2435 mihi
260 2406 438 2444 persuaserim
448 2426 454 2437 ‚
477 2411 506 2436 te
517 2429 525 2442 ,
545 2416 590 2435 me
601 2405 654 2435 esse
667 2405 792 2435 alterum.

20 2443 22 2456 '¹
67 2442 89 2473 ss·
101 2450 141 2510 {er
150 2445 235 2511 idgni.
256 2445 314 2474 Cic.
328 2445 358 2473 in
367 2444 431 2474 L'ael.
442 2450 488 2479 82.
511 2444 556 2474 Est
564 2444 642 2473 enim
650 2443 673 2473 is
689 2444 794 2473 amicus
805 2443 930 2480 quidem,
951 2442 998 2477 qui
1012 2441 1050 2471 est
1057 2446 1189 2478 tanquam

85 2491 102 2510 a
113 2491 154 2511 ter
168 2493 178 2511 i
200 2492 254 2512 em.

18 2551 19 2554 Ἴ
38 2518 140 2553 jslter
149 2530 199 2558 pro
215 2520 356 2550 Alteruter.
378 2520 445 2550 Non
456 2520 545 2558 potest
564 2524 680 2556 uterque
693 2519 800 2557 sapiens
819 2518 872 2547 esse
890 2517 1188 2560 quoniam'tantopere

36 2557 39 2571 '¹
86 2557 251 2588 dissentiunt
265 2581 271 2594 ,
292 2558 340 2588 sed
349 2558 425 2588 alter.
447 2559 506 2588 Cic.
518 2568 543 2587 2.
563 2559 646 2587 Acad.
662 2567 721 2595 ¹32·
744 2557 803 2586 Hos
815 2564 946 2593 tanquam
962 2555 1070 2584 medios
1089 2564 1142 2584 nec
1156 2564 1187 2583 in

20 2613 21 2618 =
88 2595 200 2626 alterius
208 2597 330 2627 favorem
347 2596 495 2625 inclinatos
503 2596 613 2625 miserat
626 2605 673 2625 rex
687 2594 838 2632 Philippus.
869 2594 926 2623 Liv.
943 2604 985 2622 11.
997 2603 1040 2622 20-.
1157 2629 1162 2635 ²

23 2644 24 2647 ¹
56 2657 57 2660 ,
69 2633 142 2664 mter
151 2635 176 2664 ἃ
188 2644 238 2672 pro
246 2634 312 2664 Non
321 2634 395 2663 bono
407 2634 520 2672 ponitur
532 2644 538 2663 :
560 2634 630 2663 utin
643 2634 763 2671 auguriis
771 2633 855 2662 altera
862 2642 948 2669 quum
959 2630 1188 2673 appellaturams,

89 2678 149 2710 quae
157 2674 252 2710 utique
265 2672 394 2711 prospera
404 2682 461 2702 non
478 2672 524 2701 est.
565 2672 611 2701 Sic
623 2671 696 2701 Alter
707 2680 909 2707 nonnunquam
927 2680 976 2707 pro
988 2669 1106 2711 Adverso
1119 2668 1190 2696 dicr-

87 2714 132 2777 ξαν
141 2710 258 2740 &malm
288 2710 390 2740 Festus.
411 2710 486 2740 Hinc
500 2710 529 2740 P.
541 2709 600 2747 Syr.
622 2710 702 2739 Ames
712 2715 855 2747 parentem
867 2708 886 2737 si
898 2716 991 2745 aequus
1001 2707 1054 2736 est:
1078 2707 1097 2735 si
1111 2705 1189 2741 alter,

102 2758 168 2777 eras.

22 2786 82 2819 Ar.
91 2795 109 2814 r
118 2795 184 2815 sarx
194 2795 250 2822 ns,
272 2786 331 2822 Adjv.
354 2785 543 2822 [ἀμοιζαῑῶι]
565 2785 651 2822 Quod
661 2785 693 2814 fit
710 2783 897 2820 (alternatim,
917 2782 963 2812 seu
979 2779 1138 2812 alternatim
1151 2781 1191 2824 vi-

71 2823 159 2859 cibus,
179 2821 370 2858 seiiinvieem,
391 2824 507 2853 alterum
517 2823 579 2861 post
590 2823 715 2853 alterum.
742 2822 801 2853 Cic.
814 2831 865 2859 pro
880 2821 958 2850 Arch.
972 2831 1015 2856 25·
1035 2818 1121 2862 Quod
1133 2828 1193 2862 e.¹‘

22 2884 24 2889 .
71 2871 194 2929 {ramma
201 2861 317 2929 sinleum
333 2861 439 2892 fecisset
455 2883 464 2897 ,
497 2862 693 2891 tantummodo
712 2860 825 2890 alternis
853 2859 973 2889 versibus
1000 2855 1144 2896 longiuscu
1167 2866 1188 2886 si

23 2902 25 2906 ’
98 2900 143 2937 irg-
154 2908 179 2936 7.
224 2909 239 2928 c
253 2922 258 2928 .
280 2906 321 2934 18.

151 2937 269 2967 Alternis
285 2937 367 2975 igitur
382 2937 552 2966 contendere
574 2935 689 2966 versibus
708 2935 791 2966 ambo

151 2975 278 3013 Coepere.
370 2976 388 3004 i.
412 2984 436 3004 e.
462 2975 557 3004 Dicere
568 2974 658 3005 versus
668 2974 780 3004 alternis
789 2972 904 3003 vicibus.

24 3018 26 3039 :
69 3012 216 3046 Alternum
226 3034 235 3048 ,
256 3021 306 3051 pro
315 3013 337 3040 V
339 3013 405 3042 ario.
427 3012 498 3051 Virg.
511 3024 535 3048 ς.
549 3012 605 3043 Ecl.
621 3023 663 3048 14.
945 3040 947 3042 .

151 3051 281 3080 Carmina
291 3050 417 3089 descripsi
431 3073 439 3086 ‚
461 3053 488 3081 δε
498 3051 646 3080 modulans
655 3050 759 3080 alterna
768 3049 871 3078 notavi.
892 3086 897 3091 ι
929 3047 984 3077 Ubi
994 3047 1104 3077 Servius
1113 3068 1122 3081 ,
1147 3046 1191 3075 Al-

55 3122 57 3126 ,
89 3093 168 3118 terna
182 3111 191 3124 .,
211 3090 300 3119 varia:
322 3097 436 3127 propter
444 3089 590 3125 musicam,
611 3090 690 3126 cujus
700 3088 782 3118 sonus
791 3087 881 3116 varius
890 3093 1031 3115 invenitur
1042 3084 1190 3123 expedum

50 3126 78 3154 *ὲ
89 3126 323 3156 dissimilitudine.

60 3160 215 3195 'Alternum
225 3187 233 3200 ,
255 3175 306 3203 pro
318 3164 428 3194 Mutuo.
451 3163 552 3194 Catull.
568 3174 628 3202 107.
641 3169 666 3194 6.

140 3203 293 3232 -Alternuin
313 3203 368 3232 hoc
389 3203 487 3233 sanc‘tae
506 3203 598 3233 foedus
618 3202 759 3233 amicitiae.

91 3240 164 3271 inter
184 3251 245 3270 nos.

72 3277 217 3314 Alternus,
239 3289 288 3316 pro
299 3278 438 3308 Secundo.
460 3277 533 3316 Virg.
558 3288 599 3313 η,
622 3279 683 3309 AEn.
698 3287 762 3314 233.

151 3317 203 3345 Vix
214 3317 318 3354 hostem
331 3317 427 3345 alterni
442 3316 458 3345 si
471 3316 686 3354 congrediamur
695 3316 838 3345 habemus.
876 3313 894 3342 i.
908 3320 932 3342 e.
959 3311 1104 3341 Secundus
1118 3313 1203 3349 quis-1

91 3363 153 3392 que.
174 3355 229 3389 Sic,
244 3365 284 3384 12.
295 3355 355 3385 [ΕΠ.
368 3360 427 3389 389.
440 3354 520 3389 dixit,

152 3392 277 3422 Alternos
293 3391 376 3429 longa
395 3393 531 3421 nitentem
547 3391 662 3429 cuspide
676 3391 787 3429 gressus.
848 3389 899 3419 Pro
912 3387 1002 3426 Passus
1014 3387 1124 3417 alterius
1132 3387 1194 3417 vul-

63 3449 67 3455 -
92 3431 179 3459 nerati
193 3431 273 3468 pedis
285 3430 373 3459 hastili
384 3430 578 3459 sustentantem
594 3431 621 3459 Sc
642 3430 815 3459 fulcientem.
853 3425 978 3456 Turneb.
1077 3457 1080 3460 ⁴

75 3465 195 3498 Alternas
205 3469 276 3506 ripas
285 3468 386 3498 Statius
400 3468 472 3497 dixit
483 3478 534 3505 pro
547 3467 643 3497 Ambas
655 3489 663 3503 ,
690 3479 710 3497 ι.
720 3467 787 3497 Silv.
801 3475 824 3502 3.
839 3475 884 3500 25.
930 3464 1023 3506 Quem
1033 3462 1129 3506 adloc.
1141 3462 1193 3492 Ge-

94 3512 161 3535 vart.
175 3517 198 3536 1.
221 3506 294 3536 Lea.
309 3506 401 3544 Papin.
416 3516 460 3541 24.
471 3515 496 3542 p.
508 3512 552 3542 78.
575 3506 648 3535 hanc
658 3504 918 3543 interpretationem
929 3501 988 3531 aliis
1002 3501 1138 3538 exemplis
1146 3501 1194 3530 ad-

93 3542 176 3583 struit.
213 3544 245 3573 V.
268 3546 294 3573 St
305 3544 394 3573 Barth.
411 3544 446 3572 ad
461 3543 560 3573 Claud.
572 3547 654 3580 p264.
718 3564 720 3567 -

68 3574 217 3611 Alternum
229 3604 236 3617 ,
257 3582 380 3611 absolute
396 3582 524 3619 positum.
565 3581 637 3619 Virg.
651 3591 676 3618 3.
689 3580 747 3611 Ecl.
762 3588 804 3616 ς9.
944 3605 947 3608 .

72 3622 77 3634 ⁸
231 3634 269 3641 ——
288 3626 382 3649 amant
398 3621 504 3649 alterna
522 3619 673 3648 Camoenae.
751 3619 789 3649 Ut
806 3621 874 3656 puta
888 3614 979 3645 versus
1000 3613 1131 3651 alternos,
1147 3619 1195 3644 aut

846 3201 865 3230 i.
893 3209 918 3229 e.
947 3198 1081 3229 Mutuum
1097 3198 1191 3228 foedus

96 3662 199 3686 cantus.

79 3693 186 3724 Alterna
195 3693 282 3732 loqui.
319 3695 386 3725 Hor.
401 3705 423 3724 1.
437 3695 524 3724 Serm.
535 3700 562 3728 8.
578 3705 624 3731 40.

79 3728 164 3762 Annis
177 3732 287 3762 alternis
301 3743 308 3762 ε
329 3734 346 3762 i.
365 3743 388 3762 e.
421 3733 511 3762 Altero
528 3732 633 3770 semper
645 3740 681 3761 ex
696 3730 822 3760 duobus:
843 3729 898 3759 Seu
913 3728 1005 3758 Altero
1020 3737 1131 3766 quoque
1147 3737 1196 3758 an-

94 3779 143 3798 no.
169 3770 282 3799 Alternis
293 3772 372 3800 annis
383 3778 502 3808 aegrotat.
526 3770 595 3799 Cato
608 3771 642 3801 de
652 3770 684 3799 R.
701 3769 736 3799 R.
757 3778 817 3806 cap.
835 3778 877 3803 59.

58 3808 64 3816 ’
78 3803 280 3844 Brachiajactat
289 3809 400 3838 alterna.
421 3808 495 3846 Virg.
510 3819 533 3843 ς.
554 3809 615 3838 ffin.
635 3812 694 3844 376.
1012 3839 1018 3843 ,
1079 3835 1081 3838 .

80 3844 210 3875 Civitates
219 3845 329 3876 alternae
339 3847 454 3882 rejestae.
484 3847 543 3876 Cic.
556 3858 580 3882 4.
600 3846 674 3875 Verr.
687 3855 713 3874 2⁴,
744 3843 829 3880 Quod
839 3843 961 3881 privatus
971 3852 986 3871 a
998 3841 1105 3880 populo
1114 3842 1194 3879 petit,

99 3892 146 3912 aut
163 3882 282 3921 populus
294 3894 309 3913 a
319 3885 426 3924 privato
437 3907 444 3919 ,
465 3884 582 3913 Senatus
593 3894 628 3913 ex
641 3883 732 3921 aliqua
743 3883 854 3911 civitate
864 3903 871 3915 ,
893 3881 940 3918 qui
955 3881 1072 3916 judicet,
1096 3880 1175 3909 datur
1187 3889 1195 3908 :

98 3929 183 3957 quum
193 3921 304 3950 alternae
314 3923 436 3951 civitates
447 3923 553 3957 reiecisse
565 3921 580 3950 s
577 3929 635 3952 unt.
674 3922 692 3950 i.
716 3931 745 3955 e.
765 3920 924 3949 Alternatiin
934 3928 949 3947 a
963 3919 1071 3955 privato
1083 3919 1109 3947 ἃ
1121 3929 1136 3960 a
1146 3927 1198 3954 po-

89 3957 164 4026 ΥΞᾶιίο
179 3968 186 3987 :
208 3964 292 4026 qijfiiu
302 3960 423 3997 privatus
431 3970 507 3990 nunc
518 3960 609 3997 hanc,
630 3969 706 3990 minc
719 3958 796 3988 illam
805 3957 919 3993 rejecit:
940 3956 1063 3994 populus
1073 3955 1198 3985 similiter

5 4012 23 4029 ·,
35 4007 39 4017 ⁴
130 4005 174 4026 am
191 4006 242 4026 ἃς]
265 4006 319 4027 am·

1685 136 1712 172 A
1809 139 1836 173 L
1929 141 1961 176 T
2310 120 2379 186 15}

1261 213 1378 247 Consilia
1388 218 1490 248 alterna
1502 220 1612 255 rexit-(ta.
1654 217 1712 248 Cic.
1730 220 1756 248 in
1776 218 1866 249 Vatin.
1882 231 1925 258 27.
1967 220 2001 250 Et
2011 224 2141 258 quoniam
2157 225 2384 262 crebrousurpas,

1278 256 1365 292 lege-iii
1379 265 1405 285 te
1421 258 1455 285 dc
1469 258 1580 285 alternis
1593 257 1711 286 consiliis
1723 258 1880 290 rejiciendis
1891 259 1998 288 tulisse:
2022 268 2051 289 iit
2063 272 2161 291 omncs
2185 263 2339 297 intelligant
2355 271 2382 292 tc

1278 302 1313 321 nc
1325 295 1518 330 tecit-quidem
1529 295 1617 323 sirecte
1632 295 1686 322 sine
1697 294 1795 324 scelere
1811 296 1927 333 potuisse
1945 307 1951 325 ;
1975 307 2075 332 quaein,
2098 303 2149 328 dcc.
2275 292 2280 299 Κ

1260 329 1312 357 Die
1324 339 1432 366 quoque
1445 333 1559 360 alterno.
1582 331 1650 361 Cels.
1664 331 1710 361 lib.
1725 342 1748 368 3.
1763 343 1806 361 21.
1849 333 1928 362 Utilis
1939 335 2186 369 qu(›tl'tli·.in118,1iut
2199 336 2304 365 alterno
2316 347 2385 374 quo-

1280 377 1332 408 quc
1345 368 1388 395 dic
1401 369 1459 402 pois
1468 369 1559 398 cibum
1572 371 1699 398 vomitus.
1743 371 1833 400 Altero
1846 381 1956 407 quoque
1965 371 2097 402 exhibent
2110 373 2171 401 libri
2182 375 2331 404 emendati.

1261 403 1365 432 Diebus
1376 405 1493 434 alternis.
1519 407 1584 436 l'lin.
1600 407 1646 435 lib.
1667 413 1691 439 8.
1708 417 1767 446 cup.
1784 412 1824 437 16.
1869 408 1992 437 startsin
2005 417 2093 446 potu,
2114 411 2186 440 vesci
2204 411 2314 441 alternis
2329 412 2385 442 die-

1281 440 1340 469 bus.
1364 441 1495 477 Loquitur
1513 444 1547 472 de
1566 443 1701 473 leonibus.

1261 476 1391 521 Judicuni
1408 479 1574 509 alternorum
1593 483 1714 514 reiectio.
1758 482 1815 512 Cic.
1841 492 1891 520 pro
1901 483 1992 512 Plane.
2026 483 2124 521 Neque
2141 486 2220 514 ‘enim
2236 486 2384 523 quicquam

1282 514 1356 556 aliud
1368 525 1395 543 in
1407 520 1455 544 haic
1467 517 1526 551 iege
1537 519 1584 546 nisi
1597 519 1719 548 cilititios
1732 521 1834 553 iudices
1845 530 1873 549 cs
1885 520 2023 557 sequutus.
2038 523 2113 558 quod
2123 524 2385 558 gmiusjudiciorum

1283 553 1346 580 siesi
1358 563 1466 588 trquuni
1480 554 1553 597 nulli
1571 557 1596 583 iii
1610 567 1636 584 ic
1649 579 1656 589 ,
1679 558 1726 585 nisi
1746 558 1795 586 liae
1815 558 1961 592 tribuaria,
1984 569 2039 587 non
2059 560 2186 596 intelligo
2204 561 2386 598 quamobrem

1283 589 1464 632 Senatusnlinoc
1482 601 1536 619 uno
1548 603 1573 620 in
1593 603 1691 627 uenere
1703 595 1788 623 tribus
1800 596 1844 624 cdi
1856 596 1974 625 voluerit
1985 597 2018 625 :ib
2029 597 2196 631 accusatore,
2219 608 2309 635 neque
2321 610 2388 628 ezin-

1285 626 1350 669 de-in
1366 627 1519 670 editionem
1532 630 1695 659 transtulerit
1710 632 1736 659 in
1750 641 1859 662 cai-terris
1871 634 1978 663 causas:
2001 635 2035 664 ile
2047 633 2104 672 ipso
2117 635 2238 672 denique
2258 637 2365 666 ambitu
2377 658 2386 672 ,

1286 665 1466 699 rejectionem
1485 667 1541 694 sieri
1558 667 1809 703 voliieritjiidicuiii
1822 671 2000 701 alternorum.

1265 698 1354 744 Manu
1365 701 1468 730 alterna
1479 704 1592 738 perit-rc.
1606 742 1610 746 .
1625 706 1707 734 ovid.
1724 717 1746 740 ς.
1777 707 1856 736 Trist.
1869 718 1931 745 ²34·
1953 710 1988 738 de
1999 710 2126 740 fratribus
2135 711 2185 749 qui
2195 710 2221 740 sc
2229 717 2329 740 mutuo
2341 721 2387 740 oc·

1286 739 1415 767 ciderunt
1427 749 1434 773 3
1456 739 1523 767 alter
1536 740 1644 770 altciius
1655 752 1746 772 manu.

1267 776 1361 806 Morte
1372 776 1476 805 alterna
1488 777 1597 806 fratrem
1611 780 1728 808 redemit
1740 781 1844 810 Pollux.
1866 783 1937 820 Virg.
1951 788 1976 813 6.
1992 785 2051 815 AEn.
2070 795 2129 815 121.

1266 814 1368 843 Pedem
1379 813 1515 842 alternum
1527 815 1615 843 sacert-
1629 838 1636 849 ,
1652 818 1726 852 apud
1737 818 1880 855 s'aipiiiiiiin
1898 822 1949 849 csse
1959 823 2066 852 videtur
2076 823 2254 853 claudicare:
2276 831 2341 853 nam
2350 823 2390 853 sic

1287 852 1322 881 de
1332 851 1420 888 elegia
1433 873 1441 886 ,
1464 853 1542 886 cuius
1553 852 1620 881 ulter
1628 853 1717 882 versus
1732 854 1838 892 longior
1851 879 1857 890 ,
1879 858 1945 886 ulter
1958 859 2079 897 brevior,
2101 862 2172 891 dixit
2185 883 2193 897 ,

1347 889 1424 925 Quas
1442 890 1515 918 inter
1538 889 1614 919 vultu
1638 890 1764 927 petulans
1787 893 1873 929 elegia
1895 897 2063 933 propinquat

1350 926 1453 956 Celsior
1471 927 1574 956 assueto
1593 928 1724 964 divasque
1746 929 1867 959 hortatur
1881 953 1888 966 ‚
1911 934 1936 962 ἅ·
1957 934 2061 971 ambit,

1350 965 1493 994 Alternum
1518 966 1622 995 factura
1640 965 1750 1003 pedem.
1791 967 1915 998 Turneb.

1269 999 1343 1031 Pede
1355 1002 1460 1031 alterno
1471 1010 1569 1032 terram
1582 1012 1713 1040 quatere,
1734 1013 1784 1042 pro
1793 1004 1903 1035 Saltare.
1926 1007 1992 1037 Hor.
2013 1019 2035 1038 r.
2053 1009 2142 1039 Carm.
2160 1022 2184 1045 4.
2209 1020 2235 1041 7.

1270 1039 1508 1070 Pedibus-alternis
1525 1041 1652 1070 insistere.
1676 1041 1743 1071 Plin.
1756 1041 1802 1071 lib.
1821 1053 1860 1072 io.
1874 1053 1933 1081 cap.
1946 1054 1970 1073 2.
1992 1046 2026 1075 de
2041 1048 2152 1084 gruibus
2163 1042 2292 1086 loquitur.

1270 1077 1365 1117 Pulsus
1377 1078 1509 1108 Alternus.
1532 1078 1658 1108 Plin.lib.
1669 1089 1694 1108 2.
1714 1089 1747 1108 ‘ca
1772 1079 1830 1114 .82.
2271 1087 2274 1090 ⁴

1272 1115 1362 1152 Quies
1373 1115 1488 1145 alterna.
1511 1117 1632 1153 Quintil.
1644 1116 1691 1146 lib.
1705 1127 1727 1146 1.
1750 1089 1822 1147 {lam
1832 1127 1891 1155 quae
1909 1118 2119 1151 sensu&anima
2132 1130 2234 1158 carent,
2245 1132 2275 1153 ut
2284 1123 2391 1154 servare

1290 1154 1346 1183 vim
1365 1153 1440 1182 suam
1449 1154 1551 1192 possint
1563 1178 1571 1189 ,
1593 1154 1694 1184 alterna
1705 1156 1798 1192 quiete
1812 1157 1973 1186 retinentur.
1995 1159 2077 1187 Ovid.
2089 1171 2114 1195 4.
2136 1160 2216 1199 Epist.
2230 1167 2272 1196 539.

1353 1192 1438 1228 Quod
1449 1199 1522 1221 caret
1536 1192 1640 1222 alterna
1653 1194 1747 1230 requie
1758 1215 1765 1228 ,
1788 1194 1912 1223 durabile
1924 1204 1981 1223 non
1991 1195 2036 1224 est.

1271 1228 1454 1273 sermonibus
1468 1230 1579 1260 alternis
1589 1237 1668 1268 aptus
1680 1231 1798 1261 Iambus.
1819 1232 1886 1261 Hor.
1898 1232 1934 1261 de
1953 1233 2015 1263 Arte
2027 1233 2101 1263 Poet.
2116 1240 2160 1269 81.
2200 1236 2217 1264 i.
2233 1245 2256 1265 e.
2279 1236 2398 1267 Diam-1-

1291 1273 1347 1295 tico
1362 1277 1465 1304 generi.

1272 1303 1413 1342 Tempore
1433 1305 1547 1335 alterno.
1571 1304 1678 1336 Lucret.
1697 1306 1744 1336 lib.
1758 1317 1780 1341 ς.
1792 1310 1855 1344 976.

1271 1342 1368 1371 Verbis
1383 1343 1501 1373 alternis.
1525 1343 1581 1373 Liv.
1598 1355 1619 1373 i.
1642 1344 1747 1374 Decad.
1765 1344 1814 1374 lib.
1834 1350 1860 1379 8.
1883 1346 1900 1374 i.
1921 1354 1947 1374 e.
1979 1345 2070 1376 Altero
2085 1349 2194 1385 qudque
2214 1348 2315 1384 verbo,
2337 1348 2394 1378 sive

1270 1412 1273 1413 .
1292 1380 1414 1410 secundo
1426 1382 1536 1418 quoque
1547 1381 1639 1411 verbo.

1272 1417 1340 1447 Vice
1352 1418 1464 1448 alterna.
1488 1419 1624 1449 Columcl.
1637 1420 1684 1449 lib.
1705 1429 1729 1453 3.
1741 1429 1801 1457 cap.
1819 1429 1845 1449 2.
1867 1419 1989 1460 Utraque
1998 1421 2110 1451 candidi
2125 1422 2205 1452 musti
2215 1422 2319 1453 alterna
2330 1425 2398 1453 vice:

1292 1466 1428 1486 annorum
1439 1457 1501 1493 plus
1515 1465 1562 1486 aut
1574 1458 1665 1487 minus
1676 1457 1803 1487 asserunt.

1273 1493 1296 1521 V
1300 1494 1354 1523 iees
1364 1504 1412 1533 per
1422 1496 1539 1524 alternas
1548 1496 1595 1524 ire.
1618 1495 1701 1524 Ovitl.
1713 1507 1738 1532 4.
1765 1496 1800 1525 de
1811 1496 1909 1531 Ponto,
1921 1505 1946 1526 2.
1959 1499 1985 1526 6.

1273 1531 1388 1561 Vicibus
1412 1532 1533 1562 alternis.
1558 1533 1664 1564 senec.
1684 1535 1714 1563 iri
1731 1533 1846 1571 Hippoi.
1867 1540 1947 1568 1028.
1986 1533 2136 1573 Vomitque
2155 1535 2262 1566 vicibus
2282 1535 2402 1566 alterni:

1294 1580 1309 1598 a
1331 1580 1385 1599 uas.

1274 1580 1393 1637 Alsernis
1408 1630 1416 1643 ,
1445 1610 1460 1644 [
1474 1605 1606 1635 ᾰιιοιζιιὲως
1616 1630 1624 1644 ‚
1656 1607 1789 1644 παρῳλὰξ
1801 1609 1817 1644 ]
1844 1609 1959 1646 quidam
1978 1609 2045 1639 Adv.
2059 1614 2181 1648 putant:
2201 1611 2247 1640 sed
2256 1612 2345 1641 verius
2357 1612 2399 1641 ess:

1295 1645 1354 1681 Adj.
1370 1646 1398 1674 in
1410 1656 1464 1683 quo
1479 1646 1620 1675 interdum
1630 1646 1790 1676 subauditur
1806 1646 1884 1676 subst.
1924 1647 1955 1676 V.
1980 1658 1996 1676 A
2008 1657 2052 1676 ιτ
2063 1657 2075 1676 ii
2085 1658 2100 1676 R
2110 1657 2129 1676 Ν
2140 1659 2178 1677 us
2202 1649 2262 1682 Adi,

1275 1683 1394 1713 Alternis
1406 1684 1540 1713 ablativus
1548 1684 1835 1722 repetitus.iuterduni
1847 1693 1912 1713 cum
1924 1684 2004 1714 subst.
2017 1685 2155 1714 interdum
2164 1687 2221 1715 sine
2233 1686 2310 1715 subst.
2325 1686 2405 1717 Plin.:

1294 1721 1342 1750 lib.
1360 1728 1385 1755 8.
1399 1732 1458 1759 cap.
1475 1731 1517 1757 30.
1541 1722 1652 1759 Hyaenis
1661 1730 1796 1760 utrunque
1808 1722 1861 1751 esse
1872 1728 2006 1757 naturam,
2028 1725 2054 1753 δι
2064 1723 2176 1753 alternis
2184 1725 2262 1753 annis
2273 1724 2326 1754 esse
2336 1735 2395 1754 ma-

1295 1770 1348 1794 res,
1363 1759 1474 1788 alternis
1483 1759 1613 1789 foeminas
1622 1760 1690 1794 fieri,
1702 1770 1795 1797 parere
1807 1760 1861 1788 sine
1869 1770 1942 1789 mare
1953 1760 2050 1798 vulgus
2060 1761 2157 1791 credit.
2168 1763 2230 1791 Sen.
2244 1762 2324 1799 Epist.
2334 1772 2403 1792 121„

1295 1797 1553 1832 Alternis'Catones,
1563 1797 1673 1827 alternis
1683 1798 1793 1826 Vatinii.
1814 1799 1832 1826 i.
1844 1807 1868 1827 e.
1894 1798 2115 1833 NuncCatoneS,
2135 1809 2211 1829 nunc
2220 1800 2327 1829 Vatinii.
2354 1800 2400 1830 De

1294 1836 1329 1864 iis
1338 1836 1383 1872 qui
1394 1835 1442 1864 sibi
1455 1844 1512 1864 non
1524 1835 1664 1869 constant,
1685 1835 1732 1865 sed
1743 1835 1866 1865 moribus
1877 1836 1939 1864 sunt
1955 1836 2044 1866 variis.
2086 1837 2200 1866 Videtur
2218 1837 2396 1875 subintelligi,

1297 1873 1418 1907 Vicibus,
1440 1873 1601 1910 autaliquid
1616 1873 1710 1902 simile.
1734 1873 1791 1903 Pin.
1802 1873 1867 1908 Jun.
1881 1874 1916 1902 ad
1932 1873 2082 1911 Apollinar.
2104 1874 2187 1912 Epist.
2209 1885 2270 1904 101.
2296 1876 2400 1913 accipit:

1296 1921 1347 1949 pro
1359 1911 1440 1940 Vario
1451 1912 1476 1940 Sc
1489 1910 1595 1940 alterno
1607 1911 1716 1940 ordine.
1762 1911 1808 1941 Sic
1819 1912 1895 1940 enim
1911 1912 1957 1947 ait,
1966 1911 2084 1942 Alternis
2093 1912 2215 1942 viticulae
2226 1913 2348 1951 surgunt,
2360 1911 2403 1942 al-

1297 1950 1383 1978 ternis
1400 1948 1499 1978 inserta
1512 1949 1574 1978 sunt
1582 1959 1675 1987 poma.

1277 1984 1309 2016 In
1319 1987 1437 2016 ablativo
1452 1986 1585 2022 Alternis,
1608 1987 1747 2016 interdum
1761 1985 1841 2016 subst.
1856 1986 2026 2016 subauditur.
2048 1987 2122 2025 Virg.
2137 1997 2161 2023 3.
2172 1986 2229 2017 Ecl.
2246 1998 2288 2024 59.
2310 1988 2407 2018 Alter«

1296 2025 1382 2055 ternis
1391 2025 1497 2053 dicetis.
1518 2024 1632 2054 subaud.
1649 2025 1764 2054 Vicibus
1780 2031 1828 2054 aut
1846 2025 1979 2055 Versibus.
2016 2025 2095 2055 Idem
2111 2036 2132 2055 i.
2145 2026 2243 2063 Georg.
2259 2036 2303 2063 71·

1358 2062 1478 2092 Alternis
1487 2062 1561 2091 idem
1571 2063 1662 2092 tonsas
1672 2062 1772 2092 cessare
1784 2062 1905 2092 novales.
2003 2062 2117 2092 subaud.
2138 2064 2222 2093 Annis
2236 2073 2243 2092 τ
2271 2064 2289 2093 i.
2308 2073 2333 2094 e.
2357 2063 2408 2094 Al-

1295 2101 1427 2167 ternadtim
1437 2122 1445 2135 ,
1461 2106 1491 2144 ut
1502 2101 1611 2130 Servius
1619 2101 1822 2139 interpretatur.
1846 2111 1871 2138 q.
1890 2100 1922 2130 V.
1945 2100 2026 2136 Alibi,
2048 2108 2080 2130 ut
2089 2100 2180 2131 sensus
2192 2102 2285 2139 exiget
2297 2123 2305 2138 ,
2329 2103 2406 2132 acci-

1320 2148 1364 2167 ien
1387 2148 1433 2167 um
1450 2147 1510 2168 erit.

1279 2149 1494 2206 Asternisfacilis
1507 2175 1593 2206 labor.
1615 2176 1688 2214 Virg.
1708 2184 1730 2206 i.
1743 2176 1842 2213 Georg.
1857 2184 1901 2213 79.
1924 2176 1942 2205 i.
1956 2186 1979 2206 e.
2002 2176 2171 2211 Intermissis,
2182 2173 2295 2206 subaud.
2313 2178 2399 2214 Agris.

1298 2214 1417 2244 Servius.
1439 2214 1542 2243 Eadem
1557 2222 1640 2253 porro
1653 2215 1768 2243 ratione.
1789 2215 1809 2243 A
1832 2214 1869 2242 ul.
1893 2223 1935 2243 io.
1964 2214 2034 2243 Met.
2054 2225 2089 2253 p.1
2105 2225 2167 2252 524.
2199 2214 2277 2245 Ciliis
2294 2214 2405 2245 alterna.

1299 2252 1462 2281 connivens.
1484 2252 1503 2281 i.
1526 2263 1550 2281 e.
1573 2253 1681 2282 Alterna
1700 2253 1782 2287 vice,
1803 2261 1818 2280 a
1831 2252 1970 2281 ternatim.

1243 2295 1264 2324 A
1273 2303 1290 2321 ι,
1299 2300 1318 2319 T
1329 2300 1343 2319 E
1352 2300 1366 2318 R
1376 2300 1395 2318 N
1405 2300 1422 2318 o
1433 2312 1441 2322 ,
1463 2290 1576 2325 [οἰμώζω
1588 2312 1597 2324 ,
1617 2301 1686 2325 mc&
1692 2289 1791 2325 mot-Hm,
1806 2289 2012 2326 ἒπαμφοἹεςιῑξω]
2033 2292 2088 2318 are.
2108 2289 2229 2319 Verbum
2239 2300 2274 2320 ex
2283 2291 2397 2321 nomine

1281 2328 1426 2363 Alternus;
1451 2327 1488 2356 est
1503 2327 1524 2357 E
1534 2327 1643 2357 duobus
1660 2328 1745 2356 m'odo
1760 2331 1848 2356 urium
1858 2349 1866 2362 ‚
1890 2327 1976 2356 modo
1987 2327 2103 2356 alterum
2114 2327 2221 2357 facere:
2242 2331 2270 2358 ‹S‘c
2281 2328 2352 2366 quasi
2361 2329 2406 2357 al·-

1281 2366 1366 2396 ternis
1373 2365 1480 2395 vicibus
1491 2367 1603 2395 variare.
1627 2365 1694 2394 Plin.
1705 2365 1722 2394 l.
1734 2375 1758 2402 7.
1769 2374 1793 2394 c.
1810 2374 1850 2400 13.
1873 2364 1924 2394 Alii
1937 2365 2050 2402 aliaeque
2061 2365 2189 2395 foeminas
2198 2372 2304 2396 tanturn
2316 2375 2406 2404 gene-

1281 2410 1353 2439 rant,
1361 2409 1408 2432 aut
1417 2413 1503 2432 mares
1516 2413 1522 2433 ;
1544 2403 1699 2441 plerunque
1712 2403 1890 2433 &alternant
1917 2402 2054 2432 Coliimel.
2070 2402 2088 2431 l.
2106 2413 2129 2438 ς.
2141 2413 2165 2432 c.
2180 2407 2205 2432 6.

1282 2443 1422 2472 Alternare
1437 2463 1444 2476 ,
1465 2451 1550 2478 quum
1559 2442 1594 2470 ad
1603 2442 1728 2470 animum
1737 2441 1868 2476 refertur,
1895 2441 1933 2470 est
1946 2441 2030 2470 Nunc
2043 2441 2113 2476 hoc,
2134 2450 2211 2470 nunc
2222 2441 2292 2470 illud
2306 2441 2406 2471 animo

1300 2480 1411 2518 agitare.
1435 2478 1507 2516 Virg.
1521 2491 1547 2515 4.
1559 2480 1620 2510 ffi'n.
1632 2485 1695 2516 287.
1810 2514 1816 2520 ῃ

1363 2517 1429 2546 Haec
1439 2516 1583 2546 alternanti
1596 2517 1690 2554 potio-r
1698 2516 1835 2545 sententia
1846 2515 1901 2544 visa
1910 2515 1957 2545 est,
2039 2515 2093 2545 Ubi
2105 2516 2224 2551 Servius,
2237 2516 2406 2553 Alternanti,

1299 2555 1374 2585 varia
1383 2556 1618 2584 nientetractanti.
1661 2555 1734 2584 Hinc
1749 2553 1887 2583 Alternare
1897 2553 2040 2582 sententiis
2056 2554 2166 2583 dicitur.
2221 2554 2279 2591 Qui
2287 2554 2406 2584 subinde

1299 2594 1401 2622 variat:
1424 2593 1449 2622 δι
1463 2603 1538 2621 nunc
1549 2602 1647 2626 unum,
1666 2601 1742 2621 minc
1754 2591 1828 2619 aliud
1845 2592 1915 2620 dicit
1928 2601 1934 2621 :
1956 2592 2115 2629 eujusmodi
2125 2591 2260 2622 estTestis
2270 2591 2406 2622 vacillans

1301 2633 1433 2668 &parum
1444 2630 1685 2659 sibiconsenticnS.
1724 2630 1763 2659 Ex
1777 2628 1888 2658 Budaeo.

1282 2669 1422 2699 Alternare
1432 2668 1541 2703 cibu'in,
1563 2678 1613 2706 pro
1627 2667 1746 2696 Vicissim
1763 2666 1933 2695 distribuere.
1954 2665 2024 2696 Plin.
2036 2666 2055 2695 l.
2071 2677 2113 2696 10.
2130 2677 2154 2696 c.
2168 2675 2210 2703 33.
2233 2667 2268 2696 de
2277 2667 2404 2697 hirundi-

1302 2707 1384 2735 nibus
1397 2705 1524 2743 loqueris⁷
1545 2706 1575 2735 ln
1587 2706 1654 2734 foetu
1670 2705 1774 2734 summa
1786 2705 1911 2742 aequitate
1922 2704 2057 2734 alternant
2067 2705 2170 2734 cibum.

1280 2744 1403 2774 Alternat
1424 2743 1549 2773 Fertilitas
1572 2744 1709 2773 arborum.
1747 2741 1815 2771 Plin.
1838 2742 1885 2771 lib.
1906 2746 1947 2771 16.
1974 2752 2035 2780 cap.
2060 2746 2086 2772 6.
2117 2742 2251 2772 Arborum
2274 2740 2403 2771 fertssitas

1300 2783 1427 2811 omnium
1443 2783 1499 2811 fere
1518 2781 1633 2811 alternat
1646 2803 1654 2816 ,
1679 2781 1725 2810 sed
1736 2781 1855 2809 maxime
1865 2781 1928 2817 fagi.

1282 2821 1425 2850 Alternant
1433 2819 1548 2858 spesque
1560 2827 1705 2855 metusque
1714 2818 1807 2847 fidem.
1821 2818 1904 2847 Ovid.
1917 2821 1942 2846 6.
1958 2817 2039 2856 Epist.
2053 2823 2096 2853 38.

1283 2858 1529 2888 Alternatfructus.
1555 2858 1623 2886 Plin.
1636 2857 1684 2886 lib.
1698 2867 1739 2891 ις.
1759 2866 1819 2894 cap.
1834 2865 1858 2892 3.
1881 2856 1916 2885 de
1926 2855 1999 2891 olea,
2020 2856 2065 2885 Sic
2079 2864 2189 2893 quoque
2204 2852 2401 2883 alternat-efru-

1301 2898 1362 2926 ctus
1377 2896 1484 2932 cogitur
1493 2895 1610 2925 decussis
1623 2894 1803 2932 germinibus.

1284 2935 1429 2964 Alternant
1447 2934 1686 2971 fructusquaedam
1704 2933 1823 2961 arbores.
1843 2931 1912 2961 Plin.
1931 2931 1978 2961 lib.
1995 2934 2036 2961 16.
2049 2940 2110 2969 cap.
2123 2936 2166 2967 38.

1282 2972 1423 3002 Alternare
1439 2972 1520 3001 vices.
1543 2971 1626 3001 Ovid.
1642 2981 1683 3006 15.
1703 2970 1771 2999 Met.
1784 2980 1848 3005 409.

1363 3009 1503 3040 Alternare
1521 3010 1614 3044 vices,
1633 3010 1661 3038 δε
1676 3018 1736 3045 quae
1747 3007 1832 3036 modo
1847 3007 1950 3036 femina
1969 3014 2045 3044 tergo

1363 3046 1437 3076 Passa
1450 3056 1554 3076 marem
1563 3047 1610 3080 est,
1627 3056 1702 3075 nunc
1711 3044 1764 3075 esse
1778 3054 1881 3074 marem
1892 3045 2023 3074 miremur
2032 3044 2165 3081 hyaenam.

1283 3084 1443 3116 Alternante
1453 3094 1531 3122 aqua.
1563 3084 1684 3122 Propert.
1700 3083 1748 3112 lib.
1762 3093 1786 3112 2.
1799 3086 1843 3112 26.
1857 3094 1900 3118 54.

1283 3123 1472 3158 Alternantes,
1494 3122 1682 3158 [ipeeiffoim]
1704 3121 1777 3159 Virg.
1794 3130 1818 3155 3.
1838 3120 1935 3156 Georg.
1948 3129 2011 3149 220.

1362 3160 1406 3190 Illi
1422 3160 1590 3190 alternantes
1605 3159 1694 3189 multa
1707 3159 1733 3188 vi
1752 3158 1848 3197 praelia
1868 3158 1992 3186 miscent.
2214 3191 2221 3197 ι

1245 3194 1268 3231 A
1277 3211 1293 3228 L
1303 3208 1322 3227 *r
1332 3208 1345 3226 ε
1354 3209 1370 3227 R
1379 3208 1399 3227 N
1409 3202 1425 3228 Ti
1434 3209 1454 3227 T
1463 3209 1480 3227 u
1490 3208 1501 3228 s
1509 3221 1517 3233 ,
1540 3198 1634 3227 Partic.
1656 3192 1880 3234 [ἐπηλὴκῇιᾚῶυ]
1901 3195 1966 3224 Plin.
1979 3194 1996 3223 l.
2008 3202 2050 3227 29.
2061 3201 2085 3220 c.
2096 3201 2123 3227 4.
2153 3191 2236 3234 Canis
2255 3193 2401 3230 'unguibus

1283 3236 1438 3274 adalligatis
1446 3237 1557 3265 cervino
1567 3236 1656 3270 corio,
1666 3235 1812 3271 nervisque
1822 3234 1894 3262 cervi
1902 3232 2039 3261 alternatis
2048 3230 2073 3259 δι
2082 3229 2218 3271 dorcadis.

1281 3274 1421 3304 Alterna'ta
1433 3274 1576 3308 conditio,
1598 3283 1656 3310 quae
1670 3272 1752 3309 vulgo
1764 3271 1927 3301 Alternativa
1945 3270 2056 3310 dicitur..
2083 3266 2146 3310 Ulp.
2169 3265 2228 3310 ¹¹¹³:
2261 3267 2399 3311 Qiazsub

1299 3313 1474 3341 conditione.
1496 3311 1529 3341 D.
1547 3312 1582 3340 de
1595 3311 1752 3340 condition.
1763 3310 1877 3338 institut.
1899 3307 1952 3336 Sed
1962 3309 1978 3334 si
1989 3305 2037 3334 sub
2048 3310 2224 3346 jurisjurandi
2233 3305 2400 3334 conditione

1302 3350 1334 3380 sit
1345 3351 1494 3385 institutus,
1506 3357 1553 3378 aut
1562 3349 1580 3378 si
1588 3350 1686 3377 decem
1698 3347 1808 3376 dederit
1820 3356 1827 3373 i
1849 3346 1902 3374 hoc
1910 3345 1956 3379 est,
1964 3343 2095 3372 alternata
2103 3343 2267 3372 conditione
2281 3352 2288 3372 :
2309 3350 2341 3372 ut
2350 3351 2400 3372 aut

1324 3397 1397 3417 areat
1410 3388 1583 3419 conditioni,
1609 3393 1656 3416 aut
1669 3387 1740 3421 juret
1750 3407 1756 3419 ,
1787 3386 1837 3413 &c
2117 3417 2123 3423 ‚
2149 3417 2154 3421 ,
2221 3417 2226 3423 ,
2317 3419 2323 3424 ,
2348 3419 2353 3424 ,
2375 3417 2385 3423 ,

1283 3426 1305 3456 A
1318 3430 1439 3455 ternatus
1448 3425 1598 3454 exdiversi‘s
1609 3424 1697 3453 rebus.
1719 3424 1783 3452 Sen.
1795 3419 1875 3458 Epist.
1893 3429 1938 3454 44.
1961 3417 2001 3447 Ex
2016 3416 2241 3455 splendidissimis
2250 3417 2401 3448 sordidissi-

1302 3465 1408 3502 misque
1422 3463 1554 3493 alternata
1573 3462 1661 3491 series.
1684 3461 1702 3490 i.
1724 3471 1746 3488 e.
1778 3457 1915 3487 Conserta.

1244 3507 1370 3537 ALTER
1381 3506 1520 3535 nmio,
1540 3501 1609 3530 onis.
1632 3499 1649 3528 f.
1672 3500 1689 3534 ξ
1701 3494 1830 3527 {mitads
1844 3495 1859 3529 ]
1886 3494 1934 3523 Per
1951 3493 2024 3521 vices
2032 3488 2172 3521 successio.
2195 3492 2296 3522 Festus.
2317 3493 2398 3536 Apul.

1286 3551 1328 3569 10.
1342 3539 1410 3569 Met.
1432 3549 1460 3577 p.
1474 3548 1537 3573 243·
1570 3534 1654 3566 Pedes
1669 3535 1779 3564 incertis
1799 3530 2026 3561 alternationibus
2043 3535 2230 3559 commovere.
2271 3530 2350 3560 ldein
2369 3541 2400 3559 in

1282 3578 1414 3615 Trismeg.
1435 3583 1462 3615 p.
1482 3587 1526 3612 95.
1556 3576 1633 3604 Ordo
1649 3577 1674 3602 ἃ
1689 3580 1798 3608 tenipus
1816 3569 2023 3598 innovationem
2039 3568 2167 3597 omnium
2184 3578 2277 3597 rerum
2294 3578 2354 3605 quae
2369 3569 2401 3598 in

1283 3616 1390 3645 mundo
1400 3615 1462 3644 sunt
1476 3623 1524 3652 per
1534 3611 1740 3642 alternationem
1751 3609 1863 3637 iaciunt.
1884 3606 1958 3635 cons.
1979 3605 2101 3648 Macrob.
2113 3616 2139 3648 J.
2154 3607 2261 3648 Saturn.
2281 3617 2303 3640 ς.

1280 3652 1473 3690 Jurisconsulti
1484 3662 1533 3689 pro
1544 3649 1735 3685 Disjunttione
1744 3645 1884 3682 usurpant,
1907 3653 1991 3682 quum
2001 3643 2182 3672 dieitiirillud
2194 3650 2242 3672 aut
2251 3643 2330 3672 illud.
2341 3644 2358 3672 l.
2373 3654 2399 3680 7.

1302 3693 1323 3729 ξ.
1336 3691 1521 3728 quodautffin.
1543 3687 1576 3716 D.
1589 3688 1624 3715 de
1634 3686 1714 3720 injur.
1727 3683 1742 3711 l.
1757 3693 1780 3711 2.
1796 3687 1816 3719 §—
1829 3692 1855 3711 2.
1879 3682 1909 3711 D.
1921 3681 1996 3719 quod
2007 3689 2072 3710 cert.
2085 3681 2149 3710 loco
2159 3681 2306 3719 Usurpatur
2316 3682 2402 3710 etiam

1306 3728 1456 3766 improprie
1475 3735 1525 3763 pro
1546 3733 1635 3753 reruni
1655 3720 1870 3758 complexione,
1903 3722 1930 3749 ἃ
1953 3718 2097 3748 ambarum
2119 3729 2209 3748 rerum
2229 3719 2403 3753 coniunctio-

1307 3776 1362 3797 ne:
1389 3775 1419 3794 ut
1433 3764 1450 3792 l.
1469 3774 1493 3798 9.
1524 3763 1556 3791 D.
1580 3756 1615 3790 de
1634 3760 1681 3788 ser.
1702 3765 1823 3795 corrupt.
1867 3758 1923 3794 Qui
1945 3766 2010 3785 curn
2027 3762 2160 3786 extraneo
2188 3757 2261 3794 agit,
2289 3756 2341 3785 sive
2362 3766 2403 3785 re-

1307 3805 1383 3841 cepit
1396 3825 1404 3836 ,
1426 3801 1478 3830 sive
1495 3800 1639 3836 corrupit,
1661 3806 1740 3834 agere
1758 3795 1866 3833 potest:
1889 3797 1935 3833 qui
1956 3804 2019 3823 cum
2041 3793 2115 3823 socio
2139 3795 2194 3823 sine
2211 3794 2403 3827 alternatione,

1307 3843 1361 3871 hoc
1372 3840 1427 3872 est,
1448 3844 1593 3867 extraneus
1608 3844 1724 3871 utroque
1742 3833 1804 3863 casu
1821 3839 1948 3868 tenetur,
1970 3831 2059 3861 socius
2077 3832 2131 3861 hoc
2143 3842 2199 3861 uno
2214 3832 2362 3866 duntaxat,
2384 3831 2404 3860 si

1307 3877 1438 3914 corrupit.
1470 3875 1583 3904 Hotom.

1252 3916 1298 3947 AL
1308 3926 1327 3945 τ
1337 3926 1350 3943 E
1360 3926 1374 3943 R
1385 3924 1404 3941 ixi
1415 3925 1431 3942 a
1441 3924 1461 3940 M
1470 3923 1483 3941 r
1494 3922 1512 3940 N
1523 3922 1568 3940 ‘ru
1578 3922 1599 3940 M
1608 3933 1615 3945 ,
1638 3910 1655 3938 ἰ.
1677 3918 1712 3944 n„
1727 3908 1816 3938 Idem.
1846 3906 1944 3938 Claud.
1965 3906 2093 3937 Mamert.
2110 3907 2145 3936 de
2156 3907 2234 3936 Statu
2246 3928 2254 3942 ,
2274 3906 2324 3935 An.
2341 3915 2365 3941 3.
2377 3911 2421 3951 8.Ι

1290 3954 1356 3984 Sine
1368 3952 1568 3981 alternamento
1579 3947 1718 3986 reciproci
1727 3947 1805 3976 aeris.
2294 3983 2309 3987 ὴ

2133 3982 2407 4015 ΛιτῑιΝΑτιΜ,
