2667 4145
219 53 283 116 38

222 149 256 179 Et
271 147 462 187 Quintilianus
478 146 622 185 postquam
645 150 676 174 ut
695 143 808 181 potuit,
829 139 957 183 defendit
980 136 1151 178 Lucilium-a
1166 140 1234 163 nota
1251 132 1380 169 Horatii,

221 189 266 224 qui
282 196 346 216 eum
363 185 449 214 fluere
464 184 633 216 lutulentum
645 182 765 215 dixerat,
781 178 1023 221 perfectioremeo
1031 173 1179 203 Horatium
1192 171 1302 214 fatetur,
1313 180 1380 201 cum

223 225 311 259 dicit3
346 225 437 253 Multo
458 223 495 251 est
514 221 607 250 tersior
623 230 654 248 ac
679 227 765 256 purus
787 225 876 251 magis
898 214 1035 242 Horatius.
1074 209 1155 238 Hanc
1179 208 1381 246 perfec‘tionem

357 260 445 290 uintil.
465 261 511 288 dat
527 258 662 291 Tibullo,
683 256 801 289 diceris3
834 251 934 281 Tersus
951 255 1033 285 atque
1055 247 1169 282 elegans
1193 246 1302 276 videtur
1326 246 1381 276 esse

223 264 299 292 idem
329 262 360 297 Q
803 292 808 297 ,
963 286 968 292 .
1129 284 1134 289 .
1171 284 1175 289 ,
1191 284 1196 289 .

222 300 369 332 Tibullus,
399 298 459 326 sunt
477 297 522 333 qui
548 295 718 332 Propertium
744 291 850 321 malint.
909 288 942 316 Et
961 285 1028 314 inde
1047 284 1083 312 de
1103 283 1217 321 Virgilio
1232 283 1352 321 loquens
1370 305 1380 320 ‚

224 337 260 368 Ut
274 338 313 366 illi
331 343 431 365 natuiae
444 333 548 363 coelesti
566 339 649 369 atque
661 327 810 360 immortali
828 324 1002 357 cesserimu5‚
1023 322 1060 350 ita
1079 330 1152 351 curae
1167 323 1192 351 ἃ
1215 321 1378 365 diligentiae.

223 378 249 405 ἅ
262 374 353 404 subdit
366 395 374 408 ‚
396 373 492 401 Caeteri
508 371 590 408 longe
608 369 763 405 sequentur.
803 364 838 394 Et
853 363 888 391 de
904 361 1058 394 Cicerone,
1079 358 1142 388 Nec
1163 368 1229 388 vero
1250 360 1326 403 quod
1350 368 1380 388 m

223 422 333 450 quoque
349 410 487 448 optimum
504 409 556 438 fuit
567 429 575 443 ,
592 407 683 436 studio
700 402 864 434 consecutus
883 398 1052 441 estnta'ntum
1064 417 1072 431 ,
1091 395 1140 440 sed
1157 396 1209 440 ‘vel
1249 396 1380 433 lurimas,

222 456 270 479 aut
297 449 387 485 potius
403 450 519 480 omnes,
549 452 583 475 ex
605 442 693 480 seipso
711 441 827 470 virtutes
846 434 1135 479 extulit-immortalis
1154 434 1203 465 illa
1238 435 1330 472 ngenii
1354 436 1382 465 &

222 486 375 517 beatissima
402 485 521 514 ubertas.
540 485 566 512 δι
585 481 696 514 subdit,
724 478 761 506 Ut
777 484 833 504 non
846 474 971 502 hominis
992 482 1117 507 nomen,
1147 472 1194 502 sed
1214 472 1382 508 eloquentiae

222 525 354 554 videatur.
394 522 428 552 Et
450 521 485 551 de
511 519 634 554 Caesare,
652 516 727 554 quod
758 513 884 550 perfecte
898 511 1059 548 loqueretur
1075 532 1083 545 ,
1105 510 1204 540 Cicero
1226 511 1253 538 in
1275 511 1378 545 Brut03

179 588 181 590 ,
223 562 309 591 Caesar
330 561 425 591 Latine
450 558 615 596 loquebatur
631 550 850 590 elegantiffime,
871 558 926 579 nec
942 548 972 578 id
991 547 1081 577 solum
1097 548 1248 578 domestica
1268 547 1382 577 consue-

222 601 319 629 tudine
359 606 453 627 tamen
474 602 505 625 ut
522 594 590 624 esset
605 591 729 630 perfecta
748 588 795 617 illa
820 587 893 616 bene
911 584 1046 624 loquendi
1060 585 1140 620 laus,
1161 584 1257 616 multis
1281 584 1380 621 literis,

223 639 248 667 ἃ
263 638 294 666 iis
306 621 419 675 qt'iidem
439 632 589 662 reconditis
607 632 634 659 Sc
653 626 810 664 exquisitis,
838 625 946 654 summo
960 625 1050 653 studio
1064 625 1090 653 ἃ
1100 624 1245 660 diligentia
1256 625 1293 653 eil:
1313 633 1381 652 con·

219 675 338 705 secutus.
359 674 420 703 Erat
432 678 577 709 propterea
596 664 757 695 Hortensius
776 665 821 698 (ut
832 663 923 699 inquit
936 662 1049 696 Cicero)
1069 662 1218 691 verborum
1230 660 1380 698 splendore

220 713 339 748 elegans.
396 710 476 739 Erant
491 709 519 736 in
537 704 566 736 L.
588 704 730 740 Torquato
750 700 877 739 plurimae
896 701 1004 735 literae,
1025 709 1082 728 non
1101 699 1143 728 hae
1166 700 1310 736 vulgares,
1332 699 1380 728 sed

219 749 363 781 interiores
384 749 409 777 ἃ
430 743 598 777 reconditae,
621 740 647 771 Bt
665 737 775 770 summa
789 735 936 768 verborum
953 738 1071 774 gravitas
1085 758 1093 771 ,
1115 737 1140 765 ἂι
1157 732 1304 774 elegantia.
1346 736 1375 766 L.

219 787 360 818 Domitius
376 784 452 814 nul'a
465 783 581 820 quidem
600 785 660 808 arte
672 800 680 813 ,
700 777 747 807 sed
765 775 866 806 Latine
882 775 1004 805 dicebat.
1044 774 1108 804 Erat
1128 772 1219 804 Pisoni
1231 774 1379 804 verborum

219 826 344 855 deledtus
367 823 486 855 elegans.
525 819 558 848 In
589 817 629 847 M.
660 815 780 845 Claudio
805 821 898 844 autem
915 813 1033 843 verbum
1052 812 1181 847 nullum,
1201 819 1249 841 aut
1266 813 1377 853 durum,

218 871 265 892 aut
281 861 400 891 insolens
409 855 424 892 ζ
438 864 485 886 aut
493 854 619 889 humile,
644 853 730 883 autin
743 852 852 890 longius
872 851 997 881 ductum.
1035 850 1186 880 Marcellus
1197 850 1273 879 lectis
1286 850 1377 879 verbis

216 900 356 931 utebatur.
396 896 472 932 Quid
487 894 579 932 plures
589 892 677 923 aetatis
695 891 778 927 hujus
793 899 880 919 coner
894 895 1028 927 praeterea
1049 888 1237 925 conquirere?
1259 893 1377 925 quorum

215 938 331 968 nomina
346 933 606 964 urdoffiffimorum
623 931 745 959 virorum
756 927 851 958 multis
869 928 898 956 in
918 927 988 957 locis
999 932 1201 956 connumerata
1220 925 1378 963 comperire

215 975 385 1014 poterimus:
407 971 507 1009 scripta
530 975 642 1004 autem,
665 974 730 996 cum
747 966 799 995 sint
820 966 953 995 vetustate
974 964 1087 999 deleta,
1109 963 1245 1000 nusquam
1257 964 1377 1000 reperie-

213 1022 285 1043 mus.
308 1011 374 1048 quin
391 1010 482 1048 potius
492 1008 555 1042 ejus
571 1006 706 1044 temporis
727 1014 760 1033 ea
773 1003 944 1041 proferamus
955 1024 963 1038 ‚
983 1010 1103 1039 quorum
1114 1007 1297 1030 monumenta
1309 1010 1377 1036 quo-

212 1051 282 1081 tidie
300 1050 329 1078 in
342 1047 470 1077 manibus
484 1045 644 1077 versantur„
682 1042 754 1079 Lege
769 1041 922 1070 multorum
939 1039 1069 1078 epistolas
1087 1060 1096 1074 ,
1144 1046 1185 1068 uae
1204 1040 1277 1068 inter
1297 1038 1376 1067 Cice-

213 1089 289 1119 ronis
310 1085 440 1125 epistolas
464 1084 612 1121 leguntur,
638 1087 676 1110 ,ut
697 1080 787 1110 Servii
806 1079 939 1115 Sulpitii,
968 1078 1009 1107 M.
1028 1075 1133 1107 Marcel
1148 1077 1173 1112 i,
1204 1077 1239 1112 Q.
1265 1075 1376 1120 Metelli

212 1125 340 1159 Celeris,
360 1124 396 1160 Q.
421 1124 488 1152 item
504 1120 612 1151 Metelli
635 1119 773 1156 Nepotis,
803 1117 830 1146 P.
843 1117 959 1150 Vatinii,
988 1115 1017 1145 L.
1039 1115 1155 1149 Luceii,
1196 1114 1235 1143 Μ.
1259 1113 1375 1142 Bithinir

211 1163 357 1196 Curionis,
380 1161 419 1192 M.
433 1160 527 1194 Caelii,
550 1156 720 1190 Dolabellae,
748 1155 800 1185 Gn.
813 1154 922 1187 Planci,
942 1152 1056 1187 Galbae,
1078 1152 1109 1182 C.
1123 1151 1206 1181 Asinii
1224 1151 1374 1188 Pollionis,

210 1202 252 1233 M.
274 1199 388 1239 Lepidi,
420 1200 450 1228 A.
471 1197 608 1227 Caecinnae
625 1217 634 1230 ,
668 1192 747 1223 Decii
769 1192 862 1227 Bruti,
901 1191 941 1221 M.
958 1191 1027 1220 item
1046 1189 1142 1224 Bruti,
1163 1189 1195 1218 C.
1212 1189 1293 1218 Cassii
1310 1210 1318 1223 ,
1341 1185 1374 1218 C.

212 1239 315 1274 Marii,
338 1238 364 1267 P.
374 1235 504 1270 Lentuli,
525 1232 683 1267 Trebonii,
705 1231 745 1261 M.
765 1225 897 1264 Catonis,
917 1228 948 1258 C.
961 1227 1093 1262 Caesaris,
1114 1227 1175 1271 Qm
1184 1227 1320 1264 Pompeii,
1334 1227 1372 1262 Q.

211 1277 355 1308 Ciceronis
369 1274 431 1310 iiiii,
447 1272 570 1303 Cornelii
582 1270 670 1302 Balbi,
683 1269 789 1307 Oppii,
810 1267 899 1297 Hircii
909 1288 916 1301 ,
928 1275 1013 1304 quos,
1035 1268 1060 1295 δι
1071 1273 1145 1302 pene
1166 1264 1292 1308 infinitos
1302 1265 1377 1296 alios,

212 1313 411 1345 eruditissimos
427 1313 502 1340 viros
519 1307 710 1339 florentissima
730 1307 790 1335 haec
813 1305 956 1335 Ciceronis
970 1311 1035 1333 aetas
1048 1302 1158 1332 effudit.
1180 1303 1258 1332 dicas
1275 1310 1304 1331 in
1321 1303 1373 1331 hac

210 1352 268 1383 sola
287 1350 370 1381 inesse
387 1349 498 1379 succum
515 1347 612 1380 illum,
633 1347 660 1376 ἃ
674 1344 746 1382 quasi
770 1342 933 1380 sanguinem
956 1342 1126 1378 incorruptae
1146 1340 1318 1370 Latinitatis:
1340 1349 1373 1368 ac

209 1401 269 1421 non
280 1391 405 1420 fucatum
417 1409 425 1423 ,
445 1386 492 1416 sed
507 1384 661 1414 naturalem
675 1382 814 1419 quendam
830 1380 997 1418 eloquentiae
1010 1381 1101 1408 nitere
1116 1379 1269 1408 candorem
1281 1399 1289 1412 ,
1310 1378 1372 1415 pari

211 1427 417 1468 propemodum
429 1424 535 1462 ingenii
551 1422 684 1452 felicitate
694 1442 702 1454 ,
723 1421 748 1450 &
761 1418 908 1448 verborum
921 1418 1076 1455 elegantia:
1098 1423 1130 1446 ut
1145 1416 1164 1445 si
1179 1416 1277 1445 titulos
1294 1416 1372 1444 dem-

209 1467 311 1506 pseris,
334 1465 394 1494 illas
413 1472 470 1492 non
490 1460 571 1491 facile.
583 1470 598 1489 a
610 1458 756 1489 Ciceronis
775 1456 898 1494 epistolis
917 1454 1096 1485 internoscas.
1136 1450 1372 1497 Quod-praeclare

211 1503 360 1535 Cornelius
373 1502 486 1532 Tacitus
496 1500 531 1528 de
546 1496 631 1528 Claris
641 1495 796 1526 oratoribus
808 1516 816 1530 ‚
836 1493 1020 1530 comprobat,
1041 1496 1105 1522 curn
1116 1492 1195 1526 dicit,
1208 1492 1286 1521 Sicut
1295 1490 1373 1528 apud

209 1552 263 1574 nos
287 1541 387 1570 Cicero
407 1538 521 1576 quidem
540 1542 653 1566 caeteros
672 1533 826 1563 eorundem
842 1537 1002 1569 temporum
1020 1530 1136 1560 disertos
1153 1528 1314 1564 antecessit,
1335 1528 1373 1558 sro

212 1579 313 1611 Calvus
328 1580 354 1608 &
372 1578 476 1607 Asinius
489 1599 497 1610 ,
519 1576 545 1605 St
560 1573 649 1603 Caesar
660 1573 690 1602 ’δε
704 1572 820 1605 Brutus,
841 1570 903 1607 jure
921 1568 1061 1607 prioribus
1077 1569 1104 1599 &
1121 1567 1302 1605 sequentibus
1324 1574 1372 1595 an-

211 1623 394 1656 teponuntur.
433 1614 494 1644 Nec
513 1613 598 1642 refert
638 1609 695 1639 uod
712 1610 785 1638 inter
815 1607 843 1637 se
867 1607 958 1645 specie
978 1605 1131 1640 differant,
1181 1614 1249 1634 uum
1271 1611 1373 1642 genere

211 1655 395 1687 consentiant.
416 1657 445 1682 at
469 1650 601 1681 astric‘tior
642 1648 738 1682 alvus,
759 1644 931 1675 numerosior
949 1641 1068 1679 Asinius,
1089 1642 1169 1681 splen
1191 1643 1254 1672 idor
1275 1641 1372 1678 Caesar,

210 1694 330 1724 amarior
359 1690 478 1725 Caelius,
507 1688 615 1726 gravior
641 1686 758 1719 Brutus,
790 1682 985 1713 vehementior
1004 1684 1031 1712 ἃ
1055 1680 1166 1719 plenior
1186 1681 1214 1711 δι
1236 1680 1374 1710 valentior

211 1732 320 1762 cicero.
335 1731 341 1736 ”
362 1729 468 1758 Omnes
486 1733 580 1756 tamen
593 1724 712 1754 eandem
729 1722 901 1751 sanctitatem
914 1720 1084 1757 eloquentiae
1096 1719 1208 1754 ferunt,
1228 1727 1259 1748 ut
1275 1718 1295 1747 si
1314 1725 1374 1746 orn-

211 1771 291 1800 nium
317 1767 418 1806 pariter
440 1765 527 1794 libros
552 1764 580 1792 in
602 1770 716 1791 manum
736 1758 902 1797 sumpseris,
922 1758 1052 1793 fatearis,
1070 1757 1198 1794 ¹quamvis
1217 1756 1247 1785 in
1261 1755 1374 1785 diversis

211 1807 331 1844 ingeniis
343 1827 351 1840 ,
370 1804 425 1834 esse
441 1801 577 1840 quandam
588 1799 686 1836 judicii
698 1808 731 1828 ac
741 1797 891 1827 voluminis
901 1796 1113 1826 similitudinem
1128 1796 1153 1824 ἃ
1163 1794 1373 1832 cognationem.

247 1845 303 1874 Sed
322 1844 378 1879 jam
397 1842 432 1870 de
452 1840 616 1877 imperfecto
627 1860 636 1873 ,
657 1839 684 1867 ὁὶ
702 1842 834 1873 corrupto
844 1831 954 1872 potius,
974 1843 1008 1864 ac
1018 1832 1117 1863 vitioso
1128 1838 1256 1871 tempore
1270 1838 1300 1862 ut
1310 1839 1375 1869 pro-

211 1881 372 1922 posuimus,
393 1879 497 1915 aliquid
514 1876 670 1907 asseramus.
711 1874 812 1904 Secuta
831 1872 892 1910 post
910 1878 1020 1902 aetatem
1039 1871 1186 1901 Ciceronis
1204 1870 1259 1899 alia
1277 1870 1374 1898 dotto.

212 1930 273 1950 rum
292 1927 357 1948 artas
368 1940 377 1953 ,
398 1917 459 1946 satis
468 1915 514 1945 vel
531 1923 629 1944 eorum
644 1912 758 1951 proprio
772 1910 932 1940 testimonio
949 1910 1102 1945 indicavit,
1118 1917 1176 1937 non
1188 1907 1278 1937 solum
1288 1914 1376 1943 quan-

209 1965 271 1988 tum
291 1967 305 1986 a
325 1955 473 1985 cacumine
490 1954 518 1983 vtic
533 1952 637 1989 fastigio
651 1950 834 1988 praecedentis
844 1949 931 1977 aetatis
949 1947 1087 1977 abfuerit:
1109 1951 1206 1976 verum
1217 1946 1301 1975 etiam
1312 1952 1373 1974 mu-

212 2002 271 2026 tato
289 1994 404 2024 dicendi
422 2000 539 2030 genere,
560 1992 586 2020 δι
602 1988 762 2026 eloquentia
783 1987 861 2016 omni
877 1994 966 2024 prope
986 1986 1014 2014 in
1037 1983 1192 2014 barbariem
1214 1983 1310 2018 versa,
1339 1981 1376 2012 ad

212 2035 302 2064 imum
320 2031 438 2062 celerius
456 2029 571 2067 quidem
586 2036 669 2064 quam
683 2025 844 2056 ascenderat
855 2046 862 2058 ‚
884 2023 1052 2061 properavit.
1092 2022 1179 2058 Quod
1191 2028 1222 2051 ut
1240 2020 1303 2050 luce
1321 2020 1376 2050 cla-

211 2073 268 2102 rius
283 2070 408 2099 videatur
421 2090 428 2103 ,
449 2074 537 2105 pauca
551 2074 610 2103 quae
625 2070 660 2094 ex
674 2063 768 2093 multis
781 2062 926 2092 brevitatis
943 2060 1022 2091 causa
1045 2057 1148 2097 collegi
1161 2081 1169 2094 ,
1187 2059 1291 2088 labenti
1301 2058 1374 2095 stylo

209 2108 298 2140 veluti
313 2108 436 2144 quodam
456 2105 574 2134 inducto
591 2103 676 2132 fraeno
693 2101 864 2131 subnectam.
904 2099 1010 2129 Seneca
1030 2098 1059 2127 in
1076 2098 1195 2136 prologo
1211 2097 1310 2135 primae
1327 2096 1375 2125 de-

211 2145 388 2178 clamationis
401 2167 408 2179 ,
431 2143 466 2172 Ut
478 2141 584 2179 possitis
598 2163 607 2176 ,
626 2140 736 2177 inquit,
757 2140 889 2168 aestimare
909 2143 1043 2174 quantum
1061 2136 1187 2173 quotidie
1200 2135 1312 2173 ingenia
1327 2134 1376 2163 de-

212 2184 351 2214 crescant:
373 2183 397 2212 &
414 2180 507 2210 nescio
523 2185 576 2216 qua
591 2178 736 2215 iniquitate
747 2178 774 2206 ἃ
790 2177 825 2205 ad
843 2175 947 2205 malum
963 2174 1102 2213 pronitate
1116 2180 1221 2202 naturae
1242 2172 1376 2209 eloquen-

213 2223 251 2252 tia
271 2222 297 2250 se
318 2226 391 2250 retro
413 2219 517 2248 tulerit.
563 2216 707 2252 Quicquid
725 2214 809 2244 habet
833 2213 959 2243 Romana
975 2211 1125 2246 facundia,
1147 2210 1223 2248 quod
1243 2210 1375 2240 insolenti

213 2260 325 2290 Graeciae
344 2265 392 2287 aut
407 2261 553 2294 opponat,
583 2259 630 2285 aut
642 2253 786 2291 pra-serat,
808 2251 880 2281 circa
901 2251 1069 2279 Ciceronem
1090 2249 1221 2278 effloruit.
1268 2248 1375 2277 Omnia

211 2297 333 2336 ingenia,
353 2301 413 2332 quae
427 2295 518 2323 lucem
538 2291 635 2321 nostris
653 2291 749 2320 studiis
769 2290 942 2323 attulerunt,
963 2296 1031 2317 tune
1053 2294 1117 2317 nata
1135 2285 1207 2316 sunt.
1243 2284 1280 2331 ‚1¹¹
1296 2287 1375 2315 dete.

212 2337 268 2365 rius
279 2334 404 2371 quotidie
420 2333 484 2361 data
496 2340 538 2360 res
549 2330 606 2363 est,
627 2334 659 2358 ut
677 2328 711 2357 ad
734 2327 874 2357 summum
897 2326 1052 2364 perducta,
1072 2323 1162 2354 rursus
1183 2324 1218 2353 ad
1243 2321 1373 2353 infimum

212 2373 337 2404 velocius
354 2371 467 2407 quidem
484 2375 565 2405 quam
584 2366 760 2401 ascenderat,
780 2364 925 2394 relabatur.
977 2362 1064 2399 Quod
1082 2363 1166 2391 etiam
1183 2361 1298 2391 affirmat
1315 2362 1374 2391 Sta-

212 2411 269 2441 tius
288 2411 316 2438 in
334 2408 447 2446 epistola
468 2406 613 2443 Sylvarum
630 2403 759 2438 suarum,
781 2403 900 2432 dicens:
930 2400 1053 2432 Manlius
1074 2407 1149 2430 certe
1175 2399 1308 2442 Vopiscus
1332 2400 1375 2428 vir

212 2447 429 2480 eruditissimus,
451 2446 497 2482 qui
510 2444 662 2472 vindicata
681 2442 730 2471 situ
748 2441 840 2470 literas
854 2441 910 2477 jam
926 2448 999 2478 pene
1016 2439 1166 2476 fugientes.
1208 2435 1372 2480 EtQumtil.

212 2487 353 2519 Dicendi,
373 2484 482 2518 inquit,
503 2481 670 2510 mutavimus
686 2487 788 2517 genus,
811 2479 836 2508 ἃ
855 2477 925 2508 ultra
945 2477 1027 2506 nobis
1044 2484 1127 2514 quarn
1154 2476 1312 2513 oportebat,
1331 2483 1374 2503 in-

213 2523 355 2553 dulsimus.
407 2521 440 2551 Et
451 2519 539 2549 alibi:
569 2518 647 2555 Quid
669 2516 781 2547 multa?
802 2521 879 2545 totus
897 2524 985 2554 prope
1004 2521 1127 2544 mutatus
1142 2513 1180 2542 est
1199 2513 1297 2542 sermo.
1340 2513 1374 2542 Et

212 2562 366 2592 Diomedes
385 2558 586 2589 Grammaticus
604 2556 677 2585 hanc
697 2555 838 2584 literarum
868 2553 1004 2583 bonarum
1022 2552 1095 2590 quali
1111 2552 1220 2581 ruinam
1239 2551 1373 2586 testatur,

194 2608 276 2629 ‘cum
293 2599 377 2628 dicit:
409 2597 506 2631 iniecit
536 2594 644 2632 postera
675 2599 739 2623 aetas
759 2601 872 2622 manum
895 2593 921 2622 δι
943 2590 1031 2622 veluti
1065 2589 1242 2628 disciplinam
1266 2588 1373 2626 pristini

211 2636 315 2671 seculi,
338 2637 374 2665 ita
391 2634 545 2663 sermonem
562 2631 681 2661 fastidire
703 2631 792 2668 ccepit
805 2651 814 2665 ,
836 2631 862 2660 &
880 2638 952 2659 nova
968 2627 1054 2658 veluti
1074 2628 1208 2665 parturire
1222 2627 1316 2656 verba.
1340 2626 1374 2655 Et

210 2675 277 2704 alibi
296 2674 367 2712 quasi
385 2679 449 2702 ante
469 2671 566 2701 oculos
585 2669 666 2707 ponit
683 2678 739 2697 non
757 2667 847 2697 solum
874 2666 1117 2705 imperfectionem
1136 2665 1176 2695 sui
1191 2664 1297 2699 seculi,
1323 2663 1373 2693 sed

210 2713 296 2743 etiam
315 2711 398 2740 nostri
413 2732 420 2745 ,
442 2710 509 2738 dum
528 2709 584 2737 ait:
607 2706 682 2743 Quid
697 2706 772 2743 quod
786 2704 857 2734 nihil
874 2705 932 2741 iam
948 2704 1093 2743 proprium
1113 2702 1224 2740 placet,
1244 2702 1311 2731 dum
1325 2710 1373 2739 pa-

210 2760 271 2780 rum
286 2749 408 2779 creditur
423 2747 552 2776 disertum
565 2744 641 2782 quod
655 2744 725 2774 alius
738 2743 863 2773 dixerit‘?
883 2745 905 2773 A
922 2741 1126 2780 corruptissimo
1148 2747 1259 2784 quoque
1277 2742 1377 2783 poeta»

210 2798 272 2818 rum
288 2787 387 2822 figuras
398 2785 444 2815 seu
461 2783 656 2815 translationes
668 2788 843 2816 mutuamur,
864 2786 923 2810 tum
934 2780 1051 2810 demum
1064 2778 1200 2815 ingeniosi
1211 2800 1219 2812 ,
1239 2778 1258 2806 si
1279 2778 1312 2806 ad
1333 2787 1375 2806 in-

211 2822 380 2863 telligendos
394 2833 446 2853 nos
458 2831 529 2860 opus
546 2822 578 2851 sit
597 2820 711 2849 demum
729 2819 852 2856 ingenio.
892 2818 927 2847 Et
947 2817 1030 2848 Aulus
1048 2816 1173 2846 Gellius:
1195 2815 1375 2845 Animadver-

212 2871 270 2893 tere
283 2863 320 2892 est
331 2862 460 2899 pleraque
476 2860 624 2889 verborum
637 2857 797 2887 Latinorum
808 2865 844 2885 ex
858 2865 889 2885 ea
900 2854 1099 2893 significatione
1111 2875 1119 2889 ,
1130 2854 1159 2882 in
1169 2862 1223 2892 qua
1231 2860 1294 2896 nata
1303 2853 1374 2889 sunt,

213 2901 352 2930 decessisse
366 2921 374 2936 ‚
395 2899 439 2929 vel
452 2899 480 2927 in
492 2898 574 2927 aliam
583 2895 686 2932 longe,
706 2894 750 2924 vel
762 2895 790 2923 in
805 2895 963 2932 proximam
975 2915 983 2927 ,
1002 2901 1123 2929 eamque
1141 2890 1328 2921 decesslonem
1337 2891 1376 2920 fa-

213 2940 284 2968 ctam
295 2939 349 2967 effe
362 2935 563 2966 consuetudine
575 2936 600 2963 ἃ
618 2932 725 2962 inscitia
741 2937 847 2962 temere
871 2931 1026 2961 dicentium
1039 2951 1046 2964 ,
1068 2938 1128 2967 quae
1145 2928 1301 2966 cujusmodi
1313 2928 1374 2964 sint,

213 2986 270 3005 non
290 2977 458 3005 didicerunt.
498 2971 644 3002 Cornelius
667 2980 732 2999 vero
747 2970 861 2999 Tacitus
882 2969 912 2998 in
929 2978 963 2998 eo
986 2967 1085 2997 libello
1098 2988 1106 3002 ‚
1128 2975 1212 3004 quam
1232 2967 1268 2996 de
1285 2966 1375 2996 Claris

214 3014 366 3043 oratoribus
387 3011 506 3050 scripsit,
526 3011 586 3040 liaec
600 3009 694 3038 omnia
711 3008 792 3036 latius
810 3005 981 3045 persequitur
992 3028 1001 3041 ,
1022 3009 1086 3035 cum
1100 3005 1129 3034 in
1140 3004 1251 3042 dialogo
1268 3004 1373 3034 Mater-

214 3061 281 3081 num
294 3056 460 3087 quaerentem
473 3049 602 3078 inducit:
625 3046 755 3084 Exprime
768 3066 776 3080 ,
796 3045 908 3082 inquit,
929 3044 1058 3074 Materne
1070 3042 1162 3073 causas
1174 3064 1182 3076 ,
1203 3052 1253 3072 cur
1264 3047 1375 3071 tantum

216 3089 251 3118 ab
271 3088 427 3125 eloquentia
448 3094 545 3117 eorum
565 3083 772 3118 recesserimus,
791 3091 858 3112 cum
883 3081 1033 3120 praesertim
1046 3086 1160 3111 centum
1172 3080 1270 3117 viginti
1286 3089 1376 3109 annos

216 3125 251 3155 ab
271 3126 382 3154 interitu
395 3126 539 3155 Ciceronis
553 3124 582 3152 in
594 3123 670 3153 hunc
694 3121 770 3151 diem
789 3119 862 3150 effici
885 3120 956 3149 ratio
972 3126 1130 3156 temporum
1144 3118 1305 3155 ,collegerit
1340 3117 1375 3147 Et

214 3163 324 3192 subdit:
347 3163 416 3199 Quis
431 3163 504 3192 enim
522 3163 632 3200 ignorat
649 3158 838 3196 eloquentiam
850 3179 858 3192 ,
880 3159 1026 3187 &caetcras
1040 3162 1112 3186 artes
1125 3155 1267 3186 descivisse
1281 3155 1315 3184 ab
1327 3155 1376 3184 ista

216 3209 310 3230 vetere
330 3200 415 3236 gloria
427 3222 435 3234 ,
456 3209 512 3228 non
525 3199 620 3236 inopia
630 3198 777 3227 hominum
788 3218 797 3231 ,
817 3194 864 3225 sed
877 3194 982 3225 desidia
998 3194 1152 3230 juventutis
1165 3215 1173 3227 ,
1194 3195 1220 3223 ἂ
1232 3193 1373 3230 negligen-

215 3239 253 3267 tia
288 3244 430 3271 arentum,
451 3239 477 3267 &
491 3237 597 3266 inscitia
606 3231 847 3274 praecipientium,
870 3230 1051 3263 &oblivione
1061 3231 1280 3267 morisantiqui‘?
1300 3229 1373 3267 Quae

216 3285 260 3305 ma
274 3285 288 3304 a
317 3275 435 3312 primum
460 3275 488 3303 in
506 3275 573 3304 urbe
601 3279 665 3303 nata
680 3294 688 3307 ,
715 3281 783 3301 mox
799 3280 848 3309 per
861 3269 969 3300 Italiam
986 3269 1061 3305 fusa,
1081 3270 1138 3305 jam
1164 3270 1194 3298 in
1217 3268 1373 3305 provincias

214 3320 338 3342 manant.
379 3312 464 3349 Quod
483 3313 552 3341 adeo
570 3311 718 3349 negligitur
729 3309 762 3339 ab
772 3309 873 3338 horum
884 3315 1042 3344 temporum
1057 3306 1164 3336 disertis
1176 3327 1184 3342 ,
1207 3306 1274 3336 utin
1286 3306 1372 3335 aetio-

216 3351 299 3381 nibus
316 3359 430 3384 eorum,
460 3350 487 3378 in
504 3359 615 3386 quoque
643 3348 727 3378 verbo
753 3346 909 3383 quotidiani
934 3345 1067 3375 sermonis
1087 3344 1164 3374 foeda
1188 3353 1222 3373 ac
1241 3344 1375 3381 pudenda

216 3388 286 3417 vitia
302 3387 552 3424 deprehendantur.
587 3386 618 3416 Et
636 3386 745 3415 subdit:
767 3383 805 3414 Ut
830 3384 859 3413 in
881 3382 1057 3422 paucissimos
1075 3381 1185 3417 sensus,
1207 3382 1233 3411 δι
1250 3381 1375 3418 angustas

215 3425 364 3456 sententias
381 3424 530 3453 detrudant
547 3423 734 3460 eloquentiam
745 3444 753 3458 ,
762 3422 839 3451 velut
852 3421 996 3459 expulsam
1007 3424 1094 3457 regno
1104 3419 1169 3449 suo:
1184 3425 1215 3448 ut
1230 3428 1291 3456 quae
1303 3418 1372 3447 olim

218 3464 344 3492 omnium
353 3463 452 3491 artium
464 3483 471 3495 ,
493 3468 523 3490 ut
533 3462 631 3490 dicunt
646 3461 832 3497 pulcherrimo
852 3460 985 3489 comitatu
1001 3459 1114 3495 pectora
1128 3456 1273 3494 implebat,
1297 3461 1374 3485 nunc

217 3499 367 3530 circuncisa
387 3501 412 3528 &
429 3504 589 3541 amputata,
611 3498 666 3527 sine
682 3505 812 3535 apparatu
825 3519 834 3532 ,
855 3496 911 3526 sine
936 3496 1045 3525 honore
1062 3504 1137 3532 pene
1157 3494 1296 3528 dixerim,
1317 3494 1374 3523 sine

213 3538 396 3575 ingenuitate,
415 3538 487 3572 quasi
502 3546 554 3565 una
571 3545 605 3564 ex
614 3535 801 3565 sordidiffimis
810 3535 913 3564 artibus
925 3533 1053 3563 discatur.
1089 3531 1161 3570 Ergo
1169 3532 1243 3561 hanc
1254 3533 1372 3569 primam

219 3576 245 3605 δι
260 3576 426 3611 praecipuam
444 3573 551 3603 causam
571 3574 735 3602 arbitramur
748 3595 756 3607 ,
777 3579 942 3602 cui-tantum
953 3571 987 3601 ab
1006 3569 1372 3606 eloquentiarecesserinius.

214 3611 460 3649 Imperfectionem
485 3612 568 3640 etiam
588 3608 626 3639 sui
646 3611 778 3647 temporis
795 3611 908 3640 testatur
929 3609 1032 3638 Plinius
1055 3609 1084 3636 in
1103 3607 1220 3645 epistola
1241 3607 1376 3636 naturalis

214 3650 346 3679 historice.
367 3659 430 3677 cum
454 3649 537 3677 libros
555 3648 617 3676 suos
645 3648 778 3685 respersos
806 3648 860 3677 esse
882 3647 999 3677 affirmat
1018 3645 1200 3684 plurimarum
1218 3654 1309 3674 rerum
1327 3651 1375 3673 aut

213 3688 318 3716 rusticis
342 3685 483 3715 vocalibus
492 3708 498 3719 ,
514 3693 560 3714 aut
571 3686 693 3714 externis
705 3707 711 3718 ,
724 3686 780 3713 imo
792 3685 913 3714 barbaris
924 3707 931 3720 ,
949 3693 1006 3713 non
1017 3683 1075 3712 sine
1086 3684 1199 3712 honoris
1209 3683 1374 3720 praefatione

216 3724 364 3762 ponendis.
407 3723 440 3752 Et
457 3730 486 3751 ut
507 3733 554 3758 per
567 3723 664 3759 gradus
683 3723 717 3750 ad
733 3723 868 3752 summurn
888 3723 1049 3752 ascenderat
1065 3720 1243 3758 eloquentia,
1265 3720 1302 3749 sic
1312 3724 1374 3748 earn

236 3772 264 3791 er
277 3762 375 3798 gradus
397 3761 432 3788 ad
453 3761 538 3789 imum
557 3758 726 3788 descendisse
737 3759 887 3789 videamus.
932 3760 1090 3789 Macrobius
1100 3759 1318 3796 etiamtempora
1329 3757 1375 3786 sua

213 3771 267 3829 iiac
286 3798 496 3836 imperfecftione
516 3798 616 3826 infesta
633 3796 767 3834 significat
782 3818 790 3831 ,
810 3805 873 3826 curn
883 3798 969 3832 dicit,
986 3797 1122 3830 Petitum,
1139 3797 1374 3833 impetratumque

214 3836 344 3868 volumus
353 3857 363 3872 ,
383 3841 414 3864 ut
426 3836 499 3871 aqui
510 3835 631 3872 bonique
640 3834 804 3870 consulant,
823 3834 843 3864 fi
861 3835 892 3864 in
902 3835 994 3864 nostro
1010 3834 1140 3865 sermone
1150 3833 1243 3866 nativa
1251 3830 1376 3868 Romani

695 32 1252 94 EPISTOLA
1348 30 1825 84 ADRIANI

1897 31 2097 83 Cardin.

1439 134 1496 162 oris
1512 133 1648 171 elegantia
1667 134 1846 164 desideretur.
1888 134 2021 172 Apuleius
2036 139 2129 163 autem
2140 154 2149 168 ‚
2170 136 2253 169 quem
2267 130 2350 161 nostri
2366 131 2499 169 temporis
2510 128 2601 169 magis

1436 172 1537 201 uuriosi
1549 193 1556 206 ‚
1578 180 1660 207 quam
1681 172 1783 201 eruditi
1796 172 1872 209 sequi
1886 173 1911 201 δι
1927 171 2051 201 'temulari
2070 171 2201 205 student,
2228 169 2258 198 in
2274 169 2414 206 principio
2427 170 2518 205 operis
2538 169 2598 205 sui,

1439 209 1551 238 Latinas
1572 209 1664 238 literas
1683 210 1809 245 ignorare
1830 210 1858 239 se
1881 210 1992 239 fatetur.
2038 208 2069 238 ln
2087 208 2156 238 urbe
2170 229 2179 243 ,
2198 207 2308 245 inquit,
2329 207 2405 236 Latia
2425 206 2531 236 advena
2548 208 2601 236 stu-

1441 247 1552 276 diorum
1563 247 1715 282 Quiritium
1729 269 1736 280 ,
1749 247 1913 284 indigenum
1928 247 2083 277 sermonem
2100 245 2242 276 aerumnali
2254 244 2349 274 labore
2359 266 2366 279 ,
2382 244 2462 273 nullo
2475 244 2603 281 magistro

1441 292 1584 322 praeeunte
1595 306 1603 318 ‚
1624 283 1760 321 aggressus
1781 285 1902 314 excolui.
1942 284 1984 313 En
1996 294 2061 313 ecce
2079 293 2225 322 precamur
2238 283 2365 314 veniam,
2389 282 2405 310 si
2420 282 2485 318 quid
2502 281 2605 311 exotici

1441 331 1475 352 ac
1495 322 1608 350 forensis
1626 322 1761 351 sermonis
1775 322 1850 351 rudis
1865 322 1976 351 locutor
1992 321 2135 356 effudero,
2172 321 2229 356 jam
2243 321 2303 350 haec
2316 319 2431 358 quidem
2451 318 2509 356 ipsa
2527 319 2604 349 vocis

1441 360 1562 389 imitatio
1581 358 1734 388 desultoria
1744 360 1863 390 scientiae
1871 359 1939 397 stylo
1950 381 1959 395 ,
1979 368 2063 396 quem
2077 358 2238 394 accessimus
2248 380 2256 392 ,
2266 358 2424 394 respondet.
2448 358 2518 394 Quis
2532 366 2602 393 rogo

1438 403 1469 426 'te
1480 398 1548 426 ferat
1567 402 1696 426 nontam
1716 397 1883 434 Apuleium,
1905 398 1951 434 qui
1969 404 2000 426 ut
2018 397 2083 426 mali
2097 396 2208 425 aedificii
2226 394 2358 425 dominus
2372 393 2400 424 se
2418 395 2603 425 architedtum

1441 444 1501 464 non
1524 434 1678 464 adhibuisse
1689 456 1697 469 ,
1718 435 1757 464 ita
1773 435 1865 464 literas
1881 436 1939 464 line
1951 443 2121 472 praeceptore
2141 433 2255 463 coluisse
2273 433 2426 470 gloriatur:
2449 441 2531 468 quain
2554 431 2604 461 ali.
2621 433 2623 437 '

1441 482 1510 509 quos
1530 472 1583 501 esse
1596 494 1603 507 ,
1625 473 1671 508 qui
1684 472 1781 502 malint
1793 473 1909 502 foetores
1921 471 2113 509 &quisquilias
2124 472 2184 507 ejus
2193 470 2327 506 colligere
2337 491 2345 505 ,
2364 479 2447 506 quam
2454 469 2605 500 verborum

1441 510 1557 539 floribus
1576 509 1775 546 perfectissimae
1793 510 1935 539 Ciceronis
1947 510 2050 544 aetatis,
2072 519 2156 546 quam
2169 508 2352 545 signavimus,
2370 507 2525 537 inhaerere?
2545 507 2602 536 Sed

1441 548 1510 585 quid
1533 547 1579 576 alii
1606 547 1725 584 Apuleio
1752 547 1851 583 similes
1872 547 2080 584 insequentium
2102 552 2214 575 :etatum
2232 544 2362 575 authores
2381 545 2417 573 de
2436 545 2463 574 se
2491 545 2555 582 ipsis
2575 544 2603 575 et

1441 592 1601 622 temporum
1615 585 1727 614 suorum
1736 581 1846 615 inscitia
1861 585 2035 618 balbutiant,
2056 584 2211 614 videamus.
2248 582 2381 612 Sidonius
2392 583 2427 611 de
2438 581 2491 612 suis
2500 583 2580 619 nugis
2591 591 2602 611 :

1440 623 1517 653 Talis
1531 624 1568 652 est
1582 624 1651 651 ordo
1665 644 1672 658 ,
1694 623 1802 660 inquit,
1824 628 1855 652 ut
1874 623 1929 652 sine
1954 621 2082 658 plurimis
2095 643 2103 656 ,
2128 620 2263 658 novisque
2280 619 2388 655 verbis,
2410 630 2469 657 quae
2487 620 2602 658 praetata

1439 670 1509 699 pace
1525 660 1710 698 plurimorum
1725 661 1918 698 eloquentium
1940 659 2097 697 specialiter
2114 659 2164 688 tibi
2184 660 2210 688 ἃ
2229 657 2444 694 complatonicis
2458 659 2513 688 tuis
2534 665 2603 688 nota

1439 700 1521 730 sunt.
1542 707 1622 735 nugae
1641 697 1706 735 ipfie
1725 708 1781 728 non
1801 698 1938 728 valuerint
1952 697 2090 734 expediri.
2127 696 2161 726 Et
2177 696 2232 734 alio
2253 696 2280 724 in
2301 696 2365 724 loco
2383 695 2419 724 de
2438 695 2602 725 liberalibus

1439 736 1543 765 artibus
1557 745 1642 773 agens
1652 757 1660 769 ,
1681 736 1719 765 ita
1737 736 1874 773 loquitur,
1905 736 2025 765 Virtutes
2040 735 2140 764 artium
2157 734 2267 763 istarum
2282 732 2380 762 seculis
2399 734 2492 770 potius
2504 732 2602 771 priscis

1438 773 1593 804 seculorum
1604 774 1693 802 rector
1709 774 1856 812 ingenuit,
1877 783 1937 810 quae
1957 783 2006 811 per
2016 780 2124 802 aetatem
2139 771 2238 801 mundi
2257 772 2313 808 jam
2325 770 2500 805 senescentis,
2518 770 2598 801 laisa.

1438 813 1474 842 tis
1487 811 1573 847 veluti
1589 811 1740 841 seminibus
1756 833 1764 847 ,
1785 811 1979 845 emedull-atae,
2001 820 2099 848 parum
2111 809 2217 846 aliquid
2227 809 2282 838 hoc
2295 815 2424 846 tempore
2435 830 2444 845 ‚
2461 815 2545 846 atque
2564 809 2598 838 id
2641 830 2644 831 ν

1437 851 1466 879 in
1487 850 1582 887 paucis
1599 848 1776 884 mirandum,
1806 859 1838 879 ac
1860 848 2044 879 memorabile
2075 848 2222 877 ostentant.
2271 846 2304 876 Et
2317 847 2399 881 alibi,
2421 846 2596 882 increbruit,

1438 888 1547 924 inquit,
1568 883 1722 916 multitudo
1750 886 1970 921 desidiosorum,
1998 893 2030 915 ut
2054 885 2104 914 nisi
2125 885 2170 915 vel
2184 884 2338 923 paucissimi
2357 894 2463 914 meram
2484 884 2597 914 Latialis

1437 925 1539 964 linguae
1559 925 1759 962 proprietatem
1771 946 1780 959 ,
1800 926 1836 954 de
1852 924 2005 954 trivialium
2019 922 2249 954 barbarismorum
2271 923 2398 960 rubigine
2413 922 2600 952 vindicaveri-

1434 964 1490 998 tis,
1512 973 1573 994 eam
1605 962 1683 992 brevi
1711 962 1846 993 abolitam
1868 961 2030 999 defleamus.
2086 961 2120 990 Et
2135 960 2316 998 Fulgentius:
2359 960 2469 995 Nostri,
2486 960 2594 997 inquit,
2626 992 2629 994 ,

1434 1001 1571 1039 temporis
1589 1000 1742 1029 aerumnosa
1755 1001 1862 1030 miseria
1879 1010 1936 1029 non
1951 999 2065 1029 dicendi
2082 999 2133 1028 erit
2143 998 2264 1029 studium
2276 1018 2284 1030 ‚
2304 998 2351 1027 sed
2367 998 2479 1028 vivendi
2496 997 2546 1026 flet
2554 1007 2598 1027 er.

1434 1039 1579 1075 gastulum.
1618 1038 1681 1068 Nec
1692 1039 1771 1067 famae
1784 1038 1961 1068 assistendum
1982 1037 2101 1075 poeticae
2112 1059 2120 1072 ‚
2142 1036 2188 1066 sed
2203 1036 2271 1065 fami
2283 1036 2487 1066 consulendum
2498 1035 2596 1064 dome-

1433 1077 1515 1106 sticae.
1556 1074 1709 1106 Martianus
1731 1085 1797 1106 vero
1817 1075 1950 1114 Capella,
1972 1076 2143 1105 Mattianum
2169 1074 2259 1104 filium.
2288 1083 2374 1111 nugas
2395 1074 2456 1103 suas
2475 1082 2535 1102 non
2556 1074 2597 1103 fe-

1433 1122 1543 1144 rentem
1563 1113 1735 1148 introducit,
1758 1115 1863 1144 dumin
1873 1113 2013 1152 principio
2032 1113 2125 1150 operis
2144 1112 2184 1142 sui
2195 1113 2232 1141 iic
2241 1112 2365 1142 orditur:
2387 1112 2461 1142 Dum
2471 1110 2598 1141 crebrius

1432 1152 1497 1181 istos
1515 1151 1831 1189 Hymeneiversiculos⁷
1843 1151 1935 1181 nescio
1948 1148 2016 1188 quid
2034 1152 2183 1188 inopinum
2201 1151 2393 1186 intat‘tunrqne
2410 1148 2540 1184 moliens,
2553 1158 2595 1178 re-

1430 1189 1552 1228 spersum
1571 1189 1680 1226 capillis
1698 1188 1889 1219 albicantibus
1907 1190 2059 1223 verticem,
2081 1188 2313 1225 incrementisque
2333 1187 2491 1217 lustralibus
2511 1187 2596 1216 decu-

1429 1229 1531 1257 riatum
1544 1249 1553 1262 ,
1574 1227 1692 1264 nugulas
1720 1228 1829 1265 ineptas
1850 1237 1909 1257 non
1925 1227 2068 1265 perferens
2089 1223 2263 1261 Martianus,
2283 1227 2441 1256 intervenit.
2463 1224 2541 1261 Quid
2558 1226 2597 1253 de

1429 1265 1491 1294 aliis
1506 1265 1621 1295 aliarum
1631 1271 1745 1295 aetatum
1757 1265 1917 1295 hominibus
1930 1266 2020 1293 dicam
2030 1265 2043 1292 ‘?
2057 1274 2174 1301 quorum
2190 1263 2321 1293 nonnulli
2331 1264 2414 1293 etiam
2429 1263 2512 1292 nostri
2524 1269 2596 1291 tern-

1430 1305 1507 1341 poris
1524 1303 1686 1341 scriptores,
1708 1312 1772 1332 cum
1797 1303 1865 1340 quid
1886 1302 2004 1332 scribere
2022 1302 2084 1331 sunt
2102 1301 2230 1339 aggressi,
2251 1311 2308 1330 non
2339 1301 2429 1330 solum
2453 1301 2594 1330 bonorum

1428 1341 1577 1371 verborum
1588 1341 1730 1371 deletftum
1741 1341 1939 1379 neglexerunt:
1961 1340 2008 1370 sed
2024 1340 2093 1369 illud
2105 1341 2226 1369 maxime
2239 1339 2405 1368 studuerunt
2416 1360 2425 1373 ,
2450 1345 2482 1367 ut
2491 1337 2536 1367 vel
2545 1347 2594 1366 ve-

1428 1383 1582 1408 teratorum
1600 1378 1756 1416 rubiginem
1767 1401 1775 1413 ,
1792 1379 1837 1409 vel
1855 1388 1995 1408 novorum
2014 1378 2164 1414 authorum
2174 1378 2350 1415 asperitatem
2363 1377 2416 1406 suis
2425 1376 2532 1413 scriptis
2546 1376 2595 1405 ad.-

1429 1417 1588 1452 miscuisse,
1610 1415 1856 1447 &srmili'tudinem
1878 1415 1986 1454 pessimi
2005 1416 2138 1453 cujusque
2155 1417 2181 1445 &
2198 1414 2396 1452 corruptissimi
2416 1413 2491 1444 ultro
2509 1423 2596 1451 appe-

1429 1455 1501 1484 tiisse
1520 1455 1677 1485 videantur.
1717 1455 1783 1492 Quo
1798 1455 1902 1485 fastum
1921 1455 1981 1490 est,
2012 1462 2044 1483 ut
2063 1463 2121 1490 non
2140 1453 2228 1483 solum
2250 1454 2450 1492 proprietatem
2471 1451 2597 1482 Romani

1429 1492 1581 1526 sermonis,
1603 1496 1700 1522 verum
1719 1502 1834 1530 omnem
1859 1502 1932 1530 pene
1953 1491 2030 1521 illam
2053 1491 2232 1526 suavitatem,
2263 1492 2289 1521 ἃ
2309 1490 2382 1526 quasi
2404 1489 2594 1520 salubritatem

1428 1526 1534 1560 Latinae
1562 1531 1692 1560 ditftionis
1713 1526 1876 1560 amiserint:
1899 1528 1981 1559 obliti
2000 1529 2076 1559 hunc
2093 1528 2147 1558 esse
2170 1529 2283 1566 legendi
2306 1529 2445 1564 fructum,
2467 1528 2593 1557 aemulari

1427 1566 1560 1603 ineliora,
1582 1569 1607 1597 &
1623 1578 1683 1604 quae
1698 1569 1729 1598 in.
1747 1566 1808 1598 aliis
1826 1568 1951 1598 maxime
1975 1568 2078 1605 probes
2095 1576 2192 1603 quaeve
2211 1568 2284 1596 inter
2302 1567 2402 1604 optimi
2417 1565 2548 1603 cujusque
2564 1567 2593 1594 &

1429 1605 1623 1643 elegantissimi
1641 1606 1715 1635 dicta
1736 1607 1842 1636 mireris
1855 1628 1865 1642 ,
1904 1607 1934 1635 in
1955 1606 2076 1642 aliquem
2094 1605 2174 1634 usum
2191 1614 2250 1633 non
2271 1604 2327 1634 sine
2347 1604 2488 1633 venustate
2508 1610 2593 1640 atque

1428 1643 1492 1674 luce
1509 1654 1542 1674 ac
1555 1644 1695 1674 munditia
1712 1643 1861 1674 verborum
1870 1645 2010 1673 concinna
2025 1644 2200 1673 derivatione
2209 1648 2373 1672 convertere
2383 1664 2390 1674 ‚
2401 1642 2480 1671 sicuti
2492 1641 2593 1671 Cicero

1429 1683 1456 1711 <Sc
1477 1683 1536 1718 ejus
1549 1683 1637 1711 aetatis
1650 1682 1824 1712 eruditissimi
1835 1680 1966 1712 authores
1984 1682 2127 1711 fecerunt:
2148 1681 2275 1717 quamvis
2290 1681 2325 1709 ad
2344 1680 2414 1709 illud
2432 1679 2592 1716 fastigium,

1427 1717 1505 1749 illam
1525 1719 1708 1749 summitatem
1719 1741 1728 1755 ,
1749 1721 1775 1750 ἃ
1790 1729 1880 1758 prope
1892 1719 2069 1749 divinitatem
2084 1717 2204 1757 aspirare
2215 1727 2299 1747 nemo
2320 1718 2409 1756 possit.
2450 1717 2499 1747 llla
2515 1717 2593 1747 enim

1426 1757 1591 1792 sublimitas,
1621 1762 1778 1794 quanquam
1796 1757 1942 1787 imitabilis
1960 1757 2008 1786 illa
2029 1757 2143 1794 quidem
2163 1756 2275 1786 videtur
2292 1755 2440 1793 cupienti,
2460 1754 2532 1784 nihil
2551 1760 2594 1784 ta-

1427 1801 1494 1825 men
1508 1796 1545 1825 est
1554 1796 1711 1833 experienti
1727 1796 1820 1826 minus
1834 1817 1843 1832 ,
1863 1796 2026 1825 audendum
2035 1800 2131 1824 tamen
2144 1816 2152 1829 ,
2173 1795 2201 1824 &
2216 1794 2254 1823 ita
2266 1794 2464 1829 annitendum,
2476 1799 2507 1822 ut
2515 1792 2594 1830 quod

1428 1833 1532 1870 assequi
1545 1843 1603 1863 nori
1626 1832 1786 1871 possumus,
1814 1833 1916 1863 imitari
1940 1833 2036 1862 saltem
2059 1831 2176 1862 voluisse
2195 1832 2350 1862 videamur.
2390 1831 2444 1861 Sed
2460 1831 2596 1868 quoniam

1428 1872 1499 1900 nihil
1516 1881 1568 1901 nos
1587 1871 1770 1909 praeeipiendi
1790 1871 1992 1907 causadicere,
2013 1880 2104 1907 neque
2123 1870 2244 1908 magistri
2265 1891 2273 1904 ,
2294 1869 2341 1898 sed
2358 1869 2535 1899 aestimatores
2553 1869 2594 1898 vi-

1427 1909 1489 1938 ‘deri
1502 1909 1650 1939 volumus:
1672 1918 1726 1938 nec
1746 1909 1902 1939 sermonem
1915 1918 1993 1939 nune
2012 1915 2069 1938 tam
2091 1908 2273 1938 informamus
2293 1907 2401 1936 bonum
2415 1929 2423 1940 ,
2444 1915 2527 1944 quam
2544 1906 2595 1936 de-

1427 1951 1564 1976 terremus
1581 1944 1704 1976 malum:
1727 1954 1863 1983 quantum
1873 1947 1972 1976 Cicero
1982 1968 1991 1981 ,
2014 1949 2040 1976 δι
2062 1956 2094 1975 ea
2108 1952 2189 1976 aetate
2200 1945 2356 1975 Latinitatis
2368 1945 2509 1983 principes
2517 1953 2593 1974 nova

1429 1984 1515 2014 verba
1536 1984 1700 2020 vitaverint,
1729 1986 1806 2014 unde
1830 1985 1923 2014 omnis
1945 1985 2051 2014 Latinae
2067 1985 2169 2021 linguae
2186 1984 2326 2021 pernicies
2352 1987 2514 2021 comparata
2537 1982 2593 2017 est,

1428 2023 1550 2052 breviter
1564 2023 1750 2053 ostendamus
1787 2023 1886 2053 Cicero
1905 2024 1933 2052 in
1945 2022 2063 2052 Oratore
2076 2044 2083 2056 ,
2105 2021 2393 2051 oratoreminstruens
2404 2022 2441 2050 ita
2450 2020 2595 2058 praecipit:

1429 2060 1501 2097 Ergo
1517 2061 1563 2090 ille
1583 2061 1676 2090 tenuis
1694 2066 1802 2096 orator,
1823 2061 1911 2090 modo
1930 2060 1963 2090 sit
1980 2061 2092 2098 elegans
2107 2081 2116 2095 ‚
2137 2069 2190 2089 nec
2210 2060 2240 2088 in
2261 2059 2397 2088 faciendis
2422 2058 2514 2088 verbis
2539 2058 2594 2087 erit

1429 2100 1540 2133 audax,
1564 2100 1590 2128 ἃ
1608 2100 1636 2127 in
1655 2098 1853 2128 transferendis
1871 2099 2047 2128 verecundus
2060 2099 2084 2128 ἃ
2099 2107 2216 2135 parcus,
2236 2098 2300 2126 &in
2315 2096 2410 2135 priscis
2425 2095 2593 2133 reliquisque

1429 2137 1601 2166 ornamentis
1613 2138 1638 2166 &
1652 2137 1800 2167 verborum
1815 2138 1844 2166 ¹&
1857 2136 2054 2166 sententiarum
2071 2135 2212 2165 remissior.
2235 2135 2427 2171 Quintilianus
2439 2144 2518 2167 vero.
2535 2133 2608 2164 Usi-z

1429 2175 1504 2209 tatis,
1514 2175 1612 2212 inquit,
1623 2175 1716 2204 verbis
1726 2175 1813 2204 tutius
1825 2175 1945 2204 utimur:
1959 2184 2033 2204 nova
2042 2184 2099 2203 non
2111 2173 2167 2202 fine
2178 2173 2300 2210 quodam
2311 2172 2438 2211 periculo
2448 2172 2591 2209 fingimus.

1431 2212 1506 2242 Nam
1529 2213 1548 2242 si
1572 2218 1684 2250 recepta
1704 2212 1767 2241 sunt
1780 2234 1788 2247 ,
1815 2212 1957 2242 modicam
1980 2208 2093 2241 laudem
2109 2212 2247 2240 afferunt:
2268 2212 2435 2248 repudiata,
2456 2212 2541 2239 etiam
2563 2210 2594 2239 in

1430 2252 1510 2287 jocos
1530 2257 1642 2280 exeunt.
1685 2250 1854 2280 Audendum
1871 2257 1985 2286 tamen,
2007 2259 2128 2286 namque
2143 2271 2151 2284 ,
2181 2255 2212 2278 ut
2229 2249 2268 2278 ait
2281 2249 2400 2283 Cicero,
2427 2248 2512 2278 etiam
2533 2255 2596 2285 quae

1431 2290 1524 2327 primo
1542 2288 1610 2317 dura
1627 2287 1681 2317 visa
1703 2288 1783 2323 sunt,
1804 2288 1853 2318 usu
1868 2288 2041 2317 molliuntur.
2062 2287 2109 2317 sed
2127 2287 2210 2316 nobis
2227 2296 2284 2316 non
2305 2287 2343 2316 est
2365 2285 2495 2316 concessa
2517 2285 2595 2315 fictio

1431 2327 1590 2356 nominum.
1630 2326 1658 2354 Si
1670 2327 1731 2363 quis
1745 2333 1837 2355 autem
1847 2324 1968 2362 dixerit,
1990 2326 2056 2354 ideo
2070 2326 2201 2355 novanda
2218 2324 2272 2353 esse
2292 2325 2375 2354 nobis
2395 2324 2496 2358 verba,
2516 2323 2594 2361 quod

1431 2371 1529 2393 eorum
1546 2365 1661 2401 penuria
1683 2363 1840 2393 laboremus
1851 2386 1860 2399 ,
1875 2364 1970 2393 audiat
1980 2363 2145 2393 Ciceronem
2157 2384 2165 2398 ,
2187 2364 2233 2400 qui
2245 2362 2281 2392 de
2296 2362 2401 2392 Natura
2420 2362 2538 2391 deorum
2556 2361 2596 2391 ita

1431 2403 1571 2440 loquitur:
1594 2402 1680 2438 Quod
1706 2402 1753 2431 illa
1776 2412 1834 2439 quae
1849 2412 1863 2431 a
1885 2402 1987 2431 Graecis
2014 2401 2200 2440 accepissent,
2231 2400 2328 2430 Latine
2349 2400 2406 2430 dici
2424 2400 2502 2437 posse
2523 2398 2596 2428 diffi-

1430 2441 1537 2470 derent.
1577 2439 1609 2469 ln
1625 2449 1680 2476 quo
1696 2449 1798 2478 genere
1815 2445 1924 2469 tantum
1939 2439 2085 2477 profecisse
2102 2438 2230 2468 videmur
2246 2460 2254 2473 ,
2273 2444 2305 2467 ut
2323 2448 2338 2468 a
2354 2437 2459 2467 Graecis
2482 2446 2518 2467 ne
2534 2446 2596 2466 ver·

1428 2478 1530 2507 bo'rum
1544 2478 1659 2514 quidem
1678 2478 1761 2515 copia
1779 2478 1961 2507 vinceremur.
2014 2477 2048 2506 Et
2068 2477 2096 2506 in
2115 2476 2300 2506 Tusculanis:
2339 2476 2365 2505 O
2383 2475 2532 2506 verborum
2553 2476 2595 2504 in-

1431 2526 1483 2553 ops
1495 2516 1635 2545 interdum
1649 2537 1657 2550 ,
1678 2516 1777 2552 quibus
1796 2514 1938 2545 abundare
1954 2523 1982 2545 te
1997 2514 2106 2552 semper
2124 2522 2205 2553 putas
2217 2536 2226 2548 ,
2252 2513 2366 2543 Graecia.
2416 2513 2450 2543 Et
2468 2513 2504 2542 de
2521 2512 2594 2542 Fini.

1429 2554 1480 2583 bus
1498 2553 1636 2583 bonorum
1661 2555 1688 2583 8<
1709 2553 1862 2583 malorum:
1892 2553 1947 2582 Sed
1970 2553 2007 2583 ita
2028 2553 2139 2587 sentio,
2172 2553 2199 2582 ἃ
2217 2551 2289 2590 saepe
2306 2551 2435 2585 disserui,
2466 2550 2595 2580 Latinam

1429 2591 1553 2628 linguam
1568 2600 1625 2620 non
1645 2591 1732 2620 modo
1743 2597 1799 2620 non
1819 2592 1948 2630 inopem,
1972 2597 2002 2620 ut
2016 2590 2099 2628 vulgo
2111 2597 2237 2628 putatur.
2257 2589 2302 2618 sed
2315 2589 2530 2626 locupletiorem
2539 2587 2594 2617 esse

1429 2635 1511 2667 quam
1531 2629 1664 2667 Graecam,
1706 2629 1761 2658 Sed
1773 2629 1850 2658 dicet
1862 2629 1977 2665 aliquis,
2000 2630 2133 2667 parienda
2153 2627 2206 2657 esse
2229 2626 2379 2661 necessario
2396 2636 2468 2656 nova
2488 2626 2592 2661 verba,

1431 2676 1496 2697 curn
1514 2667 1581 2704 quid
1600 2677 1636 2696 ex
1654 2665 1752 2696 Graeco
1769 2667 1935 2696 'vertendum
1956 2666 2000 2701 sit,
2032 2668 2058 2696 Sc
2075 2668 2167 2695 minus
2185 2674 2313 2694 occurrat·
2329 2663 2443 2694 verbum
2463 2663 2594 2693 Latinum

1429 2705 1567 2735 usitatum.
1608 2705 1679 2734 Sunt
1688 2705 1764 2735 enim
1785 2706 1839 2740 (ut
1849 2704 1941 2741 inquit
1959 2704 2056 2734 Cicero
2071 2705 2107 2740 de
2116 2703 2230 2733 Finibus
2240 2703 2378 2732 bonorum
2398 2703 2423 2732 &
2433 2701 2596 2736 malorum)

1428 2743 1602 2781 imponenda
1621 2751 1693 2772 nova
1722 2743 1802 2772 novis
1824 2742 1907 2771 rebus
1928 2743 2052 2771 nomina.
2107 2741 2162 2771 Sed
2182 2741 2222 2779 adp
2243 2741 2298 2769 hoc
2318 2738 2392 2777 quafi
2423 2739 2595 2777 respondere

1427 2780 1539 2812 videtur
1557 2781 1641 2810 Aulus
1657 2780 1762 2810 Gellius
1774 2801 1782 2815 ,
1804 2789 1870 2809 cum
1888 2779 1972 2809 dicit:
1996 2779 2065 2809 Cum
2080 2779 2148 2816 quid
2165 2787 2201 2808 ex
2219 2777 2315 2808 Graeco
2332 2798 2340 2813 ‚
2361 2777 2435 2813 quod
2455 2787 2513 2806 non
2536 2776 2595 2815 pla-

1429 2826 1523 2854 ceret.
1543 2819 1691 2848 transferre
1709 2816 1851 2848 voluissem
1863 2839 1871 2853 ,
1894 2816 1949 2846 boc
1962 2827 2013 2853 ego
2028 2816 2167 2854 supersedi
2184 2823 2307 2845 vertere:
2349 2816 2393 2844 uia
2406 2816 2486 2845 novis
2507 2817 2533 2845 ἂ
2551 2815 2594 2844 in-

1429 2856 1551 2886 conditis
1569 2855 1686 2885 vocibus
1702 2855 1839 2885 utendum
1854 2853 1938 2889 esset,
1959 2864 2025 2891 quas
2041 2855 2099 2893 pati
2117 2863 2195 2884 aures
2211 2864 2261 2892 per
2278 2852 2337 2882 inso
2351 2853 2455 2882 entium
2467 2853 2515 2883 vix
2533 2847 2594 2890 pos..

1429 2895 1498 2925 sent.
1538 2894 1592 2923 Sed
1604 2893 1661 2931 ipse
1672 2894 1748 2922 idem
1769 2891 1886 2927 Cicero,
1908 2893 1955 2930 qui
1968 2893 2040 2923 dixit
2058 2891 2142 2921 verba
2160 2901 2233 2920 nova
2254 2891 2387 2929 parienda
2400 2890 2473 2924 esse,
2503 2891 2594 2928 impo-
2643 2908 2646 2909 ν

1429 2931 1578 2967 flendaque
1596 2941 1668 2965 nova
1688 2931 1768 2961 novis
1779 2930 1860 2960 rebus
1873 2931 2008 2966 nomina,
2037 2929 2142 2967 usuque
2166 2927 2339 2965 mollienda,
2373 2937 2433 2966 quae
2452 2928 2521 2958 dura
2537 2938 2593 2965 prae

1430 2970 1554 3000 novitate
1573 2969 1755 2999 viderentur:
1788 2972 1870 3005 quam
1893 2968 2032 2998 abstinens
2052 2969 2161 2997 illorum
2178 2968 2278 3001 fuerit,
2300 2976 2419 3000 quamve
2440 2966 2594 2997 novitatem

1431 3008 1579 3037 verborum
1596 3008 1742 3042 vitaverit,
1763 3006 1834 3035 infra
1851 3015 1990 3043 ponemus
2040 3005 2111 3034 Cum
2134 3006 2163 3033 in
2180 3005 2283 3040 Bruto,
2303 3004 2456 3038 Declamo,
2476 3003 2594 3033 verbum

1429 3046 1469 3076 sui
1484 3047 1616 3083 temporis
1640 3054 1745 3074 novum
1767 3044 1860 3073 dicere
1877 3041 1982 3073 vellet:
2006 3042 2236 3076 Commentabar,
2259 3040 2366 3080 inquit,
2388 3041 2590 3072 declamitans:

1431 3084 1467 3113 sic
1478 3084 1554 3113 enim
1572 3093 1649 3113 nunc
1664 3083 1823 3119 loquuntur.
1846 3082 1872 3111 ἃ
1884 3082 1960 3111 idem
1979 3082 2007 3109 in
2024 3081 2122 3110 libello
2143 3082 2178 3109 de
2200 3081 2328 3110 Mundo:
2363 3079 2398 3109 Ut
2415 3079 2444 3108 in
2460 3079 2591 3116 singulis,

1430 3121 1539 3158 inquit,
1561 3118 1651 3150 e‘ssent
1666 3121 1731 3149 bina
1748 3120 1859 3154 media,
1883 3119 1928 3148 vix
1943 3119 2019 3148 enim
2036 3119 2128 3148 audeo
2141 3118 2233 3148 dicere
2250 3118 2415 3148 medietates
2429 3127 2436 3146 :
2459 3116 2506 3146 sed
2517 3117 2591 3154 quasi

1430 3161 1467 3189 ita
1482 3160 1601 3188 dixerim
1614 3180 1623 3192 .
1643 3159 1682 3188 ita
1701 3157 1880 3194 intelligatur.
1930 3156 1965 3186 Et
1979 3158 2007 3185 in
2027 3156 2189 3194 Philipoicis
2204 3177 2212 3192 ,
2234 3156 2273 3186 M.
2297 3157 2450 3185 Antonium
2467 3161 2568 3184 notans
2581 3174 2592 3189 ,

1430 3198 1506 3235 quod
1517 3197 1633 3226 verbum
1650 3204 1754 3225 novum
1769 3192 1943 3232 protulisset,
1964 3194 2000 3223 ita
2009 3194 2094 3223 dicit:
2118 3183 2162 3224 Tu
2197 3204 2261 3223 orro
2276 3204 2311 3223 ne
2325 3195 2385 3231 pios
2406 3192 2531 3229 quidem,
2543 3192 2592 3222 sed

1429 3234 1564 3273 piissimos
1582 3235 1695 3271 quaeris:
1718 3235 1745 3262 ἃ.
1763 3232 1839 3269 quod
1863 3231 1978 3261 verbum
2004 3232 2120 3261 omnino
2142 3204 2251 3261 nullum
2273 3233 2301 3260 in
2319 3231 2412 3268 lingua
2430 3229 2526 3259 Latina
2541 3231 2592 3265 est,

1429 3274 1458 3302 id
1480 3279 1597 3311 'propter
1619 3278 1695 3301 tuam
1726 3270 1849 3300 divinam
1874 3269 2007 3306 pietatem
2034 3279 2140 3304 novum
2171 3270 2290 3307 inducis.
2329 3269 2413 3298 Varro
2436 3274 2528 3297 autem
2555 3269 2593 3297 de

1430 3311 1525 3348 lingua
1549 3309 1645 3339 Latina
1659 3309 1762 3341 docet,
1783 3307 1911 3344 antiquos
1928 3308 2012 3336 etiam
2030 3307 2124 3336 vitaffe
2143 3307 2227 3337 verba
2244 3307 2362 3336 nimium
2379 3314 2465 3335 nova:
2499 3305 2594 3335 Extre-

1430 3358 1525 3384 mum,
1546 3348 1657 3384 inquit,
1679 3345 1857 3375 novissimum
1884 3354 1994 3382 quoque
2011 3344 2065 3373 dici
2089 3351 2216 3382 coeptum
2237 3345 2335 3382 vulgo:
2358 3343 2433 3381 quod
2455 3352 2516 3372 mea
2535 3350 2593 3372 me-

1430 3387 1517 3416 moria
1528 3391 1560 3415 ut
1571 3384 1658 3415 IElius
1677 3383 1771 3413 Gallus
1783 3405 1790 3415 ,
1821 3378 1856 3411 sic
1874 3380 1951 3411 senes
1969 3382 2120 3422 aliquando
2139 3384 2257 3412 nimium
2286 3391 2390 3411 novum
2409 3382 2484 3418 quod
2503 3381 2591 3416 esset,

1430 3423 1564 3453 vitabant.
1607 3422 1640 3451 Et
1671 3422 1752 3450 Aulus
1772 3419 1900 3450 Gellius:
1933 3419 2021 3457 Quod
2038 3430 2052 3449 a
2073 3420 2114 3450 M.
2141 3420 2261 3450 Varrone
2292 3419 2489 3457 Proloquium,
2510 3428 2525 3448 a
2548 3419 2590 3449 M.

1430 3461 1567 3490 Cicerone
1583 3459 1801 3489 Pronunciatum
1820 3458 1926 3487 dictum
1947 3456 1993 3487 est.
2030 3458 2096 3493 Quo
2117 3457 2215 3488 Cicero
2241 3465 2334 3488 tamen
2366 3456 2504 3486 vocabulo
2534 3466 2594 3486 tan-

1428 3499 1512 3536 tisper
1526 3497 1614 3533 uti-se
1634 3497 1775 3526 attestatus
1789 3495 1843 3530 est,
1865 3495 1956 3533 quoad
1971 3490 2070 3525 melius
2087 3496 2195 3533 inquit,
2218 3497 2361 3528 invenero.
2401 3494 2595 3530 Quintilianus

1429 3543 1541 3571 autem,
1566 3530 1779 3571 veriloquium,
1806 3534 1914 3570 inquit,
1936 3532 1994 3570 ipse
2026 3533 2125 3563 Cicero
2144 3534 2191 3571 qui
2213 3533 2318 3567 finxit„
2348 3532 2518 3563 reformidat.
2558 3532 2593 3561 Et

1428 3573 1530 3604 Cicero
1550 3573 1584 3602 de
1595 3568 1710 3609 Finibus
1724 3571 1862 3601 bonorum
1882 3570 1909 3599 ἃ
1924 3570 2079 3606 malorum,
2101 3571 2174 3607 quasi
2192 3581 2255 3601 cum
2272 3572 2368 3601 dolore
2386 3570 2457 3599 dixit
2472 3591 2480 3605 ,
2502 3576 2534 3600 ut.
2551 3571 2593 3599 ita.

1431 3611 1543 3645 dicam,
1563 3605 1729 3639 indolentia.
1765 3608 1849 3643 Varro
1867 3617 1933 3638 vero
1947 3607 1983 3637 de
1994 3608 2122 3646 analogia
2136 3608 2282 3639 verborum
2294 3631 2302 3644 ,
2324 3615 2478 3645 repertores
2495 3608 2593 3637 verbo-

1429 3657 1491 3678 rum
1507 3657 1644 3677 novorum
1658 3648 1787 3681 damnat,
1809 3645 1956 3675 ostendens
1976 3645 2045 3684 ipsas
2066 3656 2143 3684 aures
2165 3648 2302 3677 novitates
2316 3646 2366 3676 has
2382 3645 2593 3681 quodammodo

1430 3684 1574 3723 respuere,
1596 3694 1661 3714 curri
1675 3685 1762 3714 dicit:
1784 3683 1908 3713 Tantum
1930 3684 2001 3712 inter
2011 3684 2082 3713 duos
2099 3683 2191 3714 sensus
2211 3683 2340 3714 interesse
2358 3682 2466 3717 volunt,
2482 3689 2513 3713 ut
2526 3691 2595 3712 ocu-

1428 3722 1464 3754 lis
1484 3723 1591 3760 semper
1610 3722 1713 3759 aliquas
1732 3720 1837 3760 figuras
1853 3721 1882 3750 su
1906 3716 2054 3759 pellectiiis
2065 3729 2152 3752 novas
2173 3732 2225 3752 con
2248 3723 2357 3752 uitant:
2379 3727 2492 3755 contra,
2514 3729 2594 3750 aures

1430 3768 1559 3798 expertas
1579 3760 1633 3789 eise
1644 3761 1740 3789 velint.
1777 3760 1873 3796 Quotu
1888 3759 2001 3796 quisqiie
2017 3760 2070 3795 jam
2093 3759 2183 3790 servos
2205 3760 2240 3790 ha
2262 3768 2290 3789 et
2302 3755 2395 3797 priscis
2413 3757 2595 3787 nominibus?

1431 3809 1490 3836 quae
1501 3798 1600 3827 mulier
1609 3797 1687 3826 suum
1707 3798 1918 3827 instrumentum
1930 3798 2009 3827 vestis
2021 3803 2102 3833 atque
2112 3799 2186 3833 auri,
2201 3797 2341 3828 veteribus
2348 3796 2490 3825 vocabulis
2500 3795 2596 3833 appel-

1430 3833 1471 3867 lat
1478 3837 1491 3868 *Ζ
1505 3834 1553 3867 sed
1561 3835 1684 3867 inductis
1691 3844 1751 3866 non
1764 3840 1822 3866 tam
1835 3831 1891 3866 inis
1898 3835 2082 3873 irascendum,
2094 3845 2177 3874 quam
2187 3834 2302 3872 huiusce
2307 3834 2450 3872 pravitatis
2459 3834 2594 3903 patroni&
