2600 4177
119 191 143 221 C
152 201 169 221 0
178 202 218 223 Ns
228 203 247 222 u
257 203 273 223 a
284 203 299 223 R
309 204 325 224 a
335 205 353 224 ο
363 203 423 224 Tro
432 217 440 231 ‚
462 194 533 225 onis.
556 195 575 224 f.
597 195 803 232 [συνανάςκως]
826 196 883 226 Cic.
898 197 934 227 de
955 197 1045 237 Arusp.
1062 197 1145 237 Resp.
1158 205 1185 228 2.
1206 198 1278 236 Cepi

156 231 421 298 equifdemAfruc‘tum
436 233 588 261 maximum
600 234 672 262 &ex
683 233 909 264 consurrecnone
924 238 1051 266 omnium
1069 238 1187 265 vestrum
1200 259 1207 272 ‚
1223 238 1276 266 διο.

161 276 213 296 con
231 292 235 297 .
252 280 274 298 i.
310 276 341 299 tt.
356 275 397 300 16.

123 302 146 332 C
155 314 221 371 (Ξ-Νε
233 308 384 373 u}‚stDeus
395 306 501 336 consilii
512 307 674 345 putabatur:
697 307 744 336 cui
760 307 821 336 ludi
833 308 935 338 fiebant
948 331 956 345 ‚
978 311 1025 347 qui
1041 310 1187 340 Consualia
1204 310 1278 340 dieta

173 350 232 372 unt.
280 354 294 373 e
320 355 359 374 us.

161 380 232 416 Quis
250 382 351 416 fuerit,
373 381 498 411 bifariam
519 383 645 411 auctores
665 382 788 413 tradunt.
825 384 948 420 Quidum
962 384 1062 415 volunt
1073 385 1211 422 quendam
1224 383 1278 413 eise

179 418 289 453 Deum,
310 420 388 455 cujus
398 426 503 447 nornen
514 420 543 448 in
553 419 643 448 lucem
654 418 729 448 haud
745 421 863 457 prodiit;
888 420 993 457 Δαίμςη
1010 423 1096 458 ἀρῥιίτᾳ
1113 424 1152 452 ait
1162 421 1277 458 Dionys.

181 465 208 485 2.
251 456 301 486 Alii
312 457 476 492 Neptunum
488 456 563 486 hunc
574 456 653 486 fuisse
667 457 774 486 volunt.

161 492 268 523 Consus
280 516 287 529 ‚
308 494 345 522 ait
355 494 508 531 Cyprianus
519 496 632 523 tractatu
641 502 738 531 quarto
749 496 784 524 de
795 495 937 525 Idolorum
949 497 1071 525 vanitate
1079 518 1087 531 ,
1108 494 1279 526 Vernaculus

181 531 220 560 est
233 531 424 560 Romanorum
439 532 524 567 deus,
545 542 629 569 quem
644 533 728 561 deum
746 533 850 562 fraudis
861 555 869 569 ‚
892 534 968 563 velut
994 534 1172 564 consiliorum
1193 534 1278 563 deum

179 568 236 598 coli
248 568 383 598 Romulus
395 569 484 599 voluit
493 592 501 604 ,
521 571 664 608 postquam
676 572 704 599 in
715 576 826 607 raptum
835 571 998 601 Sabinarum
1012 571 1126 608 perfidia
1140 571 1278 609 provenit.

180 605 318 635 Arnobius
329 606 457 636 adversus
466 607 569 637 Gentes
580 608 628 636 lib.
643 616 667 643 3.
690 607 823 636 Salutaria
835 610 860 637 Sc
877 609 932 637 fida
949 610 1062 638 conlilia
1074 610 1172 638 nostris
1187 608 1281 645 sugge-

179 643 216 673 rit
225 643 410 680 cogitantibus
422 644 535 675 Consus.
575 646 660 675 Hunc
675 645 797 674 eundem
809 645 863 674 esse
877 648 925 683 qui
942 649 969 676 ἃ.
989 647 1138 685 Neptunus
1155 647 1258 675 dicitur
1269 667 1278 681 ‚

178 679 317 710 Ausonius
326 682 447 711 ostendit
456 684 483 711 in
501 682 702 720 Monosyllabis
712 705 720 718 ‚
741 692 766 710 v.
778 685 823 717 ⁴⁶·

255 718 329 748 Tum
344 719 420 754 Jovis
433 723 458 749 δι
468 722 549 750 Conli
560 730 706 758 germanus
718 742 725 755 ,
746 719 895 750 Tartareus
913 720 971 751 Dis.

180 754 262 785 inseri
285 762 303 785 t.
346 757 417 794 Quae
428 758 523 787 sexum
535 759 667 787 mutarint
676 780 684 792 ‚

280 804 355 824 aenea
364 796 503 825 convertit
513 796 603 834 proles
614 795 740 824 Saturnia
747 794 861 824 Consus.
956 795 1042 832 Cuius
1053 795 1188 825 Caeneiex
1202 795 1279 833 puel-

180 829 246 860 lain
258 833 348 861 virum
360 842 375 862 a
386 833 518 869 Neptuno
529 833 716 862 transformati
727 832 850 861 fabulam
863 832 946 862 habet
963 834 1047 863 Ovid.
1065 834 1113 862 lib.
1129 843 1170 863 12.
1193 835 1279 863 Meta-

181 869 293 907 morph.
316 870 476 900 Plutarchus
488 872 516 900 in
527 870 639 901 Romuli
652 871 724 904 vita,
745 869 826 898 Fama
842 872 951 907 vulgata
963 871 996 900 ab
1012 871 1136 900 Romulo
1157 872 1279 909 primum

180 907 221 936 est
231 929 239 942 ‚
262 908 404 944 cujusdam
414 909 459 938 dei
470 919 543 938 aram
553 909 695 939 conditam
707 907 755 936 sub
767 914 836 936 terra
848 908 980 938 invenilsc
991 931 999 942 ‚
1021 909 1103 945 eique
1122 910 1176 938 deo
1186 909 1278 938 Conso

181 953 287 974 nomen
300 946 464 976 indiderunt
473 969 480 981 ‚
498 947 552 975 sive
565 956 580 975 a
591 945 705 975 consilio
717 946 792 982 quod
802 945 973 975 consiliarius
985 948 1059 976 foret
1069 968 1077 982 ,
1099 946 1152 976 sive
1175 947 1279 984 Neptu-

181 991 235 1012 nus
247 984 386 1019 equestris.
428 985 500 1014 Nam
511 994 556 1013 ara
564 984 602 1014 est
610 985 638 1012 in
649 983 730 1012 Circo
741 983 863 1011 maximo
875 983 960 1020 posita
970 1005 979 1019 ‚
1000 994 1060 1022 quae
1072 984 1209 1021 reliquum
1219 986 1279 1022 qui-

178 1020 247 1049 dem
258 1027 369 1058 tempus
377 1021 444 1051 latet
453 1044 460 1056 ,
482 1023 510 1051 in
522 1021 691 1059 equestribus
700 1026 793 1050 autem
806 1022 1003 1051 certaminibus
1016 1023 1144 1059 aperitur.
1187 1023 1279 1052 Placet

180 1063 277 1086 tamen
286 1058 362 1094 aliis,
383 1061 515 1097 quoniam
527 1059 670 1089 consilium
680 1068 811 1087 arcanum
824 1060 849 1087 ἀ
861 1059 977 1088 minime
989 1060 1081 1097 palam
1094 1059 1147 1089 else
1157 1067 1278 1098 oportet,

182 1094 388 1162 subterlrzgneam
400 1097 474 1127 haud
482 1105 586 1127 tem-ere
599 1099 625 1126 &
636 1104 762 1132 opertam
780 1096 826 1124 dei
841 1106 915 1125 arani
928 1096 992 1126 else.

183 1141 256 1163 carn.
281 1144 287 1162 i
310 1156 317 1164 .
332 1144 357 1164 1.

1055 720 1136 751 Idem
1153 722 1183 751 in
1198 720 1276 759 Epig.

1033 1097 1181 1135 Dionysius
1205 1098 1279 1127 Hali-

378 1135 453 1171 Quin
465 1137 490 1165 Sc
505 1136 640 1172 Neptuno
650 1134 756 1171 Hippio
769 1133 867 1163 festum
883 1135 1075 1171 instituerant,
1098 1135 1280 1173 Hippocratia

181 1170 290 1200 dietum
306 1173 457 1203 Arcadibus
467 1195 475 1208 ,
497 1173 629 1202 Romanis
639 1181 704 1200 vero
715 1171 860 1200 Consualia
871 1194 879 1207 ,
900 1182 949 1210 per
963 1173 1040 1210 quod
1052 1174 1126 1210 apud
1138 1173 1279 1203 Romanos

179 1217 219 1237 ex
232 1218 309 1238 more
319 1210 458 1240 immunes
468 1210 575 1240 suntab
586 1219 670 1247 opere
685 1209 750 1244 equi
767 1210 793 1238 ἃ
810 1209 879 1238 muli
888 1230 897 1242 ‚
916 1217 1141 1248 coronanturque
1153 1211 1280 1241 floribus.

181 1246 262 1276 idem
272 1247 320 1277 lib.
334 1258 361 1278 2.
384 1249 420 1278 de
429 1255 509 1286 raptu
517 1248 681 1277 Sabinarum
690 1256 775 1283 agens
785 1269 794 1281 ‚
816 1247 923 1276 Festum
944 1248 1020 1285 quod
1034 1255 1094 1279 tum
1109 1249 1280 1279 consecravit

181 1283 338 1321 Romulus,
359 1286 442 1316 etiam
452 1287 542 1315 nostra
552 1291 631 1315 aetate
644 1285 762 1313 Romani
779 1285 884 1321 agitant
894 1287 1010 1315 nomine
1026 1287 1207 1317 Consualium
1218 1309 1226 1323 ,
1248 1288 1279 1316 in

182 1331 238 1359 quo
249 1333 294 1352 ara
304 1323 480 1353 subterranea
490 1345 498 1359 ‚
519 1323 565 1352 sita
575 1331 662 1361 prope
674 1322 785 1351 Circum
798 1324 953 1353 maximum
963 1346 972 1359 ,
993 1325 1091 1354 refossa
1101 1331 1170 1354 terra
1182 1325 1280 1354 sacrifi-

180 1360 233 1389 ciis
244 1360 397 1391 honoratur
406 1384 414 1397 ‚
435 1363 461 1391 ἃ
474 1360 654 1390 libaminibus
663 1381 671 1396 ‚
694 1362 720 1390 ἃ.
740 1370 876 1402 equorum
895 1371 925 1390 ac
939 1362 1133 1405 quadrigarum
1149 1364 1280 1392 commit-

181 1403 278 1428 tuntur
288 1399 448 1428 certamina.
490 1399 565 1429 Deus
574 1404 668 1428 autem
682 1398 712 1427 in
722 1407 802 1433 cuius
817 1399 955 1428 honorem
972 1400 1020 1429 ista
1037 1402 1123 1436 hunt,
1145 1400 1251 1431 Consus
1265 1410 1282 1431 a

181 1435 317 1466 Romanis
330 1444 461 1471 vocatur,
480 1446 564 1474 quem
581 1436 696 1473 quidam
712 1436 802 1464 nostra
825 1436 920 1474 lingua
939 1438 1157 1476 interpretantur
1174 1439 1280 1477 Neptu-

178 1482 249 1503 num
261 1495 269 1509 ,
291 1473 465 1511 (ο-εισίχθυνω)
483 1474 604 1512 ideoque
619 1484 692 1503 aram
707 1474 733 1502 ei
755 1473 887 1503 sacratam
895 1474 1099 1506 subterraneam
1113 1499 1122 1513 ‚
1142 1478 1217 1514 quod
1234 1477 1282 1507 hic

180 1511 252 1540 deus
260 1518 362 1541 terram
374 1512 481 1543 habeat.
524 1512 581 1549 Ego
592 1522 657 1542 vero
673 1513 700 1541 ἃ
713 1510 796 1540 aliam
813 1513 951 1543 rationem
967 1514 1026 1543 festi
1044 1515 1178 1552 Neptuno
1196 1515 1280 1544 dicati

179 1548 276 1578 audire
286 1550 402 1579 memini
417 1572 426 1585 ,
447 1549 652 1580 sicut&cursus
664 1559 819 1586 equorum:
839 1560 914 1579 aram
930 1561 994 1581 vero
1010 1552 1213 1582 subterraneam
1229 1563 1280 1590 po-

177 1585 236 1615 stea
248 1587 363 1624 positam
378 1588 468 1617 Genio
481 1588 591 1618 cuidam
603 1588 682 1624 cujus
691 1596 797 1616 nomen
810 1588 925 1625 proferri
942 1590 1017 1619 nefas
1029 1588 1060 1619 lit
1072 1612 1080 1625 ‚
1102 1591 1278 1620 occultorum

180 1623 357 1654 consiliorum
375 1625 504 1656 servatori
520 1635 553 1655 ac
573 1625 689 1663 praelidi.
721 1626 789 1654 Haec
815 1625 970 1663 Dionysius.
1010 1628 1120 1658 Servius
1137 1630 1166 1657 in
1187 1629 1235 1658 lib.
1250 1634 1277 1663 8.

180 1661 292 1692 ]Eneid.
308 1673 333 1692 v.
347 1667 410 1699 ⁶36-
434 1664 531 1702 Raptae
541 1663 603 1693 sunt
610 1663 719 1693 Sabinae
729 1662 914 1693 Consualibus
922 1686 931 1700 ‚
951 1665 1006 1694 hoc
1014 1666 1051 1695 est
1061 1666 1155 1695 mense
1165 1666 1276 1696 Martio.

179 1698 287 1730 Consus
296 1706 389 1731 autem
402 1701 470 1732 deus
482 1702 520 1731 est
527 1701 722 1731 consiliorum:
745 1701 791 1738 qui
802 1701 866 1730 ideo
877 1703 1016 1740 templum
1029 1704 1077 1733 sub
1092 1704 1174 1733 Circo
1186 1704 1280 1740 habet,

181 1738 382 1768 utostendatur
392 1741 497 1770 tet‘tuni
508 1739 563 1769 eise
571 1739 676 1768 debere
687 1739 840 1768 consilium.
872 1739 941 1769 Inde
953 1742 991 1770 est
1002 1742 1077 1778 quod
1090 1744 1116 1771 &
1129 1742 1204 1771 Fidei
1213 1753 1282 1780 pan-

178 1783 219 1804 no
230 1776 319 1805 velata
329 1786 414 1806 manu
424 1777 637 1812 sacrificabatur,
648 1777 712 1814 quia
721 1776 789 1805 fides
800 1778 872 1806 tecta
883 1778 937 1807 eise
950 1780 1034 1808 debet
1046 1781 1072 1809 ἃ
1087 1780 1187 1810 velata.
1211 1781 1280 1810 ldeo

177 1820 275 1844 autem
284 1814 377 1844 dicato
389 1815 471 1845 Confi
480 1815 623 1844 simulacro
631 1822 781 1852 rapuerunt
791 1815 905 1845 Sabinas
917 1838 925 1851 ,
942 1823 972 1846 ut
983 1824 1121 1854 tegeretur
1132 1818 1234 1848 initum
1245 1819 1281 1848 de

179 1858 261 1889 rapto
271 1853 423 1883 consilium.
464 1854 519 1883 Hic
529 1852 633 1882 Consus
644 1853 670 1881 δι
678 1862 763 1889 eques
773 1853 921 1890 Neptunus
930 1854 1048 1885 dicitur:
1070 1855 1146 1885 unde
1154 1857 1237 1885 etiam
1249 1857 1280 1885 in

177 1890 240 1925 ejus
251 1890 388 1920 honorem
399 1890 541 1920 Circenses
552 1890 736 1920 celebrantur.
759 1890 826 1919 Hac
833 1891 950 1921 Servius.

123 1927 175 1957 Co
185 1937 223 1956 Ns
234 1938 252 1957 υ
261 1932 277 1957 B
289 1940 305 1957 L
314 1940 323 1957 1
332 1939 352 1957 A
362 1951 370 1964 ‚
391 1939 480 1958 orum.
501 1939 529 1958 n.
552 1929 590 1966 pl.
614 1929 801 1964 [Κανσεαὶλιιι]
822 1928 891 1958 Ludi
914 1929 1079 1960 dicebantur
1092 1952 1101 1966 ‚
1123 1931 1215 1969 inquit
1231 1931 1280 1961 Fe.

161 1966 231 2000 ssuS‚
254 1976 323 2003 quos
334 1967 362 1995 in
374 1967 509 1996 honorem
520 1966 618 2001 Consi,
640 1976 723 2002 quem
741 1966 826 1995 deum
843 1966 951 1996 consilii
968 1969 1179 2005 existimabant,
1200 1971 1282 2000 facie-

159 2003 230 2033 bant
239 2005 355 2040 antiqui.
394 2006 495 2035 Aut‘tor
506 2005 542 2034 de
557 2005 610 2033 Vir.
623 2003 707 2033 Illust.
719 2013 779 2041 cap.
792 2015 818 2034 2.
841 2004 951 2041 Quibus
962 2007 1069 2043 negatis
1080 2029 1088 2042 ,
1109 2006 1191 2036 ludos
1207 2008 1280 2036 Con-

158 2041 243 2072 sualia
255 2042 404 2072 simulavit:
425 2043 462 2072 ad
470 2052 539 2080 quos
548 2052 634 2079 quum
646 2042 784 2079 utriusque
802 2042 880 2072 sexus
894 2044 1045 2073 multitudo
1056 2044 1171 2074 venisset
1181 2067 1189 2079 ,
1213 2045 1278 2075 dato

157 2079 214 2109 suis
234 2079 310 2117 figno
319 2102 328 2115 ,
349 2080 469 2118 virgines
488 2086 573 2119 raptae
592 2080 662 2109 sunt.
684 2079 768 2109 Varro
782 2081 817 2109 de
838 2080 865 2109 L.
877 2080 907 2110 L.
920 2092 944 2116 5.
956 2091 981 2117 3.
1010 2082 1156 2111 Consualia
1175 2084 1249 2112 dieta
1263 2093 1280 2113 a

161 2116 269 2152 Conso,
291 2118 366 2155 quod
376 2124 437 2148 tum
446 2118 521 2147 feriae
533 2117 652 2157 publicae
667 2118 693 2147 ei
707 2119 762 2146 deo
773 2140 782 2153 ,
804 2120 830 2148 &
840 2119 869 2147 in
882 2118 964 2147 Circo
973 2120 1010 2149 ad
1023 2130 1098 2150 aram
1117 2121 1177 2156 ejus
1195 2121 1229 2150 ab
1241 2121 1279 2151 sa-

160 2155 322 2185 cerdotibus
335 2156 406 2185 fiunt
416 2156 475 2185 ludi
491 2156 531 2185 illi
541 2179 548 2190 ,
571 2156 671 2193 quibus
684 2156 805 2193 virgines
818 2156 926 2186 Sabinae
939 2164 1032 2193 raptae.
1126 2156 1129 2165 ¹

122 2192 148 2222 C
156 2202 173 2222 o
182 2203 201 2222 N
210 2203 221 2223 s
229 2195 247 2222 ῡ
257 2203 270 2223 s
281 2204 296 2223 u
308 2204 323 2222 R
331 2203 346 2222 a
357 2204 384 2230 o,
393 2197 448 2224 are.
460 2194 524 2224 Ter.
538 2194 668 2230 Heaut.3.
683 2206 706 2223 1.
719 2198 764 2228 64.
780 2194 864 2232 Syrus
874 2194 994 2224 cuniillo
1002 2196 1089 2224 vestro
1097 2195 1277 2227 confusurrat.

121 2230 148 2261 C
156 2241 174 2260 o
184 2241 204 2259 N
213 2241 232 2259 T
241 2235 257 2260 K
267 2242 282 2260 B
292 2241 304 2260 s
312 2242 324 2261 s
335 2241 378 2261 co
386 2254 395 2267 ‚
416 2232 482 2266 bui,
504 2231 707 2268 [κφρριίνσμοα]
727 2234 782 2261 ere.
804 2232 883 2261 ldem
898 2233 975 2270 quod
994 2233 1154 2263 Tabescere.
1175 2235 1233 2264 Cic.
1252 2245 1278 2271 3.

159 2269 242 2299 Tulc.
254 2279 299 2306 75.
322 2269 359 2299 Ut
373 2270 510 2300 Artemisia
523 2269 570 2298 illa
581 2269 699 2299 Mausoli
714 2269 800 2299 Cariae
814 2269 898 2307 Regis
913 2281 1000 2305 uxor,
1023 2281 1083 2309 quae
1096 2272 1192 2301 nobile
1209 2273 1279 2302 illud

158 2306 340 2338 Halicarnasi]
354 2308 423 2338 fecit
433 2307 628 2346 sepulchrum,
652 2318 735 2344 quam
750 2308 798 2337 diu
808 2308 897 2344 vixit,
918 2309 988 2337 vixit
1000 2310 1028 2337 in
1044 2309 1122 2339 luctu
1133 2331 1143 2346 ,
1165 2311 1280 2342 eodem.

159 2355 216 2382 que
223 2346 307 2375 etiam
316 2346 445 2376 confecta
453 2345 606 2375 contabuit.
628 2345 712 2375 Plaut.
723 2345 810 2375 Merc.
824 2355 848 2375 1.
858 2355 884 2375 2.
898 2356 943 2381 91.

410 2400 447 2405 —
458 2383 562 2423 edepol
574 2393 622 2413 cor
632 2383 761 2413 miserum
776 2393 870 2413 meum

241 2420 327 2457 Quod
341 2422 470 2458 guttatim
482 2421 653 2451 contabescit
661 2443 668 2456 ,
690 2422 762 2458 quasi
773 2422 800 2450 in
812 2431 912 2459 aquam
921 2422 1057 2452 indideris
1066 2421 1161 2454 salem.

120 2458 231 2488 CoNT
241 2462 257 2487 Ᾰ
268 2462 306 2487 BE
318 2469 330 2487 r
340 2462 355 2488 Ti
366 2469 425 2488 cro
435 2481 443 2494 ‚
465 2461 520 2489 ere.
543 2459 628 2489 Plaut.
642 2459 735 2488 Pseud.
749 2469 772 2488 1.
788 2469 813 2489 1.
826 2469 870 2495 19·

253 2496 326 2533 Quae
337 2506 382 2526 me
392 2497 497 2526 miseria
507 2498 534 2527 &
546 2507 611 2526 cura
620 2497 819 2527 contabefacit.

120 2533 147 2565 C
156 2543 173 2562 o
182 2544 202 2562 N
212 2543 232 2562 T
239 2536 256 2563 Ᾰ
265 2545 280 2563 n
287 2536 306 2563 ῠ
316 2545 331 2563 r.
340 2545 357 2563 o
371 2557 379 2571 ,
401 2529 574 2571 [amasium]
594 2538 647 2564 are.
675 2535 791 2565 Tabulis
800 2535 975 2564 consternere
989 2545 997 2572 ς
1020 2546 1036 2566 a
1044 2535 1153 2566 Tabula
1162 2537 1279 2568 dustum

160 2572 287 2601 verbum.
310 2572 377 2602 Plin.
389 2572 437 2603 lib.
453 2582 495 2608 ις.
508 2582 566 2610 cap.
586 2577 629 2602 16.
650 2572 773 2603 Pomaria
786 2574 815 2602 in
835 2573 898 2602 loco
909 2573 1009 2609 frigido
1021 2584 1052 2604 ac
1065 2575 1134 2604 sicco
1146 2577 1279 2605 contabu-

161 2609 211 2639 lari
221 2611 392 2648 praecipitur.
414 2611 530 2641 Sueton.
543 2611 666 2647 inCalig.
677 2621 737 2648 cap.
751 2621 793 2645 19.
815 2610 1002 2641 JEmulatione
1013 2613 1117 2642 Xerxis
1128 2635 1136 2648 ,
1159 2614 1206 2650 qui
1220 2623 1279 2643 non

159 2647 218 2677 sine
228 2648 412 2678 admiratione
423 2650 566 2686 aliquanto
576 2649 759 2687 angustiorem
768 2649 980 2686 Hellespontum
992 2650 1223 2681 contabulaverit.

159 2685 348 2715 Contabulare
359 2696 469 2716 murum
482 2687 611 2716 turribus.
652 2687 716 2716 Caes.
727 2696 752 2723 7.
766 2687 834 2716 Bell.
846 2686 916 2716 Gall.
929 2696 974 2717 22.
995 2687 1102 2718 Totum
1114 2696 1207 2718 autem
1217 2699 1280 2719 mu-

179 2733 240 2752 rum
257 2734 291 2753 ex
302 2726 378 2753 omni
395 2732 471 2762 parte
480 2725 598 2754 turribus
611 2725 868 2754 contabulaverunt.

160 2761 352 2791 Contabulatae
364 2771 459 2791 turres.
482 2762 539 2792 Liv.
552 2772 597 2798 24.
610 2771 652 2798 34.
675 2763 777 2792 Turres
789 2762 1278 2802 contabulatas,machinamentaque

178 2800 233 2829 alia
243 2801 400 2837 quatiendis
411 2801 496 2830 muris
507 2800 664 2837 portabant.
694 2802 711 2830 i.
725 2811 748 2830 e.
769 2799 862 2830 Facias
878 2803 904 2830 ὅ(
916 2803 1074 2840 compactas
1085 2813 1120 2832 ex
1128 2803 1238 2832 tabulis.

120 2837 146 2868 C
157 2848 173 2868 ο
185 2848 204 2866 Ν
215 2848 262 2866 TA
272 2848 313 2867 su
326 2842 365 2868 ωῑ
376 2848 395 2867 τ
405 2849 413 2866 1
425 2846 460 2872 o,
482 2838 552 2868 onis.
574 2838 594 2867 f.
620 2833 783 2874 [amulam]
804 2839 868 2868 Caes.
881 2849 906 2868 2.
924 2839 991 2869 Bell.
1009 2840 1088 2869 Civil.
1099 2851 1126 2876 9.
1150 2841 1202 2870 Ubi
1223 2848 1279 2869 tur-

161 2877 196 2905 ris
206 2875 326 2905 altitudo
339 2877 471 2914 perduCta
483 2877 566 2906 estad
577 2877 833 2906 contabulationem
843 2898 851 2912 ,
869 2880 922 2907 otc.
959 2878 993 2907 Et
1015 2878 1099 2916 paulo
1114 2880 1175 2916 post
1183 2885 1279 2916 aperte

161 2913 282 2943 declarat
296 2915 362 2949 quid
375 2914 509 2952 significet
525 2915 719 2944 Contabulare.

121 2950 146 2982 C
154 2961 170 2980 o
180 2962 199 2980 N
209 2961 229 2980 Τ
238 2962 258 2981 Α
269 2962 286 2981 o
296 2962 310 2980 a
320 2962 332 2981 s
342 2962 358 2980 o
370 2962 387 2980 u
397 2962 409 2981 s
419 2974 426 2987 ,
448 2952 574 2981 Thraciae
584 2952 685 2981 fluvius
695 2974 704 2989 ,
724 2952 771 2988 qui
792 2951 883 2981 Tearo
898 2954 993 2982 aud'tus
1001 2974 1009 2988 ‚
1030 2953 1123 2983 influit
1145 2954 1175 2982 in
1189 2954 1278 2991 Agria-

161 2999 226 3018 nem
237 3012 246 3025 ,
268 2990 537 3027 Agrianesautemin
553 2990 676 3021 Hebrum
687 3013 695 3026 ,
716 2991 852 3028 quijuxta
869 2992 976 3020 Aenum
996 2991 1136 3029 oppidum
1153 2992 1184 3021 in
1202 3000 1279 3022 mare

160 3027 262 3057 influit.
303 3027 333 3057 V.
357 3028 490 3057 Herodot.
504 3027 550 3056 lib.
562 3037 587 3064 7.

122 3065 378 3101 (ΣοΝτΑοτυε,
399 3065 649 3095 CONTAGroM.
688 3065 721 3094 In
742 3074 954 3096 eoNriNGO.

121 3104 147 3133 C
156 3114 173 3132 o
181 3112 200 3131 N
209 3112 228 3131 τ
236 3107 252 3132 X
264 3105 328 3132 ΜῑΝ
339 3113 356 3132 o
365 3125 374 3138 ,
390 3104 516 3140 μηλέαι,
537 3103 663 3138 βεέηλόω]
684 3106 739 3132 are.
769 3104 881 3141 proprie
902 3107 912 3138 t
924 3104 1015 3140 inquit
1034 3103 1160 3134 Donatus
1169 3103 1204 3134 ad
1214 3105 1278 3135 Pro.

160 3141 216 3178 log.
228 3141 312 3170 Andr.
328 3142 395 3176 16.)
416 3141 454 3170 est
465 3141 595 3171 Manibus
605 3141 664 3170 luto
675 3141 765 3178 plenis
782 3141 888 3177 aliquid
904 3142 1040 3174 attingere
1049 3143 1076 3172 &
1085 3142 1222 3181 polluere.

159 3179 358 3209 Contaminare
365 3178 392 3208 se
402 3179 494 3215 vitiis,
515 3189 565 3217 per
574 3179 792 3208 translationem.
815 3180 872 3208 Cic.
888 3190 911 3210 1.
926 3179 1006 3209 Tusc.
1018 3189 1062 3215 72.

158 3216 261 3246 Manus
269 3217 459 3246 contaminare
468 3239 477 3253 ‚
498 3218 586 3247 Manu
597 3217 685 3246 scelus
693 3217 804 3254 aliquod
818 3227 984 3255 perpetrare.
1005 3218 1070 3247 Sen.
1080 3217 1190 3256 OEdip.
1200 3227 1277 3254 420.

158 3254 358 3284 Contaminare
367 3254 393 3283 se
403 3255 505 3293 stupro.
527 3255 591 3284 Sen.
606 3255 721 3292 Hippol.
736 3266 760 3289 ς.
771 3266 815 3284 21.

157 3291 225 3322 Non
235 3293 323 3322 modo
331 3301 388 3321 non
395 3293 602 3327 contaminare,
622 3293 678 3322 Sed
686 3293 770 3322 etiarn
781 3293 942 3327 honestare,
965 3293 1110 3322 contraria.
1133 3293 1191 3322 Cic.
1208 3303 1232 3323 1.
1247 3294 1277 3323 in

177 3330 261 3360 Catil.
276 3339 321 3365 29.
341 3331 516 3362 Saturnini&
527 3331 714 3360 Gracchorum
732 3333 757 3360 &
770 3331 858 3360 Flacci
870 3333 896 3360 ἃ
905 3330 1077 3368 superiorum
1089 3331 1278 3369 complurium

178 3368 327 3405 sanguine,
349 3377 406 3397 non
417 3368 503 3398 modo
513 3367 539 3397 se
548 3378 605 3398 non
616 3371 859 3404 contaminarunt,
881 3369 929 3398 sed
939 3369 1023 3398 etiam
1032 3369 1219 3399 honestarunt.

158 3404 309 3435 Veritatem
317 3406 475 3436 mendacio.
497 3406 555 3436 Cic.
568 3416 619 3443 pro
627 3406 703 3436 Sulla
713 3429 722 3443 ,
743 3417 788 3440 45·

159 3443 374 3473 Contaminatur
383 3443 479 3473 multis
487 3444 598 3482 flagitiis
606 3444 701 3474 homo.
724 3444 782 3474 Cic.
796 3454 846 3481 pro
855 3444 965 3473 Cluent.
974 3447 1020 3481 67.

159 3481 358 3512 Contaminare
368 3481 483 3511 fabulas.
504 3482 569 3512 Ter.
585 3482 615 3511 in
625 3482 694 3519 prol.
707 3483 776 3512 And.
791 3486 831 3512 16.

252 3519 284 3548 Id
294 3520 335 3548 isti
346 3521 505 3557 vituperant
514 3520 616 3549 fastum
628 3541 635 3554 ‚
657 3526 739 3556 atque
749 3522 777 3550 in
789 3530 823 3550 eo
834 3519 975 3557 disputant
985 3541 994 3553 ‚
1157 3555 1163 3563 ⁸

252 3557 445 3587 Contaminari
452 3567 510 3587 non
518 3558 617 3587 decere
626 3557 740 3588 fabulas.
823 3558 841 3587 i.
856 3567 879 3587 e.
901 3557 942 3587 Ex
960 3555 1056 3586 multis
1076 3555 1178 3586 Graecis
1194 3565 1280 3587 unam

179 3592 307 3624 Latinam
316 3595 416 3626 facere.

159 3631 294 3698 Fistglas²
313 3632 389 3677 lacus
398 3654 407 3669 ‚
427 3632 530 3670 quidve
540 3632 616 3662 aliud
626 3633 825 3664 contaminare.
847 3632 945 3663 Paulus
956 3632 985 3661 in
998 3631 1017 3662 l.
1032 3641 1056 3662 1.
1073 3631 1108 3661 D.
1128 3631 1164 3661 de
1186 3630 1281 3662 Extra·

179 3680 210 3698 or
234 3692 240 3698 .
253 3679 361 3700 crimin.

161 3707 252 3745 Culpa
260 3707 450 3738 contaminari.
473 3709 551 3737 AuCt.
562 3707 598 3737 ad
607 3708 711 3738 Heren.
722 3707 770 3737 lib.
783 3717 809 3738 2.

160 3745 269 3776 Torum
280 3745 397 3782 alicujus
411 3747 610 3776 contaminare.
633 3746 748 3775 Ovid.2.
761 3747 853 3775 Amor.
865 3754 890 3782 7.
902 3750 945 3779 18.
961 3742 1014 3774 Alii
1024 3742 1121 3782 legunt
1130 3744 1281 3774 Conteme-

179 3793 249 3818 rare,
271 3783 356 3820 idque
367 3786 482 3814 redtius:
504 3794 568 3813 narn
578 3783 747 3813 Contamino
757 3783 908 3813 secundam
916 3783 1049 3821 producit
1058 3804 1066 3818 ,
1084 3790 1114 3811 ut
1122 3782 1196 3821 apud
1208 3783 1283 3813 Mar·

180 3822 238 3851 tial.
249 3821 297 3850 lib.
316 3831 339 3850 1.
353 3832 396 3857 54.
418 3823 453 3851 ad
467 3822 646 3852 Fidentinum
657 3843 666 3855 .,

279 3859 493 3897 Sicinterpofito
502 3860 563 3890 vilis
575 3859 748 3889 contaminat
760 3861 847 3888 unfto
859 3881 868 3891 ,
889 3860 942 3888 &e

127 3897 149 3929 C
157 3907 174 3927 o
183 3904 203 3926 N
212 3905 232 3925 T
241 3906 259 3925 A
268 3908 288 3924 Μ
299 3906 333 3925 ιΝ
344 3900 361 3925 X
369 3907 389 3925 T
399 3907 416 3926 υ
426 3907 438 3927 s
449 3920 457 3931 ‚
488 3893 668 3934 [βεζηλωτὲς]
700 3897 795 3926 Partic.
838 3897 895 3926 Cic.
918 3905 961 3925 12.
985 3893 1104 3933 Philipp.
1125 3902 1167 3930 ῐς.
1203 3895 1284 3939 Quos

162 3935 293 4003 novdum
303 3936 388 4003 {antis
398 3935 553 3973 parricidiis
563 3935 767 3965 contaminatos
785 3935 832 3965 vix
847 3933 1005 3964 ferebamus
1016 3954 1026 3970 ‚
1047 3932 1098 3962 hos
1113 3941 1190 3962 nunc
1206 3942 1285 3962 omni

230 3982 247 4003 ο
256 3982 283 4004 ι..
317 3993 325 4004 .
1144 3993 1147 3996 Δ

1700 117 1730 153 C
1826 117 1862 153 Ο
1959 118 1996 153 N

1373 197 1473 227 scelere
1489 203 1636 236 coopertos
1648 198 1806 228 tolerabiles
1821 199 1916 229 censes
1927 199 2032 228 civitati
2049 200 2108 230 fore
2118 201 2132 230 ’ἶ

1374 236 1447 265 Grex
1459 236 1557 264 morbo
1569 237 1783 266 contaminatus.
1806 237 1873 266 Hor.
1886 246 1909 266 1.
1922 237 2012 266 carm.
2026 246 2069 275 37.
2081 248 2108 273 9.

1372 272 1482 307 Integra
1495 275 1698 303 contaminatis
1712 282 1903 312 opponuntur.
1930 275 1988 304 Cic.
2007 275 2035 303 in
2048 275 2151 313 Topic.
2165 278 2211 310 96.

1376 309 1486 344 Judicia
1497 319 1623 347 corrupta
1633 322 1663 341 ac
1678 314 1873 341 contaminata.
1898 312 1956 341 Cic.
1975 322 1998 341 1.
2017 312 2089 342 Verr.
2101 323 2145 347 70.

1372 347 1467 376 llomo
1477 350 1656 385 turpillinius‚
1673 349 1902 385 sceleratissimus,
1912 349 2200 379 contaminatissimus.
2217 350 2276 380 Cic.
2287 362 2339 390 pro
2348 352 2440 383 Domo
2450 363 2495 391 23.

1372 384 1464 423 Hujus
1476 387 1645 415 contrarium
1658 388 1695 416 est
1707 388 1955 417 lncontaminatus.
1977 387 2036 418 Liv.
2049 399 2075 422 4.
2089 397 2115 417 2.
2141 388 2217 424 Quas
2233 390 2401 427 quantasque
2412 403 2454 421 res
2464 395 2496 423 C.

1392 422 1557 452 Canuleium
1573 424 1724 460 aggrell‘um
1739 447 1746 459 ,
1767 425 1959 454 colluvionem
1979 427 2124 462 gentium,
2149 426 2389 463 perturbationem
2409 430 2500 468 auspi.

1393 461 1500 489 ciorum
1510 460 1686 497 publicorum
1696 464 1921 499 privatorumque
1932 462 2030 492 afferre
2041 485 2050 498 ‚
2074 473 2110 492 ne
2120 464 2188 499 quid
2197 464 2411 495 incontaminati
2423 467 2462 497 sit.

1373 495 1420 526 Sic
1431 500 1455 527 δι
1469 499 1651 527 Attaminatus
1663 521 1671 534 ,
1694 501 1739 529 cui
1754 501 1937 530 intaminatus
1946 501 1983 530 est
1992 502 2170 530 contrarium.
2199 501 2268 532 Hor.
2282 512 2306 539 3.
2320 503 2440 534 Cama.
2455 511 2498 539 18.

1454 534 1544 564 Virtus
1555 536 1669 572 repulsae
1682 537 1773 567 nescia
1791 537 1909 567 sordida:
1921 560 1929 574 ‚

1452 571 1628 602 intaminatis
1642 574 1730 609 fulget
1745 575 1908 605 honoribus.
1990 576 2009 605 i.
2022 586 2047 605 e.
2082 575 2253 613 Incorruptis
2264 578 2290 608 &
2301 578 2500 609 immaculatis.

1393 609 1486 639 Schol.
1499 617 1552 639 vet.
1589 611 1668 646 [Sed
1685 613 1708 641 is
1721 613 1787 649 legit
1798 613 2027 642 Incontaminatis
2038 635 2045 648 ‚
2068 615 2138 643 utin
2156 616 2238 644 editis
2249 615 2312 653 post
2320 615 2415 645 Lamb.
2429 627 2454 653 q.
2465 617 2490 646 V

2431 131 2501 177 673

1337 646 1385 675 Co
1398 657 1415 675 N
1425 657 1470 676 *ra
1480 659 1500 677 Μ
1509 659 1518 676 i
1528 657 1547 676 N
1556 651 1573 676 Ᾰ
1583 657 1602 675 τ
1612 659 1621 676 1
1631 658 1658 683 ο,
1670 652 1741 679 onis.
1754 650 1773 679 f.
1788 650 1851 688 Ulp.
1865 650 1883 678 l.
1896 659 1921 679 2.
1935 651 1956 686 §.
1972 660 1993 683 ³-
2009 651 2069 687 Dig.
2082 651 2117 680 ad
2129 651 2181 690 leg.
2193 652 2247 689 Jul.
2262 654 2298 682 de
2308 654 2500 684 Adultcoerc.

1336 683 1360 712 C
1369 694 1387 712 0
1397 694 1415 712 N
1426 695 1445 713 'r
1454 695 1474 714 A
1485 697 1506 729 Μ
1516 697 1525 714 1
1535 689 1580 714 NF.
1589 694 1661 714 *ron
1674 708 1682 722 ,
1707 688 1770 718 oris.
1791 697 1829 717 m.
1851 687 1969 718 Tertull.
1984 688 2020 718 de
2033 688 2151 719 Pudicit.
2169 699 2231 727 cap.
2246 700 2289 726 13.
2320 691 2429 722 Paterni
2445 693 2501 723 tori

1375 728 1590 752 contaminator.

1336 759 1360 788 C
1368 768 1385 787 o
1394 769 1413 787 N
1423 769 1442 788 T
1452 770 1469 788 A
1479 772 1499 789 Μ
1510 772 1517 789 ι
1529 770 1550 789 Ν
1560 771 1579 789 A
1590 770 1605 788 B
1615 762 1627 789 ῑ
1637 772 1653 789 1..
1662 771 1671 789 i
1680 770 1692 790 s
1704 783 1712 796 ,
1735 772 1760 791 e.
1779 761 1888 792 Tertul.
1911 763 1974 792 adv.
1991 763 2080 794 Marc.
2091 774 2119 801 4.
2131 773 2178 794 20.
2207 765 2375 803 Prophe-am
2385 788 2395 804 ‚
2415 778 2501 807 quem

1376 808 1427 834 pro
1440 797 1585 827 substantia
1596 798 1718 827 humana
1729 800 1977 831 contaminabilem
1989 801 2080 831 sciret.

1337 834 1360 864 C
1369 844 1386 863 0
1395 844 1414 863 N
1424 839 1469 864 *rx
1478 847 1498 864 Μ
1507 846 1520 864 iz
1530 845 1549 864 N
1561 858 1569 870 ,
1591 838 1654 865 inis.
1677 846 1704 866 n.
1726 837 1845 867 Tertull.
1860 839 1949 867 Carm.
1962 841 2024 867 adv.
2036 839 2122 869 Marc.
2137 849 2162 870 1.
2179 849 2203 870 1.

1468 873 1616 902 Femineos
1631 873 1692 903 usus
1707 875 1784 911 vulgi
1799 877 1962 904 contamine
1974 877 2086 906 mixtos.

1337 908 1385 938 Co
1395 919 1416 938 N
1424 919 1443 938 τ
1453 920 1467 939 a
1477 920 1494 939 c
1504 921 1525 939 H
1536 921 1555 940 N
1564 921 1582 940 o
1590 920 1615 945 a,
1628 911 1769 948 [πχνοὲζω]
1780 914 1828 942 ari.
1847 913 2082 949 Commachinari,
2096 916 2123 944 &
2138 914 2278 946 fallaciam
2294 916 2416 953 aliquam
2425 927 2503 951 com.-

1375 948 1863 985 ponere.Plaut.Pseud.4.6.34.Vide
1872 952 1960 979 modo
1974 961 2010 980 ne
2022 952 2080 981 illic
2089 952 2120 981 sit
2130 954 2335 984 contechnatus
2363 957 2502 994 uidpiam.

1337 984 1384 1014 Co
1395 995 1413 1014 N
1425 986 1495 1014 τέο
1505 996 1539 1022 o,
1560 986 1589 1015 xi
1601 1008 1609 1021 ‚
1631 986 1708 1016 ctum
1719 1009 1727 1021 ‚
1747 988 1911 1023 [mmiju]
1932 990 1988 1018 Ere.
2008 989 2089 1018 ferea
2100 990 2218 1027 simplici
2234 1002 2291 1021 non
2307 993 2335 1021 di
2360 1000 2409 1022 ert.
2430 994 2502 1025 Plin.

1375 1023 1424 1052 lib.
1433 1033 1537 1061 15.cap.
1546 1035 1556 1052 1
1564 1024 1740 1058 8.Patvarum
1749 1035 1837 1062 genus
1848 1025 1978 1055 arborum
1987 1028 2049 1064 post
2059 1029 2233 1058 Autumnum
2251 1029 2319 1060 fimo
2335 1039 2501 1070 contegunt.

1376 1061 1495 1097 Contegi
1508 1061 1627 1091 tumulo.
1650 1062 1707 1091 Liv.
1721 1067 1765 1093 26.
1781 1063 1893 1092 &Cum
1905 1073 1930 1099 7.
1945 1074 1971 1098 9.
1981 1071 2051 1093 extr.

1375 1098 1515 1129 Tumulus
1527 1100 1652 1134 contegit
1667 1110 1769 1139 corpus
1781 1100 1903 1130 Achillis.
1927 1101 1985 1131 Cic.
1998 1112 2048 1139 pro
2063 1103 2145 1132 Arch.
2159 1112 2205 1138 24.

1376 1135 1472 1166 Humo
1483 1138 1605 1174 contegi.
1635 1138 1653 1167 i.
1671 1147 1696 1168 e.
1722 1138 1869 1176 Sepultum
1879 1138 1943 1169 effe.
1965 1139 2050 1170 Ovid.
2067 1144 2110 1170 16.
2125 1141 2208 1179 Epist.
2221 1151 2287 1179 274.

1376 1174 1504 1204 Membra
1516 1174 1655 1213 sepulcro.
1677 1175 1764 1205 Valer.
1778 1187 1802 1206 1.
1815 1178 1916 1214 Argon.
1926 1183 1990 1213 813.

1374 1211 1496 1249 Ossaque
1504 1222 1556 1242 nec
1567 1213 1675 1242 tumulo
1685 1223 1738 1244 nec
1748 1215 1842 1252 separe
1853 1221 1983 1253 contegat
2000 1225 2078 1246 urna.
2099 1214 2190 1246 Valer.
2206 1225 2232 1250 ς.
2255 1219 2358 1255 Argon.
2371 1224 2415 1258 58.
2449 1221 2504 1253 Se.

1394 1260 1461 1287 pare
1472 1272 1480 1285 ‚
1501 1251 1520 1280 i.
1535 1260 1560 1281 e.
1584 1251 1619 1281 Se
1642 1258 1726 1281 arata.
1850 1255 1852 1259 “
2551 1258 2557 1263 ’

1375 1287 1485 1318 Λῐηὶέὶιι
1498 1294 1592 1326 caput.
1638 1289 1685 1318 irr.
1699 1299 1741 1320 12.
1758 1289 1821 1320 AEn.
1835 1295 1901 1327 885.

1376 1325 1509 1362 Injuriam
1520 1326 1629 1356 factam.
1680 1336 1717 1358 er.
1728 1326 1797 1358 Hee.
1810 1336 1836 1365 3.
1852 1337 1877 1364 3.
1891 1336 1938 1365 41.

1471 1364 1504 1393 Et
1516 1363 1558 1393 illi
1571 1364 1675 1394 miserae
1685 1365 1801 1403 indigne
1818 1366 1920 1396 saetam
1930 1366 2064 1402 injuriam
2075 1369 2244 1398 contexens.

1376 1399 1521 1432 Libidines
1540 1402 1725 1433 tenebricosus
1747 1404 1856 1441 pudore
1875 1405 1902 1434 &
1921 1406 2120 1441 temperantia.
2155 1405 2215 1437 Cic.
2236 1407 2272 1437 de
2286 1406 2365 1440 Prov.
2378 1408 2460 1440 Cons.
2472 1415 2508 1447 8.

1397 1440 1534 1469 confundi
1547 1440 1615 1470 solet
1625 1450 1690 1470 cum
1711 1451 1729 1470 c
1737 1451 1754 1470 o
1764 1451 1785 1470 N
1794 1452 1814 1470 T
1823 1452 1837 1471 E
1846 1451 1864 1471 x
1875 1452 1900 1471 o.
1925 1452 1952 1478 q.
1970 1442 2004 1471 V.

1338 1475 1362 1506 C
1372 1486 1389 1506 ο
1398 1486 1420 1506 Ν
1427 1486 1448 1505 ’1-
1456 1479 1472 1506 E
1481 1487 1499 1506 c
1508 1487 1523 1507 13
1530 1487 1551 1507 N
1560 1487 1571 1507 s
1580 1500 1589 1514 ‚
1609 1479 1689 1508 entis.
1713 1478 1809 1509 Partic.
1830 1479 1953 1510 Martial.
1966 1479 2016 1510 lib.
2030 1489 2074 1511 12.
2085 1491 2132 1519 45.

1471 1515 1595 1545 Hoedina
1609 1516 1660 1544 tibi
1673 1516 1747 1554 pelle
1760 1519 1921 1556 contegenti

1469 1553 1560 1583 Nudae
1570 1560 1713 1592 tempora,
1732 1556 1923 1592 verticemque
1935 1556 2037 1592 calvae,
2058 1558 2112 1587 διε.

1337 1589 1362 1618 C
1370 1598 1404 1657 oO
1397 1598 1418 1619 N
1426 1599 1452 1657 trgi
1455 1600 1470 1619 a.
1481 1600 1554 1659 αἰγὶ]
1563 1601 1585 1627 s,
1597 1602 1625 1628 u,
1637 1602 1695 1622 um.
1708 1593 1806 1623 Partic.
1828 1590 2058 1631 [ἑσκεππσμῖάῶν]
2082 1600 2123 1630 ut,
2139 1594 2207 1627 Casa
2216 1600 2348 1629 contecta
2358 1599 2510 1632 stramine..

1407 1638 1430 1657 vi
1456 1651 1461 1657 .
1475 1639 1500 1664 ς.
1550 1635 1587 1659 et.
1600 1639 1666 1667 447.
1935 1640 1946 1653 ⁸

1339 1664 1680 1704 CONTEGULAT10‚
1701 1669 1772 1698 finis.
1792 1668 1813 1698 f.
1837 1670 1864 1700 ἃ

1339 1702 1392 1731 Co
1404 1709 1663 1734 Nrtcurii'roa
1678 1728 1686 1741 ,
1708 1708 1775 1736 oris.
1796 1716 1835 1737 m.
1857 1706 1932 1746 apud
1945 1706 2041 1743 Jctos.

1340 1740 1416 1770 C0N
1426 1751 1445 1770 T
1453 1744 1469 1771 i}
1477 1753 1498 1771 M
1509 1744 1526 1771 ἱ
1534 1753 1550 1771 R
1560 1752 1577 1771 o
1588 1765 1596 1778 ‚
1619 1742 1820 1779 [φωμιεάνω]
1839 1748 1894 1775 εἶτε.
1916 1745 2044 1775 Polluere
2054 1767 2063 1781 ‚
2085 1744 2203 1777 Violare.
2223 1747 2343 1779 Martial.
2356 1749 2405 1780 lib.
2419 1761 2443 1781 1.
2455 1760 2514 1783 ιο.»

1455 1779 1687 1818 Laeseratingrato
1699 1782 1743 1811 leo
1754 1782 1877 1819 perfidus
1893 1793 1942 1813 ore
1955 1784 2115 1820 magistrum
2127 1794 2135 1813 :

1499 1818 1584 1848 Ausus
1596 1825 1654 1848 tarn
1664 1826 1744 1849 notas
1754 1827 1944 1850 contemerare
1952 1831 2060 1851 manus.
2144 1821 2228 1853 ovid.
2245 1833 2271 1855 2.
2291 1825 2384 1856 Amor.
2396 1835 2423 1864 7.
2436 1833 2479 1863 13.

1456 1854 1545 1891 Ecce,
1567 1867 1671 1886 novum
1683 1858 1808 1894 crimen,
1830 1858 1913 1888 solers
1931 1868 2028 1889 ornare
2038 1859 2162 1898 Cypaffis

1512 1894 1654 1930 Objicitur
1664 1895 1789 1925 dominae
1800 1897 2002 1926 contemerasse
2013 1905 2116 1927 torum.

1338 1927 1417 1958 CON
1428 1938 1448 1958 Τ
1456 1939 1472 1960 8
1481 1941 1503 1960 M
1512 1941 1534 1960 N
1543 1942 1560 1961 O
1570 1954 1579 1967 ,
1601 1933 1640 1969 psl
1650 1954 1659 1968 ‚
1680 1939 1760 1970 ptum
1768 1955 1778 1969 ,
1800 1934 1937 1970 [ὶξδθῑνέω9
1954 1935 2142 1972 ύπεξόπῦμοα,
2159 1936 2312 1971 Ιζᾳταφξσνέω
2320 1957 2330 1969 ,
2356 1937 2508 1978 'Ga-egoejae',

1377 1964 1488 2000 ὲξεδὶνόω
1498 1991 1507 2004 ,
1531 1967 1690 2007 ἀπούρρμαι]
1711 1974 1766 2001 ere.
1789 1971 1946 2009 Desptcere,
1957 1973 2095 2010 spernere.
2125 1973 2210 2004 Plaut.
2226 1974 2296 2005 Asin.
2312 1987 2339 2006 2.
2352 1987 2379 2013 4.
2392 1987 2435 2007 10.

1474 2006 1532 2043 Tu,
1552 2009 1682 2045 verbero,
1705 2010 1855 2047 imperium
1867 2019 1961 2040 meum
1972 2011 2184 2047 contempsisti‘.>

1376 2042 1569 2075 Contemnere
1583 2047 1609 2076 &
1621 2047 1775 2082 Admirati,
1796 2048 1945 2078 contraria.
1967 2048 2026 2078 Cic.
2038 2050 2069 2078 in
2082 2049 2159 2079 Orat.
2174 2059 2235 2087 131.

1377 2080 1566 2113 Contemnere
1588 2085 1615 2114 &
1638 2083 1740 2114 Efferre
1751 2107 1760 2120 ‚
1779 2087 1927 2115 contraria.
1966 2085 2025 2116 Cic.
2042 2096 2095 2125 pro
2115 2087 2228 2118 Muren.
2242 2098 2287 2125 ις.
2308 2089 2515 2128 Ὀοηῑεῐηρΐιίῐτῖ

1396 2118 1427 2148 L.
1440 2120 1567 2151 Murenae
1579 2131 1668 2159 genus
1684 2145 1691 2158 ,
1714 2123 1837 2153 extulisti
1852 2130 1942 2153 tuum.

1376 2155 1566 2189 Contemnere
1577 2162 1602 2190 &
1616 2160 1763 2197 Despicere
1772 2183 1781 2196 ‚
1803 2171 1837 2191 eo
1846 2161 1947 2191 distant
1959 2183 1967 2195 ‚
1990 2162 2067 2197 quod
2078 2161 2220 2199 despicere
2230 2163 2268 2192 est
2280 2165 2400 2201 gravius,
2421 2177 2508 2203 quam.

1394 2203 1586 2227 contemnere.
1628 2197 1686 2227 Cic.
1698 2198 1733 2227 ad
1741 2198 1806 2228 Caes.
1817 2199 1866 2228 lib.
1880 2208 1905 2234 3.
1928 2200 2156 2229 Amicinonnulli
2166 2206 2193 2229 te
2204 2204 2349 2232 contemni
2363 2213 2395 2233 ac
2414 2205 2506 2243 despi-

1396 2233 1422 2263 ci
1432 2255 1441 2269 ‚
1463 2235 1489 2264 δε
1498 2244 1550 2272 pro
1562 2234 1651 2264 nihilo
1663 2235 1757 2265 haberi
1767 2237 1885 2266 Senatus
1894 2237 1996 2266 voluit.
2036 2237 2116 2267 idem
2131 2238 2167 2268 de
2178 2238 2289 2270 Senect.
2302 2249 2328 2277 7.
2351 2241 2508 2273 Contemni

1395 2271 1423 2300 se
1442 2279 1559 2309 putant,
1581 2272 1706 2311 despici,
1727 2273 1820 2304 illudi.
1843 2275 1910 2304 Haec
1919 2275 2037 2305 Nonius.

1375 2307 1583 2346 Contemnere,
1605 2312 1631 2341 ἃ
1647 2321 1700 2350 pro
1710 2312 1799 2341 nihilo
1809 2319 1916 2351 putare.
1939 2312 1997 2342 Cic.
2013 2322 2037 2342 1.
2057 2312 2115 2343 Off.
2126 2319 2171 2349 ²8·
2193 2313 2272 2344 Idem
2281 2325 2331 2353 pro
2343 2316 2443 2347 Milon.
2455 2321 2502 2353 65-

1374 2346 1564 2378 Contemnere
1577 2370 1585 2383 ,
1616 2350 1643 2378 ἀ
1661 2349 1790 2385 abjicere.
1831 2349 1891 2380 Cic.
1909 2360 1960 2388 pro
1979 2351 2090 2381 Muren.
2104 2360 2150 2388 25.
2179 2351 2213 2382 Id
2235 2354 2386 2383 enuntiatis
2409 2356 2508 2386 vestris

1395 2385 1528 2423 mysteriis
1546 2393 1637 2415 totum
1648 2387 1688 2416 est
1699 2393 1896 2425 contemptum
1906 2389 1933 2417 Sc
1945 2387 2095 2424 abjectum.

1375 2421 1528 2454 conterere
1538 2430 1620 2462 atque
1627 2431 1810 2455 contemnere
1819 2425 1932 2462 aliquid.
1973 2426 2033 2455 Cic.
2048 2435 2072 2461 ς.
2086 2425 2167 2455 Tusc.
2181 2432 2226 2462 85.
2248 2427 2385 2464 Faciunt,
2406 2438 2437 2459 ut
2444 2441 2504 2468 gra.

1392 2461 1509 2491 vitatem
1524 2462 1743 2500 dignitatemque
1754 2463 1863 2492 virtutis
1876 2470 2062 2501 exaggerent:
2085 2473 2168 2500 quarn
2186 2474 2271 2502 quum
2292 2467 2328 2496 ad
2346 2466 2444 2498 caelum
2454 2479 2506 2499 ex-

1393 2498 1530 2535 tulerint,
1550 2499 1626 2536 quod
1645 2500 1737 2530 facere
1750 2500 1915 2538 eloquentes
1931 2501 2061 2531 homines
2082 2501 2197 2539 copiose
2217 2503 2324 2541 solent,
2343 2504 2450 2544 reliqua
2465 2515 2505 2538 ez

1394 2537 1548 2566 collatione
1558 2559 1566 2573 ,
1589 2538 1671 2568 facile
1683 2539 1721 2568 est
1728 2545 1876 2569 conterere
1888 2545 1971 2576 atque
1984 2547 2175 2570 contemnere.

1374 2573 1556 2613 Voluptatem
1566 2577 1748 2607 contemni&
1761 2577 1839 2613 rejici
1850 2583 1989 2615 oportere.
2010 2577 2068 2607 Cic.
2086 2587 2109 2607 r.
2123 2577 2181 2607 off.
2196 2581 2258 2609 106.

1373 2610 1442 2642 Non
1454 2622 1547 2642 curare
1558 2635 1566 2649 ,
1590 2620 1673 2651 atque
1686 2620 1878 2644 contemnere.
1900 2614 1960 2644 Cic.
1974 2624 1997 2651 3.
2010 2615 2046 2644 de
2059 2615 2118 2644 Fin.
2131 2624 2176 2651 29.

1374 2650 1492 2680 Irridere
1504 2653 1529 2680 ἃ
1545 2659 1738 2682 contemnere.
1761 2652 1820 2682 Cic.
1831 2661 1858 2681 2.
1872 2653 1908 2681 de
1919 2652 1991 2691 Lege
2002 2654 2093 2690 Agrar.
2102 2657 2147 2688 96.

1374 2688 1425 2755 Pgr
1436 2688 1522 2755 risun}i
1529 2698 1561 2718 ac
1572 2699 1621 2726 per
1632 2690 1729 2726 jocum
1735 2697 1919 2720 contemnere
1928 2690 2045 2727 aliquid.
2067 2691 2126 2721 Cic.
2139 2691 2208 2720 ibid.
2224 2691 2281 2722 Sed
2291 2692 2376 2722 codd.
2386 2695 2504 2725 emend..

1417 2732 1502 2756 onten
1526 2736 1581 2757 ere.

1372 2763 1562 2795 Contemnere
1571 2764 1692 2802 aliquem
1703 2774 1759 2803 prae
1769 2763 1805 2796 se.
1843 2764 1909 2796 Ter.
1920 2764 1991 2796 Eun.
2001 2775 2028 2797 a..
2040 2776 2066 2796 2.
2079 2772 2105 2801 8.
2126 2765 2182 2796 Hic
2189 2773 2246 2799 ego
2254 2767 2334 2798 illum
2342 2769 2501 2808 contempsi

1393 2812 1450 2838 prae
1461 2812 1515 2833 me.

1372 2837 1510 2870 Honores.
1532 2839 1601 2871 Hor.
1613 2848 1640 2870 2.
1654 2840 1741 2870 Serm.
1753 2849 1777 2878 7.
1791 2845 1837 2876 8'5·

1372 2877 1509 2907 Laborem
1520 2878 1592 2908 bene
1605 2879 1730 2908 dicendi.
1752 2878 1874 2916 Quintil.
1888 2879 1918 2908 in
1930 2888 2051 2917 prooein.
2069 2878 2118 2910 lib.
2133 2888 2158 2910 1.

1372 2915 1495 2947 Famam.
1518 2917 1584 2946 Sen.
1596 2916 1710 2954 Hippol.
1722 2926 1750 2947 2.

1371 2953 1517 2983 Murmura
1525 2955 1614 2984 famae.
1637 2955 1761 2992 Propert.
1774 2953 1821 2985 lib.
1833 2962 1861 2984 2.
1876 2965 1900 2991 ς.
1912 2963 1957 2991 29.

1373 2991 1461 3020 Valde
1472 2991 1593 3029 aliquem
1605 2999 1797 3023 contemnere.
1822 2993 1879 3022 Cic.
1895 2999 1921 3027 8.
1939 2993 2049 3028 Fama.

1372 3029 1478 3058 Ventos
1489 3037 1669 3060 contemnere
1678 3030 1803 3060 assuescit
1818 3032 1889 3060 vitis.
1914 3031 1987 3066 Virg.
2001 3039 2026 3059 2.
2041 3029 2140 3067 Georg.
2154 3033 2218 3065 ³60.

1371 3066 1464 3097 Vitam
1473 3068 1652 3106 contempsit,
1673 3069 1745 3097 mori
1756 3070 1802 3106 qui
1817 3068 2000 3106 concupiscit.
2021 3068 2086 3099 Sen.
2099 3068 2190 3098 Theb.
2210 3079 2234 3099 x.
2256 3067 2374 3100 Martial.
2387 3070 2436 3102 lib.
2451 3077 2503 3102 11⁸·

1393 3115 1437 3142 57.
1463 3106 1493 3134 in
1504 3105 1727 3135 Chaeremontem
1740 3128 1748 3141 ‚
1778 3138 1780 3141 .

1465 3143 1558 3173 Rebus
1571 3144 1600 3172 in
1611 3145 1731 3181 angustis
1741 3165 1750 3179 ‚
1769 3142 1852 3173 facile
1863 3144 1901 3173 est
1912 3151 2092 3173 contemnere
2104 3144 2199 3173 vitam.

1370 3180 1443 3218 Apes
1455 3182 1642 3210 contemnunt
1651 3182 1742 3217 favos,
1765 3182 1835 3218 Quae
1845 3182 1999 3211 facere‘mel
2009 3181 2120 3210 cessant.
2144 3182 2215 3220 Virg.
2226 3193 2254 3219 4.
2265 3182 2365 3221 Georg.
2383 3194 2446 3221 104.

1371 3218 1455 3248 Pinus
1469 3219 1558 3248 undas
1571 3219 1738 3249 contemnit.
1761 3219 1856 3257 Tibul.
1872 3219 1919 3248 lib.
1932 3229 1955 3248 1.
1968 3229 1991 3255 3.
2008 3228 2051 3255 37.

1465 3257 1602 3287 Nondum
1622 3257 1754 3287 caeruleas
1767 3258 1849 3294 pinus
1873 3256 2078 3295 contempserat
2097 3255 2194 3287 undas.

1392 3302 1471 3324 erant
1481 3304 1574 3324 naves.
1609 3295 1651 3324 De
1663 3296 1772 3325 Saturni
1782 3296 1964 3332 temporibus.

1333 3333 1357 3364 C
1368 3341 1416 3400 (ἐκ
1425 3341 1445 3360 T
1455 3342 1469 3360 E
1479 3343 1499 3361 M
1508 3341 1551 3399 fg-
1560 3343 1577 3361 U
1587 3342 1610 3368 s,
1619 3343 1644 3368 a,
1655 3343 1711 3362 um,
1724 3328 1989 3369 [ὼεςῐωζαῶρῶ]
2008 3332 2107 3361 Partic.
2130 3339 2162 3362 ut
2175 3352 2183 3365 2
2206 3332 2294 3363 Dolor
2304 3341 2498 3373 contemptus»

1393 3379 1422 3399 ro
1446 3376 1495 3399 ert.
1520 3381 1527 3398 ι
1552 3381 1621 3400 .1.1
1647 3394 1653 3400 .
1687 3393 1694 3400 .

1369 3381 1532 3438 Conptritum
1543 3410 1569 3438 &
1580 3381 1775 3445 coiitegiptum
1788 3408 1943 3445 praemium.
1978 3407 2036 3437 Cic.
2048 3417 2099 3445 pro
2109 3408 2185 3438 sext.
2201 3412 2246 3442 86.
2269 3409 2327 3446 Qui
2338 3410 2416 3439 nullo
2427 3420 2497 3448 prae.

1390 3447 1448 3483 rnio
1459 3446 1599 3483 proposito
1609 3467 1617 3482 ‚
1641 3451 1739 3484 praeter
1750 3446 1804 3475 hoc
1814 3447 1889 3482 quod
1903 3447 1956 3482 jam
1966 3450 2118 3475 contritum
2130 3448 2156 3476 Sc
2166 3454 2361 3486 contemptum
2372 3457 2496 3486 putatur,

1389 3484 1527 3519 judicium
1537 3484 1692 3519 bonorum,
1714 3484 1809 3512 omnia
1822 3482 1963 3520 pericula,
1980 3485 2031 3513 ἃς.
2054 3483 2178 3521 suscepit.

1371 3521 1598 3588 Cfontemptiores
1609 3531 1687 3559 mage
1697 3528 1788 3557 erunt,
1809 3528 1892 3557 atque
1901 3521 1976 3551 avidi
1985 3523 2086 3551 minus.
2112 3522 2152 3551 Al.
2177 3522 2382 3554 contentiores.
2406 3524 2493 3555 Plaut.

1412 3569 1468 3588 oen.
1479 3569 1504 3587 2.
1518 3568 1541 3587 1.
1554 3569 1564 3586 r
1590 3582 1596 3588 .

1373 3570 1608 3633 contemptissimi
1620 3595 1787 3634 philosophi.
1810 3595 1869 3626 Cic.
1879 3604 1905 3626 2.
1919 3596 1954 3625 de
1964 3596 2055 3625 Divin.
2072 3606 2130 3632 1¹7-

1372 3633 1560 3663 Tenuillimus
1572 3636 1659 3664 vietus
1670 3657 1678 3669 ‚
1700 3642 1783 3670 atque
1797 3633 2038 3671 contemptissimae
2049 3633 2126 3663 escae.
2147 3633 2209 3664 Cic.
2226 3639 2253 3665 2.
2268 3635 2307 3665 ¹de
2316 3635 2377 3666 Fin.
2390 3646 2439 3673 ¹90.

1374 3672 1561 3707 Contemptus
1575 3673 1601 3701 δι
1618 3671 1751 3707 abjectus.
1775 3671 1833 3700 Cic.
1848 3682 1873 3700 π.
1888 3672 1922 3700 de
1936 3672 2007 3707 Lege
2020 3674 2078 3709 Agr.
2090 3681 2133 3707 93.

1373 3707 1608 3746 Despicatislimus
1618 3711 1643 3739 &
1654 3709 1913 3742 contemmiffimus.
1936 3709 1994 3738 Cic.
2006 3718 2055 3747 pro
2067 3710 2141 3739 Sext.
2153 3713 2198 3745 36.

1374 3746 1469 3777 Homo
1480 3747 1534 3775 vita
1549 3753 1711 3784 contempta
1720 3757 1752 3776 ac
1764 3747 1880 3775 sordida.
1905 3747 1963 3775 Cic.
1977 3755 2027 3784 pro
2039 3748 2130 3776 Plane.
2144 3757 2186 3776 12.
2290 3782 2292 3784 Ι

1375 3785 1544 3821 Contempta
1557 3783 1706 3821 relinquor.
1748 3785 1832 3813 Ovid.
1848 3793 1872 3818 3.
1885 3784 1967 3821 Epist.
1979 3790 2024 3817 8²-
2048 3785 2088 3814 Ad
2102 3786 2240 3814 Achillem
2254 3783 2351 3816 Briseis
2361 3783 2494 3824 loquitur.

1338 3822 1361 3852 C
1369 3833 1386 3851 o
1395 3832 1414 3850 Ν
1422 3831 1443 3850 T
1452 3831 1465 3849 a
1475 3832 1495 3849 Μ
1507 3831 1527 3850 Ν
1537 3831 1551 3849 n
1561 3832 1580 3850 N
1590 3832 1608 3850 D
1619 3832 1638 3850 υ
1647 3832 1658 3851 s
1668 3844 1676 3855 ‚
1698 3821 1794 3854 Partic.
1815 3819 2018 3858 [hovem-‘QG
2044 3829 2075 3851 ut
2085 3844 2093 3858 ,
2114 3822 2296 3853 Defensiones
2306 3835 2362 3853 non
2371 3832 2495 3854 contem=

1378 3860 1481 3888 nendae
1490 3878 1498 3893 ,
1520 3858 1638 3895 saneque
1648 3859 1815 3889 tolerabiles.
1839 3860 1896 3888 Cic.
1910 3861 1944 3887 de
1955 3859 2026 3888 Clar.
2038 3860 2116 3890 Orat.
2129 3871 2193 3897 272.

1376 3898 1422 3964 Νὸ
1440 3895 1522 3926 Titus
1538 3897 1653 3933 quidem
1673 3897 1827 3927 Postumius
1852 3898 2080 3928 contemnendus
2098 3899 2127 3927 in
2145 3899 2275 3928 dicendo.
2298 3898 2356 3929 Cic.
2370 3900 2405 3928 de
2422 3899 2494 3928 Clar.

1425 3941 1474 3963 rat.
1486 3937 1551 3969 268.

2275 3259 2296 3288 i.
2310 3268 2335 3288 e.
2359 3259 2500 3291 Nondunt

1919 3968 1970 4010 Qq
1977 3982 1995 4010 q
2003 3981 2021 4010 <i
2396 3975 2497 4005 Orator
