2604 4222
639 47 667 81 A
758 44 784 79 F
877 43 903 77 F

217 133 327 164 Affiitim
343 132 473 161 diximus.
505 129 575 160 Plin.
591 128 639 157 lib.
656 137 697 163 17.
714 136 774 166 cap.
786 134 831 160 24.
1023 157 1027 161 Ι
1091 155 1096 160 ι

219 171 331 201 Alsatini
349 171 476 199 materiae.
510 168 569 197 Liv.
587 177 612 196 2.
632 163 701 195 Bell.
716 163 828 193 Maced.
867 160 938 190 Item
954 156 1060 187 affatim
1078 154 1237 191 lignorum,
1266 149 1342 188 apud

240 209 370 237 eundem.
832 237 837 241 ¹
862 235 867 240 .
903 235 907 239 .
931 233 958 238 ..
1123 227 1128 233 ἡ

223 246 334 276 affatim
348 246 394 274 est.
430 244 516 273 Plaiit.
530 241 628 271 Bacch.
645 249 668 275 3.
685 249 707 274 3.
721 248 765 274 94.
803 235 868 265 Tibi
881 235 1040 263 divitiarum
1055 228 1160 258 affatim
1176 227 1222 255 est.
1262 225 1342 255 Idem

245 284 337 313 Cistel.
371 284 494 312 Aliorum
509 281 546 310 est
563 278 667 308 affatim
681 277 728 313 qui
744 275 853 303 fziciant.
962 307 966 311 ·
1120 304 1127 308 Ἰ
1155 303 1159 308 ¹

226 322 338 351 Affatim
361 320 467 349 irorsus.
498 318 555 347 Cic.
574 321 614 344 16.
628 316 682 343 Ait.
700 324 721 342 i.
745 321 795 341 iis.
812 319 898 343 Lxx,
919 307 982 336 satis
993 305 1065 340 esse,
1086 304 1192 333 affatim
1203 301 1321 340 prorsus.

227 359 337 389 Affatim
360 358 508 387 atissacere.
537 354 595 383 Cic.
608 363 632 382 2.
650 353 702 380 Att.
720 354 760 378 16.
983 381 988 386 ¹
1205 378 1210 383 ι
1237 377 1241 382 ,

229 397 305 426 Vesci
323 407 350 425 re
367 395 465 431 aliqua.
503 393 561 421 Cic.
576 401 600 420 2.
625 391 660 418 de
680 388 743 418 Nat.
761 386 843 415 Deor.
866 392 927 419 127.
967 380 1126 417 Iisdemque
1146 377 1296 408 seiiiuiibus
1316 377 1343 406 δι

247 435 374 463 homines
384 432 489 462 affatim
499 429 653 459 vescuntur.

191 470 709 504 Ari-ECTATF„Arrac'rlirro,
731 462 781 490 &cx
821 458 1039 487 V.AFF1C10.
1072 490 1078 501 l
1164 494 1169 500 Ἰ
1246 488 1251 498 Ι

191 512 213 539 A
222 520 235 538 F
245 521 258 538 F
268 514 283 538 ὲ
292 520 309 538 R
318 520 335 538 o
345 532 353 545 ,
380 508 459 537 affers
470 528 478 541 ‚
506 503 586 533 attuli
597 524 605 537 ,
634 500 747 530 allatum
758 521 766 533 ‚
797 498 813 533 [
824 497 930 532 ἐπιφέςω
941 517 949 531 ,
976 498 1105 530 ωερεφεξω
1118 515 1126 528 ,
1156 489 1344 527 καομιζομιη]

227 547 332 576 antire.
363 548 518 583 Apportaie.
653 576 658 580 ῃ
750 574 755 579 .
917 571 922 576 .
1318 564 1333 573 Ἴ

228 586 331 615 Arione
348 587 373 614 ἐξ
391 583 493 612 Efferre
505 602 513 615 ,
541 584 685 607 contraria.
724 573 783 602 Cic.
798 581 849 610 pro
867 571 966 607 Quint.
1006 568 1101 611 Itaque
1114 575 1148 610 Ιῖς
1163 565 1291 611 *obsecrat
1311 567 1342 593 C.

248 623 356 660 Aquili,
379 629 409 650 ut
424 628 506 656 quam
521 614 770 646 existimationem,
791 619 873 647 quam
884 607 1095 651 honestatemin
1109 606 1247 642 judicium
1263 610 1345 632 tuum

249 660 357 693 attulit,
379 667 439 687 eam
451 656 532 684 liceat
542 654 567 682 ei
578 652 671 681 secum
682 659 717 678 ex
727 649 782 678 hoc
793 648 855 676 loco
867 647 973 676 esterre.

229 698 332 728 Afferre
343 697 378 725 ad
388 705 418 724 os
429 694 521 723 cibum
534 699 627 719 manu.
656 688 724 718 Plin.
740 687 788 716 lib.
803 695 844 714 10.
862 695 921 728 cap.
933 687 979 720 46.
1080 719 1085 725 Ι
1197 717 1201 722 .
1230 714 1235 721 .

230 736 365 772 Aliquem.
396 732 479 761 Plaut.
500 729 594 758 Pseud.
608 737 634 756 2.
652 737 678 762 4.
700 735 744 755 21.
786 722 873 754 Attuli
888 723 972 752 hunc.
993 729 1018 751 P.
1041 719 1109 757 quid
1124 716 1260 748 attulisti?
1287 724 1343 744 CA.

249 772 353 802 adduxi
364 770 439 800 volui
452 768 554 797 dicere.
591 765 732 795 Plautinus
745 763 834 799 jocus.
917 798 922 802 Ι
1181 792 1185 797 ¹

230 811 278 840 Me
288 832 295 844 ,
316 817 342 838 te
354 831 361 843 ,
389 808 423 836 se.
464 806 534 842 Vir-g.
547 810 572 838 8.
589 803 650 833 AEn.
662 811 726 838 477.
752 838 757 844 ι
826 815 865 820 —-
876 798 938 827 fatis
952 797 1008 825 huc
1021 802 1048 824 te
1062 791 1240 832 poscentibus
1254 790 1343 820 affers.

248 848 307 877 Fati
318 845 475 875 iiecellitate
485 844 590 872 Factum
601 841 639 870 est
653 846 683 869 ut
695 847 812 868 venires.
847 836 966 866 Servius.
998 833 1084 863 Plaut.
1105 830 1203 872 Amph.
1224 839 1249 858 2.
1269 840 1295 863 4.
1316 831 1343 856 6.

184 65 252 90 110

246 886 311 921 Ejus
324 883 390 918 iuffu
402 892 478 912 nunc
494 881 549 910 huc
560 889 605 908 nie
616 878 709 908 aii‘ero.

247 923 355 952 cedere.
386 920 445 950 Cic.
461 929 512 957 pro
526 916 617 947 Coelio
631 926 673 952 53.

225 960 288 990 Sese
303 969 317 989 a
332 958 481 988 moenibus.
510 956 576 993 Virg
597 964 621 991 3.
638 955 699 984 AEn.
1094 983 1099 988 “
1304 990 1307 992 .
1322 969 1336 976 -

225 998 329 1028 Afferre
341 997 367 1027 ἃ
378 996 487 1025 referre.
522 993 587 1023 Ter.
604 993 634 1021 in
647 990 717 1030 prol.
733 990 843 1020 Phorm.
855 996 900 1017 22.
941 984 1029 1022 Quod
1043 983 1078 1012 ab
1092 982 1150 1020 ipso
1166 981 1281 1011 allatum
1295 979 1343 1015 est,

714 916 803 951 Atque
812 914 851 941 ita
861 910 966 941 Coelius
976 910 1012 939 ad
1021 907 1099 937 illam
1108 904 1202 936 attulit
1212 904 1247 934 se.

244 1036 291 1065 sibi
309 1035 363 1064 ell'e
378 1035 406 1063 id
424 1036 540 1065 relatum
556 1036 644 1069 putet.
685 1029 739 1058 Ubi
755 1028 898 1058 Donatus,
924 1019 1096 1053 Proverbiale
1111 1020 1149 1050 est
1159 1042 1168 1056 ‚
1194 1018 1282 1056 Quod
1298 1018 1346 1046 de-

244 1074 304 1108 dit,
325 1073 438 1109 recepit.
480 1071 503 1099 V
534 1079 600 1098 mox
617 1068 657 1097 Ad
673 1065 861 1096 defensionem
876 1061 922 1091 aff.
1023 1098 1028 1104 ⁸
1152 1096 1158 1101 ⁶
1249 1092 1254 1098 ι

224 1111 345 1146 Afferre,
368 1119 418 1148 pro
432 1108 573 1139 Conferre.
606 1105 663 1135 Cic.
679 1115 705 1134 2.
723 1105 757 1133 de
772 1103 790 1132 F
794 1103 846 1144 in..
872 1101 963 1143 Negat
978 1098 1115 1136 Epicurus
1131 1097 1344 1127 diuturnitatem

263 1150 358 1178 uidem
369 1147 502 1186 temporis
515 1146 549 1175 ad
561 1146 640 1174 beate
649 1142 801 1184 vivendum
812 1138 918 1176 aliquid
929 1136 1035 1166 afferte.

224 1189 246 1217 A
260 1187 338 1224 iquid
349 1187 384 1216 ad
397 1185 523 1222 rempub.
552 1183 611 1212 Cic.
630 1192 649 1210 i.
666 1180 723 1210 Ost.
825 1215 830 1220 ⁴
848 1215 852 1220 Ι
1243 1204 1248 1213 .

223 1225 336 1262 Aliquid
350 1225 385 1253 ad
397 1231 576 1253 communem
593 1220 713 1249 fructum
729 1217 781 1246 sive
791 1214 958 1247 utilitatem,
979 1221 1030 1250 pro
1042 1209 1181 1239 Conferre.
1217 1207 1275 1237 Cic.
1291 1215 1343 1244 pro

243 1263 343 1294 Archia
362 1272 403 1291 12.
445 1261 482 1290 Ut
498 1259 569 1289 nihil
586 1257 689 1295 possint
708 1265 741 1284 ex
762 1254 806 1283 his
820 1260 911 1289 neque
930 1250 966 1279 ad
981 1257 1160 1279 communem
1175 1245 1272 1275 afferre
1288 1246 1344 1274 fru-

244 1302 336 1335 ctum,
358 1308 449 1337 neque
460 1299 489 1327 in
503 1297 658 1335 aspectum,
679 1293 827 1328 lucemque
840 1289 972 1333 proferre.
999 1286 1078 1316 Idem
1092 1295 1115 1314 1.
1132 1283 1190 1314 Off.
1230 1283 1264 1313 Et
1275 1282 1343 1312 sem-

243 1349 292 1376 per
303 1337 406 1375 aliquid
418 1338 453 1366 ad
464 1343 643 1365 communem
655 1331 804 1361 utilitatem
814 1326 996 1372 afferendum.
1076 1361 1081 1367 ⁸

223 1376 327 1406 Afferre
337 1398 345 1411 ,
366 1385 416 1413 pro
430 1384 464 1403 eo
474 1373 549 1411 quod
560 1373 597 1401 est
613 1370 757 1400 Nuntiate.
780 1362 1024 1403 [s’vmaeeaigea'hq]
1050 1361 1109 1391 Cic.
1120 1366 1146 1395 8.
1162 1360 1217 1389 Att.
1258 1357 1343 1387 Com-

242 1414 335 1452 plures
348 1412 516 1446 attulerunt,
538 1409 669 1439 Caesarem
685 1408 737 1436 iter
748 1405 850 1435 habere
865 1402 999 1440 Capuam.
1211 1435 1216 1440 ι
1323 1433 1329 1439 ⁸

222 1453 265 1482 Ad
281 1452 409 1489 aliquem.
433 1451 450 1479 i.
463 1459 486 1478 e.
507 1447 596 1478 Alieni
607 1447 743 1476 nuntiare.
770 1443 828 1473 Cic.
841 1451 893 1479 pro
904 1439 975 1470 Coel.
986 1476 992 1482 η
1015 1437 1122 1480 Rumor
1138 1434 1232 1465 attulit
1242 1434 1277 1464 ad
1294 1433 1342 1463 ali-

242 1491 322 1526 cujus
333 1498 419 1519 aures.
441 1487 499 1517 Cic.
510 1496 560 1524 pro
575 1484 647 1522 Lege
657 1482 755 1514 Manil.
794 1480 861 1510 Non
870 1487 905 1508 ex
917 1476 1012 1516 praelio
1028 1481 1143 1505 nuntius
1153 1496 1161 1510 ,
1181 1473 1229 1502 sed
1239 1481 1275 1502 ex
1289 1471 1343 1501 ser-

240 1538 326 1557 mone
339 1536 434 1556 rumor
448 1524 564 1554 afferret.
1222 1547 1227 1555 Ι

221 1566 342 1601 Afferre,
377 1563 453 1602 quod
472 1563 529 1592 dici
546 1560 628 1598 vulgo
647 1559 717 1588 solet
736 1555 859 1593 Allegare
880 1555 907 1584 ἃ
924 1553 1086 1582 adducere:
1122 1546 1340 1585 [wssoem23us2

241 1601 439 1638 ωφασέζειθοᾳ
449 1623 457 1635 ‚
487 1597 682 1634 meoscrgizfioq]
711 1602 763 1629 ut,
793 1593 894 1623 Afferre
911 1596 1073 1628 argumenta
1085 1611 1093 1623 ,
1119 1585 1267 1628 exempla,
1295 1593 1342 1613 ex-

239 1641 403 1671 cusationes.
431 1639 490 1668 Cic.
531 1635 610 1666 Nihil
623 1635 706 1673 igitur
720 1633 857 1666 afferunt,
878 1630 927 1667 qui
940 1630 969 1657 iii
980 1638 1008 1657 re
1025 1626 1145 1669 gerenda
1155 1624 1251 1666 versari
1265 1622 1342 1665 sene-

239 1681 343 1709 &tutem
362 1684 473 1716 negant.
504 1675 592 1706 Idem.
607 1683 633 1703 2.
657 1673 692 1702 de
707 1672 783 1702 Orat.
823 1671 866 1699 An
883 1673 995 1698 aetatem
1010 1664 1128 1695 asteret‘?
1156 1663 1341 1700 quadriennio

237 1718 331 1746 minor
344 1716 390 1745 est.
1026 1726 1027 1730 .
1081 1741 1085 1745 ι
1319 1734 1325 1740 ·

217 1755 259 1787 Ad
277 1765 309 1784 ea
326 1764 384 1789 quae
405 1753 481 1787 dixi.
511 1750 594 1784 affer,
624 1748 712 1785 siquid
731 1746 823 1776 habes.
859 1743 917 1773 Cic.
935 1752 960 1780 7.
978 1742 1032 1771 Λα.
1048 1740 1116 1769 Pim.
1132 1737 1197 1774 Jun.
1213 1743 1341 1781 *quanvis

238 1794 290 1829 (ut
298 1793 399 1830 opinor
407 1792 418 1822 ⁴)
436 1790 503 1819 citra
513 1794 638 1818 veterum
649 1785 846 1815 authoritatem
854 1804 862 1817 ,
886 1780 1008 1818 Allegare
1018 1775 1180 1823 exemplum
1191 1775 1276 1819 ὀιζυῖ..
1320 1810 1326 1815 .

219 1830 351 1865 Causam,
372 1828 416 1858 vel
434 1828 545 1857 Crimen
561 1827 590 1855 in
607 1824 754 1861 judicium.
789 1822 847 1851 Cic.
866 1829 916 1857 pro
933 1819 1045 1848 Cluent.
1080 1813 1207 1852 bimplex
1222 1823 1252 1842 iii
1267 1810 1340 1848 Judi-

238 1870 313 1898 cium
325 1866 404 1897 causa
413 1888 421 1902 ‚
442 1872 518 1895 certa
529 1873 571 1893 res
580 1886 588 1899 ,
607 1871 703 1892 verum
716 1861 820 1890 crimen
832 1858 946 1888 allatum
960 1856 1007 1886 est.

217 1907 260 1937 Ad
273 1905 468 1935 defensionem.
501 1902 558 1931 Cic.
576 1910 626 1939 pro
643 1899 746 1929 Caecin.
761 1904 805 1933 ὃς.
846 1897 934 1938 idque
949 1904 994 1936 nie
1011 1902 1070 1922 non
1085 1891 1121 1921 ad
1136 1898 1227 1920 meam
1242 1887 1340 1916 defen-

237 1945 341 1973 sionem
353 1941 468 1972 attulisse
478 1963 486 1976 ‚
504 1940 551 1969 sed
560 1939 674 1969 illorum
683 1936 836 1966 defensioni
846 1933 973 1963 retuhsse.
1090 1968 1095 1973 ι

216 1982 329 2018 Aliquid
341 1982 368 2010 in
387 1979 552 2010 contrariam
567 1982 683 2015 partem.
711 1975 770 2004 Cic.
783 1983 808 2002 2.
825 1973 860 2002 de
871 1972 948 2001 Orat.
986 1970 1041 1999 Aut
1055 1967 1074 1997 si
1089 1974 1127 2010 ita
1144 1975 1202 1994 non
1218 1962 1337 1997 refellas,

235 2019 410 2050 afferendum
425 2017 504 2047 estin
517 2015 683 2045 contrariam
698 2020 821 2051 partem,
843 2010 921 2049 quod
935 2008 966 2037 sit
980 2014 1028 2036 aut
1045 2014 1169 2044 gravrus,
1197 2009 1244 2032 aut
1259 2010 1338 2038 aeque

253 2067 323 2087 rave.
1255 2077 1260 2082 .

215 2068 251 2126 Iri
265 2095 399 2125 medium.
435 2092 493 2122 Cic.
508 2103 531 2122 1.
548 2090 605 2120 Off.
646 2088 678 2118 In
696 2089 751 2117 hoc
767 2093 895 2116 naturam
910 2084 1013 2114 ducem
1031 2081 1166 2125 debemus
1185 2076 1262 2115 sequi
1274 2099 1287 2120 ,⁴
1310 2077 1337 2105 &

232 2142 397 2164 communes
413 2131 546 2161 utilitates
563 2130 593 2158 in
608 2127 735 2158 medium
750 2125 855 2154 afferre.
877 2133 929 2162 pro
940 2121 1042 2152 Afferre
1052 2129 1081 2148 in
1091 2125 1258 2148 commune:
1281 2125 1299 2144 i.
1313 2123 1338 2143 e.

232 2171 455 2201 Communicare.
1118 2194 1124 2199 .

212 2209 420 2242 Accessionem,
441 2208 459 2236 i.
473 2216 497 2235 e.
520 2206 633 2242 [lugere.
669 2202 728 2232 Cic.
743 2204 786 2231 16.
802 2201 857 2231 Att.
898 2197 1033 2235 Magnam
1046 2194 1139 2225 attuht
1153 2191 1339 2223 accessionem

232 2254 280 2277 tua
292 2246 420 2275 voluntas
433 2254 496 2282 erga
511 2253 565 2272 me.

212 2284 410 2315 Acerbitatem.
438 2282 496 2312 Cic.
513 2292 534 2310 1.
551 2281 586 2316 Q
606 2279 676 2309 Fran.
690 2287 713 2306 1.
824 2314 829 2319 ·

212 2324 414 2358 Adjumentum
426 2319 508 2350 alicui
519 2319 554 2348 ad
565 2317 686 2354 aliquam
699 2324 767 2345 rem.
798 2312 857 2342 Cic.
874 2321 896 2340 1.
916 2310 974 2341 Off.
989 2320 1013 2340 1.

213 2361 260 2391 AEs
271 2360 392 2390 alienum
404 2358 496 2388 attulit
505 2356 573 2386 mihi
585 2356 644 2385 haec
654 2364 705 2383 res.
734 2352 793 2382 Cic.
806 2360 832 2388 7.
849 2349 923 2380 Fam.
935 2356 990 2391 23.·
1049 2383 1055 2391 ·

212 2398 433 2429 Aniaritudinem
444 2395 545 2430 alicui,
567 2394 585 2423 i.
599 2403 623 2422 e.
646 2393 740 2421 Parere
750 2412 759 2426 ‚
781 2397 920 2427 generare.
950 2386 1021 2417 Plin.
1035 2384 1085 2415 lib.
1099 2393 1143 2422 13.
1157 2391 1218 2420 cap.
1233 2390 1257 2410 1.

213 2438 359 2474 Angorem.
390 2435 447 2464 Cic.
462 2443 486 2470 3.
503 2432 585 2462 Tusc.

213 2475 345 2504 Animum
359 2472 450 2502 alicui.
483 2470 541 2500 Cic.
553 2480 577 2507 7.
594 2469 648 2498 Att.
665 2478 706 2504 13.
782 2504 787 2510 .

212 2512 344 2542 Animum
358 2520 477 2539 vacuum
491 2509 525 2537 ad
539 2506 725 2537 scribendum.
757 2504 815 2533 Cic.
830 2513 873 2532 12.
892 2502 945 2545 Att.
959 2511 1001 2538 37.
1058 2537 1063 2543 ι

212 2549 304 2580 Animi
320 2547 542 2586 magnitudinem
556 2546 591 2575 ad
605 2543 713 2573 causam
727 2541 852 2577 alicujus.
883 2540 942 2569 Cic.
958 2549 1008 2577 pro
1023 2536 1124 2567 Milon.
1164 2571 1169 2579 .
1234 2572 1239 2578 ¹

211 2589 413 2625 Argumentum
435 2584 570 2620 afferunt,
600 2582 676 2620 quod
695 2580 823 2611 citissime
846 2577 930 2607 ascias
951 2575 1090 2606 retundat.
1130 2573 1201 2604 Plin.
1222 2570 1270 2602 lib.
1290 2574 1333 2602 16.

230 2636 262 2655 ca
285 2649 292 2655 .
328 2634 356 2654 0.

211 2635 415 2693 Author‘itatem
425 2659 617 2690 voluminibus
625 2680 632 2694 ,
648 2667 698 2695 pro
709 2656 780 2685 Dare
790 2653 995 2684 authoritatem.
1018 2651 1089 2681 Plin.
1100 2650 1149 2680 lib.
1159 2659 1205 2686 24.
1216 2657 1277 2686 cap.
1290 2656 1332 2683 17.

211 2701 414 2732 Authoritatem
427 2698 545 2728 orationi
556 2696 643 2726 affert.
674 2695 733 2724 Cic.
749 2695 779 2722 in
794 2693 871 2722 Orat.
888 2701 950 2719 121.

210 2739 414 2770 Autlcritatem
425 2736 562 2775 peccandi
573 2734 679 2763 afferre.
709 2732 767 2761 Cic.
781 2740 805 2766 3.
822 2730 857 2758 de
872 2729 936 2758 Nat.
951 2726 1034 2756 Deos.
1048 2731 1093 2762 85.

210 2777 414 2807 Authoritatem
430 2775 459 2803 in
472 2774 619 2811 judicium.
649 2771 708 2800 Cic.
720 2779 745 2799 2.
761 2770 815 2798 Att.
830 2777 852 2796 1.

210 2815 327 2845 Bellum.
359 2813 442 2843 Ovid.
457 2821 497 2848 13.
514 2812 584 2841 Met.
600 2821 622 2846 ς.
884 2842 889 2847 Δ

292 2852 351 2881 Post
365 2851 451 2880 modo
466 2850 512 2887 qui
527 2855 603 2886 rapta
616 2847 733 2883 longum
747 2853 812 2874 cum
825 2850 945 2879 coniuge
959 2838 1066 2870 bellum

293 2890 389 2919 llttulit
402 2889 432 2917 in
448 2889 574 2926 patriam.
899 2917 905 2922 1

210 2928 403 2958 Calamitatem
415 2928 441 2956 Sc
451 2925 569 2955 cladem.
592 2924 609 2953 i.
623 2934 647 2952 e.
678 2921 792 2951 Afficere
808 2917 965 2947 calamitate
975 2938 983 2951 ,
1004 2915 1084 2944 clade
1094 2937 1102 2949 ,
1123 2913 1220 2943 dolore
1231 2935 1239 2948 ,
1262 2913 1287 2942 &
1303 2911 1334 2940 si-

229 2966 351 2995 milibus.
378 2965 437 2994 Cic.
454 2974 504 3001 pro
520 2963 631 2992 Cluent.
647 2964 706 2993 168·
750 2957 786 2986 Ut
799 2965 834 2985 nc
844 2955 889 2984 cui
904 2954 1049 2982 innocenti
1066 2961 1168 2981 inoeror
1185 2958 1248 2994 tuus
1263 2950 1334 2993 cala-

229 3005 353 3033 mitatem
370 3004 396 3032 &
412 3001 510 3032 falsum
527 3001 633 3030 crimen
647 2997 765 3026 afferret.
797 2994 875 3024 Idem
889 3001 914 3021 2.
933 2992 969 3020 de
985 2991 1048 3020 Nat.
1066 2991 1149 3020 Deor.
1192 2989 1249 3025 Qu
1266 2990 1334 3016 rlluS

229 3042 309 3071 classe
321 3041 429 3071 devicta
444 3039 545 3069 multas
558 3038 606 3077 ipsi
622 3035 740 3066 Claudio
754 3033 888 3069 lacrymas
899 3052 907 3064 ‚
934 3038 1064 3066 magnam
1080 3027 1188 3066 populo
1204 3027 1333 3056 Romano

229 3079 337 3109 cladem
351 3078 451 3108 attulit.
814 3107 819 3113 ῃ
1232 3101 1239 3106 ,

212 3116 334 3146 Causam.
356 3117 421 3146 Ter.
435 3116 534 3145 Heaut,
546 3125 573 3150 4,
586 3123 610 3150 3.
624 3121 654 3148 23
662 3135 668 3140 .
703 3108 781 3146 Quid
792 3107 884 3136 dicam
894 3107 907 3134 ²?
928 3111 975 3133 aut
986 3114 1068 3141 quam
1078 3102 1187 3132 causam
1198 3101 1332 3131 alierum?

231 3154 316 3191 Quod
329 3165 378 3192 per
394 3153 516 3191 allegare
530 3152 610 3190 supra
626 3146 835 3179 declaravimus.
876 3142 955 3187 Quid
968 3142 1054 3172 causa:
1068 3140 1239 3188 praetexam?
1325 3177 1330 3182 .

213 3190 326 3221 Causam
343 3192 408 3221 belli
427 3191 517 3221 civilis
535 3192 571 3220 ad
589 3189 719 3226 aliquem.
756 3184 814 3214 Cic.
836 3182 958 3219 Philipp.
971 3190 998 3210 2.
1037 3179 1096 3217 Ego
1114 3189 1149 3208 ao
1166 3177 1245 3207 illum
1264 3175 1332 3206 belli

231 3229 318 3258 civilis
334 3230 442 3258 causam
458 3228 546 3258 attuli.
1019 3256 1024 3260 ι
1182 3253 1187 3257 .

213 3266 326 3295 Causam
339 3268 432 3296 mortis
443 3266 615 3296 voliintariae.
634 3264 651 3292 i.
664 3272 688 3291 e.
711 3259 835 3290 Praebere
846 3256 962 3287 causam.
994 3255 1051 3284 Cic.
1066 3263 1089 3290 3.
1108 3252 1143 3282 de
1159 3253 1178 3282 F
1181 3262 1218 3281 in.
1231 3254 1283 3295 61..

213 3303 342 3338 Causam,
362 3306 502 3370 quoniam.
531 3304 600 3333 Plin.
616 3300 665 3330 lib.
681 3303 722 3328 16.
738 3308 798 3335 cap.
810 3306 855 3332 25.
890 3293 1004 3323 Causam
1016 3291 1179 3325 afferentes,
1199 3299 1332 3327 quoniam

355 3352 368 3370 a

231 3342 259 3370 in
270 3341 360 3370 Tliels.
382 3343 406 3371 ia
415 3364 422 3377 ,
443 3341 667 3376 Macedoniaque
678 3336 798 3375 plurima
809 3341 877 3376 tunc
888 3332 955 3375 ficus
968 3337 1056 3361 exeat.
1128 3366 1135 3371 Ὗ

212 3379 327 3414 Causas,
346 3380 429 3416 quod.
460 3381 517 3409 Cic.
533 3390 574 3408 11.
589 3379 644 3408 Att.
660 3387 701 3410 ις.
740 3374 883 3411 Quoiuam
896 3370 979 3406 justas
991 3368 1083 3398 causas
1093 3366 1191 3402 affers,
1211 3365 1287 3402 quod
1303 3371 1331 3394 te

230 3416 285 3445 hoc
299 3423 423 3453 tempore
439 3418 532 3446 videre
547 3426 604 3445 non
621 3413 728 3452 possim.
964 3444 972 3449 Δ
1157 3440 1163 3445 ,

212 3454 468 3483 commutationem
478 3453 636 3483 voluntatis.
673 3452 702 3480 V.
723 3448 807 3488 paulo
819 3447 896 3485 post,
918 3444 1111 3475 Ostenfionem
1122 3441 1227 3470 aflerrc.

212 3491 402 3529 Conipertum.
436 3491 491 3520 Liv.
510 3501 534 3527 7.
576 3490 699 3527 Quidam
715 3493 892 3525 compertum
911 3482 1064 3527 attulerunt
1082 3480 1117 3510 T.
1137 3478 1286 3515 Quintium
1300 3477 1332 3507 in

229 3529 389 3558 Tusculano
402 3538 496 3565 agrum
509 3527 608 3557 colere.
630 3529 647 3556 i.
661 3537 684 3555 e.
707 3526 758 3555 Pro
772 3530 848 3554 certo
861 3527 1031 3551 nuntiarunt.
1103 3556 1108 3561 ι

210 3566 426 3596 Confidentiaiii.
462 3566 520 3594 Cic.
533 3572 558 3599 8.
574 3566 647 3595 Pam.
663 3571 687 3598 8.
729 3564 800 3600 Quae
818 3559 938 3590 maxime
954 3557 1156 3589 confidentiam
1177 3552 1332 3582 attulerunt

229 3603 399 3634 hominibus.
1194 3610 1197 3612 -

210 3641 405 3677 Con-iecturam
416 3663 423 3675 ,
443 3640 562 3670 Praebere
572 3639 743 3668 occasionem
755 3638 932 3672 conicfturae.
952 3634 1010 3663 Cic.
1022 3642 1073 3676 pro
1084 3628 1163 3660 Rosc.
1175 3628 1254 3672 Com.
1268 3634 1312 3656 20.

209 3678 442 3708 consecutionem
457 3677 615 3714 voluptatis.
645 3676 702 3705 Cic.
720 3687 741 3705 i.
759 3676 793 3704 de
809 3675 867 3704 Fin.
882 3682 907 3710 7.
951 3672 986 3702 Ut
1005 3680 1080 3700 enim
1096 3676 1182 3712 quum
1197 3666 1261 3695 cibo
1280 3675 1330 3709 po.

227 3718 360 3753 tioneque
372 3716 456 3744 fames
472 3715 580 3751 litisque
592 3713 704 3751 depulsa
715 3714 769 3748 est,
791 3713 847 3750 ipsa
859 3710 993 3740 detractio
1009 3708 1139 3751 molestia:
1155 3704 1329 3734 consecutio-

226 3764 290 3783 nem
307 3754 386 3783 affert
402 3753 568 3789 voluptatis:
596 3752 631 3780 sic
649 3751 678 3779 iii
697 3751 773 3779 omni
787 3760 815 3778 re
826 3772 834 3785 ,
863 3749 968 3778 doloris
982 3753 1105 3781 aiiictio,
1129 3741 1329 3774 succelsioneiii

227 3791 311 3820 eflicit
328 3790 486 3826 voluptatis.

207 3828 359 3858 Consilium
371 3828 463 3856 alicui.
495 3826 552 3855 Cic.
570 3835 610 3861 ις.
630 3826 684 3854 Art.
700 3835 722 3853 1.

206 3866 358 3896 Conliliuni
370 3865 399 3894 in
410 3864 530 3901 aliquam
540 3873 607 3892 rem.
631 3863 690 3892 Liv.
705 3873 727 3897 5.
745 3859 811 3890 Bell.
825 3860 891 3889 Pun.

751 874 911 912 Periphrasis
922 873 1032 909 poetica
1043 892 1050 903 .
1071 880 1122 907 pro
1135 868 1232 896 Venire
1243 866 1289 896 vel
1302 875 1346 895 ac-

1676 33 1688 49 *
1830 30 1854 64 A
1947 30 1972 65 F
2069 30 2095 65 F

1434 107 1661 138 Consolan'onem
1672 109 1754 139 alicui
1767 111 1847 140 malo.
1878 111 1935 141 Cic.
1951 122 1991 140 ιο.
2010 113 2065 141 titt.

1435 148 1633 212 Cgfffissnffiffl·
1665 147 1723 176 Cio.
1740 159 1762 177 1.
1778 149 1835 178 Off.
1848 153 1892 185 69.
1934 150 2004 186 Quae
2015 150 2094 179 affert
2105 155 2165 178 tuni
2176 149 2372 184 constantiam,
2394 151 2455 178 tum
2470 144 2553 179 etiam

1475 191 1626 220 igiiitateni.

1436 221 1675 251 Consuetudinem
1687 221 1831 253 serviendi.
1861 224 1919 253 Cic.
1934 234 1958 253 2.
1977 224 2094 262 Philipp.
2111 228 2170 253 116.

1438 260 1689 296 Conteiiiptionem
1708 261 1743 289 ad
1761 271 1858 290 omnes
1877 260 1981 292 afferre.
2016 262 2081 291 Cres.
2097 272 2119 297 3.
2144 261 2211 291 Bell.
2228 260 2307 290 Civil.
2321 263 2366 289 60.
2407 259 2506 290 Facere
2523 266 2554 290 ut

1457 307 1554 334 ornnes
1566 303 1756 339 contemnant.
1789 299 1822 328 V.
1839 299 1921 337 paulo
1934 300 2009 336 post,
2032 300 2221 328 Offensionem
2236 299 2340 327 afferre.

1438 335 1551 364 Crimen
1566 334 1662 363 sillum
1673 334 1762 365 alicui.
1795 336 1853 366 Cic.
1870 347 1919 373 pro
1930 337 2040 366 Cluent.
2057 339 2082 366 &
2095 348 2144 375 pro
2155 336 2247 366 Rabir.
2261 336 2348 365 Posth.
2360 345 2404 372 27.

1439 372 1589 402 Cuiiiuluni
1604 372 1725 408 aliquem
1739 374 1840 404 artibus
1854 371 1980 404 aliorum.
2010 374 2069 404 Cic.
2084 385 2106 411 3.
2124 375 2159 404 de
2173 374 2250 404 Orat.
2266 384 2327 410 141.

1438 411 1548 439 Curam.
1579 409 1638 438 Cic.
1653 419 1677 446 7.
1693 412 1746 440 Λα.
1762 422 1786 447 5.

1439 447 1541 477 Affcrre
1553 447 1777 478 delectationem.
1806 449 1863 479 Cic.
1877 458 1900 487 7.
1917 450 1993 479 Fam.
2009 460 2031 479 1.

1438 484 1544 551 Dientes
1556 485 1583 512 iri
1594 485 1752 550 sklpminum.
1780 487 1862 517 Varro
1878 489 1912 517 de
1929 487 1961 518 R.
1978 487 2011 517 R.
2028 486 2115 518 liba..
2133 495 2195 525 cap.
2205 496 2230 522 9.
2253 486 2290 515 de
2304 485 2418 515 canibus
2429 486 2555 516 Adtaeona
2571 496 2573 500 ·

1457 534 1467 551 t
1478 530 1598 551 evm-anti
1624 532 1663 551 us.

1438 560 1676 597 Desperationem.
1706 560 1770 591 Caefi
1787 573 1809 591 1.
1825 561 1892 592 Bell.
1910 561 1990 591 Civil.
2006 572 2048 591 11.

1438 598 1653 627 Detrimentum.
1682 606 1713 627 ut
1728 599 1824 638 supra,
1852 601 1955 631 Afferre
1970 599 2166 629 calamitatem.
2202 598 2267 628 Caes.
2288 608 2310 628 1.
2328 598 2396 628 Bell.
2416 597 2495 628 Civil.
2511 604 2554 633 82.
2590 603 2593 606 ’

1457 637 1483 665 ἃ
1499 636 1556 663 Cic.
1573 636 1625 664 Att.
2389 654 2391 660 .

1439 672 1638 716 Dil'si'cultatein
1656 673 1748 716 alicui.
1787 676 1845 705 Cic.
1866 686 1888 704 1.
1908 675 1944 712 Q.
1961 676 2019 704 frat.
2038 685 2060 704 1.
2104 676 2135 703 At
2156 684 2190 704 ue
2212 674 2277 703 huic
2295 678 2349 704 tuae
2370 673 2507 704 voluntati
2525 684 2556 704 ac

1458 711 1611 747 diligentiae
1621 711 1813 742 difficultatem
1826 723 1953 750 magnam
1972 713 2090 742 afferunt
2104 722 2142 750 pu
2164 712 2257 741 licani.

1439 748 1610 785 Dignitatem
1623 748 1701 778 affert
1711 750 1828 780 fortuna.
1855 751 1975 787 Quintil.
1992 751 2040 779 lib.
2055 760 2078 788 3.
2096 760 2154 788 cap.
2171 760 2196 787 7.

1440 786 1582 829 Dolorem.
1613 786 1680 816 Plin.
1697 788 1744 817 lib.
1757 799 1800 824 23.
1818 799 1877 826 cap.
1894 800 1917 818 1.
1942 792 1967 819 St
1983 789 2032 818 Cic
2054 799 2078 818 2.
2096 788 2176 818 Tuse.
2191 798 2236 825 27.

1439 824 1660 865 Dii—bitationem.
1690 825 1747 855 Cic.
1760 836 1785 856 2.
1802 828 1837 856 de
1850 828 1911 856 Nat.
1927 827 2007 856 Deor.
2031 826 2064 856 Et
2077 836 2101 863 3.
2118 826 2176 855 Off.
2191 831 2232 859 18.

1438 863 1542 891 Asterre
1553 862 1699 899 egestatem
1711 865 1736 893 St
1749 863 1855 894 luctum
1869 864 1959 894 alicui.
1992 865 2051 894 Cic.
2068 873 2118 902 pro
2132 863 2212 894 Rosc.
2228 864 2318 893 Amet.
2335 871 2377 899 13.

1438 900 1563 929 Errorem
1577 900 1686 929 animis.
1716 902 1774 931 Cic.
1791 913 1813 932 1.
1830 903 1865 932 de
1880 902 1972 932 Divin.
1986 907 2028 940 36.
2262 934 2264 936 ,
2572 891 2578 923 l

1437 937 1660 967 Excusationem.
1689 938 1746 968 Cic.
1763 950 1804 969 10.
1820 940 1894 970 Fani.
1906 952 1933 975 4.

1437 975 1714 1042 ΕξεῑὸρὴιηῑἉὲΙίη.
1730 976 1776 1007 lib.
1789 984 1815 1012 8.
1831 989 1890 1016 cap.
1904 982 1929 1007 6.
1966 977 2062 1006 Unum
2078 977 2250 1015 antiquitatis
2268 974 2431 1015 exemplum
2447 976 2557 1008 afferam
2572 1004 2574 1009 ,

1457 1024 1483 1043 υ
1523 1023 1556 1042 ic.
1571 1022 1597 1050 7.
1661 1037 1666 1042 .
1683 1024 1724 1044 12.

1438 1051 1582 1094 Exilium..
1602 1051 1631 1080 V.
1647 1052 1731 1089 paulo
1740 1053 1801 1090 post
1811 1075 1819 1088 ,
1840 1053 1944 1083 Pestem
1956 1059 2038 1091 atque
2048 1052 2166 1082 exilium
2177 1052 2282 1082 afferre.

1438 1088 1679 1127 Expectationem.
1710 1090 1829 1127 Quintil.
1845 1091 1893 1121 lib.
1907 1101 1931 1127 3.
1949 1101 2010 1129 cap.
2023 1097 2049 1125 8.
2072 1093 2098 1120 &
2113 1091 2169 1121 Cic.
2185 1101 2209 1126 3.
2227 1092 2282 1120 Att.
2297 1095 2339 1124 18.

1438 1127 1618 1157 Facultatem.
1649 1127 1705 1157 Cic.
1723 1140 1745 1157 i.
1761 1129 1796 1158 de
1810 1129 1886 1159 Orat.
1906 1140 1965 1164 152.

1457 1165 1580 1208 cendum
1592 1166 1686 1199 venit,
1707 1166 1780 1196 hanc
1790 1166 1869 1196 affert
1883 1167 2060 1201 facultatem,
2082 1174 2114 1196 ut
2123 1168 2206 1196 etiam
2216 1166 2306 1196 subito
2321 1166 2338 1195 si
2353 1166 2444 1201 dicat,
2465 1171 2558 1198 tamen

1457 1201 1504 1231 illa
1515 1213 1577 1245 quce
1587 1203 1731 1239 dicantur,
1753 1204 1849 1234 similia
1859 1205 2021 1243 scriptorum
2033 1205 2087 1234 else
2099 1205 2254 1234 videantur.

1438 1240 1522 1284 Fam-<i
1533 1240 1655 1283 affertur.
1684 1241 1741 1271 Liv.
1755 1255 1779 1276 4.
1822 1244 1904 1273 Fama
1914 1242 2024 1272 affertur
2034 1264 2042 1278 ,
2062 1242 2167 1273 summa
2179 1244 2208 1273 vi
2217 1242 2253 1272 ad
2265 1241 2370 1271 bellum
2381 1246 2502 1271 coortos.

1438 1278 1587 1322 Fastidiuni
1604 1280 1696 1309 alicui.
1726 1280 1784 1309 Cic.
1801 1291 1851 1319 pro
1865 1281 1984 1311 Muraen.
1998 1290 2042 1309 21.

1437 1317 1556 1360 fastidia
1572 1317 1638 1346 cibo
1656 1317 1734 1347 affert
1752 1318 1811 1347 liaec
1828 1329 1878 1348 res.
1915 1318 2052 1348 Columel.
2067 1318 2115 1347 lib.
2127 1321 2153 1347 6.
2171 1327 2231 1356 cap.
2242 1324 2268 1352 8.
2309 1316 2407 1347 Solent
2423 1319 2506 1348 etiam
2521 1318 2575 1349 faa‘

1457 1355 1537 1384 stidia
1553 1356 1617 1384 cibo
1636 1355 1733 1385 afferre
1752 1357 1849 1386 vitiosa
1867 1358 2040 1386 incrementa
2055 1356 2174 1394 linguae,
2205 1365 2272 1393 quas
2292 1355 2383 1386 Ranas
2402 1357 2560 1388 veterinarii

1454 1399 1565 1422 vocarit.

1437 1430 1534 1461 Fidem
1547 1430 1629 1473 alicui
1639 1431 1687 1460 rei.
1708 1431 1776 1460 Plin.
1791 1431 1838 1461 lib.
1850 1442 1876 1467 9.
1893 1441 1953 1470 cap.
1968 1437 2011 1469 58.
2043 1432 2147 1462 Verum
2157 1432 2288 1462 omnibus
2298 1432 2341 1462 his
2354 1431 2440 1462 fidem
2449 1428 2507 1463 Nili
2517 1432 2560 1464 in·

1457 1469 1572 1498 undatio
1583 1468 1671 1498 affert.
1692 1469 1720 1498 h.
1732 1479 1754 1499 e.
1776 1469 1873 1499 Fidem
1887 1470 1961 1500 Facit.

1437 1507 1590 1537 Fiduciam.
1621 1506 1685 1536 Caes.
1699 1513 1723 1541 8.
1740 1506 1808 1537 Bell.
1825 1506 1894 1537 Gall.
1912 1519 1953 1537 10.

1437 1545 1536 1575 Finem
1548 1544 1724 1574 tributorum.
1755 1546 1814 1575 Cic.
1828 1554 1854 1575 2.
1872 1546 1928 1576 off.
1941 1549 1985 1583 76.
2027 1545 2074 1575 Sic
2084 1544 2188 1575 Afferre
2199 1545 2284 1575 finem
2294 1545 2388 1575 editio
2398 1546 2531 1583 praetoris.

1436 1582 1546 1626 Florem
1557 1582 1654 1612 afferre
1666 1583 1796 1613 dicuntur
1808 1584 1928 1614 arbores.
1957 1583 2095 1613 Columel.
2112 1583 2161 1613 lib.
2175 1594 2217 1613 11.
2234 1593 2294 1620 cap.
2309 1593 2335 1613 2.

1436 1620 1611 1664 Hilaritatem
1623 1643 1631 1655 ‚
1651 1621 1696 1650 vel
1710 1622 1935 1658 jucunditatem,
1956 1628 2004 1652 aut
2017 1622 2153 1652 laetitiam.
2182 1621 2252 1652 Plin.
2267 1621 2314 1652 lib.
2328 1624 2373 1652 26.
2389 1631 2448 1660 cap.
2467 1630 2508 1651 11.
2530 1622 2556 1653 δι

1457 1659 1514 1687 Cic.
1531 1668 1554 1695 3.
1572 1659 1645 1688 Verr.
1661 1668 1720 1694 109.

1437 1696 1590 1726 Honorem.
1620 1696 1689 1726 Plin.
1704 1696 1752 1726 lib.
1766 1706 1808 1732 17.
1824 1708 1885 1736 cap.
1900 1708 1924 1727 1.

1436 1734 1584 1770 jacturam.
1613 1734 1749 1765 Columel.
1765 1735 1815 1766 lib.
1830 1746 1851 1765 1.
1869 1746 1930 1774 cap.
1944 1745 1971 1766 2.

1435 1772 1652 1802 lucrementum.
1684 1773 1742 1802 Cic.
1754 1783 1779 1802 2.
1797 1774 1831 1803 de
1843 1774 1901 1804 fin.
1915 1780 1961 1809 88.

1435 1809 1567 1839 Inertiam
1580 1809 1672 1839 alicui.
1701 1810 1758 1841 Cic.
1775 1821 1816 1841 12.
1832 1811 1908 1842 Fam.
1920 1822 1966 1841 20.

1435 1846 1551 1878 Initium
1562 1848 1661 1877 morbi.
1684 1849 1700 1877 i.
1714 1859 1737 1878 e.
1759 1849 1876 1879 efficere.
1905 1848 2016 1880 Cornel.
2033 1847 2102 1879 Cels.
2115 1850 2145 1878 in
2157 1847 2297 1887 prooemio
2311 1847 2359 1878 lib.
2375 1858 2399 1878 1.
2438 1844 2557 1878 Eviden-

1454 1892 1496 1916 tes
1507 1884 1598 1930 causas
1615 1885 1774 1924 appellant,
1800 1888 1831 1916 in
1844 1888 1944 1925 quibus
1956 1895 2083 1925 qiiaerunt
2100 1887 2210 1917 initium
2225 1886 2316 1916 morbi
2329 1886 2403 1916 calor
2418 1886 2557 1923 attulerit,

1455 1933 1490 1953 an
1506 1925 1607 1962 frigus:
1636 1925 1740 1960 fames,
1761 1935 1794 1954 an
1812 1925 1928 1955 satietas.
1969 1926 2015 1955 Sic
2030 1926 2180 1962 Morbum,
2206 1926 2255 1956 ubi
2272 1925 2378 1956 barbari
2396 1924 2519 1955 Causare.

1435 1961 1468 1990 In
1479 1963 1604 1991 medium
1615 1961 1719 1992 afferre.
1759 1962 1790 1992 V.
1813 1973 1831 1992 A
1840 1975 1854 1992 r
1864 1974 1877 1992 r
1886 1974 1900 1993 E
1908 1973 1925 1993 R
1934 1973 1960 1993 o.
1992 1964 2028 1993 H.
2036 1964 2085 1993 δε.

1434 1999 1587 2030 Interitum.
1619 2000 1677 2029 Cic.
1689 2010 1714 2029 2.
1732 2000 1768 2030 de
1779 1997 1838 2030 Fin.
1852 2011 1896 2039 27.

1434 2036 1577 2067 Laborem.
1607 2038 1666 2067 Cic.
1684 2049 1724 2067 11.
1740 2040 1793 2068 Att.
1805 2049 1850 2075 25.

1434 2075 1553 2105 Labores
1566 2075 1671 2105 afferre.
1701 2076 1822 2115 Propert.
1837 2077 1886 2107 lib.
1903 2087 1927 2106 1.
1942 2080 1968 2107 6.
1983 2085 2029 2115 23.

1434 2112 1578 2151 Lacrymas
1590 2113 1682 2143 alicui.
1711 2114 1769 2144 Cic.
1783 2124 1824 2145 12.
1841 2117 1895 2145 Att.
1909 2125 1950 2151 14.

1433 2151 1569 2181 Laetitiam
1582 2152 1672 2181 alicui.
1704 2152 1762 2182 Cic.
1777 2164 1804 2189 4.
1819 2150 1901 2183 Tusc.
1916 2163 1942 2183 2.

1433 2189 1608 2227 Languorem
1623 2190 1714 2220 alicui.
1745 2190 1803 2220 Cic.
1818 2201 1841 2228 3.
1861 2190 1920 2220 Off.

1433 2227 1557 2258 Laudem
1570 2227 1661 2257 alicui.
1691 2228 1748 2258 Cic.
1762 2241 1786 2263 4.
1802 2229 1885 2259 Tusc.
1898 2239 1925 2261 2.
2506 2261 2508 2263 ,

1434 2265 1521 2308 Laudi
1534 2266 1658 2308 oratoriae
1671 2265 1785 2303 aliquid.
1819 2267 1876 2297 Cic.
1893 2278 1914 2296 1.
1931 2266 2014 2297 Tusc.
2057 2264 2155 2304 Siquid
2173 2267 2297 2297 orator'tae
2314 2262 2392 2297 laudi
2408 2266 2499 2296 nostra
2517 2270 2554 2296 at-

1450 2304 1565 2333 tulimus
1577 2304 1724 2339 industria,
1744 2304 1832 2334 multo
1845 2305 2006 2339 studiosius,
2028 2305 2080 2335 Sec.

1431 2340 1620 2385 Levationem.
1652 2341 1711 2371 Cic.
1723 2354 1749 2378 4.
1767 2342 1842 2372 Fam.
1856 2347 1882 2373 6.
1923 2343 2015 2378 Major
2026 2343 2095 2372 mihi
2106 2342 2208 2372 levatio
2220 2342 2310 2372 afferri
2326 2341 2400 2371 nulla
2411 2341 2511 2379 potest.

1432 2379 1543 2408 Literas.
1576 2379 1633 2409 Cic.
1649 2389 1672 2408 1.
1688 2380 1743 2410 Att.
1780 2381 1907 2411 Nimium
1918 2391 1977 2410 raro
1991 2380 2072 2410 nobis
2084 2380 2131 2410 abs
2142 2387 2170 2410 te
2181 2380 2267 2410 literae
2279 2380 2441 2411 afferuntur.

1432 2417 1514 2446 Lucis
1529 2417 1634 2454 aliquid
1648 2417 1738 2447 rebus.
1769 2418 1826 2448 Cic.
1840 2429 1865 2448 2.
1885 2420 1938 2448 Att.
1956 2429 1980 2448 1.

1434 2455 1552 2485 Luctum
1563 2454 1654 2484 alicui.
1685 2456 1742 2485 Cic.
1759 2466 1810 2494 pro
1824 2457 1903 2486 Rosc.
1920 2458 2009 2486 Amet.
2026 2466 2049 2493 3-

1432 2493 1539 2536 Lumen
1550 2494 1700 2536 memoriae.
1733 2494 1791 2524 Cic.
1803 2504 1828 2524 2.
1844 2495 1879 2524 de
1895 2495 1973 2525 Orat.
1991 2504 2014 2532 3.
2043 2494 2172 2524 ordinem
2189 2492 2243 2524 esse
2258 2494 2379 2523 maxime
2392 2493 2439 2531 qui
2450 2502 2552 2524 memo-

1450 2542 1497 2560 rite
1512 2531 1608 2560 lumen
1624 2532 1742 2561 aflerret.

1433 2568 1534 2599 Manus
1546 2577 1595 2606 pro
1607 2569 1633 2598 se
1644 2570 1759 2607 quisque
1770 2569 1856 2599 affert.
1884 2568 1941 2599 Cic.
1957 2579 1980 2606 3.
1996 2566 2071 2598 Verr.
2084 2573 2128 2606 67.
2151 2571 2169 2599 i.
2184 2580 2208 2599 e.
2230 2569 2388 2607 Depugnat.

1433 2607 1536 2637 Manus
1547 2606 1640 2636 alicui.
1662 2608 1680 2638 i.
1698 2617 1722 2637 e.
1751 2607 1813 2637 Vim
1825 2608 1934 2637 inferre.
1966 2607 2023 2637 Cic.
2040 2618 2063 2636 1.
2080 2606 2138 2637 Off.
2150 2617 2194 2643 23.
2235 2607 2308 2636 Nam
2328 2608 2376 2644 qui
2390 2607 2489 2643 injuste
2504 2607 2554 2636 im-

1450 2652 1548 2690 petum
1566 2646 1595 2673 in
1615 2645 1775 2683 quempiam
1786 2645 1867 2679 fiicit,
1888 2653 1935 2674 aut
1947 2646 2003 2681 ira,
2027 2652 2074 2674 aut
2085 2645 2176 2682 aliqua
2187 2645 2396 2683 perturbatione
2413 2645 2553 2681 incitatus,

1450 2692 1473 2712 is
1484 2683 1558 2725 quali
1566 2693 1664 2726 manus
1673 2684 1782 2713 videtur
1793 2684 1889 2712 afferre
1904 2683 1988 2713 socio.
2022 2683 2072 2712 Pro
2083 2684 2185 2713 eodem
2196 2683 2298 2712 dicitur
2310 2683 2435 2715 lniicere.
2466 2692 2491 2726 q.
2502 2681 2533 2712 V.

1430 2720 1533 2751 Manus
1543 2721 1600 2763 libi.
1623 2721 1681 2750 Cic.
1699 2732 1739 2749 10.
1756 2719 1831 2750 Fam.
1843 2730 1887 2757 23.
1921 2721 2043 2756 Marius,
2064 2731 2131 2758 quas
2145 2721 2240 2757 justius
2252 2721 2281 2749 in
2291 2720 2391 2758 Lepidi
2403 2721 2554 2758 perniciem

1450 2760 1590 2794 arnialiet,
1613 2759 1660 2787 sibi
1672 2759 1768 2788 afferre
1781 2765 1897 2788 conatus
1910 2760 1956 2788 est.
1979 2761 1997 2789 i.
2011 2770 2034 2788 e.
2059 2759 2117 2788 Sibi
2128 2766 2247 2789 mortem
2258 2758 2434 2787 consciscere.

1431 2796 1533 2826 Manus
1551 2796 1630 2826 bonis
1644 2797 1749 2826 alienis.
1781 2796 1839 2826 Cic.
1851 2807 1876 2826 2.
1893 2797 1951 2827 Off.
1963 2807 2008 2834 25.
2051 2797 2147 2833 Quum
2161 2796 2237 2825 enim
2254 2797 2348 2825 dando
2365 2806 2445 2833 egere
2464 2804 2565 2833 coepe-¹

1449 2835 1523 2869 rint,
1541 2834 1638 2864 alienis
1649 2834 1730 2864 bonis
1741 2845 1840 2864 manus
1849 2832 1946 2864 afferre
1957 2842 2103 2872 coguntur.
2126 2836 2143 2864 i.
2157 2844 2182 2864 e.
2200 2834 2298 2865 Aliena
2308 2834 2456 2863 invadere:
2477 2832 2552 2871 quod

1451 2874 1477 2902 δι
1488 2873 1590 2902 Manus
1602 2873 1715 2907 injicere
1726 2873 1834 2902 dicitur.

1429 2909 1531 2939 Manus
1542 2908 1711 2940 vulneribus.
1732 2910 1790 2940 Cic.
1805 2920 1828 2946 3.
1844 2911 1897 2940 Λα.
1913 2921 1954 2945 15·
1986 2910 2041 2939 Sed
2051 2919 2109 2938 non
2119 2909 2219 2939 faciam
2232 2917 2263 2939 ut
2272 2915 2320 2939 aut
2335 2916 2415 2938 tuum
2428 2909 2552 2938 animum

1449 2957 1547 2985 angam
1558 2948 1676 2985 querelis
1688 2971 1696 2984 ,
1718 2956 1765 2977 aut
1781 2949 1849 2977 meis
1863 2947 2023 2978 vulneribus
2041 2948 2138 2985 fiepius
2153 2957 2252 2978 manus
2269 2947 2390 2977 afferam.
2412 2947 2484 2985 quasi
2495 2947 2550 2977 Do-

1450 2986 1521 3015 lores
1533 2996 1610 3015 meos
1625 2996 1766 3015 renovem.
1805 2987 1936 3016 Notanda
1949 2984 2100 3015 translatio.

1430 3024 1613 3054 Medicinam.
1644 3025 1701 3053 Cic.
1715 3034 1741 3054 2.
1757 3024 1810 3053 Art.
1827 3033 1869 3060 35.
2417 3041 2422 3049 -

1430 3062 1606 3092 Memoriam.
1638 3062 1695 3091 Cic.
1711 3073 1734 3098 5.
1751 3062 1786 3090 de
1800 3062 1860 3091 Piri.
1880 3071 1905 3091 2.
1945 3061 2030 3097 Cujus
2048 3062 2134 3090 etiam
2151 3060 2191 3090 illi
2206 3059 2309 3090 hortuli
2326 3060 2475 3099 propinqui
2493 3067 2552 3089 non.

1449 3100 1612 3129 memoriam
1631 3099 1719 3129 solum
1736 3099 1805 3128 inihi
1819 3099 1953 3134 afferunt,
1976 3100 2022 3128 sed
2037 3099 2126 3137 ipsum
2141 3097 2270 3128 videntur
2282 3099 2312 3127 in
2322 3098 2472 3136 conspeciu
2487 3105 2550 3127 mco

1448 3148 1562 3175 ponere.
1606 3138 1655 3166 Pro
1671 3148 1704 3166 eo
1722 3137 1796 3174 quod
1812 3138 1849 3166 est
1860 3160 1867 3171 ,
1890 3138 1955 3167 Non
1966 3137 2055 3167 solum
2066 3148 2111 3167 me
2123 3137 2285 3166 admonent.

1428 3176 1539 3206 Merum
1553 3175 1644 3204 alicui.
1677 3176 1734 3204 Cic.
1748 3185 1773 3212 7.
1791 3175 1863 3204 Verr.
1876 3179 1920 3204 62.

1429 3213 1595 3244 Molestiaiii.
1626 3213 1683 3242 Cic.
1699 3223 1720 3242 1.
1737 3213 1792 3242 Art.
1808 3223 1850 3248 14.
1865 3216 1890 3242 Sc
1902 3223 1927 3250 7.
1946 3213 2019 3243 Fam.
2036 3221 2078 3247 13-

1428 3252 1538 3281 Moram
1551 3250 1633 3280 alicui
1645 3252 1700 3285 rei,
1722 3261 1770 3288 pro
1784 3251 1922 3287 [inpedire
1934 3252 1960 3280 ὃ(
1973 3251 2118 3280 retardare.
2152 3249 2210 3279 Cic.
2227 3259 2278 3287 pro
2291 3249 2368 3278 Sext.
2385 3257 2446 3284 129.

1428 3290 1558 3319 Morbum
1572 3289 1675 3325 alicui„
1694 3289 1780 3318 Plaut.
1799 3288 1868 3317 Alin.
1885 3300 1908 3327 3.
1925 3298 1947 3318 1.
1966 3299 2010 3325 29.
2052 3286 2161 3318 Salvere
2173 3298 2217 3317 me
2233 3288 2331 3323 jubes,
2354 3287 2441 3316 cuitu
2456 3282 2549 3315 abiens

1447 3327 1527 3357 affers
1539 3326 1677 3356 morbum.
1757 3323 1760 3333 “

1428 3365 1551 3395 Mortem
1563 3375 1619 3393 uno
1635 3365 1700 3394 ictu.
1731 3363 1789 3393 Cic.
1804 3373 1828 3394 7.
1845 3362 1919 3392 Verr.
1936 3373 1996 3402 117.
2014 3365 2041 3394 δι
2052 3375 2078 3400 4.
2093 3364 2168 3394 Fam.
2185 3372 2226 3392 12.

1427 3404 1541 3433 Motum
1551 3403 1659 3431 animis.
1690 3401 1747 3431 Cic.
1764 3402 1792 3430 in
1807 3400 1897 3430 Partit.
1913 3412 1936 3437 ς.

1426 3441 1533 3470 Munus
1549 3440 1629 3478 Reip.
1660 3440 1718 3469 Cic.
1733 3449 1758 3468 2.
1774 3439 1809 3468 de
1826 3437 1918 3467 Divin.
1935 3450 1959 3475 5.

1427 3478 1543 3508 Necem.
1576 3478 1606 3507 V.
1624 3486 1645 3505 N
1657 3488 1670 3507 E
1682 3487 1707 3507 Χ.
1733 3475 1802 3507 Plin.
1818 3476 1866 3505 lib.
1884 3486 1924 3513 i7.
1941 3487 2001 3516 cap.
2015 3487 2060 3510 24.
2082 3478 2108 3506 Sc
2124 3476 2181 3506 Cic.
2199 3476 2228 3504 in
2242 3473 2332 3504 Vatin.
2345 3484 2389 3510 24.
2562 3489 2567 3500 ,

1427 3516 1633 3545 Necellitatem.
1665 3515 1722 3545 Cic.
1740 3526 1780 3543 io.
1798 3514 1914 3551 Philipp.
1928 3524 1953 3543 2.
1994 3516 2049 3544 Sed
2060 3515 2130 3543 milii
2148 3515 2235 3543 Patres
2247 3511 2412 3550 conscripti,
2436 3507 2546 3541 necessi·

1446 3560 1531 3583 tatem
1545 3554 1637 3582 attulit
1648 3553 1731 3591 paulo
1744 3552 1822 3591 plura
1834 3553 1966 3587 dicendi,
1984 3556 2036 3583 ἃς.
2058 3552 2075 3581 i.
2088 3562 2112 3582 e.
2135 3552 2243 3589 Coegit.

1426 3592 1533 3621 Nervos
1548 3593 1573 3621 Sc
1588 3589 1757 3620 industriam.
1791 3592 1848 3619 Cic.
1865 3600 1915 3627 pro
1929 3590 2003 3627 Sylla
2013 3613 2021 3626 ,
2042 3600 2086 3626 24.

1426 3629 1573 3659 Nuntium.
1605 3630 1662 3658 Cic.
1680 3639 1729 3666 pro
1745 3627 1823 3657 Rosc.
1839 3629 1929 3657 llmer.
1946 3639 1988 3663 19.

1426 3666 1608 3696 Oblivionem
1622 3667 1745 3696 tristitiae.
1776 3665 1843 3694 Plin.
1861 3665 1907 3694 lib.
1920 3676 1965 3700 25·
1982 3676 2042 3705 cap.
2057 3674 2083 3694 2.

1426 3705 1640 3734 Obstru-itatem.
1665 3706 1722 3734 Cic.
1737 3714 1758 3739 3.
1776 3704 1810 3732 de
1823 3704 1899 3732 Orat.
1911 3713 1956 3740 47.
1995 3705 2032 3733 Ut
2042 3702 2129 3732 oratio
2139 3706 2199 3739 'quae
2213 3700 2310 3731 lumen
2321 3699 2452 3729 adhibere
2465 3697 2542 3728 rebus

1444 3743 1545 3775 debet,
1566 3751 1598 3770 ea
1610 3742 1803 3771 obscuritatem
1817 3743 1842 3770 ok
1858 3741 1984 3771 tent-bras
1998 3741 2102 3770 afferat.

1425 3780 1630 3810 Obscuritateni
1643 3780 1772 3809 laudibus
1787 3779 1911 3815 alicujus.
1943 3780 2000 3808 Cic.
2018 3789 2068 3816 pro
2082 3778 2172 3807 Deiot.
2189 3786 2230 3806 12.

1425 3818 1540 3847 Odium.
1571 3817 1638 3847 l’lin.
1654 3817 1702 3846 lib.
1717 3828 1760 3851 25-
1778 3827 1837 3855 cap.
1851 3826 1876 3847 2.
1917 3816 2048 3847 Pavorem
2066 3825 2160 3860 aquai,
2181 3821 2318 3852 potusque
2328 3813 2420 3843 omnis
2429 3810 2543 3841 afferens
2591 3816 2601 3828 ’·

2440 3882 2544 3916 Odium

1442 3856 1548 3884 odium.
1571 3855 1588 3884 i.
1604 3864 1627 3885 e.
1650 3856 1799 3885 Generans.

2462 3970 2465 3983 J

2009 1129 2067 1165 Qui
2079 1139 2093 1158 a
2104 1129 2242 1158 scribendi
2254 1126 2456 1158 consuetudine
2470 1127 2505 1156 ad
2518 1127 2558 1158 dj.
