2667 4145
195 137 270 191 24

668 120 809 170 Ros.
836 115 1133 165 STEPHANI
1160 101 1587 163 PRAEFATIO
1619 99 1742 153 Edit.
1770 100 1926 171 Parist
1950 115 2123 172 1543.

201 302 1273 405 ROBERTUS

1463 297 2588 385 STEPHANUS

428 454 1157 533 TYPOGRAPHUS
1213 449 1560 522 REGIUS
1611 448 2230 520 LECTORIBUS
2314 448 2376 516 S.

1097 578 1267 646 (Edit.
1300 575 1459 647 Paris
1489 573 1694 643 1543.)

292 700 395 740 UNC
415 700 573 738 demum,
594 695 780 735 Letiores,
806 702 932 729 verum
944 688 1012 727 esse
1023 688 1130 726 video
1145 715 1154 729 ,
1183 686 1283 736 quod
1293 686 1368 724 De-

313 763 392 788 mea
412 750 471 785 ille
489 747 723 784 Terentianus
748 742 867 779 secum
881 741 1048 789 queritur,

300 804 468 845 Nunquam
482 800 524 829 ita
542 806 711 842 quenquam
729 792 799 827 bene
812 790 958 835 fitbdut‘la
976 792 1087 822 ratione
1109 785 1150 820 ad
1167 788 1263 819 vitam
1286 784 1337 832 effi
1353 808 1364 825 ,

296 851 376 891 Qain
391 859 435 880 res
446 854 517 878 aetas
533 870 543 886 ,
566 844 630 888 usus
641 843 752 887 ftmper
773 839 890 887 aliquid
914 846 1039 882 apportet
1052 839 1133 877 novi,

297 894 427 942 Aliquid
440 901 570 928 moneat:
598 900 634 926 ut
650 891 717 932 illa,
743 902 808 937 quae
818 890 926 932 tefiire
943 886 1045 921 credas
1057 908 1066 925 ‚
1092 885 1219 927 nescias.-

298 949 332 978 Et
351 956 415 991 quae
433 942 487 976 tibi
503 941 614 986 putaris
630 943 746 984 prima,
774 942 804 972 in
815 935 988 981 experiundo
1003 932 1143 977 repudies.
1329 980 1337 987 .

201 994 294 1032 Nam
307 1005 418 1042 quum
435 998 515 1028 ante
530 1001 643 1027 annos
653 989 791 1035 aliquot
806 997 915 1033 opera
929 983 1183 1031 diligentiaque
1195 980 1316 1035 nostra
1329 991 1366 1015 m

202 1043 440 1080 studiosorum
452 1041 647 1078 hominum
661 1037 850 1075 utilitatem
874 1032 1136 1071 Dictionarium
1154 1042 1200 1066 ex
1222 1028 1366 1066 officina

200 1093 316 1129 nostra
336 1090 491 1131 exiisset,
519 1091 556 1125 in
576 1100 648 1137 quo
669 1093 794 1135 praeter
820 1091 962 1123 caetera,
990 1081 1103 1118 Plauti
1135 1090 1175 1115 ac
1191 1078 1363 1135 Terentii,

200 1141 356 1178 duorum
376 1139 543 1176 videlicet
558 1137 690 1175 Latinae
707 1136 836 1182 linguae
861 1130 1106 1184 authorum&
1123 1140 1228 1175 copia
1243 1129 1276 1164 &
1297 1127 1365 1182 ele-

200 1192 319 1239 gantia
341 1190 377 1226 &
397 1190 592 1225 verborum
617 1186 833 1234 proprietate
852 1178 1211 1229 praestantissimorum
1227 1204 1235 1218 ,
1265 1187 1364 1224 quic-

200 1239 288 1287 quid
302 1238 346 1275 ad
363 1237 488 1275 Latine
515 1235 739 1273 scribendum
758 1231 1022 1277 dicendumque
1042 1229 1255 1275 pertineret,
1284 1225 1364 1260 dili-

200 1296 327 1336 genter
351 1287 433 1324 esset
453 1292 686 1323 annotatum:
714 1281 881 1330 equidem
892 1279 932 1316 id
949 1290 1005 1314 me
1022 1277 1282 1331 consequutum
1297 1273 1362 1310 esse

199 1338 390 1375 arbitrabar
403 1364 412 1378 ,
439 1343 479 1372 ut
493 1334 574 1371 esset
589 1333 676 1370 illud
693 1343 805 1369 unum
832 1341 899 1377 pro
919 1327 1106 1364 omnibus,
1133 1324 1362 1380 reliqua-non

198 1398 421 1435 magnopere
441 1384 727 1421 desiderarentur.
789 1379 858 1417 Sed
880 1378 990 1424 longe
1008 1374 1167 1429 professo
1191 1373 1281 1409 mihi
1301 1372 1360 1407 ali-

198 1443 275 1478 ter,
305 1443 409 1483 atque
428 1446 522 1471 eram
549 1434 714 1480 opinatus
750 1428 887 1465 accidit.
954 1425 1080 1470 Qium
1106 1434 1201 1460 emm
1213 1433 1285 1477 *per
1302 1433 1361 1457 nie

198 1486 271 1532 ipse
295 1484 441 1521 tandem
466 1482 576 1519 multa
594 1479 764 1518 Leftione
782 1506 792 1520 ,
821 1486 1027 1524 magnoque
1046 1473 1107 1510 usu
1126 1471 1280 1526 plurima
1303 1470 1364 1526 de-

198 1533 266 1571 else
285 1535 465 1581 cognovi,
492 1539 567 1568 tum
589 1529 722 1566 multos
742 1527 889 1563 memini
909 1536 1019 1573 quum
1036 1523 1122 1569 saepe
1135 1519 1362 1575 cle-industria

197 1584 237 1620 in
255 1584 399 1620 taberna
413 1581 528 1618 nostra
548 1579 704 1619 Libraria
722 1588 766 1613 eo
789 1578 912 1612 animo
931 1573 1108 1612 sederem,
1137 1581 1211 1618 quo
1231 1568 1363 1604 sedicet

198 1632 367 1681 Appelles
389 1632 468 1679 post
492 1629 648 1666 tabulam
663 1627 771 1664 latere
794 1624 950 1664 solebat,
971 1620 1108 1669 utquid
1119 1619 1163 1655 de
1180 1629 1227 1655 eo
1239 1618 1362 1673 labore

195 1683 321 1718 nostro
341 1680 435 1717 doni
453 1681 582 1727 pariter
602 1679 638 1714 δε
660 1674 795 1713 ιἠἀοξίἰ
812 1673 998 1713 sentirent,
1014 1670 1202 1723 audiremtq
1220 1674 1300 1723 turn
1309 1678 1363 1702 m-

198 1742 306 1780 quam
325 1729 512 1778 plerosque
535 1727 654 1764 audire
672 1724 850 1765 memini,
891 1722 952 1769 qui
969 1719 1081 1756 multa
1104 1728 1236 1765 requiri
1267 1715 1363 1752 dice-

197 1787 294 1816 rent:
321 1779 515 1827 quosdam,
543 1777 604 1825 qui
632 1773 807 1812 nonnulla
834 1776 1005 1817 corrupte
1037 1769 1298 1815 depravateque
1317 1775 1363 1801 ex

198 1828 397 1870 Cicerone,
424 1826 586 1863 Varrone
602 1853 611 1866 ‚
645 1825 682 1860 δε
703 1822 846 1870 reliquis
867 1820 965 1856 citari
983 1824 1190 1866 arguerent:
1217 1826 1284 1870 nec
1304 1813 1363 1850 de-

198 1884 299 1914 erant
318 1879 378 1926 qui
401 1882 612 1912 accentuum
635 1871 796 1910 omissam
814 1871 1013 1909 rationem,
1041 1868 1077 1903 ὃς
1098 1875 1245 1921 propria
1274 1870 1363 1899 item

197 1928 348 1964 nomina
366 1932 605 1973 quererentur.
668 1921 745 1970 Ego
769 1931 855 1956 vero
878 1918 1008 1954 invitus
1028 1916 1086 1952 ista
1102 1914 1292 1970 audierim,
1319 1923 1364 1948 an

197 1976 323 2013 lubens
338 2003 347 2017 ,
376 1973 518 2011 difficile
543 1973 589 2009 est
608 1972 712 2008 dictu.
758 1969 880 2017 Itaque
898 1969 967 2014 jam
981 1973 1056 2002 tum
1069 1966 1160 2012 iple,
1187 1968 1362 2019 quantum

200 2025 376 2062 editiones
397 2022 610 2072 quotidianae
628 2019 876 2067 relinquebant
896 2016 962 2052 otii
976 2043 985 2056 ,
1012 2014 1049 2050 id
1064 2024 1174 2050 omne
1192 2023 1230 2048 1n
1242 2011 1361 2058 legen-

198 2074 252 2110 dis
275 2073 406 2111 Latinae
434 2072 579 2119 Linguae
599 2069 840 2118 principibus,
867 2065 1046 2102 Cicerone
1065 2064 1174 2098 totius
1188 2061 1361 2114 eloquen-

197 2125 253 2160 tiae
274 2128 440 2170 parente,
468 2121 622 2161 Caesare,
647 2119 803 2158 Catone,
840 2115 1027 2154 Varrone,
1054 2109 1277 2150 Columella,
1303 2107 1362 2163 Li-

198 2174 277 2214 vio‚
303 2171 440 2211 Plinio,
467 2170 608 2217 aliisque
623 2168 760 2216 generis
771 2164 924 2212 eiusdem
938 2190 947 2204 ,
959 2160 1244 2198 consumendum
1262 2157 1359 2194 duxi.

199 2221 281 2267 Qia
316 2232 385 2268 ego
421 2218 624 2266 diligentia,
662 2218 814 2263 opinor,
852 2212 1005 2261 perfeci,
1039 2212 1196 2257 primurn
1221 2214 1260 2243 ut
1284 2217 1361 2254 quae

199 2272 426 2319 ignoratione
452 2269 523 2304 loci
552 2274 720 2313 corrupte
744 2270 844 2300 antea
862 2262 1090 2309 legebantur,
1130 2270 1169 2295 ea
1192 2255 1361 2293 nuncio-

199 2322 249 2356 cis
266 2321 413 2365 repetita
432 2316 496 2354 suis
526 2317 561 2353 &
583 2314 650 2351 fint
675 2314 847 2352 restituta,
884 2312 918 2346 ἃ
942 2309 1129 2346 authorem
1158 2305 1360 2354 agnoscant.

198 2367 342 2407 Deinde
361 2378 436 2414 quae
455 2373 624 2413 tanquam
647 2375 773 2411 parum
795 2360 919 2398 Latina
952 2360 1069 2394 minus
1090 2356 1211 2392 multis
1232 2354 1361 2401 proba-

199 2419 345 2457 bantur,
373 2417 413 2451 iis
434 2417 503 2462 jam
526 2416 579 2451 uti
600 2423 710 2449 nemo
735 2411 893 2447 dubitare
912 2407 1047 2444 audeat.
1084 2405 1360 2458 Tummagnam

199 2464 460 2503 vocabulorum
479 2465 570 2505 vim,
615 2472 692 2510 quae
724 2462 761 2496 in
783 2460 853 2494 alio
877 2456 1101 2494 Distionario
1122 2453 1224 2490 nullo
1245 2460 1362 2488 conti-

198 2521 348 2552 neantur
360 2541 369 2555 ,
397 2520 455 2549 aut
474 2511 650 2548 infinitum
669 2511 788 2557 potius
809 2517 999 2543 numerum
1015 2506 1170 2540 eruimus
1185 2515 1192 2538 ;
1208 2511 1257 2557 ⁴ut
1269 2512 1360 2548 opus

200 2564 314 2612 ipsum
335 2562 450 2598 multo
469 2561 543 2597 haec
566 2559 682 2596 addita
703 2559 833 2603 majus,
861 2555 1055 2602 meliusque
1077 2552 1266 2589 effecerint.
1290 2549 1363 2605 l'o-

199 2613 329 2650 stremo
352 2622 424 2659 quo
445 2609 618 2657 prolixius
643 2607 687 2643 ad
713 2618 780 2642 nos
803 2605 1016 2641 divertentes
1050 2601 1207 2648 hospi-tes
1224 2610 1362 2645 accipe-

199 2673 336 2702 reinuS,
365 2672 382 2695 a
407 2657 602 2695 doniffimo
618 2655 893 2705 quoque-aetatis
909 2653 1030 2698 hujus,
1055 2648 1227 2698 quicquid
1240 2650 1277 2684 in
1289 2647 1361 2683 hoc

199 2708 470 2747 commentandi
491 2719 621 2754 genere
640 2702 834 2741 annotasset
852 2700 1141 2754 &poposcimus
1170 2699 1206 2734 &
1226 2698 1363 2743 accepi·
1416 2706 1439 2744 p

202 2772 300 2796 nius:
328 2769 419 2806 quos
446 2757 612 2804 equidem
647 2765 773 2790 omnes
799 2752 1014 2788 nominatim
1034 2749 1093 2784 hic
1121 2746 1360 2795 appellarem,

203 2808 264 2844 nisi
291 2819 448 2847 vererer,
485 2817 529 2842 ne
556 2804 600 2840 de
630 2802 850 2849 fingulorum
881 2799 1040 2835 doetrina
1073 2797 1191 2833 dicere
1216 2806 1361 2843 parans,

201 2869 268 2894 nec
293 2856 368 2892 satis
387 2854 503 2902 ample
522 2865 589 2900 pro
598 2852 761 2899 cujusque
772 2850 906 2886 meritis
915 2848 1031 2883 dicere
1050 2846 1186 2882 viderer
1199 2871 1208 2886 ,
1236 2844 1272 2880 &
1287 2855 1364 2880 mo-

202 2907 289 2942 dum
304 2913 420 2941 tamen
440 2902 594 2950 epistolae
606 2901 827 2937 excederem.
878 2898 1094 2944 Quanquam
1109 2895 1153 2930 de
1174 2892 1359 2930 Gulielmo

203 2954 333 2992 Budaeo
352 2961 466 2990 tacere
489 2963 565 2988 non
583 2949 786 2998 possumus,
815 2949 893 2983 viro
913 2946 1022 2982 literis
1044 2945 1080 2980 &
1098 2942 1230 2980 Graecis
1250 2942 1286 2978 &
1299 2941 1365 2979 La-

203 3005 305 3044 tinis,
325 3003 497 3049 omnique
517 3000 675 3036 dorf'trina
698 2995 948 3034 eruditissimo:
978 2995 1040 3042 qui
1067 3003 1135 3040 pro
1168 2992 1223 3028 sua
1241 2991 1366 3027 huma-

204 3053 311 3088 nitate
325 3079 334 3090 ,
356 3051 542 3098 studioque
558 3051 595 3085 in
613 3047 747 3084 Literas
770 3044 933 3091 singulari
946 3071 956 3085 ,
984 3044 1028 3079 de
1043 3042 1170 3090 qui-bus
1180 3052 1296 3095 neque
1305 3040 1366 3095 be-

203 3112 249 3136 ne
270 3100 430 3136 merendi
450 3099 576 3139 finem,
603 3108 720 3143 neque
749 3094 901 3130 modum
920 3092 1034 3128 ullum
1066 3102 1228 3138 unquam
1262 3092 1362 3130 lecit,

202 3147 472 3191 ν’πομνηματισμὲς
489 3149 593 3184 nobis
614 3146 692 3181 suos
717 3142 1018 3182 communicavit,
1045 3151 1090 3176 ex
1110 3140 1236 3188 quibus
1265 3139 1366 3186 quic-

202 3197 291 3246 quid
309 3197 351 3233 ad
371 3198 562 3232 institutum
585 3206 675 3243 opus
695 3194 906 3241 pertineret,
928 3189 1211 3227 describeremus.
1258 3185 1300 3224 In
1318 3198 1362 3222 eo

205 3257 291 3282 vero
310 3257 415 3293 quain
436 3245 563 3285 multa,
600 3255 706 3292 quam
732 3241 921 3288 diligenter
946 3237 1153 3285 curioseque
1172 3238 1208 3272 in
1229 3235 1366 3272 Autho*

204 3296 300 3331 ribus
319 3294 517 3335 observata,
544 3303 722 3341 quamque
744 3290 780 3327 &
801 3288 975 3336 explicata
987 3287 1091 3335 plane
1109 3312 1119 3328 ‚
1148 3285 1363 3321 &illustrata

205 3351 329 3380 ornate
350 3342 585 3383 offendimus,
611 3352 764 3389 quorum
780 3339 1003 3374 mentionem
1019 3337 1056 3371 in
1076 3337 1115 3371 iis
1127 3335 1243 3375 libris,
1271 3345 1362 3383 quos

205 3392 317 3429 edidit
348 3394 383 3428 ἅτ
404 3391 576 3438 plurimos
602 3392 637 3426 ἃ
667 3386 901 3428 ἀοᾶὶίίἰητοε,
931 3385 1066 3422 nullam
1087 3383 1233 3420 fecerat!
1282 3382 1362 3430 Jam

206 3452 292 3477 vero
315 3447 353 3475 ut
373 3440 438 3475 hac
462 3451 605 3486 quoque
638 3446 735 3485 parte
763 3434 920 3473 studiosis
951 3432 1216 3482 prodessemuS,
1249 3443 1362 3479 quum

205 3489 562 3526 animadverteremus
578 3499 742 3534 magnam
762 3486 856 3534 apud
872 3483 1135 3521 Grammaticos
1152 3487 1362 3517 controver-

204 3538 288 3573 siam
317 3537 382 3573 csse
398 3536 440 3572 de
465 3537 655 3572 verborum
677 3536 873 3572 multorum
887 3533 1090 3580 praeteritis,
1117 3531 1267 3577 supinis,
1282 3539 1362 3575 per-

206 3588 298 3622 sonis
321 3585 508 3633 aliquot&
531 3586 771 3630 temporibus,
798 3584 964 3632 genitivis
977 3579 1277 3617 item&ablativis
1296 3587 1363 3613 no-

205 3637 344 3671 minum
370 3635 478 3669 tertiae
501 3632 717 3680 potissimum
736 3632 1005 3672 declinationis,
1036 3627 1243 3676 syllabarum
1263 3626 1363 3661 deni-

205 3695 273 3732 que
298 3683 359 3728 (ut
375 3682 435 3729 ipsi
462 3681 680 3729 loquuntur)
707 3682 956 3728 quantitatibus
974 3692 981 3716 z
1010 3689 1086 3726 quae
1101 3678 1223 3714 omnia
1239 3673 1300 3711 nisi
1317 3685 1362 3710 ex

205 3738 392 3779 poetarum
411 3730 621 3766 authoritate
639 3731 802 3765 constitui
824 3737 922 3766 certo
936 3740 1012 3765 non
1026 3726 1187 3775 possent,
1215 3730 1361 3772 propte-

206 3793 263 3817 rea
281 3779 380 3828 quod
401 3782 439 3815 in
454 3779 603 3815 aliorum
625 3779 695 3813 sere
715 3776 938 3824 Scriptorum
961 3778 1059 3814 libris
1081 3775 1184 3811 multi
1199 3773 1362 3810 audacio-

203 3830 305 3868 resse
320 3828 497 3876 praebent,
524 3834 563 3863 ut
581 3838 620 3863 ea
646 3837 722 3874 quae
742 3826 840 3861 aliter
868 3834 972 3874 atque
993 3824 1056 3874 ipsi
1076 3829 1246 3873 oportere
1272 3820 1362 3868 judi-

1424 690 1525 725 cent,
1552 682 1678 729 scripta
1700 683 1897 730 reperiant,
1921 682 2024 719 facile
2051 683 2266 722 immutent,
2303 679 2341 717 δε
2369 679 2514 729 quidem
2541 683 2595 717 te·

1422 745 1520 769 mere
1538 732 1678 778 saepius:
1708 731 1809 778 quod
1833 731 1903 768 illis
1920 731 2088 767 videlicet
2104 732 2140 766 in
2151 732 2268 778 poetis
2287 731 2404 766 minus
2423 729 2507 766 licet
2520 740 2594 766 cer-

1422 790 1455 818 ta
1476 781 1627 830 quadam
1648 780 1811 817 versuum
1835 781 1871 817 &
1895 792 2131 817 numerorum
2155 780 2236 827 lege
2262 778 2416 815 astriffis:
2442 778 2593 825 haecigi-

1422 838 1478 867 tur
1499 841 1609 878 quum
1635 830 2017 871 animadverteremus,
2052 840 2199 877 operam
2229 827 2295 864 hac
2309 829 2409 864 tertia
2430 827 2592 864 editione

1422 880 1605 920 dedimus,
1632 886 1671 914 ut
1690 878 1733 914 ad
1748 880 1871 915 omnia
1896 878 1968 915 fere
1987 890 2065 927 quae
2088 876 2314 914 controversa
2342 876 2471 919 essent,
2497 877 2591 912 testi-

1421 931 1554 965 moniis
1587 935 1767 964 uteremur
1799 934 1999 975 poetarum.
2063 926 2117 965 Ex
2144 927 2271 975 quibus
2301 927 2428 967 etiam,
2454 924 2590 973 nequid

1421 978 1563 1014 aliunde
1584 984 1704 1025 petere
1724 976 1858 1013 necesse
1880 977 2072 1018 haberetis,
2100 976 2274 1013 vocabula
2289 976 2408 1011 omnis
2432 977 2585 1022 generis,

1422 1027 1577 1075 epitheta
1592 1054 1601 1068 ,
1629 1027 1775 1073 propria
1793 1028 1961 1067 nomina,
1977 1025 2110 1069 formas
2130 1025 2285 1073 denique
2299 1023 2442 1060 dicendi
2459 1035 2586 1060 omnes

1421 1074 1701 1123 diligentissime,
1729 1082 1767 1110 ut
1786 1074 1861 1111 fieri
1873 1076 2015 1123 potuit,
2042 1076 2298 1112 contraximus
2361 1073 2453 1118 Quae
2468 1078 2588 1109 autem

1421 1125 1466 1161 de
1487 1125 1685 1165 Cicerone,
1712 1122 1873 1165 Catone,
1894 1122 2082 1166 Varrone,
2107 1123 2236 1165 Livio,
2263 1121 2487 1163 Columella,
2515 1121 2586 1158 Pli-

1419 1177 1502 1216 nio,
1529 1175 1697 1221 proxima
1719 1174 1754 1209 &
1773 1173 1952 1220 superiore
1970 1172 2189 1210 editionibus
2204 1172 2352 1209 colletta
2362 1171 2510 1212 fuerant,
2521 1182 2586 1207 co-

1420 1224 1515 1259 dices
1534 1223 1655 1270 postea
1675 1223 1764 1258 naCti
1785 1222 1952 1259 meliores
1973 1223 2096 1258 omnia
2127 1222 2249 1258 denuo
2276 1221 2518 1262 contulimus,
2547 1220 2584 1256 «Sc

1418 1273 1571 1320 plurima
1606 1283 1683 1320 quae
1710 1283 1897 1319 perperam
1929 1271 2190 1318 exemplarium
2215 1272 2303 1307 vitio
2323 1271 2496 1317 descripta
2514 1268 2587 1305 fue-

1418 1329 1516 1364 rant,
1543 1321 1775 1358 correximus.
1824 1320 1910 1366 Qua
1930 1322 1968 1357 in
1990 1332 2027 1357 re
2044 1322 2222 1367 praecipua
2247 1319 2325 1356 sane
2344 1319 2418 1356 laus
2436 1318 2586 1355 debetur

1415 1369 1548 1420 joanni
1565 1369 1775 1407 Teodorico
1795 1368 2010 1411 Bellovaco,
2033 1371 2111 1406 viro
2135 1367 2356 1409 dottiffimo,
2379 1369 2416 1404 ἅν.
2434 1369 2472 1403 in
2489 1369 2586 1414 opti-

1418 1422 1486 1456 mis
1503 1419 1696 1468 quibusque
1719 1419 1928 1455 authoribus
1950 1417 2052 1455 valde
2083 1420 2299 1459 exercitato,
2327 1429 2367 1453 ac
2387 1415 2487 1465 quod
2506 1428 2585 1452 om-

1417 1471 1519 1505 nium
1533 1469 1580 1505 est
1599 1470 1817 1513 maximum,
1841 1470 1911 1504 acri
1932 1468 2064 1512 judicio
2094 1468 2265 1516 praedito:
2304 1468 2366 1514 qui
2393 1465 2455 1502 nifi
2477 1465 2584 1502 nobis

1418 1518 1552 1555 auxilio
1572 1516 1703 1559 fuisset,
1730 1518 1766 1554 &
1785 1516 1879 1565 quasi
1902 1516 2075 1554 Hercules
2103 1516 2249 1567 quidam
2272 1515 2357 1553 fesso
2388 1514 2520 1553 Atlanti
2546 1517 2586 1553 in

1417 1574 1556 1615 partem
1574 1565 1723 1604 Laboris
1738 1565 1939 1604 successisset
1952 1594 1961 1608 ,
1977 1577 2162 1614 nunquam
2179 1565 2341 1614 profesto
2353 1571 2486 1601 tantam
2498 1575 2587 1612 ope-

1417 1618 1463 1653 ris
1490 1616 1627 1654 molem
1646 1616 1808 1652 sustinere
1828 1615 2071 1664 potuissemus,
2129 1614 2161 1652 Is
2194 1615 2303 1662 igitur
2333 1615 2403 1658 jam
2433 1613 2517 1649 inde
2541 1613 2584 1650 ab

1417 1667 1523 1702 initio
1544 1666 1689 1702 instituti
1709 1664 1840 1701 laboris
1862 1666 1910 1701 ita
1925 1665 2051 1705 nobis,
2078 1663 2136 1700 vel
2152 1663 2255 1711 Reip.
2267 1665 2408 1711 potius,
2425 1664 2523 1710 cujus
2537 1662 2586 1700 est

1416 1715 1495 1752 sane
1514 1713 1783 1755 amantiffimus,
1805 1725 1953 1762 operam
1976 1713 2095 1754 dedit,
2119 1719 2158 1750 ut
2181 1716 2305 1750 omnia
2326 1724 2403 1761 quae
2425 1712 2461 1748 δε
2482 1724 2501 1748 a
2517 1722 2587 1748 no-

1416 1764 1490 1801 stris
1514 1764 1679 1811 congesta
1698 1770 1818 1804 erant,
1845 1763 1917 1810 ipse
1934 1763 2134 1810 relegeret,
2157 1773 2267 1811 eaque
2281 1769 2450 1810 tanquam
2467 1760 2584 1808 supre-

1418 1825 1497 1850 mus
1520 1815 1643 1849 artilex
1661 1812 1828 1849 inchoata
1854 1814 1889 1849 &
1908 1812 2025 1848 adhuc
2046 1811 2145 1848 rudia
2158 1811 2367 1859 perpoliret.
2418 1809 2487 1847 Sed
2502 1821 2586 1857 apa-

1418 1861 1506 1911 gefis
1525 1863 1600 1898 istas
1619 1863 1945 1898 commentationes
1970 1861 2090 1897 dicent
2107 1858 2245 1897 fortasse
2265 1859 2374 1908 aliqui
2394 1871 2440 1896 ex
2456 1870 2584 1897 eorum

1418 1923 1590 1954 numero,
1615 1912 1676 1959 qui
1692 1910 1793 1947 scribi
1813 1910 2034 1948 Didiionaria
2050 1910 2198 1946 moleste
2211 1910 2436 1957 graviterque
2454 1908 2581 1945 ferunt.

1418 1961 1559 2005 Quibus
1590 1959 1794 2008 responsum
1811 1959 1869 2002 fit,
1898 1971 1957 1996 me
1979 1959 2114 1997 AElium
2146 1957 2292 1996 Gallum
2319 1956 2585 1996 vetustiffirnum

1417 2009 1539 2057 legum
1556 2008 1861 2046 Decemviralium
1882 2009 2136 2056 interpretem,
2166 2019 2275 2056 quem
2300 2018 2376 2043 non
2395 2006 2502 2043 semel
2523 2006 2585 2044 Ci-

1418 2069 1502 2095 cero
1522 2058 1677 2094 laudavit
1696 2058 1905 2099 authorem,
1944 2056 2082 2094 Festum
2102 2059 2190 2093 item
2219 2055 2434 2104 Pompeium
2454 2056 2491 2092 &
2505 2055 2585 2093 No-

1418 2109 1518 2143 nium
1538 2106 1752 2144 Marcellum
1766 2106 1932 2143 authores
1954 2106 2084 2143 habere
2097 2134 2106 2147 ,
2127 2117 2283 2154 quorum
2311 2113 2451 2142 tantum
2488 2105 2585 2152 apud

1418 2169 1476 2193 nie
1498 2157 1590 2192 valet
1615 2153 1830 2197 authoritas,
1858 2163 1897 2192 ut
1914 2157 1956 2192 iis
1978 2155 2128 2192 ducibus
2148 2167 2282 2196 errare,
2321 2165 2430 2203 quam
2456 2154 2584 2192 talibus

1418 2206 1587 2253 magistris
1606 2206 1755 2247 erudiri,
1776 2204 1908 2241 malim.
1938 2204 2038 2250 Quid
2053 2206 2149 2240 enim
2170 2203 2277 2240 causae
2301 2204 2368 2245 est,
2398 2204 2484 2251 quin
2495 2202 2584 2240 Var-

1417 2266 1564 2291 ronem.
1593 2256 1654 2303 qui
1681 2253 1943 2302 diligentissime
1968 2253 2013 2290 de
2034 2252 2174 2302 Lingua
2198 2252 2324 2291 Latina
2344 2250 2494 2300 scripsit,
2523 2264 2584 2289 eo-

1419 2304 1501 2340 dem
1524 2302 1586 2351 ipsi
1609 2305 1758 2339 crimine
1788 2302 2035 2339 condemnent
2055 2302 2069 2338 ?
2136 2302 2192 2339 An
2218 2302 2302 2339 ideo
2336 2301 2437 2338 illum
2461 2301 2584 2338 defen-

1418 2353 1527 2397 dunt,
1555 2354 1636 2400 quia
1656 2364 1733 2400 quae
1753 2352 1955 2388 obscuriora
1988 2358 2107 2392 erant,
2141 2351 2213 2399 ipse
2244 2350 2438 2399 explicavit
2470 2363 2582 2400 quum

1417 2401 1500 2437 esset
1518 2400 1729 2437 doctissimus
1745 2414 1753 2437 :
1781 2413 1847 2437 nos
1867 2400 2003 2438 idcirco
2021 2400 2290 2448 reprehendunt
2308 2401 2388 2447 quia
2407 2400 2482 2436 haec
2509 2411 2586 2436 me-

1416 2450 1505 2491 lius,
1534 2462 1640 2498 quarn
1667 2451 1747 2492 ille,
1773 2450 1929 2498 praestare
1957 2461 2033 2486 non
2052 2449 2263 2497 possumus?
2301 2448 2338 2486 Si
2364 2449 2456 2485 hanc
2475 2461 2586 2486 unam

1418 2499 1553 2535 causam
1576 2499 1735 2535 adversus
1762 2511 1829 2535 nos
1849 2498 2021 2540 afferunt,
2047 2505 2186 2536 taceant
2203 2500 2275 2546 jam
2293 2497 2357 2546 ipfi
2377 2497 2513 2535 necesse
2525 2498 2581 2535 est.

1418 2548 1497 2586 Nos
1521 2550 1616 2584 enim
1639 2551 1698 2596 qui
1717 2560 1779 2596 per
1796 2560 1862 2584 nos
1882 2547 1970 2584 nihil
1988 2548 2146 2595 praestare
2156 2555 2381 2595 poteramus,
2409 2559 2484 2583 non
2494 2546 2583 2585 Var-
2637 2585 2639 2588 ,
2666 2579 2667 2592 ,

1417 2599 1516 2634 ronis
1534 2597 1660 2639 solum,
1686 2597 1742 2634 sed
1761 2598 1797 2634 &
1821 2599 1990 2633 omnium
2011 2599 2073 2645 qui
2088 2598 2126 2633 in
2136 2597 2324 2633 dottorum
2340 2608 2493 2632 numero
2504 2595 2583 2633 sunt

1418 2648 1554 2694 semper
1575 2647 1686 2683 habiti
1712 2647 1912 2695 (inquibus
1928 2645 2116 2687 Donatus,
2142 2646 2300 2687 Servius,
2324 2645 2450 2686 Valla,
2478 2645 2583 2682 &alii
2643 2681 2648 2686 ,

1444 2695 1610 2737 etmulti,
1635 2703 1710 2733 tum
1726 2703 1882 2736 veteres,
1910 2702 1987 2731 tum
2003 2696 2108 2731 etiam
2137 2697 2245 2731 aetatis
2276 2695 2402 2730 nostrae
2435 2694 2582 2731 virido-

1418 2744 1524 2788 cust>
1551 2746 1656 2781 verba
1679 2745 1881 2791 adjecimus.
1928 2743 1972 2781 Et
1993 2751 2031 2781 ut
2049 2755 2176 2780 omnes
2200 2743 2398 2791 intelligere
2420 2742 2580 2790 possent,

1418 2806 1485 2830 nec
1507 2794 1628 2830 alienae
1649 2794 1760 2830 laudis
1786 2792 1958 2840 cupidum
1982 2805 2061 2834 me,
2088 2804 2156 2829 nec
2174 2792 2272 2829 suum
2295 2794 2461 2840 cuiquam
2481 2792 2582 2829 debi-

1418 2849 1566 2891 tumque
1591 2843 1773 2880 honorem
1802 2844 1990 2890 praeripere
2011 2842 2145 2883 solere,
2181 2853 2242 2878 eos
2262 2853 2389 2878 omnes
2417 2843 2582 2877 nomina-

1417 2893 1483 2927 tim
1502 2892 1766 2939 appellavimus.
1818 2890 2049 2938 Quapropter
2067 2890 2090 2926 fi
2105 2902 2212 2939 quem
2230 2890 2386 2938 legendo
2397 2892 2500 2927 unius
2521 2890 2583 2927 ali-

1419 2942 1516 2986 cujus
1545 2942 1644 2977 verbi
1676 2939 1835 2977 offendet
1860 2941 2106 2987 interpretatio
2125 2967 2136 2982 ,
2175 2942 2204 2975 is
2226 2951 2300 2975 non
2320 2952 2377 2976 me
2394 2967 2405 2981 ,
2445 2940 2504 2987 qui
2533 2939 2579 2976 de
2624 2945 2626 2947 ’

1419 3001 1504 3026 meo
1527 2989 1648 3026 addidi
1669 2989 1759 3026 nihil
1777 3016 1786 3030 ,
1825 2988 1883 3024 sed
1907 2988 2073 3025 authores
2091 3016 2101 3030 ‚
2138 3000 2183 3025 ex
2206 2990 2333 3037 quibus
2359 3000 2416 3024 me
2435 2989 2479 3024 ad
2502 3000 2580 3024 ver-

1420 3040 1507 3076 bum
1533 3041 1654 3075 omnia
1677 3036 1916 3085 transcripsisse
1942 3038 2079 3079 fateor,
2112 3037 2268 3074 accusare
2289 3038 2442 3074 debebit.
2490 3037 2579 3075 Non

1421 3090 1517 3124 enirn
1551 3089 1617 3130 (ut
1643 3100 1725 3124 curn
1748 3087 1864 3125 Plinio
1892 3087 2048 3134 loquar)
2076 3088 2112 3122 in
2134 3086 2226 3123 hisce
2253 3087 2357 3123 rebus
2386 3086 2492 3123 fidem
2512 3098 2581 3123 no-

1420 3137 1522 3173 stram
1545 3137 1796 3173 obstrinximus
1812 3163 1823 3178 ,
1857 3136 1915 3171 sed
1938 3136 1981 3172 ad
2003 3135 2096 3183 ipsos
2117 3135 2303 3177 authores,
2340 3137 2401 3183 qui
2423 3142 2480 3172 aut
2499 3135 2580 3172 scri-

1419 3185 1537 3232 psere,
1574 3193 1633 3222 aut
1662 3186 1814 3222 aliorum
1840 3184 1964 3231 scripta
1992 3186 2211 3232 interpretati
2237 3185 2331 3225 sunt,
2370 3185 2577 3232 relegamus.

1421 3234 1534 3280 Quod
1559 3245 1645 3271 vero
1669 3234 1712 3270 ad
1733 3246 1809 3270 eam
1830 3233 1972 3269 laudem
1991 3261 2001 3275 ‚
2040 3245 2116 3281 quae
2137 3234 2253 3271 nostra
2280 3234 2327 3270 est
2348 3235 2383 3270 &
2409 3235 2576 3281 propria,

1419 3286 1566 3325 attinet,
1611 3283 1831 3331 diligentiam
1854 3282 1938 3318 dico
1963 3310 1972 3324 ,
2013 3283 2051 3319 in
2068 3282 2212 3330 singulis
2235 3283 2382 3320 vocibus
2407 3289 2488 3330 apte
2514 3282 2577 3318 suo

1417 3344 1564 3382 quoque
1587 3332 1715 3368 ordine
1734 3331 1962 3378 disponendis
1978 3357 1987 3371 ‚
2024 3342 2172 3380 quaeque
2199 3332 2242 3368 ad
2270 3332 2393 3368 nostrae
2418 3332 2497 3368 artis
2519 3331 2579 3368 de-
2640 3327 2646 3346 ³

1417 3393 1543 3418 corum
1564 3383 1762 3429 pertinent,
1790 3379 2027 3427 exequendis,
2061 3382 2102 3416 iis
2126 3387 2223 3417 certe
2243 3380 2364 3417 licebit
2383 3380 2580 3417 existimare

1417 3432 1478 3479 qui
1504 3431 1665 3477 legerint.
1717 3428 1801 3466 Hoc
1823 3435 1960 3465 tantum
1981 3428 2065 3464 dico
2086 3456 2094 3470 ‚
2132 3429 2286 3478 quisquis
2310 3429 2429 3476 aliquo
2452 3429 2579 3476 praedi-

1417 3486 1473 3516 tus
1495 3479 1649 3525 judicio,
1690 3489 1780 3526 opus
1804 3477 1916 3525 ipsum
1936 3478 2043 3525 paulo
2070 3481 2265 3515 accuratius
2287 3478 2514 3515 considerarit
2540 3478 2578 3514 δε
2596 3479 2622 3525 J
2658 3476 2667 3528 J

1416 3527 1607 3574 inspexerit
1626 3555 1635 3569 ,

1417 3575 1487 3612 Sed
1507 3576 1581 3612 satis
1601 3577 1648 3612 est
1665 3574 1850 3615 Lectores,
1876 3573 2061 3611 confilium
2084 3577 2187 3612 vobis
2203 3577 2361 3613 nostrum
2375 3604 2384 3617 ,
2413 3587 2577 3624 operam-

1417 3635 1505 3672 que,
1533 3636 1639 3674 quam
1665 3626 1701 3661 in
1723 3624 1797 3661 hoc
1815 3635 1925 3670 opere
1951 3624 2116 3660 faciundo
2138 3624 2436 3672 consumpsimus,
2464 3636 2577 3671 expo-

1416 3686 1510 3709 nere.
1560 3673 1629 3712 Res
1650 3674 1746 3709 enim
1764 3673 1852 3720 ipsa,
1882 3680 1920 3708 ut
1943 3672 2044 3719 spero
2061 3701 2069 3715 ,
2099 3674 2257 3711 bonitate
2277 3675 2312 3710 δι
2333 3674 2482 3710 utilitate
2498 3673 2573 3714 sua,

1417 3722 1486 3768 ipsa
1509 3723 1653 3771 inquam
1676 3734 1728 3759 res
1751 3721 1818 3757 sese
1839 3720 2103 3768 inspicientibus
2128 3725 2302 3769 probabit.
2355 3722 2500 3763 valete,
2540 3723 2577 3758 ἃς

1416 3770 1528 3819 siquid
1547 3773 1639 3808 bene
1659 3770 1703 3807 de
1722 3770 1841 3808 studiis
1863 3771 1980 3807 vestris
2001 3782 2199 3813 meremur,
2230 3771 2375 3810 vicissim
2406 3777 2528 3809 amate.

1691 3529 1813 3563 omnia
1850 3538 1932 3564 eum
1971 3527 2146 3573 opinione
2178 3529 2311 3574 majora
2342 3534 2574 3574 reperturum,

2457 3915 2581 3955 CLA-

2649 3807 2651 3840 i

2648 3851 2651 3934 l
