2667 4145
211 96 278 147 14

216 184 291 220 aliis
312 195 387 232 quae
401 180 479 219 usus
499 181 534 216 δε
553 175 729 216 necessitas
749 174 986 230 posteriorum
1001 167 1191 205 hominum
1208 174 1254 199 ex
1273 161 1370 200 Grae-

218 235 268 270 013
288 232 410 270 Latina
429 230 566 266 fecerat.
618 223 782 263 Contulit
797 221 949 259 multum
962 217 1005 254 ad
1028 216 1099 251 1100
1123 223 1214 259 opus
1239 214 1256 249 †
1283 211 1371 245 Theo-

218 282 325 315 doricus
348 280 504 313 Bellovacus
526 275 570 321 [a]
610 276 707 320 cujus
739 272 873 308 auxilio
904 268 1032 303 debere
1060 262 1092 299 se
1116 261 1244 297 fatetur
1269 259 1370 308 quod

218 336 322 366 tantae
340 327 457 375 operis
479 323 568 360 moli
585 334 662 360 non
682 318 908 357 succubuerit.
960 315 980 330 ‘⁶
1003 312 1054 350 Ex
1079 310 1154 358 ipso
1174 308 1370 364 antenissu-

221 379 242 395 ‘⁶
268 378 366 420 daeo3
385 378 400 391 '³
426 375 541 420 inquit
561 372 640 412 ille,
675 371 696 387 ‘⁶
709 378 780 405 tam
801 365 910 402 multa
927 362 971 398 ad
997 361 1146 397 verbum
1164 357 1372 405 transcripsi-

221 427 242 444 “
269 436 345 461 mus
360 451 370 465 ,
397 429 435 458 ut
452 432 544 469 pene
573 422 605 456 ei
623 431 697 455 rara
718 419 754 453 iii
776 416 847 451 hoc
864 422 973 459 opere
996 411 1032 446 &
1052 407 1220 457 exquisita
1248 408 1371 443 omnia

220 475 241 491 “
268 473 469 509 debeantur.
482 473 499 487 '’
548 469 734 513 Quantum
760 465 833 500 aliis
856 471 1003 510 quoque
1020 456 1222 497 nonnullis,
1249 467 1293 511 011
1319 456 1372 510 ip-

219 522 284 560 11113
314 521 428 556 verbis
450 519 602 564 excipiat
623 515 731 552 letior
759 511 802 548 ad
835 509 967 545 calcem
996 507 1137 544 secundi
1156 505 1371 545 voluminis,

220 582 296 619 quae
316 564 486 606 Mantiisae
507 565 574 602 sive
587 561 802 612 Appendicis
812 557 966 606 Epistola
984 556 1181 604 pi·aefatoria
1199 553 1368 590 exhibuit.

219 666 472 705 ROBERTUS
509 662 783 699 STEPHANUS
828 664 1162 692 TYPOGRAPHUS
1200 662 1370 688 REGIUS

686 717 903 744 LECTORL

218 816 241 833 “
357 810 450 848 Uuni
484 806 630 845 essemus
657 807 694 842 in
722 817 766 841 eo
796 815 891 852 ‚pene
921 802 1094 848 temporis
1124 798 1294 840 articulo,
1331 804 1372 834 ut

218 865 240 880 “
379 858 595 895 Tliesauruiii
617 856 713 892 hunc
729 854 889 890 nostrum
911 853 971 887 vix
988 849 1172 886 credendis
1190 846 1370 884 laboribus

217 913 240 930 ‘⁵
265 910 470 958 congestum
495 906 638 943 tandem
653 903 840 951 publicum
860 902 1071 940 faceremus,
1101 897 1239 946 ejusque
1253 897 1302 932 rei
1324 896 1371 932 fa-

216 962 238 979 “
265 972 321 996 ma
337 958 553 995 constantior
567 954 610 991 ad
630 952 761 989 multos
782 949 989 987 emanasset:
1017 958 1100 984 ecce
1119 945 1368 986 commodum,

216 1011 237 1027 “
264 1008 325 1045 nisi
344 1006 442 1055 quod
468 1016 543 1041 non
567 1004 642 1040 satis
656 1003 692 1037 in
710 1009 874 1047 tempore
888 997 1042 1035 Andreas
1061 994 1284 1044 Tiraquellus
1302 993 1371 1030 Re..

216 1059 237 1076 “
261 1060 315 1105 gis
338 1052 612 1095 Christianiss'imi
635 1053 672 1087 111
697 1050 827 1086 Senatu
845 1045 1017 1085 Parislenfi
1039 1043 1281 1084 Consiliarius,
1317 1043 1370 1078 vir

215 1108 237 1125 “
263 1107 369 1143 etiam
391 1104 489 1140 libris
515 1102 615 1138 editis
636 1100 714 1136 orbi
738 1104 863 1137 notus,
898 1095 1059 1142 AEgidius
1090 1104 1161 1142 quo
1190 1105 1235 1148 ¹ue
1258 1092 1370 1130 Petri-

215 1155 237 1174 “
262 1167 328 1192 iius
349 1151 508 1190 officialis
529 1149 699 1199 Josatius,
728 1147 764 1183 ’81
791 1145 945 1194 Jacobus
969 1145 1005 1188 ††
1036 1142 1237 1196 Goupyhius
1261 1145 1367 1183 φιλίοι-

214 1205 235 1222 “
261 1209 339 1249 vg&
352 1231 361 1246 ,
388 1202 534 1249 absquo
553 1199 669 1235 sumus
683 1208 757 1232 11011
770 1194 997 1231 mediocriter
1009 1190 1116 1238 adjuti
1129 1218 1138 1232 ‚
1162 1188 1285 1226 'sedulo
1302 1200 1368 1225 1103

215 1255 236 1271 “
262 1252 525 1289 admonuerunt
549 1247 614 1284 esse
647 1245 806 1295 quaedam
836 1242 930 1290 apud
960 1241 992 1277 se
1013 1240 1115 1287 hujus
1146 1240 1365 1287 argumenti„

214 1303 236 1321 '‘
260 1312 336 1338 non
363 1300 510 1347 indigna
543 1308 620 1345 quae
643 1295 703 1332 hic
732 1303 877 1342 quoqne
906 1291 1201 1338 appingerentur:
1225 1298 1371 1324 eorum-

214 1353 237 1370 “
263 1362 331 1398 que
356 1348 380 1385 si
406 1348 509 1384 nobis
536 1347 583 1382 ita
609 1344 805 1383 videretur,
833 1339 1147 1376 exscribendum-m
1159 1337 1369 1385 potestaten-i

214 1402 236 1419 ‘⁶
261 1399 293 1435 se
317 1398 465 1435 faduros
479 1395 574 1432 ultro
593 1397 810 1440 receperunt.
860 1388 967 1427 Erant
992 1394 1112 1423 autem
1135 1388 1172 1421 in
1192 1386 1368 1440 librorum

214 1450 236 1467 ⁰‘
262 1448 439 1495 margines
468 1443 711 1483 tumultuaria,
744 1447 784 1478 ut
814 1439 885 1475 fere
913 1437 973 1479 fit,
1008 1436 1160 1473 lectione
1187 1434 1366 1481 adscripta..

214 1499 236 1516 “
261 1495 338 1545 Ego
359 1506 444 1531 vero
462 1492 552 1530 nihil
574 1501 699 1528 eorum
721 1487 942 1536 negleffiiurus
965 1497 1041 1534 quae
1058 1484 1129 1521 usui
1149 1484 1227 1539 fore
1239 1482 1370 1519 studio²

214 1548 235 1564 “
261 1545 301 1581 113
317 1543 552 1591 intelligerem
566 1568 576 1582 ,
604 1545 770 1586 acceptos
785 1538 827 1574 ab
845 1538 894 1573 eis
910 1535 1053 1572 codices
1067 1533 1250 1580 diligentia
1261 1543 1370 1580 quan-

213 1595 235 1613 “
262 1601 295 1631 ta
317 1595 420 1642 potui
432 1593 585 1628 maxima
596 1588 817 1636 perlustravi:
846 1597 923 1634 quae
945 1583 1012 1620 visa
1023 1582 1102 1620 sunt
1118 1583 1155 1618 111
1176 1593 1253 1617 rem
1270 1588 1369 1617 tuam

213 1645 236 1662 ‘⁶
261 1643 373 1679 futura
387 1670 397 1684 ,
425 1638 586 1678 Candide
597 1637 725 1679 let'tor,
747 1647 786 1672 ea
797 1636 960 1682 protinus
971 1629 1146 1679 excerpsi,
1163 1636 1267 1686 atque
1277 1630 1370 1686 seor·-

211 1694 235 1710 “
261 1691 336 1728 sum
354 1693 391 1727 in
408 1690 474 1727 hos
495 1689 743 1736 quaterniones
756 1683 915 1721 contuli:
941 1681 1124 1729 grandiori
1143 1679 1289 1728 quidem
1309 1678 1369 1715 illa.

213 1743 235 1759 “
261 1740 457 1780 volumini,
484 1737 545 1774 suo
567 1735 736 1785 quodque
763 1733 869 1774 loco,
894 1731 1101 1780 inserturus,
1126 1727 1189 1764 nisi
1216 1728 1293 1764 sero
1324 1727 1370 1764 ad

213 1792 235 1807 “
261 1801 327 1826 nos
334 1786 577 1836 pervenissent.
627 1783 789 1822 Habebat
808 1783 843 1818 &
858 1780 1014 1829 Joannes
1029 1776 1281 1816 Theodericus
1292 1776 1369 1814 Bel-

213 1841 235 1857 “
257 1838 401 1874 lovacus
417 1865 425 1878 ,
453 1837 509 1872 cui
523 1834 718 1883 plurimum
737 1831 868 1868 debent
896 1834 1077 1878 quotquot
1096 1826 1186 1863 usuri
1202 1827 1280 1862 sunt
1303 1837 1369 1881 noT

213 1890 235 1906 “
266 1888 334 1924 stro
354 1885 554 1926 Thesauro,
581 1894 657 1919 non
680 1892 807 1929 pauca,
832 1877 1051 1926 potissimum
1085 1887 1129 1913 ex
1161 1874 1279 1912 Plinio
1306 1874 1369 1911 sibi

213 1939 235 1954 ⁴‘
261 1937 426 1983 privatim
445 1932 629 1982 quondam
650 1930 789 1971 selecta,
826 1928 885 1964 sed
910 1929 1000 1963 inter
1032 1925 1167 1962 chartas
1189 1926 1235 1960 ita
1259 1923 1369 1960 laten„

214 1987 234 2004 “
261 1987 327 2026 tia,
356 1991 395 2021 ut
415 1995 490 2019 non
509 1980 796 2028 comparuerint,
822 1976 886 2013 nisi
912 1975 1072 2013 universo
1106 1985 1216 2021 opere
1252 1984 1367 2021 prope

213 2036 234 2052 “
260 2033 426 2081 perfetio.
477 2030 525 2069 Ea
548 2029 693 2066 tandem
712 2028 772 2064 ubi
795 2033 919 2074 praeter
936 2024 1033 2072 spem
1049 2022 1273 2063 emerserunt,
1299 2021 1368 2058 stu·

214 2085 235 2101 “
262 2083 357 2119 diose
377 2080 610 2128 recognovit,
639 2078 675 2114 &
701 2084 741 2113 ut
761 2077 856 2124 prius
879 2073 969 2110 illud
993 2072 1206 2110 beneficium
1224 2070 1281 2108 vel
1303 2071 1367 2108 1130

214 2133 234 2150 “
261 2131 455 2168 cumularet
474 2127 688 2167 3000111000,
715 2125 857 2173 publica
871 2122 937 2160 01Γο
953 2122 1076 2158 voluit.
1126 2120 1207 2175 Nos·
1221 2131 1293 2176 quo
1323 2131 1366 2156 ue

212 2182 234 2199 “
260 2181 417 2228 suprema
437 2179 519 2214 huic
534 2177 635 2224 operi
653 2173 814 2221 imposita
833 2184 959 2213 manu,
986 2170 1152 2207 omnibus
1175 2169 1304 2206 bibliot
1333 2180 1367 2205 e-

211 2230 233 2248 “
259 2241 308 2266 cae
324 2229 449 2266 nostrae
459 2227 558 2263 libris
575 2224 787 2273 pertradtatis
810 2223 845 2258 &
859 2221 1031 2261 evolutis,
1059 2230 1135 2268 quae
1155 2218 1291 2266 delapsa
1306 2217 1368 2253 ali-

213 2280 233 2296 “
260 2280 359 2326 cujus
379 2276 556 2315 momenti
576 2275 643 2311 visa
661 2273 758 2314 sunt,
784 2282 855 2309 una
872 2282 956 2308 cum
974 2269 1065 2305 10013
1087 2268 1225 2317 aliquot
1244 2278 1367 2304 coi-ru*

249 2425 295 2461 [a]
322 2424 342 2439 “
363 2423 427 2460 Qua
442 2422 470 2451 in
488 2430 517 2450 re
536 2421 675 2459 praecipua
690 2417 752 2450 sane
768 2419 829 2450 laus
850 2412 967 2448 debetur
982 2410 1083 2454 ,Ioanni
1105 2409 1286 2448 Theoderico
1304 2407 1366 2445 Bel.

213 2464 233 2478 ‘⁸
254 2465 350 2492 lovaco
368 2464 427 2490 vito
444 2459 600 2489 doctissimo
620 2460 646 2488 δι
666 2458 695 2487 10
715 2458 829 2496 optimis
848 2456 999 2494 quibusque
1013 2456 1177 2486 authoribus
1194 2454 1274 2484 valde
1290 2462 1366 2482 exer-

212 2502 232 2517 “
251 2501 352 2534 citato,
374 2508 424 2533 30,
452 2497 528 2535 quod
545 2498 671 2526 omnium
694 2497 733 2526 est
751 2496 904 2525 maximum
919 2515 928 2529 ,
948 2495 1003 2524 aeri
1025 2495 1131 2530 judicio
1153 2492 1287 2530 praedito:
1313 2491 1367 2534 .qu

211 2540 231 2556 “
252 2539 300 2568 nisi
327 2538 407 2566 nobis
432 2535 534 2563 auxilio
555 2534 665 2568 fuisset,
691 2535 717 2563 &
738 2534 809 2569 quasi
834 2531 968 2562 Hercules
990 2532 1105 2569 quidam
1124 2530 1193 2560 fesso
1218 2530 1320 2559 Atlanti
1337 2538 1367 2557 m

212 2577 233 2591 “
254 2582 361 2614 partem
384 2573 482 2603 laboris
501 2571 663 2601 succeffiffet
677 2592 685 2606 ,
713 2579 854 2607 nunquam
873 2570 1000 2607 profecto
1023 2576 1129 2598 tantam
1150 2569 1243 2605 operis
1262 2566 1367 2609 molem

212 2615 232 2629 “
253 2614 382 2644 sustinere
401 2609 589 2648 potuissemus.
637 2608 662 2637 Is
683 2609 766 2645 igitur
779 2610 836 2642 jam
861 2607 928 2636 inde
947 2608 981 2636 ab
1003 2607 1082 2636 initio
1103 2605 1218 2643 instituti
1241 2603 1366 2639 laboris,

211 2652 233 2667 “
255 2653 292 2680 ita
310 2650 392 2679 nobis
407 2670 415 2682 ,
449 2647 493 2677 vel
516 2647 594 2684 Reip.
618 2646 729 2683 potius,
764 2646 844 2682 cujus
866 2644 904 2674 est
926 2644 990 2674 sane
1007 2643 1224 2678 amantissimus,
1254 2651 1368 2680 operam

213 2690 233 2704 “
253 2689 352 2722 dedit,
383 2693 413 2715 ut
432 2685 527 2714 omnia
548 2693 610 2721 qnae
628 2685 654 2714 8<
677 2693 692 2712 3
710 2683 811 2718 nobis,
839 2684 866 2712 &
886 2691 902 2711 a
924 2683 1021 2711 nostris
1041 2682 1169 2719 congesta
1184 2685 1282 2715 erant,
1311 2679 1369 2722 ipse
1422 2677 1445 2715 ἦ*
1466 2686 1483 2714 q

213 2727 232 2743 “
254 2727 388 2763 relegeret
408 2732 494 2759 eaque
516 2728 647 2758 tanquam
674 2721 818 2759 supremus
842 2720 943 2750 artifex
963 2720 1093 2749 inchoata
1118 2720 1145 2749 ἃ
1173 2718 1265 2748 adhuc
1287 2718 1368 2746 rudia
1422 2715 1433 2755 ,⁵

213 2765 232 2780 “
253 2763 413 2801 perpoliret.
430 2760 445 2771 ‘⁷
479 2759 582 2788 Praefat.
599 2758 669 2788 Edit.
690 2768 770 2794 1543.

247 2801 292 2838 [b]
313 2798 454 2829 Credibile
474 2797 513 2826 est
532 2796 708 2826 Nizolianani
734 2795 852 2832 Thesauri
874 2793 1031 2824 Editioneni
1055 2791 1202 2831 respexisse
1219 2791 1367 2828 stephanum

211 2840 240 2869 in
262 2837 458 2874 sequentibus,
479 2844 539 2871 quae
558 2843 590 2864 ea
600 2834 657 2871 ipsa
674 2834 835 2870 tempestate
848 2832 967 2861 Venetiis
981 2833 1180 2869 procurabatur
1195 2852 1203 2865 ,
1223 2839 1275 2866 qua
1286 2830 1366 2859 Ron-

210 2876 228 2906 S
239 2886 258 2905 τ
268 2887 282 2905 ii
292 2886 306 2904 1,
316 2885 337 2904 H
347 2885 364 2904 A
375 2884 418 2902 Νι]
429 2883 441 2902 3
458 2873 547 2910 patria
564 2872 698 2908 profugus
720 2871 848 2899 Venetias
860 2876 1013 2906 caeteraque
1027 2869 1089 2898 loca
1109 2867 1288 2905 Transalpina
1308 2877 1368 2905 per-

211 2914 322 2951 agravit.
363 2913 383 2926 “
403 2911 501 2940 Metuo
529 2917 602 2938 certe
625 2918 660 2937 ne
683 2908 774 2937 miseri
799 2907 839 2936 isti
859 2903 1211 2943 ζαςᾱαςολιξικοσυῤῥιιππίδω
1241 2906 1267 2935 &
1284 2913 1367 2934 voces

212 2951 231 2966 ‘⁸
252 2952 312 2980 illas
333 2951 359 2980 &
379 2948 445 2978 alias
464 2946 677 2985 quamplurimas
689 2967 696 2979 ‚
717 2945 814 2975 itidem
831 2945 1043 2974 'commentitias
1070 2951 1117 2973 aut
1135 2942 1264 2979 quolibet
1281 2942 1367 2972 modo

212 2991 232 3004 ⁴⁸
252 2987 413 3019 mendosas,
435 2995 500 3022 quas
517 2994 569 3020 ego
585 2983 704 3020 relegavi
724 2981 769 3012 vel
789 2982 883 3019 potius
904 2983 926 3009 ἰε
939 2983 1044 3017 κόρακας
1052 2981 1214 3015 amandavi,
1235 2987 1366 3016 tanquam

213 3027 232 3041 “
253 3035 301 3063 pei·
321 3025 454 3054 incuriam
474 3032 489 3052 a
507 3031 553 3052 me
572 3020 761 3059 praetermissas
781 3020 809 3050 in
830 3029 924 3049 meum
940 3020 1023 3049 etiam
1042 3019 1121 3048 illum
1141 3017 1311 3048 Thesaurum
1326 3018 1367 3046 in-

812 72 849 124 P
885 72 931 122 R
967 68 1027 120 AE
1057 65 1093 116 F
1122 63 1173 113 A
1205 62 1253 113 T
1287 61 1305 111 1
1341 60 1391 110 Ο
1459 58 1583 112 Edit.
1615 57 1809 113 Londin.
1849 70 2019 125 1735.

1421 162 1443 179 ‘⁶
1469 163 1538 210 ptis
1559 175 1637 211 quae
1654 164 1745 199 inter
1765 159 2046 210 imprimendum
2075 158 2333 200 animadversa,
2367 159 2404 194 &
2428 159 2580 196 restituta

1422 211 1443 228 “
1469 212 1628 254 fuerant,
1657 212 1710 248 his
1730 211 2001 247 interseruimus.
2051 206 2137 245 Tuae
2165 216 2280 256 partes
2309 214 2431 248 erunt,
2468 210 2581 244 amice

1423 261 1445 277 ‘⁶
1470 260 1598 303 lector,
1628 262 1664 296 &
1696 260 1787 295 hanc
1813 270 1962 307 operam
1987 259 2050 293 tibi
2076 266 2239 294 navatam
2259 258 2347 293 boni
2380 256 2581 292 consulere:

1423 309 1445 325 “
1469 310 1506 345 &
1525 310 1578 346 his
1602 308 1775 355 exemplis
1793 308 1836 344 ad
1858 306 2048 354 juvandam
2067 317 2143 342 reni
2164 306 2353 342 literariam
2376 315 2588 352 quacunque

1426 361 1448 375 ‘⁶
1475 358 1605 394 valebis
1626 359 1763 394 ratione
1793 356 2038 393 vehementius
2062 355 2219 391 accendi.
2270 353 2381 396 Vale,
2410 354 2446 389 &
2466 353 2588 389 alienis

1425 406 1447 423 ‘⁶
1472 406 1656 444 sudoribus
1682 406 1795 442 fruere
1813 416 1890 441 non
1908 405 2075 452 ingratus.
2090 407 2109 420 ⁷'
2562 449 2570 457 ·

1424 479 1491 506 Μ’·
1511 477 1578 517 ms
1601 489 1681 515 ¹³⁵¹·
1729 447 2586 549 Χὲ1ἷὲξὲἒΑέ.Ο,ζξΡΞ11ἱῗ111335311ᾨῖ·

1757 528 1772 539 ι
1897 529 1907 544 2
2396 528 2406 542 2
2571 521 2588 528 “

1426 563 1506 587 runi
1529 550 1668 587 mendis
1689 563 1904 600 expurgare,
1929 561 2095 597 novaque
2113 549 2373 586 vocabulorum
2395 547 2589 586 accessione
2614 549 2615 555 ’

1425 600 1666 647 locupletare,
1695 601 1849 647 suscepi-t.
1898 598 2087 644 Quantum
2118 600 2155 635 in
2191 598 2418 635 emendando
2441 597 2586 645 potuit,

1425 649 1593 690 nescitur,
1620 651 1717 695 cuius
1744 649 1879 690 αΤχίνοιοι
1910 659 1928 683 3
1947 649 2113 688 nemine,
2138 647 2238 694 quod
2262 647 2385 688 sciam,
2413 648 2469 692 †††
2497 645 2589 683 cele«

1425 699 1565 734 bratur:
1592 709 1662 746 qua
1682 700 1820 735 ratione
1839 695 2093 743 locupletavit,
2120 694 2259 732 fortasse
2287 697 2425 742 optime
2441 694 2590 731 docebi-

1425 754 1482 783 tur
1499 759 1544 783 ex
1562 747 1677 783 verbis
1694 751 1734 781 H.
1757 745 1892 790 stephani
1913 744 2015 786 Filii,
2042 755 2118 793 quae
2127 745 2327 781 curavimus
2348 743 2509 792 subjungi
2527 742 2585 789 [b].

1422 794 1527 834 Nihil
1548 807 1636 844 ergo
1655 795 1804 843 superest
1824 794 1923 843 quod
1941 793 2074 830 Nizolius
2100 791 2288 840 praestitisse
2320 793 2481 830 videatur
2497 803 2586 840 prae-

1425 853 1477 882 ter
1497 846 1827 892 interpretationem
1846 842 2007 880 Graecani
2020 869 2029 884 ,
2057 853 2166 891 quam
2185 840 2329 889 singulis
2354 841 2428 879 fere
2446 841 2585 885 capitibus

1424 894 1632 927 vocabulorum
1659 893 1842 938 (hominis
1852 893 1968 928 verbis
1982 896 2091 935 utor)
2116 890 2290 938 apposuit,
2318 902 2363 928 ex
2380 890 2587 935 Calepinine-

1424 942 1496 979 scio
1521 953 1594 991 quo
1611 953 1657 979 ex
1671 948 1767 979 tanta
1785 942 1887 978 turba
1908 939 2054 979 Editore
2069 947 2320 977 commentum
2347 945 2537 977 mutuatus.

1423 1017 1471 1043 Ed·
1515 1014 1552 1042 Th
1761 989 1906 1028 Denato
1952 988 2201 1026 STEPHANO
2249 988 2387 1037 prodiit
2427 988 2586 1032 Thestiurus

1463 1023 1493 1043 ἰ’
1554 1015 1585 1051 ef
1606 1022 1686 1052 ‘³⁷³'
1729 1039 1846 1077 multo
1869 1039 2016 1076 uberior
2030 1065 2039 1080 ,
2064 1035 2089 1074 11
2107 1038 2245 1074 molem
2264 1038 2414 1086 spec‘tes,
2441 1037 2586 1086 Lugdu-

1423 1089 1461 1124 ni
1478 1098 1559 1124 cura
1577 1086 1698 1131 Philippi
1713 1088 1835 1134 Tinghyi
1852 1085 2074 1129 Florentini,
2102 1086 2168 1124 An.
2189 1099 2293 1132 1573.
2310 1086 2373 1124 fol.
2397 1099 2431 1133 4.
2442 1086 2582 1125 Tomis.

1421 1133 1541 1175 Editio
1561 1136 1603 1171 ab
1622 1138 1789 1173 omnibus
1806 1136 1965 1185 undique
1983 1138 2138 1183 expetita
2150 1163 2160 1178 ,
2188 1148 2393 1185 quanquam
2413 1148 2481 1173 nec
2501 1147 2585 1173 cura

1422 1197 1490 1222 nec
1520 1184 1669 1221 utilitate
1693 1197 1777 1222 cum
1800 1185 1971 1229 stephanici:
2005 1185 2195 1232 posteriori
2228 1192 2436 1222 concertare
2468 1184 2583 1233 possit.

1424 1235 1519 1272 Cum
1543 1235 1590 1270 ait
1607 1234 1746 1280 Tinghyus
1761 1260 1772 1276 ,
1797 1234 1830 1270 se
1855 1247 1920 1281 quae
1949 1248 1966 1268 a
1990 1234 2130 1278 Stephano
2152 1234 2232 1268 edita
2255 1243 2358 1275 eram,
2382 1233 2486 1281 dediffi’
2510 1237 2585 1268 inte·

1419 1288 1516 1332 griora
1537 1282 1574 1322 ἴς
1595 1283 1808 1325 emendatiora,
1833 1284 1911 1329 ††††
1935 1282 2025 1319 adeo
2055 1283 2103 1319 est
2124 1294 2146 1318 a
2169 1284 2315 1320 veritate
2343 1283 2520 1325 alienum,
2545 1288 2588 1320 ut.

1422 1332 1447 1369 S
1457 1343 1480 1368 T
1491 1343 1509 1368 E
1519 1343 1537 1368 P
1547 1343 1572 1368 n
1581 1343 1603 1368 A
1614 1343 1640 1368 N
1649 1343 1662 1368 1
1680 1333 1920 1380 integritatem
1938 1330 2133 1369 foedissimis
2156 1333 2297 1370 mendis
2318 1332 2584 1374 deforinaverit‚

1421 1380 1448 1417 si
1467 1381 1538 1417 hoc
1556 1380 1596 1417 sit
1613 1381 1811 1418 deformare
1834 1381 1984 1422 scilicet,
2010 1381 2186 1417 vocabula
2216 1384 2441 1429 optimorum
2465 1381 2585 1417 audio-

1423 1432 1524 1467 ritate
1543 1431 1777 1477 comprobata
1790 1428 1964 1472 omisisse,
1992 1441 2070 1478 quae
2088 1442 2109 1466 a
2127 1430 2371 1467 STEPHANO
2394 1432 2458 1466 rite
2476 1429 2585 1466 addu-

1424 1480 1611 1521 cebantur,
1639 1479 1695 1515 vel
1714 1490 1778 1527 per
1794 1480 1967 1516 incuriam
1986 1478 2077 1514 male
2097 1478 2305 1527 descripsisse
2319 1508 2328 1522 ,
2352 1480 2409 1516 vel
2432 1481 2585 1516 commi«

1420 1527 1493 1565 sisse
1512 1528 1666 1577 denique
1690 1536 1730 1565 ut
1752 1528 1845 1565 male
1872 1527 2107 1564 describerent
2132 1540 2250 1576 operae
2275 1527 2583 1577 Typographicae:

1423 1577 1520 1615 Cum
1538 1578 1604 1619 ait,
1631 1589 1696 1624 quae
1710 1577 1865 1621 desiderari
1881 1576 2079 1613 videbantur,
2105 1576 2196 1610 dottos
2214 1579 2382 1624 explevisti,
2411 1577 2448 1614 id
2463 1581 2509 1614 ait
2521 1579 2584 1615 ubi

1420 1626 1456 1662 se
1474 1625 1813 1675 magnificentissime
1832 1626 1983 1663 osten-tet
2001 1625 2077 1662 haec
2105 1623 2226 1663 Editio
2252 1627 2290 1663 v&
2315 1626 2490 1675 glorietur
2512 1639 2584 1662 ma-

1421 1677 1530 1712 xime.
1581 1675 1650 1712 Sed
1669 1676 1854 1712 mirabitur
1873 1675 2031 1712 eruditus
2050 1674 2161 1711 letior
2178 1674 2339 1719 θαύματα
2357 1676 2474 1713 liaecce
2493 1676 2584 1713 nihil

1425 1724 1491 1761 effe
1520 1732 1645 1773 praeter
1660 1724 1787 1772 longas
1806 1725 1842 1761 &
1864 1724 2030 1761 onerosas
2054 1723 2316 1773 Antiquitatum
2338 1724 2583 1763 Romanarum

1425 1773 1678 1822 descriptiones
1702 1786 1747 1810 ex
1764 1773 1888 1816 Budaeo,
1913 1776 2077 1815 Munatio,
2103 1774 2254 1816 Corrado,
2281 1776 2432 1822 Gyrahio,
2458 1776 2585 1819 Erafino,

1424 1822 1598 1869 Rhodigi'no,
1625 1824 1720 1869 ’[1ῒῇ-
1734 1825 1873 1865 Firmico,
1898 1821 2072 1856 Alexandro
2087 1820 2124 1856 ab
2141 1822 2328 1860 Alexandro,
2347 1826 2504 1858 Hermolao
2514 1828 2585 1858 Bar-

1425 1871 1512 1913 baro,
1539 1872 1739 1921 caeterisque
1762 1871 1806 1908 ad
1824 1872 1973 1908 verbum
1993 1877 2121 1908 mutuo
2145 1869 2317 1920 sumptas:
2344 1869 2516 1910 Historias
2539 1885 2586 1912 ex

1423 1920 1581 1963 Strabone,
1606 1921 1742 1957 stiliano,
1767 1921 1930 1964 Paufimae'a,
1956 1919 2140 1964 Philifiratffi
2167 1923 2294 1962 Tzetzffi
2321 1922 2389 1959 ἃς,
2439 1921 2587 1970 Exposi-¹

1423 1971 1541 2006 tiones
1565 1970 1730 2018 quasdam
1764 1970 1801 2006 &
1831 1971 1904 2006 vini
1934 1969 2199 2006 vocabulorum
2221 1969 2362 2019 injure
2385 1971 2512 2013 Civili,
2540 1971 2585 2008 ad

1425 2030 1502 2066 quae
1534 2018 1743 2055 declaranda
1771 2019 1901 2066 migrat
1931 2018 1969 2054 in
1999 2018 2182 2061 Thesbarum
2213 2023 2352 2052 πανοικιω
2386 2019 2587 2068 JCtorum:

1423 2065 1616 2105 Rhetorica
1644 2067 1798 2116 denique
1818 2069 1855 2104 &
1873 2066 2056 2104 artificiosa
2070 2068 2183 2113 ††††††
2201 2070 2350 2105 nomina
2369 2081 2414 2106 ex
2435 2068 2588 2107 Drama..

1423 2124 1478 2158 te,
1503 2117 1662 2158 ScholiS,
1686 2118 1752 2153 &u
1780 2117 1911 2164 petita,
1938 2116 2052 2152 verbis
2067 2116 2125 2152 seu
2145 2117 2369 2152 enarrationibus
2387 2120 2507 2166 potius
2523 2122 2587 2153 Do-

1423 2168 1512 2207 nati,
1538 2168 1635 2200 Servii
1651 2165 1875 2214 aliorumque
1892 2164 2076 2212 explIcata.
2127 2163 2216 2202 Haec
2246 2166 2283 2202 St
2305 2165 2430 2204 similia
2459 2168 2586 2216 popel-

1423 2212 1499 2251 lum
1519 2216 1553 2251 &
1571 2214 1714 2262 plebem
1742 2226 1870 2251 vanam
1897 2214 2150 2251 allexerunt&
2177 2214 2336 2252 alliciunt
2360 2216 2481 2254 hodie.
2530 2216 2587 2255 Ex

1424 2263 1548 2310 Tinghyi
1562 2263 1691 2300 scilicet
1708 2276 1811 2310 magno
1836 2276 1939 2299 acervo
1952 2263 2047 2297 tollere
2059 2263 2358 2309 jucundiffimunl.
2409 2265 2446 2304 Si
2463 2265 2589 2316 quera-¹

2528 2322 2586 2353 tur

1420 2408 1443 2428 'ff‘
1464 2405 1584 2442 trudant.
1625 2404 1710 2448 Quo&
1730 2418 1817 2448 quum
1838 2406 1970 2454 accidet,
1991 2409 2067 2442 idem
2085 2409 2196 2450 prorsus
2215 2411 2306 2447 mihi,
2326 2413 2404 2450 quod
2425 2412 2497 2451 patri
2510 2421 2588 2448 meo,

1424 2451 1445 2466 “
1466 2451 1645 2480 RosiiRTo
1665 2450 1876 2478 STEPHANO
1890 2470 1898 2484 ,
1931 2449 1959 2477 id
1977 2451 2034 2487 est,
2060 2451 2137 2480 idem
2157 2449 2229 2480 meis
2249 2451 2326 2488 quod
2345 2452 2404 2487 ejus
2421 2450 2564 2480 laboribus
2576 2471 2586 2487 ,

1422 2489 1444 2503 ⁸‘
1466 2487 1513 2517 usu
1532 2487 1636 2517 veniet.
1678 2487 1775 2523 Quum
1791 2487 1867 2516 enim
1889 2486 1936 2515 ille
1961 2488 2085 2518 Venetiis
2104 2498 2189 2525 agens
2209 2489 2348 2526 quandam
2371 2488 2511 2518 officinam
2530 2488 2587 2525 Ty-

1423 2527 1444 2541 “
1465 2525 1662 2563 pographicam
1678 2525 1810 2562 ingressus
1829 2524 1911 2559 esset,
1932 2525 1961 2555 in
1977 2535 2030 2563 qua
2050 2521 2243 2559 excudebatur
2260 2527 2320 2562 ejus
2340 2526 2496 2556 Thesaurus
2517 2526 2588 2555 Lati-

1424 2564 1444 2578 ‘⁶
1464 2573 1506 2592 nae
1525 2563 1636 2600 Linguae
1649 2584 1658 2598 ‚
1679 2562 1788 2600 sumpta
1806 2562 1835 2590 in
1851 2571 1949 2592 manus
1970 2565 2066 2593 charta
2081 2585 2090 2599 ‚
2111 2564 2209 2594 oculos
2229 2564 2319 2593 statim
2333 2565 2362 2593 in
2382 2563 2525 2601 quoddam
2536 2573 2586 2593 vo-

1421 2602 1444 2616 “
1463 2601 1595 2630 cabulum
1615 2601 1761 2636 conjecit,
1782 2600 1857 2636 quod
1874 2599 1901 2630 se
1922 2600 1991 2630 olim
2010 2600 2147 2637 rejecisse,
2169 2602 2237 2631 dum
2262 2611 2333 2639 opus
2357 2601 2429 2631 illud
2449 2601 2588 2631 construe-

1423 2639 1445 2654 “
1464 2645 1524 2673 ret,
1546 2639 1752 2668 recordabatur.
1789 2638 1910 2667 Miratus
1923 2648 1992 2677 ergo
2013 2638 2092 2669 suum
2117 2639 2261 2677 exemplar
2280 2639 2370 2669 afferri
2389 2640 2424 2668 ad
2446 2639 2473 2669 se
2491 2639 2586 2676 jussit,

1485 2676 1542 2705 uod
1559 2675 1611 2705 suae
1632 2677 1772 2705 memoriae
1793 2684 1852 2704 non
1871 2677 1988 2705 omnino
2011 2677 2158 2706 fidendum
2178 2683 2296 2715 putaret.
2340 2677 2382 2707 Ibi
2403 2683 2478 2707 certe
2505 2686 2588 2706 voca-

1437 2715 1444 2729 ‘
1465 2714 1563 2743 bulum
1581 2713 1652 2743 illud
1670 2723 1727 2743 non
1745 2714 1869 2748 invenit,
1889 2713 1936 2742 sed
1955 2715 2075 2751 margini
2096 2714 2280 2752 adscriptum,
2300 2720 2331 2744 ut
2348 2715 2528 2750 insereretur,
2548 2715 2591 2744 vi-

1424 2753 1445 2767 “
1467 2752 1523 2781 det.
1563 2751 1646 2781 Tunc
1667 2761 1732 2781 eum
1751 2751 1832 2787 cujus
1851 2758 1935 2780 manu
1956 2751 2125 2790 adscriptum
2142 2760 2215 2787 erat,
2236 2753 2385 2783 convenire
2400 2774 2407 2787 ,
2429 2754 2455 2783 &
2478 2762 2533 2790 quo
2555 2752 2588 2781 id

1422 2791 1445 2804 “
1465 2788 1580 2819 consilio
1597 2787 1703 2818 feciffet
1715 2810 1724 2824 ,
1743 2788 1921 2826 interrogare.
1962 2789 2016 2819 Hic
2036 2799 2103 2818 vero
2122 2799 2180 2819 non
2198 2789 2275 2819 aliud
2296 2789 2462 2829 respondere
2475 2812 2483 2825 ,
2504 2798 2589 2827 quam

1424 2828 1447 2843 “
1467 2827 1494 2857 se
1514 2837 1571 2856 non
1595 2827 1763 2857 vocabulum
1780 2826 1835 2855 hoc
1855 2826 1963 2862 solum,
1988 2826 2036 2856 sed
2048 2828 2154 2864 aliquot
2173 2827 2225 2857 alia
2238 2828 2336 2857 itidem
2354 2827 2492 2864 adjecisse.
2515 2827 2588 2863 Quae

1423 2866 1445 2880 ⁶⁴
1465 2874 1550 2902 quum
1568 2865 1638 2901 patri
1660 2874 1724 2893 meo
1742 2862 1918 2900 ostendisset,
1951 2874 1985 2894 ea
2001 2864 2059 2902 ipsa
2083 2863 2138 2894 effe
2156 2866 2294 2902 comperit
2313 2876 2374 2902 quae
2396 2866 2495 2895 itidem
2514 2866 2588 2896 olim

1425 2904 1445 2918 “
1465 2903 1607 2938 rejecerat.
1647 2902 1711 2938 Qua
1727 2911 1764 2931 ex
1779 2911 1809 2930 re
1828 2907 1908 2932 tanto
1933 2901 2031 2931 dolore
2051 2902 2130 2937 arsit,
2156 2909 2186 2931 ut
2204 2905 2348 2932 continere
2367 2903 2394 2932 se
2416 2913 2473 2932 non
2489 2910 2589 2940 potue-

1421 2941 1445 2955 “
1464 2940 1518 2976 rit,
1540 2941 1607 2976 quin
1623 2939 1703 2970 illum
1724 2938 1846 2976 aliosque
1864 2939 1911 2976 qui
1928 2940 1964 2968 ad
1977 2939 2123 2969 ditandum
2142 2940 2281 2977 praeclaris
2302 2939 2376 2970 hisce
2397 2941 2501 2970 divitiis
2512 2941 2588 2970 The-

1423 2978 1444 2993 “
1465 2977 1574 3006 faurum
1605 2986 1719 3015 operam
1742 2977 1818 3006 suam
1846 2977 1946 3006 itidem
1968 2976 2112 3013 locarant,
2147 2976 2242 3007 Asinos
2264 2979 2413 3008 Arcadicos
2435 2978 2586 3010 vocaret.''

1425 3019 1458 3044 H.
1469 3016 1548 3051 steph.
1565 3015 1648 3052 Epist.
1660 3015 1696 3044 de
1707 3014 1761 3044 suae
1771 3014 1977 3052 Typographiae
1992 3016 2071 3044 statu.

209 3087 2589 3110 ww

248 3164 266 3198 †
287 3163 363 3192 Adde
383 3162 516 3198 joliannis
537 3169 701 3198 praenomen
712 3181 721 3195 ‚
748 3164 780 3188 ut
798 3157 883 3196 paulo
894 3157 954 3196 post
967 3179 976 3194 ‚
994 3166 1058 3187 cum
1071 3156 1235 3186 Bellovacus
1248 3156 1368 3193 patrium

212 3210 315 3230 nornen
335 3200 382 3234 lit,
412 3199 517 3229 Gallice
534 3199 591 3228 1100
607 3199 695 3228 dubio
712 3198 777 3234 {leun
792 3197 912 3234 Thierry‚
932 3196 960 3223 de
978 3196 1114 3223 Biauvais.
1156 3194 1218 3224 Hoc
1234 3194 1299 3223 ideo
1319 3195 1366 3223 ad-

211 3245 307 3267 notare
323 3237 409 3266 visum
421 3237 475 3266 est.
502 3237 564 3273 quia
580 3236 649 3265 infra
668 3243 780 3273 quoque
799 3233 827 3262 in
851 3234 910 3263 Vita
926 3232 1041 3264 Roberti
1060 3231 1230 3275 Stephani&
1241 3231 1314 3275 notis
1330 3232 1368 3261 ei-

212 3276 277 3306 dem
295 3275 421 3309 subjectis
442 3273 633 3303 Theodoricus
654 3273 816 3303 Bellovacus
831 3276 946 3300 vocatur
960 3292 968 3306 ‚
989 3268 1062 3307 quasi
1082 3269 1153 3298 illud
1173 3269 1200 3298 S.
1220 3268 1368 3305 Baptisma-

212 3314 246 3342 tis
260 3334 269 3347 ‚
298 3313 352 3341 hoc
374 3311 491 3341 Familiae
521 3321 623 3340 nomen
643 3311 718 3341 esset.
758 3309 790 3339 In
817 3308 914 3338 Indice
939 3317 1005 3338 vero
1025 3307 1158 3336 librorum
1177 3316 1192 3335 a
1214 3306 1285 3335 Rob.
1307 3308 1368 3335 Ste-

211 3350 304 3387 phano
321 3349 394 3386 typis
410 3349 547 3377 editorum
571 3354 755 3384 memoratur,
783 3346 881 3382 “Joh.
894 3345 1066 3375 Theudorici
1080 3344 1189 3387 assertio
1203 3343 1238 3387 de
1255 3343 1368 3387 Mihi&

210 3389 230 3402 “
252 3386 328 3416 Ν11111
346 3392 403 3414 tum
417 3385 576 3419 scribendis,
587 3392 645 3414 turn
656 3384 829 3423 proferendis
840 3383 873 3419 ,''
893 3383 988 3412 omissa
1006 3382 1101 3420 patriae
1114 3381 1234 3410 hominis
1248 3389 1367 3410 mentio-

211 3433 256 3453 ne.
293 3423 350 3452 Scri
374 3423 402 3451 sit
419 3425 503 3451 etiam
525 3423 720 3453 Annotationes
743 3424 772 3452 in
795 3422 873 3451 Laur.
889 3420 973 3449 Vallae
988 3419 1159 3456 elegantias,
1180 3427 1245 3448 cum
1267 3419 1367 3447 iisdem

233 3462 331 3527 ‘gimnss
353 3433 473 3495 ssarifiis,
506 3459 611 3489 deinde
642 3462 668 3490 &
698 3461 759 3491 aliis
779 3461 809 3490 in
834 3459 904 3489 locis
918 3458 1018 3495 l'aepius
1036 3455 1158 3487 excusas.
1198 3455 1229 3486 V.
1250 3455 1368 3485 Gesneri

232 3499 238 3527 i
273 3499 312 3527 iot
335 3520 342 3527 .

246 3536 282 3571 ††
302 3535 345 3564 vel
365 3534 508 3572 Goupylus
519 3556 526 3568 ,
548 3539 579 3562 ut
596 3540 708 3563 vocatur
722 3533 876 3564 constanter
896 3533 925 3562 in
938 3532 1064 3562 editione
1076 3529 1243 3560 Dioscoridis
1254 3531 1280 3560 ἀ
1290 3529 1368 3559 Tral-

209 3571 277 3602 liani
292 3573 437 3601 Alexandri
452 3594 460 3606 ,
481 3570 594 3608 aliisque
611 3571 733 3608 scriptis,
755 3581 814 3607 quae
828 3571 1016 3604 concinnavit,
1033 3570 1158 3598 eruditus
1169 3568 1218 3597 iste
1229 3568 1365 3597 medicus.

248 3610 302 3645 †††
330 3609 419 3638 Immo
437 3608 589 3638 celebratur
613 3609 673 3643 ejus
693 3610 810 3641 amium
830 3619 845 3638 3
863 3607 1048 3641 Viro2summi
1070 3605 1176 3642 ingenii
1197 3605 1364 3634 Leibnitzio.

209 3646 281 3676 vide
296 3656 355 3683 quae
374 3646 452 3683 supra
473 3646 673 3675 annotavimus.
715 3647 744 3674 ln
766 3647 843 3675 nudo
857 3652 952 3675 autem
972 3645 1114 3674 Ciceronis
1131 3642 1279 3672 verborum
1293 3642 1367 3671 indi-

210 3693 243 3713 ce
259 3684 329 3713 nihil
349 3691 446 3720 praeter
459 3683 631 3718 diligentiam
652 3682 855 3719 requirebatur,
876 3691 961 3720 quam
980 3682 1112 3712 eximiam
1134 3680 1278 3710 Nizolium
1297 3687 1365 3723 prae-

210 3721 301 3750 stitisse
320 3730 402 3749 nemo
420 3721 468 3750 nisi
493 3721 639 3757 impudens
662 3722 811 3756 negaverit.
852 3720 891 3749 Ab
911 3721 1012 3749 eodem
1030 3728 1096 3749 vero
1113 3717 1270 3747 dofflffimo
1284 3726 1363 3751 viro,

208 3758 351 3787 Ciceronis
369 3757 566 3791 elegantiarum
586 3758 620 3785 ad
638 3756 855 3794 superstitionem
875 3757 959 3794 usque
983 3759 1008 3787 &
1029 3766 1108 3794 paene
1127 3757 1248 3785 dixerim
1266 3754 1302 3784 ad
1325 3755 1365 3783 in-

209 3795 314 3825 saniam
330 3794 449 3824 studioso
460 3816 469 3829 ,
489 3794 643 3823 barbariem
664 3794 754 3828 illam,
777 3794 793 3822 si
819 3803 870 3830 qua
885 3793 985 3823 Veneti
1001 3794 1118 3824 Robetti
1133 3792 1268 3830 Stephani
1288 3790 1366 3821 The-

209 3833 316 3862 saurum
336 3832 493 3865 foedarunt,
515 3832 613 3868 (quod
628 3831 657 3860 10
674 3832 769 3859 medio
787 3830 930 3866 relinquo,
951 3842 1037 3867 quum
1056 3831 1210 3860 editionem
1221 3830 1293 3859 hanc
1304 3839 1364 3858 non

209 3869 352 3904 viderim)
372 3869 523 3906 profectam
542 3867 596 3898 esse
608 3889 617 3902 ,
637 3877 691 3905 qua
709 3869 768 3898 veri
785 3867 966 3898 similitudine
983 3868 1100 3898 asserant
1114 3877 1174 3897 non
1191 3868 1283 3898 video.
1310 3862 1366 3896 Ve—

1421 3154 1558 3185 risimilius
1581 3155 1636 3191 est,
1658 3155 1863 3193 bibliopolam,
1883 3153 2011 3192 impresso
2033 3155 2090 3191 iam
2120 3154 2218 3192 operi,
2246 3161 2313 3185 nota
2332 3157 2358 3185 &
2375 3155 2501 3185 familiari
2520 3154 2588 3184 huie

1422 3194 1517 3230 generi
1531 3194 1636 3228 fraude,
1657 3192 1832 3223 clarissimum
1844 3199 1903 3222 tum
1915 3193 1990 3229 apud
1999 3193 2082 3222 Italos
2092 3192 2197 3222 Nizolii
2207 3202 2322 3228 nomen,
2334 3193 2406 3222 forte
2417 3193 2590 3222 connivente

1421 3240 1476 3264 eo,
1505 3230 1574 3260 lucri
1592 3230 1632 3259 sui
1651 3231 1730 3260 causa
1743 3252 1752 3266 ,
1773 3229 1840 3259 falso
1861 3229 2014 3268 praefixisse.
2059 3230 2146 3266 Quod
2166 3230 2184 3259 si
2210 3231 2348 3261 Henricus
2367 3230 2524 3268 Stephanus
2539 3228 2589 3260 Ni-

1422 3268 1527 3297 izolium
1542 3269 1723 3306 perstringere
1734 3268 1837 3303 voluit,
1859 3268 1969 3297 causam
1983 3277 2040 3296 non
2050 3268 2164 3297 invenio
2176 3290 2184 3302 ,
2205 3269 2388 3305 quamobrem
2405 3269 2511 3297 nomini
2527 3268 2590 3304 ejus

1422 3306 1600 3372 pepercerit,
1627 3309 1707 3342 quus
1733 3305 1839 3343 alioqui
1860 3306 2094 3335 existimationem
2117 3302 2220 3343 scripto
2240 3305 2372 3342 injurioso
2392 3305 2511 3336 lacerare
2528 3315 2589 3336 non

1446 3354 1462 3372 u
1486 3350 1571 3372 navit.

1459 3381 1533 3417 ††††
1554 3379 1643 3410 Verba
1654 3380 1713 3410 haec
1723 3380 1784 3409 sunt
1795 3379 1985 3418 Lugdunensis
2002 3379 2169 3418 typographi
2187 3380 2215 3409 in
2227 3381 2390 3418 praefatione
2401 3380 2525 3419 Tinghyi
2540 3381 2588 3411 de-

1422 3418 1557 3448 dicationi
1578 3418 1707 3453 subjecta.
1749 3418 1837 3447 Miror
1864 3423 1959 3446 autem
1983 3427 2032 3446 cur
2050 3427 2108 3446 non
2130 3418 2203 3447 hanc
2225 3418 2312 3456 ipsam
2327 3418 2517 3456 praefationem
2558 3428 2588 3448 o-

1422 3456 1477 3484 tius
1498 3455 1686 3491 Londinenses
1707 3455 1804 3485 lestori
1827 3455 2023 3489 exhibuerint,
2055 3455 2085 3484 in
2104 3464 2157 3492 qua
2182 3455 2278 3485 saltem
2303 3456 2338 3486 de
2355 3457 2435 3485 novis
2457 3429 2589 3486 accesilo-

1422 3493 1506 3522 nibus
1524 3492 1599 3522 illius
1620 3493 1755 3522 editionis
1772 3492 1880 3530 agitur,
1911 3497 1994 3529 quam
2016 3492 2099 3530 ipsius
2119 3493 2242 3531 Tinghyi
2260 3493 2494 3527 Dedicationem,
2525 3503 2590 3531 quae

1422 3536 1521 3568 praeter
1544 3530 1678 3567 puerilem
1702 3530 1990 3562 declamatiunculam
2016 3531 2043 3560 &
2065 3530 2210 3560 excursum
2233 3532 2261 3560 in
2284 3531 2379 3560 locum
2406 3540 2589 3562 communem

1423 3569 1460 3596 de
1481 3568 1611 3597 laudibus
1625 3567 1806 3606 philosophiae
1817 3589 1825 3602 ‚
1846 3567 1882 3596 de
1899 3577 1984 3604 opere
2000 3567 2059 3604 ipso
2073 3589 2082 3602 ‚
2102 3567 2215 3605 ejusque
2229 3568 2405 3598 ordinatione
2421 3579 2457 3598 ne
2478 3570 2519 3604 χὺ
2530 3569 2590 3606 qui.

1422 3606 1487 3634 dem
1504 3605 1641 3634 eontinet.
1679 3605 1768 3635 Nobis
1786 3605 1889 3634 addere
1913 3614 1971 3634 non
1991 3603 2079 3634 visum
2097 3605 2155 3641 est,
2178 3606 2225 3643 qui
2245 3606 2337 3636 abesse
2359 3607 2453 3644 potius
2471 3607 2531 3636 haec
2549 3613 2589 3636 at-

1423 3651 1478 3679 que
1497 3642 1551 3671 3113
1568 3642 1633 3671 talia
1651 3650 1826 3680 cuperemus.
1935 3679 1940 3685 .
2071 3680 2078 3686 ·
2569 3680 2578 3688 ⁹

1422 3678 1971 3761 maagal&samnitis
1982 3679 2145 3754 233521‘3532·
2163 3679 2468 3748 hssffliiiffssisszoisst
2474 3681 2591 3748 {¹1¹ssssssss

1421 3753 1515 3796 fontes
1538 3754 1661 3784 adiisset!
1684 3755 1799 3784 aliunde
1818 3754 1983 3791 farraginem
2000 3754 2076 3793 illam
2093 3754 2167 3784 suam
2178 3755 2308 3791 corrasit,
2327 3763 2359 3785 ut
2376 3765 2412 3786 ex
2424 3756 2502 3786 Birrii
2521 3765 2589 3794 ptae-

1421 3791 1530 3820 fatione
1549 3791 1705 3829 plenislime
1727 3792 1896 3829 cognosces,
1917 3792 2112 3821 audacillimus
2126 3793 2302 3829 compilator.

1459 3829 1572 3866 ††††††
1592 3830 1636 3859 vel
1649 3831 1745 3867 potius
1755 3828 1931 3865 Axtifieialia‚
1953 3839 2013 3865 quae
2026 3830 2114 3860 Graeci
2123 3830 2268 3861 Technica
2281 3836 2392 3862 vocant.
